3878 6310
76 291 163 347 389

1277 280 1686 337 CHRONICON.
1728 313 1799 321 ——
1833 280 1958 334 LIB.
2001 281 2062 334 ll.

3189 279 3296 335 390

73 417 167 458 tam
194 401 436 456 idoneum
486 403 755 464 pastorem
805 391 1069 461 providit;
1107 392 1191 446 sln
1252 395 1428 460 aliter,
1466 408 1621 466 egrc-
1651 399 1695 454 Λ
1724 394 1992 462 capitibus
2033 394 2085 446 in
2119 394 2225 446 ima
2269 393 2560 456 demersis,
2600 392 2794 456 inﬁxit,
2849 401 2908 447 ut
2935 393 3023 446 vix
3077 393 3294 448 cubitus

76 496 230 549 diatur
250 488 384 558 ignis
403 485 471 542 de
499 482 828 552 Norigaudo,
857 491 908 536 ct
933 483 1154 536 devoret
1170 497 1293 536 eum
1315 499 1440 537 cum
1469 485 1618 550 suis;

75 583 352 654 egrediatur
398 576 538 648 ignis
570 576 638 629 de
681 573 924 644 Gyrardo
969 581 1024 627 et
1075 573 1175 626 sibi
1213 574 1544 640 commissis,
1570 583 1624 628 et

76 678 338 733 consumat
368 666 736 738 Norigaudum
761 679 885 719 cum
909 665 1342 719 ordinationibus
1359 666 1493 719 suis.

136 761 251 815 Post
269 759 372 813 hoc
398 757 598 811 missus
630 763 714 809 est
744 755 953 824 legatus
981 755 1035 808 in
1084 753 1368 808 Franciam
1396 755 1522 810 Milo
1557 772 1623 810 ex

79 849 383 906 monasterio
431 845 606 901 sancti
648 844 828 898 Albini
859 844 1144 915 (218)."...
1204 845 1272 876 ⁸³⁸
1315 846 1622 915 episcopus.

80 941 160 995 llic
198 939 317 994 fecit
341 946 402 992 ut
453 935 594 990 infra
621 935 894 990 civitatem
929 932 1249 1004 Norgaudus
1275 934 1624 1003 reciperetur,

77 1042 120 1084 et
143 1028 402 1099 quandam
429 1025 774 1080 concordiam
819 1025 959 1078 inter
991 1040 1114 1078 eum
1149 1033 1202 1079 et
1230 1024 1523 1080 canonicos
1545 1024 1626 1079 fe-

79 1121 298 1190 cit;"ec.'~t
325 1120 492 1175 etiam
522 1118 658 1172 utin
709 1116 946 1186 capitulo
988 1116 1337 1171 Cluniacensi
1387 1117 1630 1186 suscipe-

79 1223 224 1277 retur,
248 1220 301 1264 et
325 1210 617 1280 episcOpus
647 1208 1061 1274 acclamaretur,
1087 1206 1229 1262 facta
1255 1208 1310 1261 in
1331 1209 1521 1263 eodem
1533 1223 1628 1262 ca-

78 1303 224 1374 pitulo
235 1301 476 1356 cessione
492 1298 851 1368 quarumdam
868 1297 1237 1353 :ecclesiarum
1260 1313 1507 1352 numero.
1519 1339 1530 1350 .
1542 1337 1553 1351 .
1565 1338 1578 1351 .
1588 1337 1600 1351 .
1612 1348 1628 1366 ,

80 1399 132 1429 ⁸³⁷
156 1397 348 1464 absque
377 1394 534 1446 laude
582 1389 996 1455 canonicorum,
1019 1397 1074 1442 ct
1099 1403 1290 1443 eorum
1331 1389 1426 1458 qui
1475 1398 1632 1444 erant

79 1501 181 1540 cum
210 1484 394 1539 eodem
442 1479 753 1550 Norgaudo,
811 1487 868 1532 et
910 1493 1100 1532 eorum
1149 1477 1244 1548 qui
1287 1487 1475 1533 contra
1505 1495 1630 1534 eum

80 1584 306 1630 venerant
333 1589 532 1629 causas
558 1571 734 1626 acturi
767 1570 818 1623 in
846 1569 1133 1639 praisentia
1155 1570 1316 1640 legati
1338 1571 1428 1624 ⁸³⁸.

1724 500 1867 539 unus
1895 485 1961 539 de
1985 493 2135 538 tanta
2191 499 2380 538 earum
2423 483 2756 553 longitudine
2799 483 2934 538 foris
2989 493 3291 553 appareret,

1723 574 1870 642 quod
1897 585 1950 628 et
1978 584 2258 643 permanet
2284 590 2458 643 usque
2487 575 2544 627 in
2597 574 2918 628 hodiernum
2949 574 3113 628 diem.
3145 573 3296 640 Qua-

1724 667 1852 720 dros
1880 666 2043 719 etiam
2077 681 2240 735 super
2268 666 2408 719 muri
2434 665 2769 719 altitudinem
2799 665 2954 731 sitos,
2978 680 3139 733 supra
3159 678 3297 733 quos

1725 745 1926 809 tectum
1954 755 2252 809 stabilitum
2287 763 2422 821 erat,
2473 769 2646 824 usque
2693 756 2758 808 ad
2815 763 3021 824 septem
3062 756 3297 810 miliaria

1725 843 1940 897 evolare
1988 841 2134 907 fecit,
2183 841 2328 911 quod
2372 857 2516 896 nunc
2556 857 2728 911 usque
2774 857 2995 896 cernere
3039 845 3297 911 possibile

1726 942 1846 998 est;
1874 931 1976 986 fuit
2001 942 2180 987 autem
2201 933 2345 986 circa
2369 933 2560 986 horam
2599 933 2705 986 diei
2746 947 2967 986 nonam.
3010 931 3068 985 lu
3103 933 3295 987 eadem

1727 1025 1890 1079 etiam
1911 1024 2154 1078 :ecclesia
2171 1024 2385 1093 iacebat
2403 1025 2624 1093 quidam
2647 1024 2862 1080 edituus
2891 1039 3014 1079 cum
3032 1025 3138 1079 alio
3156 1041 3294 1094 quo-

1727 1114 1852 1168 dam
1880 1113 1936 1166 in
1971 1113 2112 1166 lecto
2147 1128 2277 1178 uno,
2323 1121 2370 1166 et
2399 1113 2540 1166 inter
2569 1113 2805 1167 medium
2829 1127 3038 1178 eorum,
3066 1129 3189 1167 cum
3212 1114 3298 1182 ja-

1729 1211 1913 1259 cerent
1931 1203 2164 1258 distante
2203 1203 2341 1257 inter
2389 1217 2447 1256 se
2489 1203 2692 1272 spacio,
2733 1219 2840 1257 una
2877 1204 3112 1258 trabium
3137 1213 3298 1259 vento

1729 1303 1848 1349 tcta
1873 1309 1967 1363 per
1997 1293 2234 1348 medium
2275 1293 2398 1348 lecti
2420 1301 2618 1346 terram
2647 1293 2883 1359 intravit,
2923 1303 2981 1347 ut
3019 1294 3109 1347 vix
3148 1309 3300 1349 sum-

1730 1385 1892 1438 mitas
1919 1384 2038 1453 ejus
2073 1392 2379 1453 appareret,
2423 1383 2664 1438 neclesit
2699 1384 2959 1453 iacentes,
3010 1385 3117 1439 nisi
3154 1385 3298 1455 quod

1732 1477 1926 1532 timore
1952 1478 2390 1546 peneexanimati
2420 1484 2566 1533 sunt.

1801 1567 1858 1622 in
1887 1569 2074 1624 eadem
2103 1569 2318 1624 civitate
2347 1569 2595 1639 spaciosa
2647 1577 2702 1623 et
2734 1567 3014 1637 populosa,
3047 1585 3169 1623 cum
3211 1585 3302 1626 es-

137 1665 261 1735 (Fol.
296 1665 462 1733 145‘.)
495 1663 654 1716 Auno
694 1661 802 1715 inc.
843 1660 990 1714 dom.
1024 1659 1182 1725 1099,
1216 1660 1374 1731 (Aug.
1399 1659 1454 1730 ἓ)
1500 1661 1634 1716 obiit
1664 1720 1704 1735 ἢ
1733 1667 1852 1714 seut
1882 1660 2039 1714 multi
2066 1675 2230 1714 canes
2259 1661 2327 1715 ad
2349 1660 2714 1715 observandas
2743 1659 2954 1724 domos,
2979 1659 3073 1728 qui
3097 1669 3302 1728 quanto

81 1720 304 1812 Urbanus
326 1720 486 1825 papa,
510 1752 774 1808 successit
802 1750 1100 1806 Paschalis.
1141 1720 1286 1806 Obiit
1308 1720 1472 1806 etiam
1496 1751 1632 1806 Wil-
1664 1720 1706 1774 Β
1731 1754 2004 1808 breviores
2027 1763 2156 1808 sunt
2175 1768 2421 1823 corpore,
2443 1762 2596 1808 tanto
2629 1762 2757 1808 sunt
2803 1752 3030 1807 acrioris
3069 1761 3123 1807 et
3167 1752 3305 1808 fero-

80 1849 246 1902 lelmus
262 1847 451 1917 iunior
474 1861 566 1900 rex
599 1844 918 1914 Anglorum.
941 1840 1061 1908 Quo
1087 1842 1251 1897 etiam
1274 1859 1419 1898 anno
1444 1844 1497 1897 in
1521 1843 1632 1898 An-

79 1941 164 2008 glia
194 1937 309 1992 fons
335 1953 524 1992 verum
554 1934 875 2006 sanguinem
911 1934 1113 1988 olidum
1142 1943 1196 1989 et
1216 1944 1489 2004 putentem
1517 1951 1633 1988 ma-

80 2045 190 2082 nare
211 2029 358 2083 visus
377 2036 481 2082 est.
506 2026 587 2080 Ad
611 2026 757 2096 quod
797 2027 1165 2095 spectaculum
1201 2041 1326 2080 cum
1379 2024 1490 2080 fere
1518 2034 1631 2079 tota

79 2119 229 2172 insula
252 2117 608 2182 cucurrisset,
646 2115 863 2170 insolita
895 2115 973 2170 rei
1021 2115 1259 2172 novitate
1308 2115 1630 2186 stupefacta,

79 2224 154 2261 rex
177 2207 426 2277 praefatus
454 2207 689 2272 advenit,
713 2216 766 2260 et
801 2206 957 2273 vidit,
1008 2222 1108 2261 nec
1147 2215 1328 2261 tamen
1349 2209 1400 2262 ei
1431 2207 1632 2277 profui;

79 2299 272 2354 vidisse.
305 2297 640 2351 Autumabat
674 2296 871 2366 vulgus
895 2295 1294 2365 promiscuum,
1317 2307 1630 2367 portentum

82 2390 198 2442 istud
231 2399 461 2444 mortem
484 2389 627 2460 regis
649 2387 991 2458 portendere,
1039 2389 1185 2458 quod
1220 2389 1382 2442 etiam
1405 2390 1454 2443 ei
1484 2389 1633 2445 dice-

81 2479 214 2532 batur
240 2494 267 2533 a
291 2478 684 2540 referentibus;
717 2478 810 2533 sed
837 2477 1001 2532 homo
1020 2478 1370 2543 secularis,et
1396 2479 1450 2532 in
1471 2495 1634 2550 quem

81 2567 218 2621 timor
239 2565 328 2622 Dei
354 2583 464 2621 non
512 2567 802 2632 ceciderat,
845 2566 1213 2636 voluptatibus
1248 2570 1432 2625 carnis
1455 2578 1509 2624 et
1536 2584 1634 2624 su-

82 2658 251 2724 perbia:
271 2657 508 2724 deditus,
543 2657 849 2712 divinorum
873 2666 1263 2732 praeceptorum
1297 2669 1636 2731 contemptor

81 2756 122 2798 et
140 2747 490 2815 adversarius,
523 2749 617 2818 qui
666 2758 846 2803 tamen
896 2749 1028 2803 satis
1058 2747 1189 2820 regii
1217 2748 1411 2805 fuisset
1444 2752 1634 2818 animi,

84 2836 120 2886 si
149 2851 242 2888 non
268 2834 440 2890 Deum
477 2838 870 2907 postposuissct
893 2836 1037 2892 fastu
1067 2839 1218 2910 regni
1265 2840 1504 2908 inﬂatus,
1537 2857 1638 2896 nec

84 2926 326 2994 cogitabat
359 2942 419 2982 se
466 2928 815 2981 moriturum.
841 2926 964 2982 Ideo
993 2945 1119 2983 cum
1159 2931 1492 3000 temporibus
1517 2932 1638 3002 eius

1731 1845 1896 1900 cioris
1918 1853 2144 1910 natura),
2177 1853 2333 1900 nocte
2354 1845 2739 1899 obtenebrante
2763 1854 2888 1898 ante
2930 1844 3153 1897 domum
3187 1859 3304 1897 ma-

1727 1935 1862 2004 joris
1889 1936 2145 1990 asceiesite
2167 1936 2340 1990 sancti
2372 1934 2526 1988 Pauli
2556 1935 3044 2006 congregabantur,
3070 1935 3142 1988 ita
3169 1934 3304 1989 insi-

1730 2035 1933 2082 stentes
1957 2027 2382 2092 transeuntibus,
2414 2027 2460 2080 si
2482 2042 2641 2095 quem
2679 2027 2818 2080 forte
2839 2026 3188 2082 oilendissent
3215 2043 3306 2082 so-

1730 2116 1842 2171 lum
1865 2117 2324 2187 autimpotentem
2350 2127 2444 2171 aut
2464 2118 2582 2172 sine
2611 2118 2824 2183 baculo,
2853 2127 2912 2171 ut
2935 2119 3116 2173 nullus
3140 2119 3305 2174 aude-

1731 2217 1812 2262 ret
1834 2208 2040 2277 absque
2070 2209 2331 2262 comitatu
2361 2209 2445 2262 vel
2476 2208 2793 2262 defensioue
2819 2225 2914 2278 per
2942 2210 3125 2264 locum
3150 2211 3303 2265 illum

1731 2299 1988 2364 transire,
2017 2300 2318 2368 praesertim
2341 2315 2464 2352 cum
2487 2299 2600 2367 iam
2637 2299 2899 2367 plurimos
2924 2300 3200 2356 morsibus
3219 2311 3306 2355 at-

1731 2395 2080 2454 trectassent;
2109 2396 2164 2442 et
2209 2387 2438 2458 singulis
2463 2387 2713 2442 noctibus
2739 2388 2803 2441 ad
2855 2387 3166 2458 huiusmodi
3206 2404 3302 2442 ex-

1731 2493 1928 2534 cursus
1970 2477 2300 2534 ferebantur.
2327 2477 2446 2533 Jam
2476 2493 2644 2548 prope
2661 2479 2844 2533 nullus
2886 2495 2981 2548 per
3033 2481 3164 2534 illud
3205 2481 3307 2534 iter

1732 2567 2013 2637 agebatur,
2037 2575 2112 2632 et,
2149 2567 2306 2621 sicui
2337 2566 2478 2622 forte
2517 2567 2851 2622 incumberet
2897 2569 3192 2623 necessitas
3218 2571 3306 2623 iti-

1732 2659 1900 2724 neris,
1924 2658 2240 2712 diverticula
2272 2659 2658 2727 querebantur,
2680 2674 2802 2712 cum
2824 2660 3134 2728 congregati
3156 2659 3306 2713 Lun-

1732 2749 2022 2802 donienses
2042 2747 2096 2800 in
2121 2747 2300 2801 hanno
2322 2747 2522 2817 placito
2550 2762 2651 2801 suo
2683 2747 2976 2800 clamorem
3009 2762 3172 2816 super
3203 2748 3307 2802 hoc

1733 2839 1816 2893 bis
1839 2847 2027 2908 terque
2066 2838 2330 2902 fecerunt,
2382 2846 2438 2892 et
2491 2853 2616 2892 eum
2654 2837 3014 2907 prteceptione
3060 2837 3200 2906 data,
3247 2847 3310 2893 ut

1735 2930 2114 2999 unusquisque
2139 2943 2305 2984 canes
2335 2943 2466 2984 suos
2495 2927 2793 2983 includeret
2819 2928 3069 2982 noctibus
3113 2937 3167 2982 et
3212 2944 3310 2984 cu-

83 3017 302 3072 niranda
339 3018 398 3072 in
437 3017 629 3090 Anglia
669 3019 1041 3090 contigissent,
1085 3019 1300 3076 Domini
1323 3023 1635 3077 recordatus
1662 3057 1704 3114 Β
1736 3021 1982 3088 stodiret,
2004 3037 2104 3076 nec
2133 3019 2213 3076 sic
2235 3019 2479 3075 revocari
2509 3020 2577 3074 ab
2597 3020 2812 3090 incepto
2833 3019 3160 3088 potuissent,
3182 3019 3307 3075 data

83 3120 290 3177 nonest,
319 3111 491 3165 immo
521 3127 620 3166 nec
644 3112 729 3166 sui
755 3112 948 3182 ipsius,
973 3128 1096 3166 cum
1115 3113 1280 3167 etiam
1308 3114 1635 3184 quibusdam

84 3202 501 3269 revelationibus,
554 3219 675 3274 quae
717 3213 899 3260 tamen
954 3205 1002 3259 ei
1031 3220 1140 3260 non
1183 3205 1524 3276 profuerunt,
1569 3207 1636 3262 ad

86 3289 229 3346 Deum
263 3295 507 3349 converti
530 3305 859 3362 moneretur,
883 3295 1082 3367 quibus
1103 3313 1202 3354 nec
1223 3298 1480 3366 obedivit,
1500 3315 1635 3368 pena

83 3397 184 3450 qua:
217 3384 262 3438 ei
281 3385 493 3455 judicio
535 3387 718 3442 divino
761 3387 1132 3444 intentabatur
1164 3391 1499 3462 perterritus.
1533 3390 1637 3446 lm-

83 3473 260 3538 pletum
285 3477 437 3530 enim
480 3486 596 3531 erat
625 3477 680 3532 in
722 3478 812 3533 illo
843 3480 988 3548 quod
1013 3480 1215 3536 dictum
1238 3489 1322 3536 est
1347 3501 1358 3535 :
1384 3481 1638 3536 Peccator

84 3578 181 3616 tum
243 3567 441 3620 venerit
504 3568 560 3620 in
625 3569 943 3639 profundum
986 3570 1272 3640 malorum,
1317 3583 1644 3644 «mtempuet

83 3653 242 3719 (Prov.
277 3658 536 3730 xvm,3).
596 3658 661 3714 Et
689 3661 815 3730 quia
860 3659 1031 3715 Deum
1089 3662 1345 3728 deseruit,
1395 3674 1637 3719 sanctam

83 3747 354 3803 :eeclcsiam
398 3751 714 3822 opprimens
759 3761 814 3808 et
847 3767 968 3806 eam
996 3753 1101 3807 sibi
1144 3755 1388 3809 ancillari
1436 3755 1640 3810 consti-

83 3845 240 3905 tuens,
271 3856 300 3893 a
324 3839 441 3895 Deo
480 3858 699 3913 quoque
747 3843 1038 3900 derelictus
1058 3853 1169 3910 est;
1209 3844 1261 3898 in
1308 3846 1461 3913 silva,
1519 3863 1640 3916 quae

85 3927 266 3995 adiacet
275 3929 571 3987 Wintoniaa
589 3932 736 4004 (219)
750 3934 951 3989 civitati
991 3935 1118 3990 dum
1133 3936 1470 3990 venationem
1488 3953 1640 3992 excr-

85 4028 173 4083 cet,
201 4022 393 4093 sagitta
421 4039 452 4076 a
481 4024 716 4094 quodam
742 4041 1054 4095 percussus,
1079 4043 1190 4096 quo
1215 4027 1398 4081 lcthali
1421 4029 1641 4082 vulnere

87 4109 259 4165 decidit
285 4124 341 4168 et
360 4115 709 4172 exanimatus
744 4127 847 4183 est,
873 4119 1166 4188 penitentia
1189 4128 1242 4174 et
1262 4119 1641 4173 communione

87 4215 276 4271 carens,
303 4215 358 4260 et
393 4209 536 4276 apud
561 4210 786 4265 eandem
820 4213 1007 4266 urbem
1052 4213 1315 4282 sepultus.
1363 4209 1643 4280 Tempori-

89 4293 173 4348 bus
194 4298 307 4365 ejus
329 4303 840 4358 vcntus’vcliemens
860 4303 926 4358 de
956 4303 1179 4358 llurnine
1213 4302 1462 4358 Tamisize
1481 4318 1643 4357 exur-

1737 3115 2000 3171 sententia
2027 3113 2394 3184 adiudicatum
2409 3122 2493 3167 est
2519 3127 2708 3167 omnes
2740 3111 2936 3166 debere
2975 3112 3170 3178 occidi,
3221 3112 3310 3167 die

1736 3221 1954 3276 quoque
1977 3205 2268 3260 constituta
2296 3219 2404 3274 qua
2429 3203 2483 3258 id
2504 3203 2722 3258 deberet
2743 3201 2879 3257 ﬁeri.
2923 3201 3056 3268 Qum
3077 3218 3200 3257 cum
3225 3203 3309 3257 in-

1737 3306 1924 3363 staret,
1949 3307 2106 3352 nocte
2139 3298 2252 3367 ipsa
2282 3312 2404 3367 quae
2433 3295 2577 3351 diem
2616 3295 2973 3366 praecedebat,
3019 3295 3093 3350 ita
3127 3295 3309 3350 omnis

1735 3387 2030 3442 multitudo
2055 3403 2252 3442 canum
2280 3387 2498 3442 illorum
2521 3386 2633 3441 fere
2649 3402 2823 3456 usque
2852 3387 2919 3440 ad
2955 3394 3188 3456 quatuor
3202 3385 3308 3438 mi-

1736 3480 1806 3534 lia
1834 3478 2142 3548 difl‘ugiens,
2176 3492 2284 3532 non
2308 3477 2632 3546 comparuit,
2683 3476 2948 3530 iucertum
2981 3491 3049 3528 an
3071 3475 3126 3528 in
3160 3489 3312 3528 mare

1737 3589 1794 3628 se
1816 3571 2065 3641 iecerint,
2118 3580 2180 3625 ut
2231 3571 2414 3625 nullus
2460 3570 2794 3625 inveniretur
2838 3569 2932 3640 qui
2954 3569 3155 3624 diceret
3197 3584 3309 3638 quo

1738 3662 1990 3728 abierint,
2017 3660 2100 3716 vel
2121 3660 2249 3731 quid
2271 3659 2398 3716 facti
2433 3659 2665 3728 fuerint;
2698 3668 2752 3714 et
2774 3659 2847 3714 ita
2873 3659 3064 3714 civitas
3087 3659 3310 3714 liberata

1736 3762 1838 3811 est.

1808 3846 1979 3901 Pudet
2033 3842 2238 3900 referre
2277 3844 2408 3898 illud
2456 3845 2758 3900 inauditum
2821 3842 3020 3898 seculis
3057 3840 3312 3896 omnibus

1739 3945 2069 4004 monstrum,
2093 3935 2240 4006 quod
2268 3944 2398 3990 tunc
2419 3937 2678 4005 temporis
2708 3936 2760 3989 in
2776 3935 2964 3989 eadem
2994 3932 3171 3987 insula
3183 3947 3313 3986 con-

1740 4033 1888 4102 tigit;
1913 4031 2007 4087 sed
2036 4032 2371 4086 reticendum
2403 4046 2512 4085 non
2559 4040 2662 4097 est,
2695 4041 2754 4085 ut
2776 4031 3106 4100 quicumque
3121 4027 3310 4082 audie-

1740 4125 1830 4189 rit,
1858 4125 2091 4178 tinniant
2117 4140 2279 4178 aures
2309 4125 2447 4193 eius,
2475 4131 2530 4176 et
2549 4123 2915 4192 Obstupescat,
2951 4132 3008 4176 et
3025 4119 3315 4175 erubescat

1742 4216 1940 4271 talibus
1963 4216 2183 4280 involvi,
2223 4214 2424 4284 quibus
2445 4215 2627 4268 nullus
2652 4229 2910 4281 umquam
2942 4215 3181 4266 irretitus
3206 4217 3310 4273 est,

1741 4308 1846 4363 nisi
1873 4307 1965 4378 qui
1995 4324 2027 4362 a
2053 4307 2164 4361 Deo
2201 4305 2488 4361 derelictus
2528 4305 2583 4359 in
2631 4303 2920 4373 reprobum
2955 4317 3178 4357 sensum
3207 4311 3316 4355 tra-

89 4399 200 4450 gens
223 4389 436 4444 edificia
471 4392 625 4461 plura
677 4393 962 4461 destruxit,
1012 4411 1111 4450 nec
1139 4396 1429 4466 aliquando
1458 4403 1641 4451 tantus
1674 4391 1716 4447 D
1741 4402 1888 4458 ditus
1915 4411 2018 4466 est,
2055 4399 2331 4456 hominem
2354 4397 2476 4453 dico
2539 4395 2841 4452 masculum
2865 4410 2895 4449 a
2926 4393 3182 4448 masculis
3204 4392 3311 4446 im-

90 4478 226 4532 turbo
250 4491 537 4536 ventorum
566 4485 885 4541 sevientium
914 4487 1006 4542 illo
1050 4487 1269 4542 auditus
1315 4495 1416 4542 est.
1443 4485 1541 4542 llic
1563 4487 1638 4542 ir-

91 4582 231 4626 ruens
258 4576 593 4629 monasterio
614 4587 813 4632 sanctae
855 4578 1037 4634 Maria:
1085 4579 1140 4633 in
1183 4579 1397 4634 civitate
1423 4578 1641 4634 Lundo-

91 4659 176 4713 nize
201 4667 514 4733 constituto,
540 4668 630 4721 ubi
659 4668 756 4724 hcc
779 4678 896 4724 acta
920 4679 1067 4736 sunt,
1091 4679 1292 4725 tectum
1313 4685 1473 4725 omne
1496 4671 1641 4740 deie-

92 4748 167 4815 cit,
189 4756 366 4812 trabes
389 4773 586 4812 novem
620 4775 846 4814 numero
895 4761 974 4816 uti
1021 4773 1177 4815 erant
1213 4770 1526 4831 compactae,
1559 4761 1656 4832 di-g

89 4845 333 4902 stantibus
356 4848 503 4903 inter
545 4866 604 4906 se
640 4853 838 4920 spaciis
866 4852 1085 4908 insimul
1111 4853 1400 4923 arripiens,
1423 4853 1640 4924 longius

91 4939 362 5024 ssponavit
390 4956 566 5011 usque
614 4944 681 4997 ad
714 4942 891 4998 forum
917 4960 1112 5014 passus
1135 4945 1248 5001 fere
1272 4945 1360 5013 50,
1379 4954 1434 5000 et
1457 4945 1511 4999 in
1538 4959 1662 5024 eo:

89 5021 190 5078 dem
211 5026 348 5097 foro,
377 5033 523 5102 quod
544 5034 693 5088 dictu
715 5050 932 5106 quoque
977 5036 1290 5092 incredibile
1321 5045 1423 5104 est,
1449 5037 1521 5091 ita
1551 5021 1636 5091 di-

91 5120 336 5179 stantibus
357 5125 622 5182 eoualiter
650 5129 847 5198 spaciis
869 5135 928 5183 ut
949 5139 1105 5184 erant
1142 5139 1458 5200 compactae,
1480 5137 1636 5182 terrae

1740 4501 2080 4565 prognatum,
2101 4503 2156 4547 et
2178 4497 2484 4545 monstrum
2507 4487 2638 4542 illud
2669 4499 2793 4541 cum
2820 4485 3148 4540 dedecorosa
3176 4497 3312 4538 con-

1737 4584 1978 4640 cretione
1997 4597 2171 4652 usque
2206 4580 2272 4635 ad
2296 4578 2540 4650 quaedam
2584 4575 2897 4631 liniamenta
2933 4572 3178 4643 corporis
3205 4571 3312 4625 hu-

1742 4674 1889 4730 mani
1917 4674 2261 4744 perductum,
2285 4681 2336 4726 ct
2357 4670 2630 4724 hominem
2654 4667 2826 4730 illum,
2847 4665 2994 4734 quod
3024 4661 3313 4718 detestabi-

1741 4767 1849 4821 lius
1871 4776 1974 4832 est,
2010 4764 2268 4820 clericum
2294 4763 2361 4817 dc
2393 4760 2595 4830 capella
2618 4758 2782 4828 regis,
2825 4755 3044 4810 Petrum
3083 4751 3311 4815 dictum,

1742 4874 1840 4929 per
1867 4873 2070 4911 annum
2121 4855 2388 4926 integrum
2412 4861 2467 4907 et
2493 4867 2558 4906 eo
2577 4850 2809 4920 amplius
2835 4848 2936 4900 hoc
2959 4851 3314 4915 portentuoso

1742 4957 1797 5004 et
1836 4948 2199 5019 ignominioso
2249 4961 2412 5001 onere
2446 4943 2878 5004 dehonestatum,
2912 4945 2967 4991 et
3021 4948 3194 5004 usque
3244 4933 3312 4988 ad

1743 5048 1974 5095 mortem
2004 5039 2344 5108 perductum,
2369 5051 2492 5091 cum
2525 5035 2615 5088 ille
2652 5033 2830 5103 palam
2857 5039 2909 5084 et
2945 5027 3158 5097 publice
3177 5039 3313 5080 con-

1744 5131 1988 5187 fiteretur
2020 5138 2303 5201 peccatum
2331 5142 2512 5193 suum,
2544 5124 2690 5186 quod
2716 5123 2761 5178 si
2783 5122 2959 5188 vellet,
2992 5121 3167 5176 celare
3204 5133 3312 5171 non

1379 5304 1606 5361 vanae
1645 5268 2051 5362 Lacrios‘ss.

146 5433 209 5468 Μ
233 5440 496 5496 cathedra
520 5440 667 5493 locus
702 5456 912 5494 vacuus.
992 5441 1057 5472 ⁸³⁷
1084 5456 1328 5494 numerus
1351 5449 1522 5494 vacat.

1598 5439 1668 5471 ⁸³⁸
1688 5438 1888 5507 reliqua
1910 5437 2117 5506 paginw
2145 5444 2350 5488 vacant.

1563 5551 1786 5606 ΝΟΤΑΞ.

152 5655 284 5725 (218)
317 5658 531 5714 Scilicet
558 5660 979 5732 Andegavensis.

1813 5661 1957 5732 (imi)
1984 5658 2344 5713 Winchester.
