3878 6310
494 267 594 326 591

491 383 700 451 posset,
745 383 799 429 et
837 369 1036 442 aperiri

487 448 786 526 eruendam
819 461 1070 519 informis
1093 454 1324 528 prodigii
1371 451 1641 507 sarcinam
1665 448 2066 517 deprecaretur,

492 576 594 616 nec
618 560 951 627 impetraret,
987 551 1054 605 ad
1098 549 1200 602 hoc
1241 558 1414 613 usque
1452 542 1860 611 ingravescente
1887 543 1942 589 et
1981 548 2069 588 re-
2121 614 2124 616 Ι

491 651 847 709 crudescente
874 641 1108 705 insania,
1139 652 1263 693 cum
1294 633 1524 689 feminea
1556 631 1667 700 pati
1691 635 1992 698 cogeretur,
2020 634 2074 680 et

492 752 688 797 natura
715 740 1058 808 repugnaret,
1086 729 1380 801 perductus
1419 732 1504 781 est
1527 732 1591 778 ut
1616 721 1754 777 mori
1777 720 1829 775 ei
1855 733 2076 773 necesse

493 841 657 898 esset,
711 824 1126 899 ignominiosam
1168 827 1402 874 mortem
1455 816 1523 870 de
1564 811 1927 885 ignominiosa
1966 809 2076 863 vita

495 897 884 988 consequutus,
907 923 960 968 et
979 920 1133 967 extra
1157 906 1487 964 cimiterium
1507 904 1714 972 absque
1735 899 1912 955 officio
1938 897 2080 954 chri-

495 1011 687 1068 stianis
716 1007 918 1071 debito,
945 1020 1046 1060 suo
1069 1011 1251 1057 tamen
1271 999 1432 1069 jussu
1460 1004 1514 1049 et
1528 991 1809 1064 petitione,
1833 989 2078 1071 sepultu-

495 1118 555 1156 ra
579 1098 721 1155 asini
747 1095 1012 1165 sepultus.
1038 1091 1211 1161 Cujus
1247 1087 1479 1143 cadaver
1501 1093 1768 1154 apertum,
1801 1081 1874 1135 ita
1916 1079 1972 1134 in
2020 1093 2080 1134 se

494 1192 694 1246 habere
722 1188 1004 1241 inventum
1044 1190 1149 1247 est,
1192 1180 1335 1235 sicut
1372 1177 1603 1232 relatum
1623 1182 1726 1229 est.
1771 1172 1962 1226 Frater
1990 1170 2082 1225 hic

491 1289 610 1336 erat
633 1279 868 1343 Girardi,
893 1277 982 1331 cui
1007 1283 1132 1344 post
1151 1288 1247 1326 rex
1280 1268 1536 1340 praefatus
1574 1266 1970 1322 Eboracensem
1983 1263 2080 1319 de-

491 1376 570 1430 dit
593 1373 1125 1442 archiepiscopatum
1155 1386 1168 1434 ;
1194 1367 1351 1437 cujus
1373 1367 1484 1420 vita
1505 1380 1629 1420 cum
1656 1364 1788 1419 satis
1812 1373 2082 1432 superque

492 1472 638 1518 esset
669 1461 948 1524 notabilis,
981 1459 1145 1512 etiam
1169 1456 1386 1511 diabolo
1429 1454 1768 1510 sacrificasse
1788 1451 2082 1522 impeteba-

495 1561 605 1605 tur.
634 1551 853 1605 Fuisset
869 1549 1036 1602 nimia
1077 1548 1130 1600 in
1155 1562 1346 1601 omnes
1375 1553 1656 1616 magnates
1677 1543 1796 1612 ejus
1836 1551 1890 1596 et
1941 1539 2080 1594 ami-

494 1657 591 1696 cos
615 1641 909 1695 demonum
935 1638 1234 1708 oppressio,
1259 1648 1313 1692 et
1341 1639 1395 1692 in
1409 1651 1599 1692 omnes
1621 1643 1676 1689 et
1695 1635 2079 1702 obsequentes,

1485 239 1786 299 HUGONIS
1823 233 2116 292 ABBATIS
2153 227 2723 288 FLAVINIACENSIS

1089 363 1193 422 sibi
1233 371 1447 419 uterum
1499 358 1568 414 ad
1593 353 1984 413 detrahendam
2014 358 2069 404 et
2097 352 2142 409 Α
2167 348 2349 406 omnis
2391 342 2698 414 iniquitatis
2725 349 2779 394 et
2806 335 3270 394 abliominationis
3302 332 3628 388 inundatio?
3655 332 3753 389 Sed

3649 219 3753 275 ξω

2172 457 2274 498 nos
2301 439 2520 494 interim
2552 437 2655 491 hec
2687 433 2865 488 tristia
2897 436 3243 500 se‘ponentes,
3269 427 3441 498 paulo
3478 425 3753 495 superiora

2172 538 2504 600 repetamus,
2530 535 2585 580 et
2611 523 2757 594 quod
2781 521 3058 577 dulcescat
3081 518 3299 588 spiritui
3327 516 3656 572 referamus.

2245 619 2364 675 Non
2397 627 2578 673 autem
2608 611 3106 685 praetermittendus
3145 625 3176 663 a
3203 609 3365 663 nobis
3411 616 3500 662 est
3533 609 3752 661 domnus

2177 713 2331 784 Hugo
2351 711 2522 766 abbas
2547 706 2736 762 Sancti
2760 703 2979 758 Martini
3001 701 3292 764 Eduensis,
3315 699 3416 768 qui
3443 699 3518 752 ad
3539 698 3752 752 eandem

2145 795 2150 799 Δ
2176 803 2481 860 tecclesiam
2517 801 2573 854 in
2610 797 2903 869 pristinum
2937 802 3141 849 statum
3167 791 3382 847 ordinis
3407 799 3463 844 et
3490 790 3756 859 religionis

2177 893 2569 950 restituendam
2603 891 2671 946 de
2697 888 2928 944 ecclesia
2958 883 3274 940 Divionensi
3301 890 3522 952 raptus,
3546 889 3602 934 et
3638 881 3757 934 inili

2177 996 2364 1058 pastor
2392 985 2699 1048 institutus,
2722 996 2848 1037 cum
2876 978 3047 1034 multa
3074 977 3300 1032 adversa
3325 989 3534 1045 passus
3557 972 3756 1036 fuisset,

2178 1088 2233 1134 et
2255 1093 2356 1133 nec
2379 1084 2537 1132 nocte
2564 1090 2666 1129 nec
2689 1074 2777 1129 die
2797 1071 3186 1142 requiesceret,
3218 1083 3346 1123 cum
3367 1068 3542 1121 etiam
3566 1066 3633 1120 de
3655 1080 3761 1119 mo-

2180 1168 2420 1224 nasterio
2443 1166 2637 1236 expelli
2669 1165 2733 1220 ad
2766 1165 2960 1219 horam
2998 1176 3140 1231 quos
3179 1174 3368 1215 secum
3409 1158 3709 1212 adduxerat
3730 1172 3761 1210 a

2179 1258 2407 1313 Divione
2433 1257 2683 1322 vidisset,
2724 1264 2778 1308 et
2819 1263 2944 1323 post
2972 1251 3150 1306 securi
3181 1263 3486 1320 percussus
3511 1261 3652 1317 pene
3675 1261 3762 1300 ce-

2180 1350 2340 1403 rebro
2377 1354 2643 1401 vacuatus
2669 1351 2810 1400 esset
2864 1340 3174 1396 indefessus
3208 1338 3472 1408 perstitit,
3502 1345 3560 1390 et
3587 1336 3763 1390 noris-

2182 1438 2348 1503 sime,
2394 1445 2455 1490 ut
2493 1435 2728 1500 dicitur,
2781 1445 2992 1486 veneno
3047 1430 3214 1483 vitam
3261 1427 3468 1489 finivit,
3522 1423 3762 1478 bravinm

2182 1527 2354 1582 beata
2391 1524 2750 1595 perennitatis
2793 1523 3038 1591 adeptus.
3086 1518 3148 1572 In
3192 1517 3351 1588 cujus
3396 1516 3553 1570 obitu
3593 1513 3765 1568 omnis

2185 1618 2278 1673 illa
2312 1616 2637 1687 religiositas
2659 1622 2812 1683 cepta
2835 1611 3087 1681 deperiit.
3111 1608 3247 1676 Quis
3276 1616 3462 1662 autem
3489 1606 3613 1674 ejus
3643 1619 3763 1658 suc-

498 1733 606 1787 nisi
658 1731 996 1785 camerarius
1058 1730 1195 1799 ejus,
1221 1729 1310 1784 cui
1357 1743 1582 1799 porcum
1635 1739 1830 1795 parare
1872 1733 1926 1778 οι
1976 1723 2082 1778 sibi
2113 1721 2159 1780 Β
2185 1724 2367 1766 088801·
2395 1709 2680 1762 institutus
2707 1706 2797 1770 sit,
2823 1702 3026 1758 referre
3051 1700 3401 1770 supersedeo,
3433 1697 3566 1768 quia
3595 1695 3666 1749 ad
3691 1695 3768 1746 in—

499 1821 750 1875 clanculo
773 1820 953 1875 afferri
995 1821 1366 1885 mandaverat,
1416 1818 1740 1873 ammiratus
1772 1815 1903 1886 quid
1924 1815 2086 1870 vellet

502 1912 703 1975 facere,
732 1912 783 1964 in
807 1911 944 1966 locis
968 1911 1329 1966 abditioribus
1363 1925 1421 1964 se
1443 1908 1792 1972 occuluisset,
1845 1921 1969 1961 cum
1991 1920 2085 1960 ro-

502 2009 663 2070 gatus
692 1999 884 2055 fuisset
916 2000 1120 2070 egredi,
1142 1999 1252 2053 illis
1276 2008 1456 2052 tamen
1481 1998 1618 2051 locis
1641 1997 1707 2051 de
1732 1995 1931 2064 quibus
1953 1994 2088 2049 liber

503 2102 649 2148 esset
677 2091 890 2144 videndi
938 2106 1060 2160 quae
1090 2091 1159 2144 ab
1201 2089 1295 2143 illo
1334 2089 1701 2158 operabantur
1721 2100 2005 2150 accessus;
2034 2091 2091 2138 et

503 2199 627 2237 cum
651 2198 777 2235 eum
795 2197 919 2234 cum
943 2181 1173 2234 demone
1203 2179 1515 2247 loquentem
1538 2176 1802 2239 audisset,
1829 2173 1988 2241 cujus
2006 2181 2090 2226 ta-

509 2288 634 2326 men
656 2286 844 2324 vocem
870 2271 1101 2324 audiens
1147 2267 1382 2323 formam
1430 2281 1539 2320 non
1581 2263 1830 2330 vidisset,
1872 2271 1927 2317 et
1969 2269 2094 2331 post

505 2380 633 2419 cum
663 2364 812 2416 illum
841 2378 938 2431 per
963 2361 1304 2415 necessarias
1327 2359 1650 2414 translatum
1668 2357 1826 2426 jussu
1847 2353 2094 2410 demonis

509 2456 579 2509 ab
605 2456 697 2508 illo
731 2455 978 2518 vidisset,
1017 2463 1070 2508 et
1118 2460 1243 2522 post
1303 2451 1372 2504 ab
1408 2465 1475 2504 eo
1529 2450 1836 2512 adoratum,
1871 2444 2094 2500 infanda

507 2546 673 2600 etiam
717 2543 967 2614 quredam
1004 2544 1059 2596 in
1107 2541 1474 2597 conciliabulo
1521 2539 1614 2593 illo
1657 2537 1922 2604 audisset,
1967 2550 2094 2591 cum

507 2646 636 2707 post
656 2644 880 2690 evocato
917 2635 965 2689 ei
995 2643 1322 2704 praeceptum
1361 2632 1555 2688 fuisset
1605 2631 1875 2686 instruere
1903 2627 2095 2684 convi-

506 2725 678 2790 vium,
708 2739 1012 2780 convocare
1048 2738 1238 2778 omnes
1258 2728 1528 2792 quotquot
1549 2727 1735 2790 posset
1761 2717 1828 2772 ad
1851 2717 2094 2788 epulum,

509 2827 563 2872 et
599 2818 664 2871 de
695 2816 786 2870 illo
836 2830 1005 2886 porco
1073 2814 1330 2870 omnibus
1397 2812 1624 2868 omnino
1668 2808 2106 2880 przelibationem.

510 2908 784 2978 quandam
815 2921 1032 2976 parare,
1057 2914 1117 2960 ut
1139 2906 1326 2960 nullus
1350 2912 1500 2960 esset
1528 2903 1622 2973 qui
1675 2917 1788 2957 non
1830 2908 2096 2972 gustaret,

511 2999 602 3052 ille
626 3013 850 3068 porcum
879 3007 1038 3052 terra:
1071 2995 1382 3062 infodisset,
1427 3003 1482 3050 et
1508 2995 1575 3050 de
1604 2994 1712 3049 alio
1734 2993 1880 3063 quod
1899 3004 2102 3062 prtece-

511 3098 665 3160 ptum
705 3088 880 3142 fuerat
920 3088 1143 3157 implere
1190 3086 1494 3142 studuisset
1522 3105 1535 3140 :
1568 3085 1661 3140 illo
1695 3086 1770 3140 ita
1805 3093 1869 3139 ut
1907 3099 2099 3154 prece-

515 3189 670 3250 perat
693 3179 898 3234 factum
950 3179 1123 3234 fuisse
1156 3188 1382 3250 putante
1409 3187 1465 3233 et
1494 3179 1769 3244 credente,
1801 3176 1910 3232 nisi
1937 3193 1968 3231 a
1993 3177 2105 3231 daa-

517 3291 681 3330 mone
727 3276 1030 3330 instructus
1060 3274 1272 3341 fuisset,
1301 3288 1331 3328 a
1371 3288 1502 3344 quo,
1552 3272 1816 3343 quidquid
1856 3285 2106 3326 camera-

516 3368 637 3422 rius
666 3365 890 3433 fecerat,
926 3366 1262 3436 publicatum
1295 3366 1345 3420 ei
1374 3373 1475 3420 est.
1509 3363 1627 3431 Qua
1658 3365 1725 3419 de
1757 3379 1818 3420 re
1859 3379 1984 3418 cum
2005 3379 2103 3418 ca-

522 3457 790 3512 merarius
837 3457 1208 3526 impeteretur,
1246 3465 1302 3511 et
1333 3456 1455 3526 capi
1483 3456 1856 3520 mandaretur,
1882 3455 1971 3509 ille
2009 3453 2106 3525 qui

519 3551 627 3605 hoc
655 3550 852 3604 timens
887 3549 989 3604 sibi
1020 3558 1366 3619 praecaverat,
1405 3548 1585 3619 gladio
1605 3548 1802 3602 educto
1840 3561 1961 3602 sese
2007 3546 2105 3601 de-

522 3641 792 3696 fendendo
819 3642 1042 3697 domum
1061 3642 1228 3707 venit,
1253 3650 1309 3695 et
1335 3655 1636 3696 conscenso
1656 3655 1799 3710 equo
1821 3653 1983 3709 quem
2013 3654 2109 3708 pa-

522 3744 758 3802 raverat,
774 3737 841 3790 ad
868 3752 1047 3806 regem
1092 3735 1404 3790 Heinricum
1445 3734 1705 3789 Willelmi
1731 3747 2106 3788 successorem

524 3825 792 3896 confugit,
848 3826 936 3882 cui
985 3827 1167 3880 omnia
1200 3826 1404 3891 retulit,
1443 3835 1668 3895 paratus
1711 3823 1859 3894 quod
1895 3823 2111 3878 dicebat

525 3916 605 3968 uti
631 3915 936 3983 judicatum
967 3914 1158 3970 fuisset
1180 3917 1500 3985 approbare.
1526 3913 1640 3969 Hec
1655 3924 1708 3969 et
1737 3914 1840 3968 alia
1858 3914 2108 3984 quaedam

526 4015 877 4060 monstruosa
908 4004 1222 4060 ferebantur
1245 4007 1350 4061 hoc
1375 4021 1520 4060 anno
1544 4007 1612 4060 de
1631 4021 1697 4060 eo
1720 4021 1816 4075 per
1845 4014 2010 4060 totam
2028 4006 2111 4059 in-

527 4095 726 4161 sulam,
762 4095 981 4164 quando
1003 4095 1077 4148 ibi
1103 4095 1330 4162 fuimus,
1352 4104 1407 4150 et
1430 4097 1546 4151 dies
1572 4110 1682 4165 quo
1711 4096 1778 4150 de
1800 4095 1885 4149 his
1908 4103 1962 4149 et
1989 4095 2112 4150 aliis

528 4187 850 4256 disceptatio
860 4188 1168 4255 haberetur,
1182 4189 1509 4258 etjudicium
1527 4189 1767 4256 daretur,
1782 4189 2113 4244 constitutus

527 4285 836 4346 crat,quem
853 4286 1034 4332 tamen
1052 4296 1158 4333 non
1172 4281 1598 4348 expectavimus.
1623 4279 1738 4336 Hoc
1749 4289 1934 4334 tamen
1949 4281 2014 4335 de
2045 4295 2112 4334 eo

529 4369 786 4424 omnibus
807 4379 998 4423 notum
1021 4379 1158 4436 erat,
1187 4387 1309 4426 esse
1328 4389 1455 4427 eum
1479 4374 1636 4428 malae
1665 4373 1788 4427 vita;
1815 4381 1868 4427 et
1887 4372 2113 4427 omnino

527 4465 768 4533 episcopi
781 4463 957 4518 oliicio
969 4465 1221 4534 indignae,
1237 4482 1357 4535 quae
1367 4484 1397 4520 a
1410 4482 1579 4535 puero
1603 4467 1815 4537 impura
1825 4468 2117 4533 extitisset,

528 4571 634 4609 nec
655 4556 948 4624 aliquando
970 4557 1406 4611 emendationem
1429 4560 1780 4627 suscepisset.
1810 4559 1930 4624 Quo
1951 4560 2140 4613 etiam'

530 4662 678 4702 anno
722 4647 1008 4701 inundatio
1044 4649 1327 4717 sanguinis
1368 4664 1399 4703 a
1438 4650 1662 4719 prmfato
1705 4651 1852 4706 fonte
1895 4668 2118 4708 manare

531 4741 678 4797 dicta
710 4749 816 4808 est,
843 4757 1008 4812 quam
1053 4751 1235 4796 tamen
1262 4759 1370 4796 non
1399 4744 1659 4799 vidimus.
1689 4745 1746 4798 ln
1778 4746 1983 4815 capella
2019 4762 2119 4800 au-

531 4841 646 4888 tem
675 4833 931 4888 omnibus
955 4834 1148 4888 diebus
1173 4833 1465 4889 dominicis
1497 4836 1610 4890 sive
1642 4835 1797 4891 festis
1836 4838 2119 4892 sodomitze

535 4926 1105 4980 excommunicantur.
1135 4924 1251 4996 (fol.
1280 4926 1403 4996 146)
1436 4925 1577 4982 Alibi
1611 4943 1829 4998 quoque
1856 4928 2016 4984 enixa
2037 4939 2122 4985 est

536 5030 704 5070 vacca
750 5016 917 5071 fetum
964 5016 1254 5073 informem
1300 5018 1612 5089 bicipitem,
1665 5020 2117 5090 quadricornem,

538 5105 820 5160 ammirari
845 5108 970 5176 quis
994 5118 1178 5177 posset
1198 5119 1406 5165 tantam
1432 5126 1614 5165 rerum
1646 5112 1964 5178 novitatem,
1990 5112 2119 5179 nisi,

539 5199 685 5267 quod
710 5198 978 5264 mirabile,
1010 5199 1104 5255 Dei
1133 5203 1465 5271 pacientiam
1508 5213 1658 5259 tanta
1690 5205 1974 5260 hominum
2011 5205 2121 5258 cri-

541 5289 692 5345 mina
730 5297 785 5344 et
820 5300 1045 5359 peccata
1085 5299 1236 5347 tanta
1270 5296 1528 5363 patientia
1578 5298 1871 5362 sustinere,
1918 5305 1979 5351 ut
2007 5297 2121 5366 jam

540 5395 678 5451 pene
712 5397 875 5436 rarus
910 5383 983 5436 sit
1023 5384 1115 5452 qui
1147 5385 1328 5440 credat
1368 5385 1541 5440 Deum
1585 5397 1680 5442 aut
1721 5403 1809 5442 res
1852 5387 2121 5443 humanas

542 5487 756 5540 curare,
795 5481 889 5528 aut
914 5474 967 5526 in
997 5474 1374 5532 malefactores
1396 5479 1692 5534 vindictam
1729 5495 2012 5546 exercere;
2046 5479 2121 5534 ita

541 5567 818 5620 cernimur
865 5581 1056 5621 omnes
1116 5568 1171 5621 in
1227 5569 1605 5638 iniquitatibus
1647 5571 1923 5626 cﬂ’erberc.
1981 5571 2123 5636 Quid

541 5657 688 5712 enim
713 5675 859 5716 nunc
888 5659 940 5722 in
970 5660 1196 5728 mundo,
1221 5659 1327 5716 nisi
1350 5662 1529 5717 omnis
1549 5662 1776 5734 justitia:
1799 5661 2118 5729 exinanitio,

2182 1797 2602 1872 juriam'domni
2644 1794 3027 1867 Lugdunensis
3056 1792 3248 1846 referri
3287 1797 3490 1860 potest,
3529 1803 3630 1842 nec
3659 1785 3770 1840 sine

2186 1892 2305 1962 ejus
2335 1898 2465 1945 nota
2505 1888 2642 1954 dici;
2673 1902 2800 1942 cum
2832 1885 2940 1951 ille,
2971 1898 3136 1954 quem
3182 1883 3299 1951 ipse
3339 1879 3569 1934 nomine
3595 1888 3770 1938 tenus

2187 1999 2257 2038 ne
2279 1982 2702 2037 intronizaretur
2723 1978 2903 2032 adhuc
2923 1975 3120 2030 abbate
3139 1974 3373 2036 vivente,
3400 1969 3772 2028 interdixerat.

2188 2083 2250 2130 ut
2284 2074 2506 2138 dicitur,
2547 2071 2638 2126 hic
2677 2084 2743 2124 eo
2789 2068 3017 2133 sciente,
3059 2080 3126 2119 eo
3173 2063 3536 2132 suscipiente,
3577 2074 3646 2114 eo
3683 2075 3773 2112 an-

2190 2173 2390 2220 nuente
2414 2163 2698 2217 ordinatus
2727 2167 2830 2214 est.
2859 2157 2966 2212 Sed
2993 2157 3095 2211 hec
3121 2154 3361 2210 interim.

2262 2277 2420 2330 Anno
2451 2274 2619 2345 igitur
2649 2268 2876 2342 prmfato
2918 2268 2986 2323 ab
3022 2268 3133 2322 inc.
3170 2267 3327 2320 Dom.
3368 2263 3514 2318 {099
3548 2263 3775 2317 domnus

2191 2377 2246 2423 ct
2265 2376 2418 2437 pater
2451 2374 2638 2419 noster
2662 2361 2984 2430 Rodulphus
3013 2359 3152 2414 abba
3178 2366 3305 2427 post
3338 2355 3516 2410 multa
3545 2353 3777 2424 peregri«

2192 2457 2432 2513 nationis
2461 2466 2519 2512 et
2539 2456 2786 2511 laborum
2813 2452 3078 2522 pericula,
3101 2466 3228 2505 cum
3256 2449 3324 2503 ad
3352 2457 3564 2502 eterna:
3591 2462 3776 2515 repan-

2195 2549 2425 2606 sationis
2458 2554 2750 2602 vocaretur
2785 2543 2982 2614 gaudia
3015 2541 3368 2611 repromissa,
3394 2540 3450 2593 in
3481 2539 3780 2608 quadrage-

2196 2642 2335 2698 sima
2377 2639 2642 2694 infirmari
2686 2636 2848 2706 cepit.
2890 2633 3205 2689 Morabatur
3239 2641 3370 2686 tunc
3415 2631 3568 2702 apud
3613 2629 3781 2683 Flavi-

2197 2733 2416 2788 niacum
2458 2731 2665 2794 villam,
2716 2728 3004 2782 honestam
3054 2733 3109 2780 et
3155 2724 3417 2794 Optimam
3470 2721 3781 2776 monasterii

2199 2825 2414 2889 cellam,
2440 2823 2524 2876 vel
2565 2828 2788 2891 propter
2815 2817 3216 2873 incursantium
3245 2813 3680 2883 occupationum
3712 2812 3785 2864 vi-

2199 2918 2395 2974 tandas
2421 2913 2722 2979 molestias,
2749 2911 2834 2966 vel
2859 2917 2919 2964 ut
2945 2909 3170 2963 liberius
3200 2905 3590 2976 spiritualibus
3619 2905 3783 2957 inten-

2201 3011 2352 3066 deret
2384 3007 2610 3062 theoriis
2650 3013 2705 3060 et
2749 3003 2988 3058 filiorum
3033 2999 3382 3055 utilitatibus.
3431 2995 3501 3051 Et
3542 2994 3784 3066 quamvis

2205 3100 2550 3174 gravissimis
2575 3096 2908 3152 infirmitatis
2940 3107 3214 3163 corporea:
3241 3099 3518 3146 artaretur
3547 3091 3781 3144 anxieta-

2204 3195 2373 3258 tibus,
2397 3207 2602 3262 pernox
2628 3197 2809 3244 tamen
2832 3188 2889 3240 in
2910 3186 3252 3240 orationibus
3271 3193 3327 3240 ct
3347 3182 3574 3254 vigiliis,
3597 3181 3785 3236 divinis

2206 3287 2467 3340 intererat
2493 3281 2708 3347 officiis,
2754 3279 3003 3335 diurnale
3046 3293 3142 3342 seu
3187 3275 3512 3331 nocturnale
3560 3274 3783 3329 ofﬁcium

2206 3385 2331 3432 ante
2360 3391 2419 3430 se
2457 3373 2708 3444 religiosa
2733 3372 3019 3426 devotione
3061 3369 3338 3424 celebrare
3378 3365 3620 3432 faciens,
3652 3376 3701 3421 et
3727 3363 3783 3418 ad

2207 3466 2434 3521 missam
2459 3478 2674 3532 semper
2707 3462 2762 3515 in
2788 3460 3027 3516 oratorio
3051 3457 3454 3514 sustentatione
3489 3458 3783 3527 obsequen-

2207 3559 2344 3612 tium
2385 3555 2556 3610 fultus
2593 3555 2738 3620 iens;
2788 3553 2882 3607 ubi
2916 3567 3044 3606 vero
3089 3551 3459 3606 immensitate
3497 3549 3707 3604 doloris
3740 3556 3786 3600 et

2209 3648 2542 3703 infirmitatis
2563 3647 2704 3701 lecto
2727 3646 2784 3699 in
2814 3652 2988 3698 totum
3013 3643 3290 3711 decubuit,
3319 3643 3471 3713 quod
3498 3643 3680 3697 solum
3705 3657 3783 3710 po-

2213 3749 2378 3806 terat,
2437 3740 2660 3806 affectu,
2715 3737 3015 3802 desiderio,
3072 3735 3330 3790 manibus
3383 3736 3698 3804 proteusis,
3740 3741 3786 3786 ct

2211 3834 2386 3889 oculis
2409 3841 2557 3888 totus
2579 3832 2645 3886 ad
2671 3830 2842 3884 Deum
2861 3828 3142 3899 vigilabat,
3167 3842 3267 3882 nec
3301 3827 3368 3881 de
3394 3827 3587 3896 rigore
3612 3841 3783 3896 propo—

2211 3927 2323 3992 siti,
2351 3926 2536 3980 animo
2571 3932 2626 3978 et
2645 3923 2748 3977 fide
2774 3930 3052 3987 constans,
3089 3919 3391 3990 quidquam
3421 3918 3605 3973 minui
3634 3917 3782 3987 patie-

2212 4016 2391 4070 batur.
2426 4014 2494 4067 Et
2523 4015 2635 4083 jam
2669 4011 2815 4067 fama
2859 4010 3192 4070 infirmitatis
3215 4009 3336 4078 ejus
3361 4009 3587 4063 vicinos
3619 4017 3671 4063 et
3699 4008 3778 4060 ab-

2213 4115 2415 4170 sentes,
2459 4104 2617 4174 longe
2657 4103 2821 4156 etiam
2857 4101 3065 4171 positos
3098 4107 3471 4168 perterruerat
3506 4099 3708 4162 ﬁdeles,
3740 4106 3781 4147 tl

2213 4194 2460 4249 certatim
2489 4192 2833 4248 confluebant
2861 4203 3070 4254 omnes,
3103 4187 3431 4252 mediocres,
3461 4187 3681 4248 divites,
3711 4201 3781 4237 co-

2216 4285 2402 4351 mites,
2428 4282 2742 4358 duces,,ipsi
2774 4281 2937 4336 etiam
2965 4279 3249 4349 praesules,
3275 4287 3335 4332 ut
3362 4279 3507 4332 tanti
3537 4280 3641 4333 viri
3665 4276 3780 4332 suia-

2217 4392 2406 4432 rentur
2431 4375 2668 4445 alloquio
2689 4383 2742 4429 et
2766 4373 3022 4438 caritate;
3050 4371 3350 4440 dampnum
3381 4371 3534 4425 enim
3569 4371 3667 4426 sibi
3691 4386 3778 4423 rua-

2221 4470 2429 4523 ximum
2476 4468 2821 4537 reputabant,
2853 4465 2900 4520 si
2923 4464 3253 4518 insalutatus
3280 4463 3352 4516 ab
3386 4463 3474 4517 eis
3511 4463 3777 4518 recederet.

2219 4560 2430 4627 Quibus
2455 4561 2572 4630 ipse
2609 4567 2761 4613 tanta
2804 4557 3112 4623 sedulitate,
3147 4555 3485 4624 dapsilitate,
3518 4553 3778 4614 industria,

2219 4662 2273 4708 et
2300 4656 2526 4708 caritate
2556 4651 2762 4706 servire
2801 4648 3169 4713 ammonebat,
3212 4655 3273 4700 ut
3311 4663 3440 4701 cum
3486 4663 3624 4715 pene
3648 4647 3776 4698 innu-

2221 4745 2508 4799 merabiles
2527 4743 2722 4799 cotidie
2743 4740 3100 4806 confluerent,
3122 4738 3324 4792 mirum
3345 4739 3628 4793 videretur
3644 4736 3777 4790 etiam

2220 4835 2308 4891 bis
2335 4835 2428 4905 qui
2454 4835 2913 4904 suscipiebantur,
2937 4831 3080 4885 unde
3102 4840 3250 4884 tanta
3272 4830 3631 4894 abundantia,
3657 4837 3776 4880 tanta

2221 4927 2468 4999 largitas,
2496 4935 2649 4980 tanta
2672 4927 2726 4979 in
2760 4924 2908 4979 omni
2939 4930 3200 4992 apparatu
3231 4922 3441 4992 hylaris
3464 4929 3520 4975 et
3541 4937 3645 4974 non
3669 4917 3776 4970 deti-

2223 5020 2376 5075 ciens
2398 5019 2724 5073 exuberaret
2745 5016 2966 5072 caritas.
2993 5013 3102 5068 Nec
3122 5013 3431 5076 recusabat,
3460 5021 3518 5066 ut
3540 5011 3772 5081 plerisqm

2222 5110 2455 5164 infirmis
2494 5109 2665 5164 moris
2699 5119 2804 5174 est,
2851 5106 3171 5161 intrantium
3201 5116 3256 5160 et
3295 5106 3612 5159 exeuntium
3640 5101 3774 5154 devo-

2224 5211 2404 5258 torum
2435 5201 2822 5272 frequentiam;
2855 5201 2988 5270 quin
3018 5201 3201 5269 potius
3243 5208 3397 5253 tanto
3426 5199 3616 5254 affectu
3642 5204 3687 5248 et
3713 5193 3770 5245 of-

2225 5293 2514 5350 ficiositate
2536 5310 2643 5363 qua
2667 5300 2898 5362 poterat,
2922 5301 2977 5346 et
3003 5300 3159 5361 gestu
3182 5291 3430 5360 corporis
3459 5286 3773 5358 suscipiebat.

2228 5395 2290 5440 ut
2318 5387 2503 5440 nullus
2531 5393 2679 5441 esset
2701 5385 2798 5455 qui
2820 5399 2928 5438 non
2957 5399 3016 5439 se
3044 5383 3328 5448 refectum,
3353 5383 3451 5453 qui
3479 5397 3587 5436 non
3607 5391 3771 5434 conso-

2228 5478 2421 5543 latum,
2459 5476 2551 5545 qui
2583 5490 2692 5529 non
2721 5475 2989 5543 adjutum,
3033 5475 3163 5528 dum
3192 5474 3368 5528 solum
3397 5473 3575 5526 videre
3600 5471 3772 5522 liceret.

2229 5569 2596 5638 profiteretur.
2634 5566 2915 5620 Direxerat
2934 5566 3050 5635 jam
3075 5564 3380 5619 Virdunum
3413 5562 3684 5633 cpistolam
3710 5557 3767 5608 in-

2231 5661 2506 5715 firmitatis
2550 5674 2663 5716 sute
2697 5657 3114 5725 nunciatriccm,
3149 5666 3202 5712 et
3243 5657 3345 5726 ipsi
3387 5657 3769 5722 circumquaqut‘
