3878 6310
83 297 177 353 593

1295 305 1707 365 CHRONICON.
1746 342 1813 351 —-
1852 311 1982 368 LIB.
2023 310 2087 368 ll.

3222 327 3329 383 δοι

80 411 329 465 miserant
361 409 429 467 ad
467 412 875 484 congregandos
924 414 1123 472 fratres
1162 419 1257 489 qui
1288 430 1513 490 possent
1546 438 1639 477 ve—
1671 426 1716 482 A
1741 433 1796 479 et
1828 425 2111 500 absolutus
2146 427 2216 481 ab
2255 429 2334 483 eis
2370 438 2472 485 est.
2517 429 2648 487 inde
2691 432 2933 493 sociatus
2973 441 3230 500 omnibus
3269 445 3327 500 in

80 502 203 568 nire,
224 508 278 556 et
294 500 388 571 qui
416 516 527 558 non
550 512 794 575 possent,
819 514 880 561 ut
904 508 1192 565 sanitatem
1214 510 1335 581 ejus
1358 528 1389 566 a
1411 512 1643 569 Domino

78 587 390 663 expeterent,
426 602 526 651 aut
557 595 762 651 exitum
797 595 919 667 ejus
963 600 1304 657 orationibus
1342 605 1639 674 praemuni-

78 691 185 739 rent
208 683 295 740 δ”.

137 772 268 831 Cum
309 775 477 848 igitur
517 776 587 832 ad
624 793 752 834 eum
795 780 1080 837 visendum
1112 785 1360 840 certatim
1399 786 1641 857 undique

74 873 494 933 concurreretur,
531 866 652 937 ipse
689 883 884 925 omnes
930 870 1478 942 commonefaciebat,
1519 891 1640 930 om-

74 953 218 1010 nibus
262 954 424 1011 ﬁdem
467 972 636 1027 quam
675 966 925 1016 tenuerat
957 970 1013 1016 et
1040 978 1141 1032 pro
1184 980 1291 1034 qua
1325 965 1640 1022 exulaverat

73 1044 341 1102 tenendam
363 1048 707 1119 inculcabat;
728 1052 919 1110 dicens
940 1055 1083 1112 hanc
1101 1072 1223 1113 esse
1246 1073 1431 1114 veram
1452 1059 1636 1127 ﬁdem,

72 1135 198 1193 hanc
221 1139 550 1198 catholicam
573 1151 628 1198 et
657 1146 1035 1215 apostolicam,
1066 1164 1165 1220 pro
1196 1154 1305 1221 qua
1327 1151 1512 1208 nullus
1537 1152 1639 1208 du-

71 1225 223 1284 bitare
247 1229 470 1286 deberet
487 1234 600 1304 pati
621 1235 870 1303 adversa,
894 1238 1065 1294 immo
1085 1255 1186 1296 nec
1209 1242 1384 1312 ipsam
1405 1253 1637 1300 mortem

69 1319 263 1389 subire;
286 1338 547 1381 asserens
564 1341 645 1394 se,
673 1327 724 1382 si
752 1328 953 1386 vellent
979 1340 1034 1387 et
1057 1340 1391 1403 oportunum
1421 1333 1634 1403 fuisset,

69 1410 115 1464 in
136 1419 236 1467 tam
258 1416 543 1474 tremenda
565 1418 724 1488 hora,
746 1437 874 1477 cum
908 1423 976 1479 ad
999 1421 1094 1480 Dei
1109 1425 1378 1496 judicium
1407 1426 1634 1485 festina-

69 1512 139 1557 ret
154 1505 351 1575 anima,
379 1523 440 1565 se
460 1519 712 1580 paratum
737 1528 860 1570 esse
887 1516 1035 1586 quod
1055 1518 1270 1574 dicebat
1293 1529 1635 1578 sacramento

69 1594 281 1662 ﬁrmare,
311 1609 371 1655 et
402 1616 502 1671 pro
543 1602 650 1660 ﬁde
676 1606 869 1662 eadem
903 1607 1105 1675 milies,
1140 1609 1188 1666 si
1213 1609 1360 1667 Deus
1396 1613 1632 1683 juberet,

67 1687 184 1744 velle
200 1691 377 1747 occidi
405 1692 583 1764 (Mart.
614 1695 729 1767 28).
755 1696 823 1753 Et
852 1714 981 1754 cum
997 1699 1113 1770 jam
1136 1708 1286 1758 totus
1314 1702 1385 1760 ad
1411 1704 1497 1760 sui
1519 1705 1633 1760 dis-

1743 496 1933 550 osculo
1962 506 2171 563 sancto,
2204 514 2329 554 cum
2353 500 2574 557 vidisset
2610 504 2822 575 aliquos
2848 507 3111 564 nobilium
3140 496 3328 570 astant-—

1742 594 1844 651 tes,
1874 587 2022 645 viros
2063 589 2348 659 religiosos
2383 602 2436 648 et
2471 595 2565 664 qui
2605 594 2773 651 Deum
2810 599 2984 668 pluris
3021 600 3330 662 habuerant

1741 692 1906 745 quam
1941 680 2206 745 scculum,
2242 682 2390 752 ipsos
2414 685 2578 741 etiam
2618 688 2685 743 ad
2717 704 2775 743 se
2802 693 3047 747 evocavit
3073 705 3127 749 et
3160 712 3324 754 oscu-

1741 768 1885 823 latus
1913 778 2016 825 est.
2057 768 2286 828 Stabant
2312 775 2368 828 in
2418 786 2627 846 partem
2654 780 2881 836 alteram
2915 792 2970 838 et
3005 787 3214 845 nobiles
3243 790 3322 846 fc-

1740 859 1923 926 minae,
1952 870 2006 915 et
2040 861 2171 931 ipsze
2209 879 2241 918 a
2267 867 2450 943 seculo
2478 884 2777 939 conversae,
2801 889 2961 929 ξονον
2994 878 3201 936 scilicet
3226 881 3317 937 Ri-

1740 950 1931 1005 chardl
1956 952 2278 1011 Albanensis
2299 958 2556 1028 episcopi,
2579 970 2633 1016 et
2654 958 2758 1018 alia
2780 967 3012 1035 quedam
3034 985 3142 1027 non
3164 973 3319 1045 igno-

1739 1040 1866 1098 bilis
1894 1040 2145 1112 familiae;
2172 1061 2313 1115 quas
2338 1063 2462 1103 cum
2488 1052 2554 1106 ad
2578 1068 2637 1108 se
2658 1055 2909 1112 similiter
2937 1040 3238 1133 evocassei,
3265 1077 3321 1122 et

1736 1133 1829 1204 pio
1850 1136 2022 1205 patris
2046 1137 2240 1194 aﬁ'ectu
2270 1155 2364 1196 eas
2390 1142 2531 1199 ﬁlias
2557 1154 2609 1199 et
2631 1161 2848 1206 sorores
2889 1167 3020 1209 suas
3044 1163 3318 1224 protesta-

1736 1231 1828 1279 tus
1854 1222 2066 1294 fuisset,
2089 1227 2275 1284 diccns
2296 1230 2493 1287 debere
2511 1241 2567 1287 et
2592 1234 2736 1304 ipsas
2756 1241 2897 1309 patri
2925 1222 3175 1302 ultimum
3199 1247 3320 1304 vale

1736 1315 1936 1384 dicere,
1980 1335 2205 1376 manum
2244 1321 2327 1378 eis
2367 1327 2611 1393 porrexit
2658 1337 2721 1382 ut
2755 1346 2876 1386 eam
2916 1337 3313 1406 oscularentur,

1736 1407 1880 1464 hanc
1903 1410 2197 1482 designans
2230 1414 2474 1483 ipsarum
2517 1433 2640 1475 esse
2664 1420 2860 1479 debere
2886 1425 2955 1480 ad
2986 1441 3113 1484 eum
3136 1431 3317 1487 socia--

1735 1499 1841 1554 lem
1877 1502 2153 1571 unionem,
2184 1508 2328 1577 quod
2357 1524 2467 1564 non
2498 1510 2570 1566 sit
2600 1511 2809 1569 licitum
2841 1516 3098 1575 mulieres
3135 1536 3317 1577 sacer-

1735 1589 1956 1648 dotibus
1974 1592 2131 1666 jungi
2174 1597 2230 1651 in
2272 1600 2481 1668 osculo,
2513 1612 2568 1656 et
2610 1604 2849 1660 maxime
2879 1606 3165 1678 religiosas
3189 1613 3316 1666 reli-

1734 1682 1921 1753 giosis.
1949 1682 2086 1740 Cum
2131 1688 2297 1759 igitur
2323 1699 2378 1745 et
2413 1692 2581 1763 ipsas,
2625 1697 2953 1755 ammonitas
2989 1707 3048 1754 ut
3086 1701 3174 1755 his
3194 1718 3317 1772 qua:

67 1779 376 1839 εοιηιίοηεω
416 1765 707 1853 mmet"
750 1789 877 1845 inde
916 1765 1100 1847 when
1147 1800 1296 1849 ιοιυε
1335 1794 1386 1849 ei
1428 1810 1630 1863 sermo,
1666 1765 1709 1819 Β
1731 1775 1855 1832 aliis
1885 1778 2028 1833 dicta
2058 1790 2217 1836 erant
2245 1782 2607 1853 intenderent,
2637 1789 2691 1842 et
2723 1789 2926 1845 scirent
2951 1792 3141 1848 eadem
3171 1765 3316 1851 dicta

64 1880 217 1928 ιοιυω
244 1874 602 1944 desiderium,
632 1888 745 1935 tota
786 1879 1022 1949 ageam,
1052 1892 1114 1938 ιη
1140 1883 1244 1941 hec
1281 1884 1416 1941 ﬁdes
1454 1900 1638 1941 sena_
1725 1879 1848 1921 esse
1886 1874 1941 1921 et
1982 1868 2107 1934 sibi,
2143 1885 2175 1924 a
2210 1886 2281 1927 se
2305 1871 2563 1930 dimissas
2604 1877 2792 1946 gratiae
2831 1876 2925 1934 Dei
2954 1881 3311 1953 assignasset,

61 1971 213 2030 γρεατ,
234 1966 357 2023 δερ
382 1975 494 2024 ποι,
516 1969 736 2038 virtute,
763 1980 876 2028 tota
900 1973 1085 2030 anima
1111 1975 1508 2043 custodiretur;
1535 1994 1638 2036 nec
1725 1971 1925 2027 corpus
1947 1958 2282 2017 dominicum
2310 1964 2566 2035 sumpsit,
2594 1975 2648 2022 et
2672 1975 2822 2024 totus
2862 1971 2933 2026 ad
2971 1971 3146 2030 Deum
3175 1990 3312 2031 con-
3384 2007 3395 2015 -

59 2056 241 2127 aliquis
259 2065 395 2115 ante
416 2075 543 2116 eum
580 2063 747 2130 venit,
774 2065 871 2135 qui
903 2080 1013 2121 non
1039 2067 1108 2123 ad
1132 2067 1237 2123 hoc
1261 2083 1637 2126 commnnere-
1724 2062 1938 2117 Versus,
1982 2067 2042 2108 se
2078 2063 2133 2109 εί
2179 2069 2372 2111 omnes
2407 2057 2593 2126 Pietati
2637 2060 2756 2130 eius
2784 2065 3079 2134 commisit,
3114 2070 3311 2139 praeci—

62 2156 169 2203 m:
197 2149 391 2208 dicens
427 2154 654 2209 omnino
683 2156 1012 2226 dampnatos
1054 2174 1177 2215 esse
1203 2174 1441 2231 quorum
1478 2177 1634 2218 mons
1723 2140 1878 2210 piens
1902 2142 2156 2199 omnibus
2189 2153 2248 2200 ut
2277 2161 2439 2217 quem
2469 2150 2783 2207 nominaret
2822 2154 3041 2212 donnus
3069 2155 3307 2228 Godezo,

60 2240 118 2294 ab
148 2241 243 2297 hac
267 2243 619 2300 observantia
643 2261 741 2316 per
761 2262 821 2302 se
853 2248 1224 2318 repelleretur,
1255 2250 1304 2306 si
1331 2250 1633 2323 contigeret

59 2348 140 2390 eos
155 2336 363 2408 absque
393 2338 710 2408 poenitentia
746 2338 988 2411 defungi,
1012 2350 1075 2396 ut
1102 2357 1211 2397 non
1240 2358 1340 2413 per
1360 2343 1630 2414 paeniten-

58 2426 170 2481 tiam
213 2428 415 2485 unitati
464 2431 715 2501 corporis
796 2431 1058 2488 tecclesiae
1104 2432 1624 2506 redintegrarentur.

58 2515 323 2588 Aliquibus
347 2535 479 2592 ergo
505 2521 700 2578 diebus
733 2521 1217 2592 intercedentibus,
1246 2526 1405 2597 quasi
1435 2542 1627 2597 presa-

57 2624 143 2677 gus
160 2610 321 2667 vicini
346 2612 434 2668 sui
457 2614 745 2682 transitus,
769 2615 968 2672 fratres
993 2625 1048 2672 et
1069 2615 1213 2672 ﬁlios
1242 2633 1382 2689 quos
1408 2617 1630 2676 Christo

54 2698 393 2770 adquisierat,
417 2713 544 2760 ante
563 2717 625 2760 se
642 2705 830 2761 venire
851 2704 998 2772 fecit,
1022 2713 1076 2761 et
1094 2706 1424 2762 ammirabili
1445 2707 1629 2765 vultus

56 2800 101 2843 rt
121 2793 225 2848 oris
255 2795 434 2864 gratia
471 2796 539 2851 de
566 2797 743 2853 salute
772 2812 1000 2854 suaeos
1031 2798 1547 2868 commonefacicns,
1574 2810 1629 2856 et

55 2878 102 2933 in
137 2879 369 2938 Domino
406 2899 630 2955 sperare
676 2901 1019 2955 ammonens,
1065 2887 1426 2945 conﬁtebatur
1477 2891 1626 2961 quod

56 2985 150 3026 non
185 2972 325 3030 bene
354 2989 453 3032 eos
483 2977 704 3044 rexerit,
734 2993 846 3033 non
885 2977 961 3033 ita
1003 2987 1232 3050 paterno
1256 2994 1386 3053 erga
1415 2996 1512 3038 eos
1539 2980 1625 3037 af--

54 3059 178 3119 lectu
200 3065 492 3138 egisset:ut
517 3068 786 3136 debuerit,
810 3067 942 3141 quia
961 3070 1128 3126 homo
1146 3080 1310 3137 esset,
1342 3072 1438 3143 qui
1462 3087 1625 3127 num-

52 3170 197 3223 quam
230 3158 289 3213 in
327 3159 525 3215 eodem
562 3170 708 3217 statu
739 3171 1023 3232 permanet
1061 3161 1180 3233 (fol.
1212 3162 1378 3234 146).
1414 3162 1625 3219 Etcum

50 3259 135 3302 eos
158 3247 289 3305 satis
313 3258 545 3321 paterae
572 3250 974 3309 ammonuisset
1004 3263 1067 3308 ut
1097 3253 1154 3308 in
1179 3252 1285 3310 ﬁde
1310 3260 1461 3310 recta
1480 3252 1626 3310 ﬁrmi

50 3338 407 3408 pet-sisterent,
446 3342 592 3398 sicut
629 3356 757 3398 eum
793 3342 1043 3399 viderant
1081 3350 1399 3401 constanter
1433 3351 1491 3399 et
1525 3343 1622 3399 ﬁr-

1721 2232 1817 2301 qui
1848 2231 1953 2288 sibi
1981 2232 2291 2304 assistebat,
2328 2239 2413 2294 vir
2440 2242 2628 2312 utique.
2650 2244 2779 2298 boni
2801 2246 3097 2303 testimonii
3127 2258 3181 2306 ct
3218 2268 3309 2308 rc—

1719 2321 1928 2392 ligiosae
1960 2328 2413 2395 conversationis,
2452 2329 2630 2401 ipsum
2662 2332 2766 2389 sibi
2793 2334 2912 2407 ipso
2940 2336 3029 2393 die
3063 2342 3302 2397 tumula-

1721 2412 1885 2469 tionis
1918 2431 2032 2472 sua:
2071 2433 2168 2488 per
2204 2419 2567 2477 obedientiam
2610 2438 2986 2485 successorem
3024 2428 3306 2502 eligerent,

1718 2512 1773 2557 et
1801 2504 1877 2560 illi
1912 2507 2220 2577 obedirent;
2250 2520 2304 2566 et
2349 2512 2395 2568 si
2424 2514 2561 2568 alter
2596 2515 2688 2570 illo
2711 2517 2958 2590 neglecto
2997 2529 3052 2576 et
3087 2524 3308 2593 repulso
3350 2583 3353 2587 ,

1715 2592 2026 2665 eligeretur,
2061 2599 2212 2655 nullo
2242 2603 2405 2657 modo
2445 2605 2494 2658 ei
2540 2604 2841 2664 obedircnt.
2878 2608 3100 2667 Dicebat
3155 2614 3307 2670 enim

1718 2686 1863 2740 nolle
1907 2696 1988 2754 ut,
2032 2690 2176 2758 quod
2220 2691 2336 2761 ipse
2368 2692 2755 2764 aediﬁcaverat,
2792 2699 2935 2756 alius
2976 2700 3303 2760 destrueret.

1716 2772 1819 2830 Cui
1840 2788 2107 2849 praecepto
2122 2795 2246 2836 cum
2269 2796 2460 2839 omnes
2476 2800 2534 2840 se
2548 2796 2876 2845 assensuros
2897 2792 3302 2860 promisissent,

1716 2883 1908 2925 omnes
1947 2884 2115 2926 manu
2154 2881 2412 2944 protensa
2455 2876 2750 2946 benedixit,
2793 2889 2847 2934 et
2875 2882 3078 2939 clausis
3106 2886 3301 2953 oculis,

1714 2962 2057 3032 praeparabat
2092 2980 2150 3019 se
2180 2965 2250 3020 ad
2295 2968 2489 3022 horam
2526 2967 2742 3025 Domini
2766 2971 3056 3042 venientis,
3083 2984 3146 3030 ut
3174 2990 3304 3047 ape—

1715 3051 1849 3106 riret
1874 3052 1947 3119 ‘ei,
1980 3053 2282 3112 intraturus
2310 3073 2434 3113 cum
2474 3074 2541 3115 eo
2582 3068 2637 3116 et
2675 3077 2773 3133 per
2795 3078 2922 3120 eum
2971 3066 3041 3120 ad
3084 3067 3305 3136 nuptias

1716 3145 1862 3215 agni.
1895 3144 2243 3219 Legebantur
2268 3160 2395 3207 ante
2416 3167 2543 3208 eum
2589 3155 2876 3224 passiones
2917 3157 3207 3215 dominicae
3232 3160 3304 3216 ab

1716 3252 1783 3293 eo
1806 3253 1971 3310 quem
1999 3240 2191 3311 voluit,
2223 3250 2278 3299 et
2316 3245 2405 3300 cui
2434 3230 2692 3318 praecepit
2717 3248 2887 3320 (220),
2914 3258 2975 3307 et
2998 3266 3123 3308 cum
3165 3255 3307 3309 reci-

1716 3339 1859 3385 taret
1884 3332 2055 3389 lector
2072 3350 2209 3405 quae
2234 3343 2289 3392 et
2317 3331 2523 3408 quanti
2566 3337 2813 3397 fecerunt
2851 3343 2922 3410 ei,
2971 3352 3118 3400 totus
3147 3345 3212 3418 in
3246 3362 3310 3402 se

51 3429 190 3485 miter
215 3433 567 3502 perdurasse,
590 3443 645 3490 et
663 3438 857 3492 omnes
883 3443 1127 3492 astantes
1146 3444 1216 3491 ne
1234 3433 1427 3491 ﬁerem
1450 3450 1619 3492 manu
1645 3430 1688 3486 ο
1721 3417 2004 3489 fremebat,
2049 3424 2185 3481 adeo
2227 3435 2288 3481 ut
2327 3425 2520 3484 crebro
2563 3429 2849 3488 audiretur
2881 3447 2989 3489 vox
3028 3417 3263 3491 dicentis
3288 3456 3307 3492 :

48 3529 95 3574 et
112 3536 236 3579 voce
254 3537 365 3596 qua
384 3534 600 3596 poterat
620 3535 992 3597 compesceret
1015 3546 1029 3582 :
1058 3526 1192 3599 Ego,
1213 3527 1314 3595 ait,
1336 3528 1427 3598 qui
1449 3529 1620 3598 patris

49 3614 140 3668 eice
163 3624 212 3670 et
233 3618 427 3688 adicio,
453 3618 578 3673 licet
602 3620 907 3675 immeritus
938 3619 1148 3691 fungar,
1177 3620 1383 3689 primus
1405 3634 1493 3675 vos
1526 3620 1622 3674 ab-

47 3704 229 3760 sciram
268 3710 598 3764 auctoritate
643 3708 743 3764 Dei
778 3720 830 3765 et
865 3719 1170 3765 sanctorum
1206 3721 1255 3766 et
1297 3711 1451 3781 ofﬁcii
1490 3710 1622 3766 mihi

44 3801 313 3868 commissi,
350 3810 405 3856 et
438 3818 527 3856 vos
566 3810 685 3872 post
717 3801 829 3857 haec
848 3811 1055 3873 patrem
1084 3801 1446 3870 karissimum,
1481 3805 1622 3857 sicut

43 3887 134 3953 ﬁlii
157 3892 518 3947 amantissimi
544 3903 593 3947 et
633 3892 1155 3957 desiderantissimi;
1187 3901 1237 3947 et
1280 3893 1359 3947 sie
1398 3908 1617 3963 separa—

46 3981 200 4036 binurr
236 4000 478 4055 corpore,
521 4002 627 4039 non
662 3994 839 4040 autem
872 3984 1146 4056 spirituali
1173 3984 1470 4054 affectione.
1515 3981 1618 4037 Vos
1644 4024 1657 4032 ..

46 4077 360 4137 maturitatis
393 4084 622 4147 patrem,
657 4086 709 4131 et
737 4078 851 4147 ipso
880 4076 1075 4146 σπεεξη
1114 4076 1382 4131 deducetis
1410 4074 1482 4128 ad
1509 4072 1619 4127 Do-

46 4165 256 4228 minum;
285 4182 405 4239 ego,
434 4169 483 4222 si
525 4166 670 4223 Deus
705 4167 1128 4222 misericordiam
1155 4166 1350 4221 auimre
1383 4180 1512 4219 mea:
1540 4164 1619 4235 fe-

44 4258 175 4321 cerit,
208 4260 351 4330 quod
374 4258 535 4313 credo
562 4268 615 4314 et
653 4267 888 4330 expecto,
924 4259 1143 4330 adjutor
1172 4267 1221 4314 et
1248 4261 1618 4314 corroboratur

45 4362 118 4400 ero
152 4350 275 4418 ﬁdei
311 4360 506 4406 uestra
545 4350 786 4405 omnibus
828 4350 1043 4418 diebus,
1081 4362 1135 4407 et
1179 4353 1281 4407 mei
1327 4367 1616 4406 memorum

46 4455 223 4496 mor
240 4459 334 4498 ero
360 4458 457 4514 per
482 4443 749 4499 auxilium
769 4446 962 4515 gratia:
986 4443 1105 4499 Dei.
1131 4442 1242 4501 Hec
1267 4445 1477 4510 dicens,
1502 4452 1618 4500 sto-

47 4529 136 4586 lam
167 4535 272 4591 sibi
300 4534 436 4592 fecit
464 4536 670 4605 aﬁ‘erri,
698 4544 753 4592 et
793 4553 919 4593 cum
961 4551 1082 4592 eam
1118 4538 1258 4593 collo
1283 4538 1404 4608 ejus
1441 4538 1615 4606 impo-

46 4624 280 4693 suissent,
320 4628 560 4699 jacentis
584 4636 733 4684 tanta
762 4630 934 4701 gratia
975 4637 1030 4684 et
1055 4630 1253 4686 decore
1279 4628 1618 4701 resplenduit

45 4713 190 4773 fades
206 4720 350 4790 ejus,
374 4729 431 4775 et
453 4721 529 4775 ita
550 4721 843 4791 aptabatur
860 4722 934 4789 ei,
959 4731 1021 4776 ut
1041 4735 1234 4778 omnes
1262 4721 1613 4787 mirarentur,

43 4814 88 4859 et
108 4823 245 4865 nunc
265 4824 449 4880 usque
493 4818 867 4880 protestantur
893 4811 1040 4881 quod
1059 4826 1361 4883 numquam
1383 4810 1458 4867 ita
1486 4811 1536 4866 ei
1561 4811 1617 4865 in

45 4902 141 4950 tota
175 4898 287 4954 vita
338 4916 441 4956 sua
484 4900 749 4957 habitudo
801 4901 1113 4958 vestimenti
1158 4901 1305 4957 illius
1344 4901 1401 4957 in
1440 4900 1613 4973 gratia

45 4998 269 5058 coaptata
300 4992 393 5048 sit.
420 4993 567 5049 sicut
592 5002 743 5060 tunc,
772 5009 896 5049 cum
937 4993 1196 5049 omnibus
1217 4992 1411 5050 diebus
1441 5009 1616 5064 usque

1712 3507 1931 3566 Inimici
1973 3511 2073 3568 Dei
2116 3532 2278 3586 quare
2320 3517 2418 3572 hoc
2464 3519 2737 3590 fecerunt?
2782 3519 2909 3576 Non
2952 3525 3309 3596 agnoscebant

1711 3600 1881 3658 Deum
1920 3620 2041 3660 vera
2084 3608 2366 3677 dicentem,
2416 3612 2553 3665 mira
2597 3613 2918 3683 facientem?
2955 3615 3074 3671 Alt!
3117 3617 3304 3688 quales

1709 3710 1870 3764 penus
1921 3697 2075 3752 modo
2106 3697 2297 3754 tuum!
2340 3699 2501 3756 Venit
2539 3718 2671 3774 ergo
2709 3704 2845 3759 hora
2879 3721 3047 3776 quam
3088 3722 3303 3779 semper

1710 3795 2013 3857 optaverat,
2049 3800 2104 3846 et
2132 3807 2264 3855 cum
2291 3794 2577 3864 paululum
2603 3794 2866 3865 siluisset,
2893 3799 3069 3855 oculis
3095 3799 3303 3857 clausis

1709 3882 1876 3938 veluti
1904 3883 2186 3942 dormiens
2212 3887 2465 3958 spiritum
2492 3888 2712 3945 clllavit.
2737 3890 2951 3962 Corpus
2981 3892 3101 3964 ejus
3126 3893 3304 3948 lotum

1708 3985 1765 4032 et
1791 3984 2043 4033 curatum
2066 3978 2156 4049 pia
2185 3980 2423 4037 ﬁliorum
2453 3982 2756 4055 diligentia,
2781 3984 3025 4042 vestibus
3068 3988 3302 4043 sacratis

1709 4088 1775 4128 ex
1811 4088 1964 4129 more
1998 4074 2249 4131 indutum
2282 4085 2387 4146 est,
2412 4087 2468 4133 et
2494 4067 2620 4135 ante
2654 4080 2824 4135 altare
2864 4081 3041 4137 sancti
3068 4081 3301 4139 Firmini

1709 4164 1813 4235 piis
1843 4181 2073 4222 suorum
2110 4168 2355 4225 humeris
2380 4170 2621 4226 delatum
2655 4181 2759 4240 est,
2787 4181 2841 4228 et
2878 4174 3124 4231 excubiis
3155 4174 3301 4231 debi-

1707 4259 1800 4325 tis,
1824 4274 1962 4328 quas
1984 4259 2210 4315 dictavit
2232 4269 2287 4316 et
2310 4262 2488 4333 potuit
2508 4278 2665 4318 amor
2685 4260 2943 4331 ﬁliorum,
2967 4266 3299 4322 honoratum

1708 4358 1794 4405 cst
1816 4349 1996 4419 (Mart.
2023 4351 2138 4422 29).
2170 4351 2227 4406 ln
2255 4353 2557 4409 crastinum
2591 4355 2761 4411 missa
2795 4371 2920 4412 cum
2949 4355 3121 4422 nimio
3144 4357 3298 4413 luctu
3325 4422 3329 4427 ρ

1708 4450 1764 4497 et
1791 4442 2003 4498 ululatu
2041 4444 2287 4499 omnium
2330 4444 2621 4513 celebrata;
2653 4447 2721 4502 ad
2757 4448 3149 4504 monasterium
3192 4447 3299 4506 iter

1708 4535 1930 4607 aggredi
1985 4542 2351 4604 maturarunt,
2395 4554 2507 4610 quo
2547 4555 2606 4596 se
2648 4539 2866 4611 sepeliri
2921 4540 3293 4607 mandaverat,

1707 4625 1845 4695 quia.
1868 4627 2012 4682 inter
2051 4627 2195 4685 ﬁlios
2223 4630 2279 4684 in
2309 4631 2501 4686 humili
2538 4632 2679 4699 loco,
2709 4633 2852 4689 sicut
2880 4642 2935 4689 et
2961 4634 3220 4704 przecepit
3241 4643 3299 4690 et

1707 4717 1897 4784 voluit,
1922 4718 2183 4773 tumulari
2218 4719 2582 4791 disposuerat.
2616 4722 2741 4780 Ideo
2769 4733 2952 4780 autem
2987 4723 3171 4796 egredi
3199 4740 3295 4779 ac-

1709 4807 2004 4863 celeratum
2034 4817 2138 4875 est,
2167 4825 2235 4865 ne
2255 4812 2507 4868 veniente
2532 4815 2670 4871 duce
2699 4817 2782 4871 vel
2809 4815 3007 4871 comite
3031 4815 3300 4871 ceterisve

1707 4898 1896 4967 patriae
1930 4898 2285 4969 primoribus,
2315 4897 2358 4957 a'
2392 4904 2593 4973 quibus
2636 4906 2807 4965 nimio
2851 4905 3177 4976 diligebatur
3210 4904 3297 4960 af.

1710 4988 1876 5059 fectu,
1917 5008 2118 5063 corpus
2157 4994 2277 5066 ejus
2321 4996 2667 5063 retineretur,
2709 5006 2765 5052 et
2797 4998 2865 5052 ad
2901 4997 3296 5054 monasterium

43 5080 99 5134 ad
135 5083 187 5138 id
220 5094 439 5156 tempus
460 5094 517 5142 et
549 5087 743 5141 horam
775 5086 866 5141 vix
903 5086 1220 5141 inventa‘sit
1255 5099 1488 5155 persona
1513 5085 1613 5140 ali-
1644 5085 1689 5140 D
1714 5084 1940 5155 perferri
1971 5093 2278 5155 vetaretur;
2306 5089 2452 5158 quod
2482 5097 2536 5144 et
2574 5089 2909 5160 contigisset,
2946 5088 3052 5145 nisi
3081 5089 3152 5146 ab
3185 5091 3294 5155 his.

43 5189 152 5243 qua.
174 5178 260 5234 cui
280 5178 368 5236 sic
383 5180 702 5236 conveniret
715 5184 945 5235 ornatus
962 5187 1016 5233 et
1036 5176 1305 5248 appos‘itio
1326 5186 1607 5233 sacrarum

46 5267 255 5322 vestium
280 5268 430 5325 sicut
452 5269 529 5336 ei,
552 5269 608 5324 in
631 5266 826 5339 gratia,
852 5268 909 5322 iu
933 5268 1238 5335 honestate,
1268 5266 1324 5321 in
1362 5266 1608 5337 proceri-

47 5358 234 5429 tatefjn
256 5360 469 5426 vultus,
491 5369 548 5416 et
566 5359 1061 5431 pronunciationis,
1083 5367 1139 5415 et
1161 5357 1498 5414 habitudinis
1516 5357 1604 5413 di-

45 5451 242 5515 gnitate.
265 5452 567 5511 Prostratls
594 5454 728 5523 ergo
762 5452 1039 5516 omnibus,
1081 5450 1315 5507 absolvit
1351 5457 1601 5517 cunctos,

103 5614 165 5646 θ’
197 5618 261 5673 14
286 5618 445 5673 linea:
467 5634 656 5673 erasa.-

1715 5190 1948 5247 quorum
1974 5178 2138 5233 studii
2160 5179 2214 5233 id
2244 5187 2363 5235 erat
2388 5179 2717 5250 prospicere,
2742 5181 3097 5252 anticipatum
3126 5193 3293 5247 esset,

1715 5275 1777 5323 ut
1814 5284 1847 5323 a
1884 5268 2012 5325 villa
2049 5271 2251 5325 elatum
2288 5271 2405 5341 jam
2439 5280 2646 5342 partem
2679 5270 2780 5328 vite
2818 5272 3135 5344 peregisset,
3171 5288 3295 5342 qua:

1714 5360 1867 5417 ducit
1904 5361 1997 5416 illo
2030 5378 2141 5432 quo
2172 5371 2290 5419 erat
2328 5363 2678 5419 tendendum.
2714 5362 3047 5420 Occurrebat
3088 5378 3287 5433 corpor

1712 5451 2016 5508 honoriﬁco
2043 5455 2204 5507 turba
2246 5456 2429 5523 populi
2466 5455 2667 5512 diversi
2700 5470 2865 5511 sexus
2909 5464 2965 5510 et
3002 5454 3198 5520 aetatis,
3239 5462 3296 5509 et

1000 5620 1012 5635 ι
1046 5620 1077 5626 η
1314 5541 1549 5600 VARUS
1585 5541 1989 5600 LEC'I‘lONES.

1530 5680 1757 5742 ΝΟΤᾸΞ.

105 5751 244 5823 (220)
284 5753 532 5823 Scriptor
567 5754 764 5808 horum
793 5750 962 5808 fuisse
987 5750 1215 5807 videtur.

384 5848 653 5909 Parum.
695 5844 899 5909 CLIV.

2865 5836 2938 5897 13
