3878 6310
505 301 620 358 595

1537 290 1838 350 HUGONIS
1876 288 2167 347 ABBATIS
2203 291 2773 350 FLAVINIACENSIS

3687 291 3776 345 396

514 417 847 485 ubicumque
879 429 975 484 per
1009 412 1164 466 villas
1203 411 1480 474 intrasset,
1526 409 1682 479 signa
1723 407 2097 477 pulsubantur,
2129 412 2175 469 A
2201 423 2328 464 sens
2381 424 2507 464 cum
2562 408 2843 474 fratribus,
2892 406 3251 478 quoadusque
3294 408 3421 463 navi
3481 405 3778 478 impositum

512 506 748 576 populus
783 519 814 558 a
836 502 973 558 vicis
994 511 1047 557 et
1099 500 1243 572 agris
1267 498 1599 554 conveniens
1635 496 1910 551 venientes
1934 511 2098 566 oppe-

516 598 760 652 riebatur
801 610 929 650 cum
976 592 1252 659 crucibus,
1296 589 1578 646 thuribulo
1621 596 1675 642 et
1705 587 2095 642 luminaribus.

516 688 653 743 illud
702 695 884 742 autem
926 683 1254 749 mirabilius,
1302 679 1448 750 quod
1502 694 1626 735 cum
1678 695 1708 732 a
1749 678 1909 748 longe
1957 677 2103 732 vide-

514 785 635 832 rent
669 776 947 832 venientes
986 772 1194 828 funeris
1233 772 1652 842 obsequutores,
1697 769 1772 823 hii
1811 767 1906 839 qui
1944 777 2101 823 erant

515 870 573 924 in
613 869 758 940 agris
793 867 876 922 vel
917 866 971 920 in
1015 864 1233 935 pascuis
1270 879 1562 934 equorum,
1601 861 1793 917 rustici
1823 861 1993 916 boves
2021 876 2102 916 re-

515 961 854 1030 linquebant,
901 957 1113 1028 equites
1173 971 1346 1028 equos
1396 955 1781 1022 ascendebant,
1839 962 1894 1008 et
1936 952 2101 1008 funus

512 1051 704 1123 injussi
754 1050 1259 1120 prosequebantur,
1315 1055 1370 1102 et
1429 1062 1500 1102 ne
1561 1046 1752 1101 saltem
1811 1045 1964 1100 oneri
2014 1045 2082 1099 vi-

509 1145 768 1198 derentur
808 1156 930 1196 esse
975 1139 1174 1210 bajulis
1211 1138 1593 1208 exequiarum,
1632 1151 1753 1206 quae
1793 1136 2099 1191 necessaria

506 1241 663 1290 erant
698 1232 802 1304 ipsi
835 1232 939 1286 sibi
973 1229 1371 1301 praeparabant,
1410 1236 1464 1283 ct
1497 1244 1622 1283 cum
1653 1227 1956 1292 offerretur,
1988 1242 2098 1282 non

509 1325 869 1396 accipiebant.
937 1321 1074 1376 Cum
1148 1321 1243 1374 tali
1313 1320 1476 1390 igitur
1541 1318 1822 1389 triumpho
1881 1316 2098 1372 Tullum

504 1425 806 1482 venerunt,
859 1424 912 1469 et
967 1413 1036 1467 ab
1091 1413 1348 1482 episeopo
1387 1419 1441 1464 et
1484 1411 1677 1464 abbate
1728 1409 1909 1464 Sancti
1956 1407 2102 1462 Man-

505 1506 647 1562 sucti
694 1514 886 1576 parata
914 1504 1285 1574 sollempniter
1330 1503 1695 1572 proccssione,
1731 1510 1841 1556 tota
1872 1514 2100 1570 congre—

504 1597 722 1668 gatione
767 1595 906 1650 albis
962 1595 1171 1662 induta,
1203 1595 1476 1660 crucibus,
1526 1593 1734 1648 vexillis
1783 1601 1835 1647 et
1883 1592 2097 1646 diverso

504 1688 692 1757 gloriae
729 1694 993 1756 apparatu
1030 1686 1209 1752 elatis,
1261 1701 1460 1755 corpus
1508 1693 1757 1739 sanctum
1805 1683 2094 1754 excipitur,

504 1781 631 1839 ante
660 1776 828 1832 altare
867 1777 1176 1847 deponitur,
1222 1785 1275 1830 et
1317 1776 1564 1846 exequiis
1596 1774 1966 1844 solempnibus
1994 1774 2099 1827 ho-

504 1876 753 1923 noratur.
811 1867 996 1937 Itaque
1040 1869 1112 1922 ibi
1161 1876 1539 1937 pernoctatum
1593 1876 1694 1921 est.
1757 1863 1934 1934 (Mart.
1981 1863 2095 1935 '50.)

505 1957 611 2014 Ubi
646 1959 843 2024 illuxit,
875 1959 943 2014 ad
981 1959 1209 2014 missam
1251 1958 1446 2013 devota
1493 1956 1721 2011 fratrum
1758 1955 1959 2010 caritas
2000 1968 2094 2009 ac-

503 2049 758 2121 cingitur,
797 2057 852 2104 et
896 2049 1312 2104 occurrentibus
1362 2047 1610 2103 certatim
1655 2046 1924 2113 fidelibus,
1969 2061 2094 2101 cum

503 2156 718 2195 summa
778 2140 1063 2195 devotione
1104 2140 1161 2192 in
1201 2139 1362 2194 laude
1408 2137 1502 2194 Dei
1551 2148 1604 2193 et
1656 2138 1894 2192 fidelium
1941 2138 2096 2193 obla-

503 2233 652 2288 tione
696 2231 1118 2302 percelebratur.
1171 2229 1541 2301 Expectabant
1582 2229 1826 2284 ecclesia
1871 2229 2096 2298 majoris

501 2329 681 2386 sancti
701 2327 968 2399 Stephani
1005 2327 1258 2383 canonici
1283 2327 1485 2383 deferri
1516 2328 1622 2383 sibi
1654 2327 1865 2399 glebam
1901 2343 2096 2398 corpo-

503 2417 601 2485 ris,
646 2425 709 2473 ut
740 2425 795 2474 et
825 2417 894 2472 ab
939 2416 1073 2488 ipsis
1121 2417 1367 2494 exequiis
1408 2417 1606 2474 debitis
1631 2419 2016 2486 honoraretur,
2042 2427 2097 2473 et

485 2524 596 2579 .vper
619 2509 956 2566 monasteria
994 2509 1231 2565 civitatis
1275 2509 1689 2580 deportaretur;
1741 2508 1837 2566 sed
1881 2509 1951 2566 ab
1984 2510 2092 2577 his,

480 2615 738 2670 quorum
781 2608 900 2656 erat
943 2599 1045 2656 iter
1087 2601 1412 2666 accelerare,
1460 2598 1790 2671 permissum
1835 2615 1946 2656 non
1986 2609 2090 2668 est,

478 2691 644 2763 quod
667 2690 801 2747 satis
835 2706 961 2763 egre
993 2690 1062 2747 ab
1085 2691 1340 2763 episcopo
1381 2700 1437 2747 et
1477 2691 1758 2748 canonicis
1784 2701 2088 2762 acceptum.

481 2783 614 2853 -(fol.
669 2782 814 2855 M7.)
855 2782 932 2838 Ea
983 2783 1070 2838 die
1117 2783 1279 2855 longo
1322 2783 1512 2839 ordine
1567 2783 1988 2853 praecedentium
2039 2792 2094 2838 et

497 2875 970 2946 subsequentium,
1003 2883 1225 2930 ventum
1269 2885 1354 2931 est
1387 2874 1456 2930 ad
1489 2875 1885 2930 monasterium
1916 2875 2092 2930 sancti

497 2966 780 3024 Michaelis
815 2966 964 3038 (221)
1007 2982 1170 3036 super
1219 2965 1428 3023 Mosam
1484 2967 1708 3021 ﬂuvium
1765 2966 1953 3034 situm,
2011 2966 2090 3022 uti

487 3068 632 3115 tunc
651 3066 705 3113 et
725 3073 872 3113 nunc
894 3058 1148 3128 praesidet
1167 3059 1380 3114 abbatis
1401 3057 1578 3114 ofﬁcio
1603 3058 1841 3113 domnus
1859 3057 1922 3112 Ο.
1940 3058 2087 3130 (222)

2202 500 2444 570 aspectui
2477 500 2892 568 subduceretur,
2930 499 3115 571 dirigit
3159 498 3490 566 Virdunum,
3542 501 3779 556 omnibus

2203 591 2332 646 trito
2373 591 2508 647 calle
2553 590 2950 662 gradientibus,
2987 599 3045 646 et
3077 592 3398 662 psalmodite
3417 591 3658 647 ofﬁcium
3683 608 3777 647 non

2201 683 2600 739 deserentibus.
2641 682 2877 740 Ventum
2904 692 2987 739 est
3011 684 3175 756 igitur
3209 684 3277 739 ad
3307 685 3591 755 quandam
3613 685 3779 740 villam

2203 772 2480 829 Giniscort
2514 775 2735 830 nomine
2778 767 3126 846 populosam,
3178 769 3346 847 supra
3378 771 3673 846 praefatum
3714 778 3782 830 al-

2204 880 2363 920 veum
2389 865 2576 934 sitam,
2605 865 2784 922 tribus
2815 866 2991 938 leugis
3015 867 3086 922 ab
3113 867 3250 923 urbe
3272 868 3434 940 longe
3461 867 3715 938 positam,
3736 880 3785 922 et

2202 956 2309 1012 illis
2337 957 2739 1014 remorantibus
2769 958 3169 1029 aliquantulum
3203 960 3298 1030 qui
3327 975 3426 1029 per
3460 959 3713 1014 sinuosos
3738 971 3783 1014 et

2202 1047 2437 1104 reﬂexos
2463 1048 2706 1106 ﬂuminis
2748 1048 3029 1106 anfractus
3050 1065 3251 1121 corpus
3275 1049 3644 1118 deducebant,
3670 1067 3785 1106 cum

2203 1139 2281 1193 illi
2298 1139 2414 1210 jam
2435 1140 2718 1196 venissent
2746 1139 2842 1211 qui
2875 1141 3138 1212 exequias
3164 1141 3529 1209 deducebant,
3560 1151 3616 1197 et
3633 1143 3786 1197 remi-

2202 1239 2392 1303 gantes
2413 1240 2780 1302 expectarent,
2805 1233 3005 1289 vellent
3022 1233 3184 1288 etiam
3209 1241 3264 1289 et
3283 1243 3666 1289 ammonerent
3688 1233 3789 1289 elc-

2201 1323 2346 1378 ricos
2375 1323 2534 1390 villae,
2573 1325 2738 1379 trium
2780 1324 2986 1380 scilicet
3029 1325 3426 1391 azcclesiarum,
3472 1334 3535 1380 ut
3580 1327 3783 1394 corpori

2202 1413 2418 1467 obviam
2450 1422 2645 1470 euntes
2673 1414 2922 1470 funebria
2945 1416 3095 1486 justa
3129 1417 3528 1486 persolverent,
3555 1416 3716 1472 sicuti
3740 1425 3788 1470 et

2201 1503 2294 1558 alii
2331 1503 2572 1560 fecerant
2592 1507 2756 1561 etiam
2784 1522 2893 1562 non
2917 1508 3203 1563 ammoniti
3230 1526 3244 1563 :
3274 1508 3518 1580 maligna
3549 1508 3785 1578 quaedam

2200 1605 2254 1652 et
2300 1597 2520 1668 indigna
2559 1597 2862 1654 obicientes
2904 1599 3237 1667 sacerdotes,
3275 1614 3585 1669 numquam
3629 1599 3698 1653 ad
3742 1597 3785 1652 id

2201 1688 2322 1760 cogi
2356 1697 2670 1758 potuerunt,
2695 1697 2755 1744 ut
2775 1697 3038 1745 consueto
3059 1689 3185 1760 jure
3211 1688 3578 1744 humanitatis
3597 1689 3789 1743 oratio-

2200 1794 2326 1834 nem
2342 1780 2755 1850 progredientes
2771 1780 2993 1846 darent;
3009 1779 3104 1836 sed
3115 1780 3416 1850 malignum
3433 1794 3565 1834 eum
3580 1794 3783 1833 asseve-

2201 1880 2405 1938 rantes,
2424 1885 2551 1925 eum
2569 1885 2714 1937 esse,
2731 1870 2967 1942 quierga
2990 1870 3280 1942 episcopos
3299 1869 3606 1925 rebellione
3626 1877 3789 1922 utere

2197 1971 2307 2029 tur,
2327 1962 2477 2032 ipsos
2493 1961 2815 2028 sacerdotio,
2831 1961 3216 2032 imperatorem
3238 1975 3408 2032 regno
3429 1960 3600 2031 quasi
3619 1961 3790 2015 detru-

2197 2053 2325 2108 dere
2368 2051 2673 2119 moliretur,
2705 2050 3120 2106 conclamabant
3158 2050 3377 2105 beatam
3427 2064 3559 2105 esse
3607 2050 3789 2104 horam

2197 2140 2406 2196 funeris
2429 2141 2574 2212 ejus,
2597 2141 2655 2194 in
2681 2155 2795 2210 quo
2812 2140 2995 2195 omnis
3019 2139 3334 2195 rebellionis
3358 2148 3415 2194 et
3432 2139 3791 2194 dissensionis

2196 2234 2417 2290 occasio
2435 2233 2759 2304 deperisset.
2797 2231 2896 2288 His
2917 2233 2992 2288 ita
3017 2232 3336 2303 garrulitate
3363 2232 3652 2287 rusticana
3682 2247 3792 2301 per-

2196 2326 2587 2396 strepentibus,
2600 2339 2804 2395 corpus
2812 2322 3147 2395 pertransiit,
3168 2323 3629 2394 prosequentium
3643 2323 3790 2377 turba

2194 2424 2413 2486 ceptum
2436 2415 2539 2471 iter
2559 2423 2896 2487 prosequuta
2917 2423 3024 2483 est,
3059 2415 3473 2470 rusticanorum
3507 2415 3786 2470 vesaniam

2195 2507 2405 2563 ultione
2425 2507 2610 2563 divina
2629 2506 2892 2578 evestigio
2918 2515 3307 2578 consequente.
3347 2505 3492 2562 Cum
3515 2506 3673 2563 enim
3702 2505 3792 2560 hec

2195 2612 2256 2652 se
2282 2595 2483 2654 fecisse
2504 2597 2760 2669 gaudent,
2792 2604 2848 2652 et
2876 2597 3112 2667 quadam
3138 2596 3374 2666 superba
3407 2595 3638 2651 levitate
3657 2604 3791 2649 recte

2197 2702 2255 2742 se
2277 2685 2475 2744 fecisse
2501 2687 2838 2759 applaudunt
2868 2685 2973 2742 sibi
3004 2686 3185 2757 palam
3209 2695 3264 2741 et
3286 2685 3538 2756 publice,
3568 2684 3790 2756 imponi-

2195 2786 2374 2833 tentes
2407 2777 2551 2848 ignis
2580 2778 2723 2832 ultor
2761 2777 2984 2844 invasit,
3019 2786 3074 2832 et
3102 2786 3274 2832 totam
3308 2777 3496 2832 villam
3541 2776 3790 2833 incendio

2195 2871 2265 2925 ab
2283 2871 2496 2942 integro
2516 2878 2916 2926 concrematam
2942 2869 3175 2925 necdum
3195 2885 3385 2926 mense
3405 2879 3610 2925 exacto
3629 2868 3790 2924 fuisse

2195 2950 2428 3016 constat.
2481 2959 2600 3016 Non
2636 2962 2856 3017 credent
2897 2961 3006 3028 his,
3055 2962 3152 3032 Qui
3195 2977 3304 3017 non
3350 2961 3590 3018 credunt
3629 2962 3789 3017 Deum

2194 3050 2490 3105 vindictam
2512 3051 2812 3106 retribuere
2837 3052 2892 3105 in
2918 3052 3104 3107 hostes
3123 3051 3309 3122 populi
3333 3051 3442 3118 sui,
3466 3053 3790 3123 sanguinem

501 3151 664 3206 bona:
694 3148 1061 3219 simplicitatis
1093 3150 1196 3216 vir,
1244 3149 1571 3205 innocentia:
1598 3159 1652 3205 et
1688 3149 1969 3222 religionis
1991 3151 2092 3206 do-
2119 3123 2164 3184 Ο
2196 3155 2479 3196 servorum
2525 3157 2752 3197 suorum
2789 3152 3044 3214 paratum
3083 3143 3294 3198 ulcisci.
3335 3142 3458 3198 1am
3492 3145 3565 3200 ad
3607 3159 3793 3200 mona-

502 3237 792 3307 micilium,
831 3239 899 3294 de
926 3239 1117 3294 eodem
1141 3239 1391 3306 eenobio,
1416 3239 1508 3294 ubi
1535 3239 1619 3294 vir
1643 3239 1738 3295 Dei
1759 3240 1827 3295 de
1852 3252 1963 3310 quo
1988 3240 2100 3312 agi-

503 3340 597 3385 tur
630 3330 1015 3386 monachicum
1048 3346 1230 3386 scema
1265 3339 1600 3400 susceperat,
1635 3339 1823 3401 raptus
1855 3330 1924 3385 ad
1966 3331 2103 3401 regi—
2137 3360 2145 3371 -

505 3436 634 3477 men
658 3421 968 3477 animarum
995 3423 1008 3475 !
1047 3419 1152 3488 Qui
1176 3421 1339 3476 etiam
1364 3430 1514 3476 tanta
1538 3437 1596 3476 se
1619 3421 1850 3476 invicem
1872 3421 2099 3477 caritate

501 3513 827 3580 dilexerant,
872 3521 935 3568 ut
971 3512 1298 3582 intelligeres
1340 3514 1615 3583 quandam
1656 3513 1709 3567 in
1745 3513 1826 3569 eis
1856 3513 2100 3569 caritatis

499 3613 554 3659 et
583 3604 964 3670 benivolentia:
1000 3604 1442 3660 communionem
1471 3613 1526 3660 et
1563 3605 1796 3660 similem
1834 3605 2098 3660 innocen-

498 3697 587 3751 tia:
621 3704 676 3750 et
716 3695 999 3766 religionis
1026 3695 1397 3762 concordiam,
1429 3694 1662 3769 unde‘et
1696 3697 1798 3751 iste
1821 3696 1973 3750 illum
2001 3711 2098 3766 pa-

496 3786 572 3840 tri
614 3785 802 3842 debito
841 3785 1191 3846 reverebatur
1212 3785 1439 3852 honore,
1473 3794 1526 3841 et
1555 3785 1721 3841 istum
1742 3786 1832 3840 ille
1858 3786 2095 3857 quadam

499 3875 790 3930 tenerrima
810 3883 865 3931 et
886 3875 1357 3946 inreprehensibili
1379 3877 1792 3947 amplexahatur
1811 3877 2094 3947 filiatione,

498 3975 688 4038 utpote
719 3967 815 4040 qui
841 3969 1002 4025 bona:
1024 3969 1169 4036 vitae,
1200 3969 1358 4025 bonae
1393 3969 1573 4038 famae,
1608 3970 1766 4026 bonae
1801 3985 2095 4027 conversa-

497 4059 666 4114 tionis
695 4069 852 4115 erant
882 4069 936 4116 et
959 4061 1163 4132 gratim.
1207 4059 1307 4117 Hic
1334 4071 1394 4117 ut
1417 4058 1624 4118 audivit
1650 4063 1824 4133 patris
1853 4061 2093 4118 defuncti

496 4150 693 4207 adesse
737 4151 1156 4222 corpusculum,
1201 4155 1362 4224 quasi
1413 4155 1507 4225 qui
1555 4142 1910 4225 suscepturus
1951 4166 2096 4211 esset

493 4245 902 4314 preciosissima
935 4247 1164 4319 pignora
1195 4258 1533 4316 sanctorum,
1570 4250 1649 4305 sic
1683 4251 1923 4307 instituit
1960 4268 2090 4322 pro-

492 4337 760 4393 cessionis
783 4338 1022 4394 officium
1056 4340 1332 4408 crucibus,
1361 4341 1597 4409 vexillis,
1630 4343 2088 4410 timiamatheriis,

493 4429 843 4485 ceroferariis
861 4438 916 4485 et
940 4432 1089 4485 omni
1121 4432 1306 4502 gloriae
1327 4442 1611 4502 apparatu,
1634 4441 1688 4488 et
1713 4434 1799 4489 sic
1819 4435 2093 4491 decoratis

494 4522 753 4576 omnibus
777 4521 970 4576 sericis
993 4537 1238 4592 auroque
1269 4524 1432 4578 textis
1453 4524 1696 4580 vestibus
1722 4526 1915 4582 obvius
1959 4543 2089 4596 pro—

494 4613 637 4669 cedit
661 4613 878 4683 corpori
907 4621 1055 4667 totus
1077 4612 1324 4680 festivus,
1350 4623 1576 4684 excepto
1599 4616 1746 4685 quod
1775 4631 1900 4671 cum
1928 4618 2091 4673 lacri-

495 4705 602 4762 mis
627 4715 680 4761 et
703 4706 940 4776 gemitu;
975 4720 1308 4775 quamquam
1348 4715 1402 4759 et
1425 4706 1527 4760 hoc
1552 4707 1622 4760 sit
1647 4705 1902 4762 festivum
1945 4724 2087 4775 esse,

2188 3234 2420 3289 sterium
2454 3236 2696 3292 nuncius
2723 3235 3133 3291 adventantium
3176 3236 3543 3308 exequiarum
3585 3251 3789 3309 prau-

2189 3333 2458 3392 currerat,
2483 3325 2600 3396 jam
2630 3341 2763 3398 grex
2792 3326 3031 3382 filiorum
3062 3329 3206 3398 patri
3231 3327 3321 3398 pie
3347 3327 3592 3384 devotus
3615 3330 3677 3384 in
3701 3343 3790 3384 0c-

2188 3433 2413 3474 cursum
2452 3421 2696 3490 corporis
2727 3418 3217 3490 appropinquantis
3243 3419 3408 3490 longo
3438 3435 3712 3490 processu
3735 3435 3789 3473 se

2185 3513 2550 3582 proripuerat,
2594 3522 2648 3566 et
2683 3521 3068 3584 prtetergressa
3109 3513 3330 3568 civitate
3361 3513 3432 3568 ad
3460 3514 3789 3569 suburbium

2187 3604 2654 3660 ultramuraneum
2677 3604 2970 3675 opperiens
2991 3605 3273 3660 venientes
3295 3604 3635 3676 initecclesia
3667 3621 3790 3661 san-

2185 3695 2257 3750 cti
2279 3693 2512 3750 Victoris
2533 3695 2875 3750 consederat.
2914 3693 3046 3749 Erat
3068 3695 3123 3749 in
3145 3695 3335 3750 eadem
3359 3696 3791 3767 congregatione

2185 3785 2355 3842 frater
2375 3787 2669 3858 aliquanta:
2688 3786 2961 3854 utilitatis,
2984 3786 3031 3843 si
3052 3787 3249 3843 scisset
3279 3787 3595 3858 reprimere
3617 3797 3792 3844 motus

2185 3876 2353 3931 animi
2380 3876 2738 3948 indignantis,
2758 3884 2814 3932 et
2833 3877 3102 3948 appetitus
3133 3875 3389 3949 frangere
3433 3879 3636 3934 carnis
3655 3879 3790 3933 male

2183 3967 2534 4034 blandientis,
2575 3975 2636 4022 ut
2667 3967 2816 4038 quod
2845 3967 3168 4038 plerumque
3198 3967 3341 4022 male
3387 3978 3624 4038 ceperat
3660 3969 3790 4024 bene

2185 4070 2373 4116 nosset
2401 4059 2705 4128 dimittere;
2738 4060 2832 4132 qui
2856 4069 2912 4116 et
2945 4060 3277 4116 ordinationi
3299 4060 3423 4132 ejus
3444 4061 3510 4116 in
3532 4061 3717 4126 initio,
3739 4061 3798 4121 in~

2186 4151 2366 4207 medio
2395 4160 2449 4206 et
2476 4152 2531 4206 in
2567 4151 2674 4207 fine
2700 4166 2915 4222 semper
2947 4151 3128 4206 extitit
3160 4151 3501 4218 contrarius,
3525 4162 3585 4208 et
3610 4154 3787 4208 omni-

2183 4244 2288 4300 bus
2310 4260 2479 4314 prope
2506 4243 2667 4300 factis
2696 4244 2816 4315 ejus
2849 4251 2904 4299 et
2922 4243 3209 4314 praeceptis
3244 4259 3344 4298 seu
3371 4244 3793 4302 constitutioni-

2181 4336 2286 4390 bus
2319 4344 2437 4390 erat
2464 4334 2836 4401 adversarius;
2864 4335 2960 4390 sed
2993 4333 3144 4404 quod
3177 4333 3470 4390 destruere
3492 4351 3616 4392 non
3641 4347 3788 4407 pote-

2180 4434 2284 4492 rat,
2309 4425 2438 4495 quia
2461 4424 2616 4479 aliter
2636 4424 2914 4495 nequibat,
2939 4439 3066 4496 egre
3089 4424 3375 4480 videbatur
3395 4437 3788 4482 assentaueus.

2181 4519 2313 4574 Erat
2334 4519 2522 4587 etiam,
2548 4528 2608 4574 ut
2633 4519 2942 4586 videbatur,
2987 4526 3044 4573 et
3076 4525 3134 4572 ut
3160 4517 3468 4584 asserebat,
3494 4518 3789 4574 inﬁrmita-

2180 4614 2328 4668 tibus
2354 4613 2536 4666 carnis
2563 4611 2963 4681 aliquantulum
2993 4609 3344 4679 prmpeditus,
3369 4609 3524 4665 sicut
3550 4611 3790 4680 plerum-

2134 4738 2140 4744 -
2181 4719 2288 4774 que
2322 4703 2523 4759 assolet
2555 4717 2620 4757 ex
2663 4701 3035 4773 indignatione
3079 4710 3135 4756 et
3177 4701 3408 4756 adversa
3439 4701 3786 4774 habitudine,

494 4794 756 4863 exequias
808 4793 1206 4865 religiosorum,
1251 4809 1442 4849 eorum
1474 4795 1709 4850 maxime
1739 4797 1835 4866 qui
1868 4799 2084 4853 labora—
2115 4792 2160 4850 D
2189 4809 2282 4849 seu
2317 4793 2665 4863 passionibus
2706 4791 2946 4847 hominis
2986 4791 3262 4846 interioris
3300 4793 3651 4849 exteriorem
3683 4809 3790 4849 cor-

459 4873 464 4881 ’
493 4891 693 4936 verunt
713 4883 770 4937 in
799 4884 968 4938 verbo
990 4891 1045 4938 et
1065 4897 1250 4953 opere,
1283 4891 1338 4937 et
1363 4883 1430 4938 de
1460 4899 1696 4954 quorum
1722 4886 1830 4940 vita
1857 4903 1965 4942 non
1983 4889 2084 4943 du-

493 4975 718 5041 bitatur,
759 4976 813 5031 in
847 4993 1081 5046 quorum
1112 4977 1460 5033 estimatione
1487 4978 1606 5032 laus
1631 4987 1817 5034 nostra
1845 4996 1955 5035 non
1986 4997 2081 5050 pe—

495 5065 784 5133 riclitatur,
816 5068 1089 5122 celebrare
1115 5068 1486 5138 sollempniter
1520 5068 1576 5122 in
1615 5069 1817 5140 gemitu
1838 5079 1893 5125 et
1913 5071 2081 5125 animi

491 5159 839 5214 contritione.
880 5157 1144 5215 Volebam
1164 5161 1332 5231 aliqui
1357 5161 1654 5230 reprimere
1675 5161 1934 5232 impetum
1955 5164 2079 5232 viri,

491 5249 588 5306 sed
615 5250 709 5320 qui
737 5259 964 5305 noverat
987 5249 1226 5307 defuncti
1271 5252 1663 5319 innocentiam,
1694 5253 1865 5308 nichil
1911 5255 2076 5312 nimis

489 5342 764 5400 facturum
787 5357 847 5399 se
875 5343 1128 5398 credebat
1163 5345 1229 5399 ad
1250 5345 1371 5414 ejus
1399 5361 1498 5416 pro
1540 5345 1654 5402 Deo
1691 5347 2072 5404 reverentiam.

401 5447 413 5458 '
489 5434 673 5508 (Mart.
704 5434 818 5508 51.)
843 5433 995 5490 Fecit
1028 5450 1157 5507 ergo
1183 5445 1342 5492 nocte
1370 5437 1483 5504 illa,
1520 5438 1664 5509 quod
1697 5439 1875 5509 potuit
1906 5450 1959 5496 et
1986 5441 2075 5497 di-

489 5526 656 5583 ctavit
690 5527 974 5583 :estuantis
1013 5527 1238 5583 affectus
1277 5527 1464 5594 animi,
1515 5539 1567 5584 et
1615 5529 1789 5586 locata
1837 5548 1974 5588 nave
2022 5543 2074 5588 et

488 5620 671 5678 nautis
691 5619 890 5692 bajulis
925 5618 1132 5675 funeris
1164 5612 1261 5690 per
1290 5618 1494 5675 Mosam
1518 5620 1763 5690 ﬂuvium,
1797 5623 1912 5695 ipse
1936 5641 2075 5695 pra:-

2185 4886 2365 4956 rumpi
2399 4894 2454 4941 et
2493 4885 2794 4957 indignari;
2838 4885 2969 4940 dum
3002 4900 3111 4939 non
3147 4892 3235 4940 est
3267 4884 3364 4955 qui
3405 4887 3785 4943 medicamen-

2183 4989 2296 5034 tum
2325 4978 2600 5045 adhibeat,
2627 4985 2722 5032 aut
2754 4977 3025 5048 malagma
3072 4977 3243 5048 plaga:
3281 4977 3478 5034 liventi
3517 4979 3786 5050 imponat.

2181 5070 2328 5141 quod
2380 5070 2456 5124 illi
2516 5085 2682 5140 quam
2726 5069 2964 5124 maxime
3013 5069 3308 5140 contingit,
3353 5071 3453 5141 qui
3499 5073 3788 5141 passiones

2182 5164 2376 5218 animm
2397 5163 2539 5234 patri
2561 5161 2829 5232 spirituali
2854 5161 3032 5217 differt
3059 5161 3328 5217 conﬁteri.
3371 5161 3496 5231 Hic,
3531 5165 3674 5221 dum
3700 5160 3784 5221 ιιλὶ

2183 5256 2546 5326 accinguntur
2598 5253 2952 5325 expeditioni,
3016 5268 3125 5324 qua
3171 5255 3317 5325 patri
3366 5256 3598 5314 obviam
3640 5268 3780 5318 eant.

2182 5362 2405 5418 operam
2431 5347 2563 5402 dare
2583 5346 2713 5402 dum
2738 5354 3008 5402 conantur
3031 5354 3086 5401 et
3111 5348 3423 5404 necessaria
3445 5362 3779 5422 praeparant.

2183 5441 2249 5496 ad
2286 5439 2525 5510 priorem
2557 5439 2826 5494 accedens
2858 5453 3058 5494 causas
3089 5438 3427 5497 inﬁrmitatis
3470 5445 3743 5500 enunciat
3765 5461 3778 5474 ·

2182 5547 2292 5587 non
2320 5547 2480 5601 posse
2517 5545 2576 5586 se
2609 5531 2711 5585 iter
2736 5531 2867 5587 illud
2897 5530 3168 5588 conficere
3199 5541 3468 5603 autumat,
3496 5543 3568 5590 ut
3601 5536 3781 5592 remit~

2180 5633 2324 5679 tatur
2348 5632 2555 5678 exorat.
2580 5621 2738 5677 Prior
2757 5623 3221 5695 tergiversationis
3239 5623 3365 5696 ejus
3389 5622 3502 5681 non
3531 5627 3779 5700 ignarus,

2045 5705 2296 5772 NOT/E.

555 5785 702 5857 (221)
742 5784 799 5840 s.
832 5783 1034 5856 sum-1.;

2256 5786 2401 5860 (222)
2439 5784 2744 5843 Odelricus.
