3878 6310
64 270 158 325 397

1293 273 1711 333 CﬂRONlCON.
1750 308 1821 318 —
1861 277 1989 335 LIB.
2033 279 2097 335 11.

3238 292 3351 350 393

65 399 164 453 quo
190 384 331 455 pede
350 385 685 443 οιειιιὰἰοδτει
701 385 840 443 bene
875 388 1102 457 sciolus,
1130 404 1230 447 nec
1260 394 1533 449 concessit
1553 408 1654 449 nec
1680 401 1727 456 Α
1755 393 1849 466 ligi
1876 395 2048 465 quod,
2071 396 2200 467 quia
2228 397 2362 468 ipse,
2389 398 2547 470 cujus
2568 410 2687 458 erat
2712 401 2900 472 funus,
2932 406 3180 465 ordinate
3200 410 3350 467 vixe-

63 476 265 543 abnuit,
300 477 395 534 sed
422 478 473 533 ei
510 487 686 535 totum
719 481 1000 551 imposuit,
1026 490 1089 537 ut
1122 482 1237 553 ipse
1264 485 1475 541 videret
1517 486 1649 557 quid

61 577 256 639 ageret,
284 570 573 641 negocium
609 570 754 626 istud
782 572 974 628 dicens
1012 574 1154 629 inter
1175 572 1347 630 Deum
1383 584 1439 631 et
1468 578 1648 648 ipsum

61 670 325 725 constare,
348 661 443 732 qui
474 661 655 718 cordis
676 663 883 719 videret
903 665 1151 733 occulta;
1179 667 1507 737 praecaveret
1535 670 1650 740 ipse

62 752 176 817 sibi,
203 752 251 807 si
283 766 411 808 vera
441 764 588 810 esset
614 755 1032 826 impossibilitas
1057 773 1222 827 quam
1249 761 1645 830 praetendebat;

63 842 219 899 Deum
249 853 502 916 paratum
547 847 739 904 ulcisci
786 864 1005 904 omnem
1043 851 1412 921 dolositatem,
1458 855 1647 911 inobe-

60 937 310 992 dientiam
338 948 393 995 et
424 930 811 1009 mendacium;
831 957 892 998 se
932 956 1097 1014 super
1138 960 1197 1001 se
1238 945 1408 1001 nichil
1448 947 1646 1003 horum

59 1028 316 1097 accipere,
348 1029 442 1084 sed
467 1028 580 1086 Deo
597 1038 652 1086 et
672 1031 775 1102 ipsi
800 1040 975 1087 totum
997 1033 1300 1104 imponere.
1328 1034 1445 1105 (fol.
1477 1037 1645 1110 MT.)

61 1118 180 1173 ltum
211 1135 349 1193 ergo
382 1131 485 1191 est,
518 1124 612 1179 illo
630 1133 970 1194 remanente,
1004 1135 1058 1182 et
1085 1142 1304 1184 omnem
1348 1129 1502 1186 illum
1544 1147 1645 1202 pro

60 1219 270 1267 mortuo
303 1222 626 1284 apparatum
658 1216 817 1286 quasi
849 1216 1086 1287 graviter
1126 1215 1351 1273 ferente.
1415 1217 1520 1274 Sed
1550 1219 1645 1289 qui

60 1302 113 1358 ad
142 1305 321 1374 patris
351 1305 431 1361 ire
452 1306 666 1362 distulit
686 1308 969 1378 exequias,
1009 1308 1126 1379 ipse
1156 1323 1223 1365 eo
1250 1309 1344 1381 qui
1377 1310 1481 1366 sibi
1513 1325 1646 1365 cou-

59 1394 347 1453 fessionem
384 1398 559 1467 daret,
591 1398 855 1455 viaticum
888 1399 1213 1472 porrigeret,
1239 1401 1495 1457 morienti
1517 1416 1645 1457 exc-

60 1487 199 1557 quias
233 1487 459 1557 faceret,
494 1489 759 1561 obsequio
785 1491 965 1547 caruit
994 1510 1008 1545 ε
1042 1491 1221 1547 subita
1259 1500 1314 1547 et
1360 1492 1643 1564 inopinata

60 1588 219 1635 morte
239 1579 554 1649 defunctus,
577 1589 640 1637 ut
657 1583 823 1638 etiam
841 1592 969 1654 post
988 1583 1183 1641 mortis
1200 1585 1320 1655 ejus
1339 1586 1641 1642 maximum

60 1673 395 1731 intervallum
422 1675 515 1732 vix
541 1676 826 1733 adveniret
853 1678 949 1749 qui
974 1676 1155 1734 funeri
1195 1679 1315 1749 ejus
1340 1679 1491 1751 justa
1510 1695 1639 1751 per-

1754 490 1858 550 rat,
1885 484 2114 541 honeste
2152 493 2206 540 et
2243 487 2491 545 ordinate
2517 506 2577 547 se
2603 491 2890 562 habuerat,
2935 495 3119 552 omnia
3153 514 3278 569 qua
3296 501 3350 557 ei

1751 575 2153 644 competebant,
2181 576 2430 633 ordinata
2455 588 2510 635 et
2529 584 2829 653 composita
2861 601 2893 641 a
2921 585 3033 643 Deo
3076 589 3125 643 ei
3161 592 3351 661 provi-

1749 664 2028 719 derentur.
2069 664 2206 720 Nam
2240 676 2294 723 et
2331 685 2457 724 cum
2495 672 2563 727 de
2591 682 2744 742 petra
2770 688 2881 745 qua
2907 678 3087 734 claudi
3116 680 3348 739 debebat

1750 759 2023 820 ageretur,
2067 760 2123 807 et
2152 752 2245 807 vix
2285 755 2517 811 inveniri
2547 772 2709 830 posse
2733 761 3028 833 videretur,
3062 767 3129 822 ad
3160 770 3346 827 locum

1749 842 1843 896 ubi
1878 841 2109 898 inveniri
2132 846 2425 915 putabatur
2466 849 2703 907 artifices
2742 852 2955 923 directi,
2998 858 3175 927 prima
3208 847 3349 917 irru-

1748 935 1935 1005 ptioue
1966 950 2061 991 seu
2102 936 2254 991 aditu
2283 947 2443 994 terrae
2465 941 2709 1012 quinque
2733 951 2917 1013 petras
2949 957 3240 1005 excavatas
3262 952 3351 1006 in-

1747 1036 2015 1090 venerunt
2068 1043 2196 1083 cum
2237 1032 2530 1100 opereulis,
2574 1049 2810 1103 quarum
2853 1053 2977 1107 qua:
3023 1039 3257 1112 dignior,
3293 1052 3350 1098 et

1747 1118 1945 1190 major,
1983 1127 2037 1175 et
2070 1120 2305 1177 habilior
2336 1122 2454 1178 visa
2489 1132 2591 1191 est,
2631 1129 2872 1198 receptui
2920 1133 3165 1201 corporis
3202 1134 3347 1190 beati

1747 1219 1928 1281 aptata
1954 1220 2056 1267 est.
2097 1210 2363 1269 Dicebant
2382 1215 2551 1285 aliqui
2594 1226 2656 1273 ut
2670 1219 2824 1289 juxta
2840 1222 3108 1281 domuum
3142 1225 3347 1283 Beren-

1746 1302 1960 1373 garium
2001 1303 2339 1375 episcopum,
2381 1307 2477 1377 qui
2516 1307 2795 1365 institutor
2827 1310 2931 1368 fuit
2958 1317 3191 1384 cenohii,
3220 1326 3347 1374 ante

1746 1394 1917 1451 altare
1970 1396 2181 1453 scilicet
2227 1399 2403 1455 sancti
2460 1399 2689 1456 Firmini
2732 1405 3050 1474 sepeliretur
3068 1417 3094 1476 ,'
3125 1426 3226 1480 pro
3278 1427 3346 1468 eo

1744 1484 1893 1554 quod
1917 1487 2274 1554 monasterio,
2314 1488 2408 1544 ubi
2445 1490 2757 1560 preciosum
2792 1508 2989 1564 corpus
3026 1497 3147 1567 ejus
3184 1501 3343 1571 quie—

1745 1576 1870 1643 scit,
1904 1577 2015 1632 vita
2044 1588 2386 1647 excesserat;
2416 1581 2513 1636 sed
2548 1582 2676 1653 quia
2709 1584 2865 1639 locus
2887 1585 2976 1642 ille
2997 1602 3028 1642 a
3050 1601 3343 1661 conspectu

1745 1671 2182 1742 congregationis
2224 1673 2456 1728 nimium
2512 1685 2776 1739 remotus,
2810 1685 2948 1745 erat,
3001 1689 3127 1736 ante
3174 1684 3359 1740 altare.

60 1767 299 1835 solveret,
335 1766 447 1823 Deo
469 1769 526 1823 in
552 1769 660 1825 hoc
704 1769 869 1825 etiam
919 1769 1064 1826 servi
1104 1770 1190 1826 sui
1223 1771 1457 1841 injurias
1502 1772 1640 1829 ulci-

1743 1762 1917 1817 sancti
1959 1761 2257 1831 Benedicti,
2305 1765 2463 1835 juxta
2503 1766 2765 1822 domuum
2802 1766 3079 1825 Dadonem
3130 1773 3345 1843 episco-

59 1869 249 1915 sceute.
288 1858 577 1917 Fratribus
597 1861 784 1933 igitur,
807 1870 868 1917 ut
889 1862 958 1917 ad
982 1877 1099 1917 rem
1123 1862 1436 1933 redeamus,
1458 1864 1514 1919 in
1536 1880 1642 1921 aec-

58 1950 208 2006 clesia
266 1952 444 2007 sancti
502 1950 737 2009 Victoris
777 1967 980 2024 corpus
1022 1954 1194 2024 patris
1245 1955 1638 2025 operientibus,

58 2041 303 2113 episcopo
329 2055 464 2098 vero
484 2057 612 2099 cum
639 2044 853 2100 clericis
875 2053 931 2101 et
957 2046 1215 2114 diverso,
1234 2054 1298 2103 ut
1342 2048 1399 2103 in
1438 2049 1640 2106 talibus

58 2133 269 2201 assolet,
315 2143 584 2204 apparatu
623 2135 757 2207 ripae
799 2135 1043 2194 fluminis
1086 2138 1413 2207 astantibus,
1460 2149 1642 2198 nautas

58 2223 343 2280 adveniunt
363 2240 486 2281 cum
508 2241 767 2298 corpore;
794 2235 849 2283 et
871 2236 985 2285 tota
1010 2229 1146 2286 urbe
1168 2231 1416 2287 certatim
1441 2246 1639 2289 occur—

57 2324 214 2385 rente,
247 2324 310 2373 ut
336 2331 407 2373 ex
456 2319 866 2375 concertatione
916 2319 1173 2376 affectum
1222 2323 1467 2379 omnium
1509 2338 1640 2396 erga

59 2417 322 2465 mortuum
355 2409 705 2484 intelligeres,
756 2410 923 2468 funus
966 2413 1272 2484 excipitur;
1314 2423 1371 2471 et
1404 2430 1639 2488 congre-

57 2500 357 2570 gationibus
378 2502 831 2574 praecedentibus,
869 2511 931 2558 ut
962 2504 1156 2561 mortis
1177 2514 1282 2574 est,
1307 2506 1565 2563 crucibus
1585 2514 1640 2562 et

59 2592 257 2663 reliquo
281 2602 547 2665 apparatu
575 2594 723 2651 circa
749 2609 949 2666 corpus
972 2596 1404 2667 remanentibus,
1431 2598 1500 2654 ad
1533 2614 1639 2655 mc-

57 2682 267 2739 elesiam
288 2686 553 2756 majorem
575 2695 779 2743 sancta:
799 2685 983 2743 Maria:
1002 2687 1107 2743 iter
1133 2689 1497 2760 protenditur,
1522 2700 1637 2749 tota

57 2773 174 2829 urbe
196 2775 378 2848 signis
403 2775 771 2847 pulsantibus.
813 2773 1009 2833 Videre
1034 2787 1153 2843 erat
1172 2779 1519 2838 suburbanos
1540 2783 1639 2839 ho—

58 2865 240 2933 mines,
265 2875 321 2921 et
345 2867 509 2923 etiam
557 2869 890 2937 rusticanos,
944 2871 1183 2942 eompati
1208 2871 1491 2931 doloribus
1520 2891 1639 2932 mo-

59 2958 347 3014 nachorum
383 2975 486 3031 pro
536 2976 637 3016 sua
676 2961 1030 3018 destitutione
1075 2964 1425 3034 merentium,
1475 2975 1529 3023 et
1570 2984 1637 3025 ex

1743 1868 1895 1923 pum,
1921 1853 2014 1908 ubi
2040 1854 2206 1910 etiam
2230 1856 2468 1913 domnus
2498 1856 2832 1916 llumbertus
2855 1861 3065 1931 primus
3094 1862 3215 1935 ejus
3237 1865 3343 1921 loci

1743 1945 1885 2001 abba
1914 1946 2260 2017 requiescere
2292 1948 2593 2019 dicebatur,
2631 1952 2909 2022 sepultura
2958 1953 3080 2024 ejus
3122 1954 3344 2014 iniciata

1740 2044 1846 2093 est.
1886 2036 2037 2110 (Apr.
2075 2038 2156 2111 2.)
2187 2038 2307 2107 Qua
2336 2055 2568 2112 operose
2593 2043 2913 2112 aceelerata,
2948 2044 3005 2100 in
3033 2047 3339 2104 crastinum

1742 2139 2068 2202 congregata
2092 2133 2383 2189 estomnis
2421 2133 2618 2189 civitas
2656 2135 2725 2190 ad
2759 2135 3129 2206 sepeliendum
3168 2154 3338 2207 eum;

1742 2231 1798 2278 et
1821 2222 1991 2279 missa
2010 2223 2176 2290 dicta,
2208 2239 2461 2281 sermone
2487 2224 2649 2301 dato,
2669 2234 2829 2283 teme
2850 2228 3094 2286 redditus
3112 2238 3216 2298 est,
3251 2245 3341 2287 re-

1740 2314 2048 2386 surgendus
2077 2316 2133 2370 in
2170 2316 2343 2389 gloria
2372 2325 2428 2373 et
2456 2318 2747 2374 nobiscum
2776 2334 2992 2391 semper
3031 2321 3340 2394 spirituali-

1740 2415 1824 2463 tcr
1868 2416 2323 2477 conversaturus;
2372 2410 2519 2480 quod
2563 2419 2619 2465 et
2660 2410 2777 2482 ipse
2822 2412 3170 2482 promiserat,
3205 2410 3345 2471 dum

1739 2516 1891 2568 suos,
1919 2501 2013 2572 qui
2050 2511 2349 2572 praesentes
2377 2503 2623 2571 aderant,
2661 2504 2729 2559 ad
2758 2503 2930 2560 Deum
2969 2504 3169 2573 iturus,
3202 2505 3336 2575 Deo,

1738 2592 1899 2662 cujus
1943 2601 2122 2661 erant,
2162 2592 2260 2664 qui
2296 2592 2401 2649 sibi
2443 2609 2541 2650 eos
2586 2596 2958 2663 commiserat,
3010 2598 3335 2671 assignaret.

1737 2682 1841 2739 Cui
1864 2684 2046 2740 ethoc
2070 2683 2232 2755 digne
2255 2693 2431 2755 potest
2453 2685 2508 2739 in
2540 2686 2751 2741 meritis
2771 2687 2991 2754 ascribi,
3021 2689 3168 2759 quod
3193 2691 3339 2759 apud

1737 2774 1911 2831 Deum
1941 2775 2130 2831 vivens
2165 2776 2463 2846 optinuerit
2499 2783 2561 2831 ut
2599 2776 2740 2833 inter
2776 2779 3025 2848 sepulcra
3045 2778 3336 2850 episcopo-

1737 2883 1861 2923 rum
1906 2868 1979 2924 25
2019 2868 2364 2939 sepeliretur,
2402 2868 2519 2935 ubi,
2545 2876 2745 2939 prmter
2780 2870 3042 2926 domuum
3083 2872 3337 2927 abbatem

1738 2956 2098 3027 Richardum,
2130 2968 2185 3015 et
2214 2958 2501 3031 praefatum
2544 2958 2904 3016 Humbertum
2948 2960 3333 3019 Ermenricum

58 3051 424 3121 compassione
460 3052 515 3107 in
548 3067 739 3108 vocem
789 3068 917 3109 cum
954 3054 1200 3111 lacrimis
1232 3072 1541 3130 erumpere,
1584 3068 1640 3116 ει
1664 3095 1706 3153 C
1740 3066 1961 3122 quoque
1986 3067 2142 3123 aeque
2162 3051 2408 3120 abbates,
2455 3051 2717 3107 domuum
2745 3069 2965 3124 quoque
3011 3053 3335 3112 Bernerium

57 3141 219 3198 dicere
246 3161 259 3197 :
286 3142 422 3199 Boni
448 3144 710 3211 monachi,
743 3162 846 3199 non
870 3145 1099 3218 amplius
1128 3151 1503 3220 recuperabitis
1534 3169 1635 3223 pa-

60 3242 177 3288 trem
211 3244 325 3290 tam
366 3236 537 3308 pium,
587 3245 699 3292 tam
730 3238 1156 3305 amatissimum;
1186 3242 1375 3295 merito
1420 3242 1634 3310 doletis,

57 3328 232 3382 merito
271 3329 586 3384 tristamini.
644 3328 802 3397 Quod
832 3329 955 3386 ideo
994 3339 1114 3387 erat
1143 3332 1449 3391 mirabilius
1475 3343 1529 3390 et
1568 3335 1637 3391 ad

57 3420 344 3478 divinitatis
380 3422 602 3479 laudem
630 3422 1030 3492 honorabilius,
1063 3425 1192 3497 quia
1222 3427 1318 3497 qui
1344 3427 1637 3498 aliquando

57 3513 118 3566 ab
136 3513 334 3585 ineptis
357 3522 415 3570 et
442 3513 628 3571 minus
672 3514 1010 3585 sapientibus
1036 3517 1332 3572 subversor
1358 3516 1541 3589 legum
1582 3526 1638 3573 et

58 3607 233 3673 patria
257 3622 359 3677 pro
383 3606 733 3664 dissensione
766 3608 931 3681 regis,
970 3608 1101 3679 quia
1140 3609 1360 3665 nolebat
1389 3624 1637 3665 commu-

58 3701 229 3757 nicare
252 3701 692 3758 destructoribus
727 3710 1042 3757 sanctarum
1068 3702 1523 3758 constitutionum
1553 3703 1637 3759 di-

58 3793 185 3849 vine
214 3795 370 3866 legis,
409 3795 804 3865 appellabatur,
853 3794 946 3849 hic
984 3810 1133 3852 nunc
1177 3796 1246 3851 ab
1289 3796 1546 3854 omnibus
1578 3797 1635 3852 in

55 3901 332 3943 commune
352 3896 409 3944 et
435 3888 645 3958 absque
677 3886 1074 3943 detractatione
1114 3895 1269 3957 pater
1310 3887 1548 3945 civitatis
1582 3897 1637 3945 et

57 3978 251 4045 patriae,
295 3988 351 4035 et
381 3979 479 4050 qui
516 3994 629 4035 non
679 3978 915 4050 amplius
943 3979 1258 4049 recuperari
1299 3987 1507 4049 posset,
1552 3980 1637 4034 vir

58 4071 278 4138 consilii,
304 4086 501 4128 murus
519 4080 575 4127 et
595 4078 813 4127 scutum
842 4069 1039 4127 domus
1064 4069 1283 4126 Domini
1308 4071 1637 4141 pronuncia-

58 4161 227 4229 batur,
252 4173 311 4219 ut
324 4163 570 4221 lacrima:
590 4171 645 4220 et
663 4163 900 4234 gemitus
920 4163 1196 4220 dictorum
1213 4160 1374 4219 fidem
1387 4170 1636 4220 astruere

56 4253 336 4312 videretur.

121 4348 273 4419 (Apr.
308 4349 392 4421 ι.)
426 4349 518 4405 Sic
540 4348 837 4407 deductum
869 4364 1069 4420 corpus
1092 4365 1125 4404 a
1155 4348 1283 4404 [iliis
1312 4357 1367 4405 et
1396 4349 1464 4405 ab
1483 4348 1630 4404 omni

1738 3145 1892 3201 urbis
1936 3146 2307 3216 praepositum,
2350 3146 2440 3202 cui
2480 3162 2579 3217 pro
2628 3162 2744 3202 suae
2790 3147 3096 3205 sanctitatis
3138 3151 3337 3206 merito

1739 3238 2018 3308 sepultura
2039 3237 2129 3291 illa
2152 3252 2412 3293 concessa
2432 3245 2535 3305 est,
2559 3238 2742 3294 nullus
2768 3240 3018 3310 sepultus
3036 3241 3333 3310 invenitur,

1737 3346 1863 3387 cum
1895 3332 2051 3387 locus
2076 3330 2167 3386 ille
2188 3331 2414 3397 ducum,
2452 3331 2856 3398 marehionum,
2886 3332 3149 3388 comitum
3198 3333 3335 3389 alio-

1739 3439 1969 3494 rumque
1990 3439 2278 3494 procerum
2306 3423 2583 3493 sepultura
2614 3422 2845 3494 insignis
2872 3423 3157 3482 habeatur.
3340 3420 3345 3431 ’

1808 3515 1960 3587 (Apr.
2008 3515 2089 3586 2.)
2123 3514 2346 3585 Expleta
2375 3514 2541 3586 igitur
2587 3515 2889 3585 sepultura,
2922 3516 2991 3571 ad
3024 3506 3347 3573 consolan-'

1736 3607 1842 3663 dos
1890 3606 2087 3662 fratres
2160 3606 2215 3660 iu
2273 3605 2575 3677 capitulum
2637 3606 2789 3662 venit
2848 3607 3139 3680 episcopus
3206 3627 3335 3667 cum

1737 3699 2025 3755 abbatibus
2058 3707 2113 3754 et
2144 3698 2273 3755 cleri
2303 3698 2668 3769 primoribus;
2709 3708 2764 3755 et
2784 3701 3152 3768 cum,rhabita
3185 3711 3334 3760 trac-

1736 3792 1944 3848 tatione
1972 3792 2041 3849 de
2068 3800 2248 3847 morte
2277 3792 2472 3863 patris,
2510 3792 2580 3848 ad
2609 3792 2921 3864 eligendum
2953 3810 3334 3854 successorem

1737 3887 1830 3959 qui
1861 3896 2007 3944 esset
2020 3887 2260 3943 idoneus
2287 3897 2792 3956 commonerentur,
2814 3889 2994 3959 ~cujus
3036 3891 3331 3960 protelatio
3357 3950 3361 3955 ,

1737 3977 2018 4050 religionis
2059 3986 2116 4033 et
2153 3977 2382 4033 honoris
2410 3982 2558 4033 esset
2586 3977 2899 4047 diminutio,
2930 3979 3170 4035 maxime
3203 3996 3333 4037 cum

1737 4078 2015 4126 constaret
2056 4069 2374 4125 defunctum
2423 4068 2750 4139 praecepisse
2796 4079 2857 4124 ut
2893 4069 2981 4124 die
3006 4072 3197 4127 eodem
3240 4089 3331 4128 se-

1735 4162 1969 4233 pulturae
2004 4174 2119 4217 sua:
2152 4174 2445 4215 successor
2481 4160 2586 4215 sibi
2625 4160 2941 4230 eligeretur,
2982 4162 3049 4218 de
3090 4165 3332 4235 capitulo

1735 4268 1989 4329 egressus
2011 4262 2094 4310 est
2114 4252 2405 4324 episcopus
2426 4252 2565 4307 dans
2581 4260 2912 4322 oportunum
2935 4254 3117 4310 locum
3140 4256 3297 4313 fratri
3312 4289 3330 4299 -

1734 4348 1863 4415 bus,
1902 4355 1965 4402 ut
1997 4346 2066 4402 de
2103 4354 2258 4416 patre
2306 4343 2410 4399 sibi
2451 4344 2820 4414 praeponendo
2854 4344 3113 4402 licentius
3153 4348 3222 4403 ab
3246 4349 3331 4405 eis

55 4437 159 4494 fere
181 4441 383 4510 populo
412 4440 719 4508 civitatis,a
746 4441 1032 4498 canonicis
1047 4440 1468 4497 occurrentibus
1490 4439 1633 4496 infra
1666 4438 1710 4492 D
1738 4446 2085 4497 tractaretur.
2121 4436 2189 4492 Et
2220 4452 2347 4491 cum
2375 4450 2569 4491 omnes
2611 4433 2875 4501 exissent,
2932 4443 2993 4505 tt
3032 4435 3113 4521 hii
3148 4437 3330 4493 solum

57 4534 437 4589 monasterium
470 4542 673 4590 sanctas
702 4532 888 4590 Maria:
921 4532 1212 4604 excipitur,
1258 4542 1315 4588 et
1355 4542 1482 4603 post
1511 4548 1636 4601 exe:
1739 4534 1806 4589 ad
1853 4546 1993 4605 quos
2031 4529 2337 4602 pertinebat
2371 4528 2583 4596 electio,
2619 4527 3033 4595 remansissent,
3079 4538 3135 4585 et
3171 4537 3331 4586 terra;

54 4624 203 4693 quias
233 4624 299 4679 de
323 4640 480 4681 more
515 4625 816 4681 celebratas
841 4624 1011 4681 missa
1037 4623 1307 4695 generalis
1333 4639 1459 4679 cum
1481 4624 1633 4681 obla-
1737 4624 2000 4697 prostrati
2031 4623 2063 4675 7
2087 4623 2351 4695 psalmos,
2392 4637 2517 4677 eum
2555 4621 2917 4689 orationibus,
2950 4637 3184 4692 quarum
3216 4622 3326 4676 ini-

56 4715 284 4772 tionibus
318 4717 643 4773 celebratur.
684 4715 893 4771 Dehinc
924 4716 993 4771 ad
1024 4715 1420 4773 monasterium
1453 4717 1631 4773 sancti
1737 4718 1873 4774 tium
1900 4725 2023 4772 est:
2058 4715 2347 4781 Adsumus,
2376 4723 2559 4769 sancte
2592 4712 2847 4784 Spiritus,
2880 4715 3083 4783 peccati
3113 4713 3327 4785 quidem

57 4801 227 4861 Vitoni
263 4807 537 4877 processio
568 4806 842 4879 dirigitur.
880 4803 1265 4863 Precesserant
1301 4815 1483 4862 autem
1520 4806 1631 4863 fra—
1736 4810 2071 4865 immanitate
2090 4808 2308 4873 detenti,
2331 4806 2421 4861 sed
2444 4808 2500 4861 in
2524 4815 2614 4860 tuo
2636 4806 2846 4860 nomine
2871 4806 3193 4877 congregati,
3228 4804 3326 4860 tle-

54 4908 155 4955 trcs
187 4899 430 4970 ejusdem
456 4899 713 4966 coenobii,
738 4907 1029 4970 postquam
1060 4913 1262 4969 corpus
1290 4899 1463 4969 patris
1483 4915 1515 4954 a
1533 4913 1630 4954 ca-
1733 4908 2070 4968 cantassent,
2105 4899 2198 4956 ubi
2233 4908 2584 4970 assurgentes
2611 4898 2953 4964 resederunt,
2982 4906 3037 4953 et
3068 4913 3099 4954 a
3138 4897 3323 4969 priore

55 4991 258 5048 nonicis
292 5000 601 5062 susceptum
643 5000 748 5057 est,
803 4999 859 5047 et
904 4990 1066 5062 quasi
1106 4999 1314 5062 patrem
1358 4991 1628 5063 recepturi
1732 4992 2016 5050 ammoniti
2056 5000 2243 5050 essent
2290 4998 2350 5046 ut
2378 5006 2539 5062 quem
2580 4989 2837 5046 idoneum
2869 4989 3180 5059 iudicarent
3216 4990 3341 5046 eli-‘

53 5088 206 5151 quem
241 5083 548 5140 eternaliter
576 5093 764 5141 essent
792 5083 1051 5149 habituri,
1096 5085 1176 5140 sic
1209 5099 1268 5141 se
1300 5085 1634 5155 competenti
1732 5094 1952 5156 gerent,
2007 5100 2067 5141 se
2103 5084 2153 5139 si
2204 5084 2461 5138 idoneum
2522 5080 3019 5146 nosset-electum,
3061 5090 3316 5151 paratum

56 5187 199 5229 more
243 5174 655 5242 adornaverant,
703 5182 759 5231 et
782 5175 858 5230 ita
910 5183 1187 5243 caverant,
1240 5183 1300 5239 ut
1348 5176 1631 5234 canonicis
1730 5176 1981 5233 electioui
2028 5174 2340 5233 assentire:
2381 5188 2675 5243 assurgens
2709 5171 3117 5243 suprascriptus
3151 5172 3319 5229 frater

55 5267 439 5337 egredientibus
456 5277 669 5341 portam
694 5270 869 5338 urbis,
892 5271 1081 5341 ipsi'iu
1111 5287 1214 5327 suo
1244 5272 1509 5329 suburbio
1534 5289 1629 5330 oe-
1731 5269 1889 5325 bona:
1915 5268 2042 5324 vita:
2074 5277 2130 5323 et
2166 5266 2467 5323 testimonii
2502 5273 2628 5321 ante
2660 5265 3075 5323 conversionem
3111 5272 3168 5320 et
3191 5273 3319 5335 post

55 5365 347 5423 currerent,
369 5366 421 5413 et
439 5374 639 5431 corpus
665 5360 877 5416 honore
906 5359 1195 5417 condebito
1238 5361 1623 5433 suscipientes,
1730 5359 2169 5425 conversionem,
2212 5357 2399 5414 ﬁdeles
2441 5357 2718 5413 orationes
2763 5365 2882 5423 toto,
2916 5356 3209 5412 conventui
3246 5372 3317 5411 ex

54 5444 250 5501 eisdem
293 5450 673 5508 comitantibus
704 5452 937 5509 cenobio
981 5452 1265 5510 inferrent.
1304 5452 1436 5510 Post
1474 5457 1623 5527 quod
1726 5459 1880 5522 parte
1918 5451 2106 5507 domui
2156 5450 2368 5506 abbatis
2402 5447 2616 5505 Rodulli
2652 5449 2953 5531 peroravit.
2992 5446 3109 5519 (fol.
3160 5446 3312 5518 148.)
3374 5502 3392 5512 _
3423 5494 3442 5511 ,

54 5552 83 5590 a
107 5538 385 5596 canonicis
406 5541 708 5601 discessum
731 5552 836 5613 est,
861 5554 916 5601 et
948 5561 981 5601 a
1013 5545 1140 5602 ﬁliis
1170 5561 1293 5617 quas
1313 5546 1463 5618 justa
1492 5557 1624 5606 sunt
1726 5544 1939 5612 Quibus
1973 5542 2415 5610 ammirantibus,
2458 5550 2515 5597 et
2555 5542 2942 5608 salutationem
2975 5541 3123 5596 illam
3154 5540 3309 5611 geni--

54 5632 263 5707 φιτ)οῆ
293 5638 608 5706 propensius
634 5638 838 5695 exibita
858 5648 1006 5695 sunt.
1046 5636 1125 5694 Ita
1148 5641 1334 5695 omnia
1369 5639 1619 5697 ordinate
1723 5637 1828 5693 bus
1860 5644 2020 5692 terra
2055 5634 2281 5691 deflexis
2309 5643 2462 5707 grate
2501 5642 2709 5690 etcum
2750 5633 2993 5690 lacrimis
3030 5631 3308 5702 excipie-

54 5722 105 5776 e‘t
128 5738 159 5780 c
196 5726 421 5795 mposite
439 5730 850 5801 proveniebant,
872 5739 931 5787 ut
957 5731 1138 5803 palam
1183 5731 1405 5788 daretur
1453 5729 1617 5786 intel-
1720 5729 1890 5801 tibus,
1927 5728 2018 5784 ille
2054 5727 2251 5801 adjecit
2282 5747 2293 5785 τ
2324 5728 2517 5800 jubere
2543 5726 2805 5782 domuum
2830 5725 3078 5780 abbatem
3102 5723 3312 5780 Βοάυιη
