3878 6310
492 316 603 372 399
622 284 627 289 ’

1502 299 1805 357 HUGONIS
1839 296 2131 352 ABBATIS
2169 293 2737 351 FLAVINIACENSIS
3674 294 3765 348 mo

494 395 615 488 tum
660 444 757 500 per
802 424 1200 489 obedientiam,
1242 428 1305 477 ut
1340 431 1717 475 successorem
1768 413 1873 470 sibi
1921 428 2084 484 quem
2113 413 2159 469 Α
2185 420 2239 466 ct
2260 412 2510 466 oratione
2539 410 2690 465 tlnita
2732 408 3056 465 memoriam
3080 410 3253 480 patris
3279 410 3417 465 inibi
3444 409 3767 480 quiescentis

496 524 617 593 ipse
650 520 1009 585 nominasset,
1034 530 1197 588 quem
1217 512 1491 584 elegisset,
1518 508 1606 565 cui
1635 523 1778 563 onus
1799 521 1962 564 suum
1985 505 2083 560 im-

496 610 814 682 ponendum
846 605 1197 671 decrevisset,
1236 602 1517 673 eligerent.
1561 597 1668 665 Qui
1694 612 1823 654 cum
1852 604 2080 666 stupen—

498 712 584 772 tes
602 699 966 759 obedientiam
988 694 1349 767 excepissent,
1373 691 1464 747 ille
1487 690 1828 762 subjungens
1844 687 2084 759 priorem

501 792 824 858 nominavit,
850 797 905 845 et
933 802 1035 859 pro
1067 785 1258 843 eadem
1288 782 1618 848 obedientia,
1648 795 1774 851 quae
1809 777 1915 835 sibi
1943 778 2088 835 sicut

500 894 561 941 et
592 884 714 940 aliis
758 881 1002 953 injuncta
1044 877 1242 945 fuerat,
1284 890 1354 932 ne
1393 872 1716 931 inobediens
1752 878 1918 937 esset,
1958 883 2084 924 eum

500 993 628 1037 cum
656 974 997 1032 nominasset
1025 972 1210 1043 elegit,
1238 969 1544 1027 Assensum
1576 973 1664 1022 est
1697 965 1750 1021 ei
1783 980 1815 1020 a
1847 963 2086 1030 cunctis,

502 1071 597 1127 sed
638 1069 708 1125 ab
741 1082 840 1135 eo,
887 1066 985 1137 qui
1043 1062 1465 1129 nominabatur,
1503 1076 1614 1116 non
1640 1067 1764 1116 est:
1811 1056 1946 1128 Ego,
1997 1056 2086 1125 in»

502 1163 716 1233 quiens,
766 1159 1032 1221 dixeram,
1075 1157 1123 1211 si
1159 1155 1353 1211 idonea
1398 1169 1622 1224 persona
1662 1149 1962 1222 eligeretur,
2007 1164 2117 1202 me,

498 1265 875 1307 consensurum
919 1247 1195 1312 electioni;
1238 1261 1395 1312 nunc,
1444 1245 1572 1316 quia
1611 1242 1763 1298 video
1800 1258 1889 1296 vos
1933 1240 2089 1310 inﬁr-

501 1361 649 1400 mum
670 1351 723 1399 et
749 1341 983 1397 hebetem
1019 1339 1257 1410 elegisse,
1286 1345 1338 1391 et
1369 1336 1520 1406 cujus
1553 1335 1842 1404 inﬁrmitas
1869 1333 2089 1388 desidia:

498 1434 644 1491 nobis
693 1434 986 1505 fomentum
1025 1432 1119 1497 sit,
1166 1446 1271 1485 non
1306 1429 1558 1494 assentio,
1602 1427 1836 1482 maxime
1871 1441 1990 1480 cum
2037 1433 2087 1479 et

499 1527 686 1583 electio
716 1534 892 1582 vestra
917 1539 1181 1579 canonum
1219 1529 1466 1594 repugnet
1504 1519 1792 1585 institutis,
1821 1526 1872 1572 et
1902 1516 1965 1573 ob
1992 1517 2088 1571 hoc

502 1616 723 1687 inﬁrma
757 1616 852 1683 sit,
886 1613 1025 1686 quod
1073 1629 1176 1667 non
1212 1613 1335 1667 licet
1370 1610 1653 1684 praelatum
1689 1609 1923 1664 ecclesiis
1964 1624 2086 1663 suc-

503 1722 761 1763 cessorem
788 1705 889 1759 sibi
908 1705 1118 1776 eligere.
1149 1703 1372 1760 Dicebat
1397 1703 1498 1759 hee
1518 1711 1573 1758 et
1600 1701 1704 1757 alia
1736 1700 1930 1767 multa,
1961 1716 2088 1757 cum

505 1793 599 1851 ille
627 1794 797 1851 frater
822 1795 885 1863 id
907 1794 1084 1851 solum
1119 1793 1377 1849 omnibus
1411 1791 1693 1848 obiceret:
1726 1790 1965 1845 Domnus
1997 1790 2092 1843 ab-

507 1887 603 1942 bas
630 1885 892 1957 Rodulfus
920 1901 1013 1956 per
1040 1884 1393 1940 obedientiam
1417 1884 1662 1955 precipit.
1697 1880 1842 1951 Quid
1885 1880 2093 1936 multa?

507 1975 716 2033 Electio
741 1974 886 2032 facta
931 1975 1001 2032 ad
1029 1975 1213 2048 laycos
1242 1975 1413 2030 relata
1437 1982 1542 2041 est,
1571 1983 1624 2029 et
1647 1981 1980 2044 praeceptum
2010 1984 2093 2029 at-

508 2085 618 2142 que
664 2068 955 2125 consilium
999 2065 1212 2137 praefati
1249 2066 1426 2137 patris
1467 2065 1576 2122 illis
1615 2065 1848 2121 relatum
1888 2072 1997 2132 est,
2035 2065 2091 2119 in
2125 2106 2134 2117 .

505 2174 619 2228 quo
643 2158 824 2215 onmis
850 2156 1143 2212 assentiret
1174 2154 1544 2228 congregatio.
1569 2153 1745 2222 Quam
1773 2155 2092 2210 electionem

503 2245 1084 2317 illissuscipientibus,
1117 2252 1173 2299 et
1208 2244 1268 2298 in
1302 2259 1368 2300 ea
1398 2259 1506 2299 una
1536 2259 1670 2300 voce
1704 2244 1960 2300 omnibus
2002 2259 2093 2298 ac-

505 2336 896 2404 clamantibus,
929 2336 999 2391 ad
1032 2334 1330 2407 capitulum
1366 2343 1654 2391 revocatur
1689 2334 1999 2407 episcopus.
2028 2333 2095 2390 Et

508 2444 637 2484 cum
673 2426 970 2484 resedisset
1006 2442 1133 2483 cum
1175 2422 1464 2483 abbatibus
1506 2434 1562 2481 et
1592 2425 1725 2481 cieri
1772 2425 2095 2496 cspitaneis,

508 2533 809 2591 assurgens
838 2518 1152 2591 sepedictus
1184 2515 1356 2574 frater
1382 2517 1551 2587 idem,
1574 2518 1722 2589 quod
1745 2518 1957 2575 dixerat
1978 2517 2091 2574 fra-

508 2613 707 2683 tribus,
738 2610 1118 2684 recapitulavit
1151 2610 1410 2683 episcopo
1439 2609 1703 2667 ceterisve
1735 2609 2094 2683 primoribus,

509 2707 777 2769 domuum
809 2704 1062 2762 videlicet
1100 2703 1356 2762 abbatem
1399 2701 1696 2760 Rodulfum
1731 2703 2007 2774 etjubere
2040 2713 2095 2758 et

506 2798 720 2871 precari
762 2808 825 2855 ut
851 2812 1141 2857 successor
1162 2813 1195 2855 a
1229 2813 1290 2854 se
1318 2797 1528 2856 electus
1550 2804 1607 2853 et
1640 2796 1956 2853 nominatus
1989 2796 2093 2852 sibi

509 2891 750 2949 daretur.
773 2890 1111 2948 Electionem
1145 2889 1312 2963 igitur
1335 2898 1603 2961 quantum
1628 2889 1685 2946 in
1720 2904 1781 2945 se
1807 2900 1949 2958 erat,
1975 2889 2094 2945 lau-

508 2984 603 3038 dat
632 2982 943 3053 episcopus,
967 2989 1023 3037 et
1046 2980 1276 3052 inquirit
1298 2988 1484 3035 utrum
1528 2980 1586 3034 in
1614 2979 1719 3035 hac
1755 2980 2095 3036 consentiret

2184 500 2410 569 faciant,
2437 502 2797 559 constitutum
2827 512 2945 568 est;
2978 509 3033 557 et
3066 516 3135 556 ne
3168 501 3257 556 cui
3279 516 3449 572 grave
3478 500 3763 564 videretur,

2185 591 2450 647 memoria
2475 607 2598 662 quia
2613 592 2774 647 solita
2796 600 2916 646 erat
2939 605 3039 662 pro
3061 590 3264 646 domno
3280 590 3484 645 abbate
3504 588 3769 647 Richardo

2185 682 2294 738 dici
2324 690 2450 753 post
2497 683 2820 750 matutinos,
2852 698 2976 755 quae
3013 682 3172 755 quasi
3209 683 3282 739 ob
3320 698 3624 757 gravamen
3665 682 3766 739 fra-

2190 782 2334 830 trum
2367 774 2437 829 ab
2475 790 2541 830 eo
2579 773 2894 831 intermissa
2934 787 3040 843 ρει,
3080 774 3211 845 quia
3257 774 3311 830 id
3357 773 3632 830 fratribus
3675 776 3767 831 ali-

2187 867 2411 939 quibus,
2448 867 2591 938 apud
2620 882 2784 937 quos,
2822 875 2883 922 ut
2910 867 3137 939 dignum
3167 876 3276 933 est,
3313 865 3491 937 patris
3520 864 3771 922 Richardi

2189 961 2451 1016 memoria
2492 960 2724 1017 celebris
2765 959 3017 1026 habetur,
3056 974 3221 1032 grave
3262 957 3582 1023 videbatur,
3623 973 3768 1027 repe-

2188 1053 2287 1109 tita
2316 1062 2421 1122 est,
2457 1068 2526 1109 ne
2554 1053 2716 1124 quasi
2749 1042 3111 1110 causarentur
3145 1052 3473 1108 memoriam
3514 1048 3672 1106 illius
3698 1050 3771 1104 in~

2189 1146 2521 1213 termissam,
2551 1153 2608 1201 et
2633 1145 2799 1216 hujus
2835 1143 3132 1202 inieiatam.
3167 1142 3274 1200 Sed
3312 1152 3368 1200 et
3411 1158 3595 1214 usque
3622 1142 3773 1198 hodi:

2189 1239 2368 1295 bonus
2407 1247 2770 1311 utrorumque
2807 1247 3028 1311 patrum
3064 1252 3377 1305 successor,
3419 1245 3552 1292 ante
3596 1237 3771 1306 sepul-

2190 1347 2347 1388 crum
2374 1331 2673 1400 transiens,
2712 1346 2846 1388 oves
2884 1330 2990 1388 sibi
3015 1330 3085 1387 ab
3119 1345 3187 1387 eo
3223 1330 3558 1386 commissas
3592 1328 3679 1383 illi
3709 1346 3773 1381 re-

2191 1425 2506 1500 consignat;
2536 1434 2592 1482 et
2633 1433 2696 1482 ut
2734 1424 2809 1481 ab
2843 1439 2912 1481 eo
2946 1431 3210 1497 regantur
3241 1432 3296 1480 et
3314 1430 3702 1494 protegantur,
3731 1433 3777 1476 ιι

2189 1526 2377 1589 pastor
2406 1526 2461 1572 et
2488 1532 2618 1573 oves
2647 1517 2970 1588 plerumque
2998 1531 3115 1584 ore,
3147 1530 3361 1586 semper
3386 1523 3579 1571 autem
3600 1514 3776 1570 animo

2191 1626 2256 1668 ac
2268 1611 2560 1667 devotione
2581 1619 2791 1669 exorat.
2810 1608 3038 1665 Tribuat
3054 1608 3128 1664 illi
3142 1607 3287 1664 Deus
3300 1616 3361 1664 ut
3373 1623 3597 1676 curam,
3621 1622 3777 1678 quam

2192 1702 2397 1759 invitus
2414 1703 2674 1775 suscepit,
2689 1702 3252 1773 ﬁdeliterexequatur,
3272 1700 3412 1756 utab
3428 1700 3629 1756 auditu
3648 1699 3777 1754 malo

2193 1807 2306 1848 non
2355 1793 2562 1860 timeat,
2593 1792 2687 1850 sed
2733 1790 2876 1862 Euge
2918 1790 3255 1847 dominicum
3285 1790 3496 1858 audiat,
3528 1800 3591 1845 et
3622 1805 3776 1860 supra

2193 1881 2365 1939 multa
2397 1881 2663 1938 constitui
2693 1877 3107 1947 mereatur.’Qut
3136 1888 3320 1935 autem
3343 1878 3593 1934 voluerit
3622 1893 3775 1950 agno-

2194 1986 2348 2029 scere
2367 1971 2500 2043 quid
2530 1969 2599 2027 de
2618 1978 2771 2041 patre
2783 1979 2977 2027 nostro
2990 1968 3271 2026 llic-nardo
3284 1974 3417 2025 huic
3430 1970 3586 2040 patri
3606 1976 3779 2024 nostro

2195 2064 2433 2122 Rodulfo
2467 2065 2537 2121 ab
2563 2064 2759 2138 angelo
2795 2074 3079 2122 ostensum
3105 2064 3212 2132 sit,
3247 2073 3306 2120 ut
3338 2064 3409 2120 ab
3430 2079 3501 2120 eo
3528 2063 3780 2119 fratribus

2194 2157 2428 2214 relatum
2456 2167 2561 2226 est,
2588 2157 2644 2212 in
2671 2158 2782 2212 vita
2812 2155 3023 2228 przefati
3049 2156 3376 2213 venerabilis
3406 2156 3509 2211 viri
3537 2154 3782 2212 [lichardi

2194 2259 2407 2320 querat,
2434 2257 2489 2305 et
2526 2248 2783 2306 inveniet.
2808 2246 2982 2305 Natus
3010 2257 3093 2306 est
3120 2257 3304 2304 autem
3340 2247 3525 2305 isdem
3558 2249 3667 2317 vir,
3699 2247 3781 2317 qui

2194 2343 2274 2399 sic
2293 2341 2582 2399 ordinatus
2602 2351 2709 2410 est,
2730 2341 2785 2397 in
2801 2341 3083 2413 episcopio
3112 2339 3407 2409 Leodensi,
3432 2357 3554 2396 non
3584 2341 3780 2415 ignoti-

2195 2435 2264 2493 lis
2304 2434 2545 2505 familiae,
2568 2446 2621 2493 et
2648 2436 2840 2494 eodem
2867 2444 3109 2507 tempore
3134 2450 3246 2506 quo
3268 2434 3608 2505 ebdomnus
3628 2434 3782 2489 abbas

2195 2526 2465 2587 Rodulfus
2489 2529 2676 2586 seculo
2695 2528 2955 2585 derelicto
2976 2525 3363 2583 monachicum
3388 2528 3647 2582 habitum
3668 2540 3771 2581 sus

2194 2621 2355 2693 cepit,
2379 2630 2434 2677 et
2463 2621 2518 2675 in
2544 2621 2735 2677 eodem
2763 2619 2994 2677 cenobio
3016 2634 3128 2690 quo
3158 2627 3214 2675 et
3237 2633 3392 2689 ipse;
3423 2627 3509 2686 et,
3544 2617 3644 2673 illo
3671 2632 3781 2688 pro-

2195 2721 2348 2769 moto
2394 2710 2464 2768 ad
2495 2712 2771 2769 abbatiam
2817 2727 2943 2768 eum
2974 2711 3127 2782 prior
3161 2723 3331 2780 esset,
3357 2710 3416 2765 in
3446 2710 3643 2765 locum
3678 2711 3789 2779 ejus

2195 2804 2524 2861 substitutus
2562 2812 2667 2872 est,
2697 2811 2753 2861 ct
2794 2813 2918 2875 post
2940 2818 3066 2859 cum
3091 2801 3377 2859 Divionem
3425 2802 3783 2871 councigras-

2179 2912 2404 2964 .semus,
2418 2896 2728 2954 claustralis
2741 2896 2813 2953 ibi
2835 2896 2984 2967 prior
3012 2895 3235 2951 habitus
3246 2905 3351 2964 est,
3366 2904 3421 2951 et
3438 2896 3788 2966 postmodum

2195 2989 2463 3062 regressis
2516 2986 2781 3045 fratribus
2817 2988 2885 3044 ad
2917 2988 3224 3058 “cenobium
3247 3028 3268 3053 ,
3315 2999 3621 3044 revocante
3672 3004 3789 3043 cum

511 3085 816 3131 conventus
844 3082 901 3129 et
938 3072 1194 3145 populus.
1238 3071 1450 3140 Quibus
1488 3072 1695 3142 pariter
1736 3072 2091 3129 acclamanti-
2123 3096 2165 3155 ρ
2195 3075 2423 3149 praefato
2468 3087 2644 3149 patre,
2687 3077 2792 3134 sub
2825 3091 2893 3134 eo
2940 3086 2993 3133 ct
3023 3076 3092 3132 ab
3134 3092 3200 3132 co
3243 3076 3397 3146 prior
3431 3074 3793 3132 Virduneusis

510 3169 637 3233 bus,
662 3182 786 3223 eum
809 3166 1016 3224 electus
1034 3182 1157 3238 qua:
1183 3166 1397 3223 dixerat
1419 3165 1613 3221 eadem
1633 3174 1688 3220 et
1715 3165 1914 3221 similia
1938 3165 2096 3221 vellet

509 3272 779 3329 repetere,
810 3260 1212 3316 etelectionem
1256 3260 1313 3314 in
1346 3274 1407 3315 se
1441 3256 1643 3315 factam
1682 3258 1948 3315 niteretur
1987 3259 2093 3315 im-

510 3354 766 3423 probare,
796 3368 828 3410 a
857 3351 1024 3408 fratre
1045 3352 1137 3408 cui
1161 3361 1478 3423 preceptum
1520 3350 1699 3408 fuerat
1726 3352 2091 3417 concurritur,

509 3443 793 3514 arripitur,
824 3452 881 3499 et
913 3457 1037 3498 cum
1084 3441 1318 3510 sederet,
1362 3441 1432 3497 ab
1466 3456 1534 3496 eo
1555 3450 1610 3496 et
1638 3441 1865 3514 reliquis
1905 3442 2001 3513 qui
2027 3443 2094 3497 ad

513 3535 621 3591 hoc
636 3534 823 3605 ipsum
855 3549 1013 3605 opem
1048 3536 1214 3592 suam
1255 3543 1602 3605 paraverant,
1643 3535 1947 3605 praesentiae
1979 3535 2095 3606 epi-

513 3629 635 3700 copi
681 3628 914 3691 sistitur,
961 3636 1100 3684 etut
1138 3627 1396 3685 baculum
1437 3628 1766 3700 pastoralem
1810 3627 2093 3698 suscipiat,

509 3728 881 3787 amtnonetur,
910 3719 1147 3791 cogitur,
1184 3734 1286 3775 nec
1312 3719 1570 3775 vincitur.
1612 3717 1711 3775 Ubi
1742 3718 2092 3774 inﬂexibilem

508 3813 632 3883 ejus
684 3811 931 3867 animum
977 3811 1112 3868 vidit
1150 3811 1442 3883 episcopus
1487 3820 1542 3867 et
1578 3812 1672 3883 qui
1706 3811 1957 3877 aderant,
2004 3812 2093 3866 in—

510 3907 712 3962 i-lioata
741 3905 1037 3976 antiphona
1063 3903 1337 3976 Confirma
1375 3904 1472 3958 hoc
1498 3902 1663 3970 Deus,
1701 3904 1758 3959 in
1794 3903 2097 3962 aecclesiam

509 4015 539 4052 ιι
572 3994 835 4054 fratribus
866 4004 1179 4068 asportatur
1210 3996 1395 4067 potius
1421 4011 1589 4067 quam
1624 3995 1932 4062 deducitur,
1959 4005 2013 4051 et
2041 3996 2096 4051 in

509 4090 633 4145 loco
656 4087 871 4145 abbatis
913 4088 1149 4157 sistitur,
1190 4090 1347 4161 signa
1387 4088 1644 4146 manibus
1669 4088 1793 4160 ejus
1827 4088 1879 4144 vi
1921 4087 2099 4158 impo-

506 4190 736 4246 nuntur,
763 4196 867 4238 nec
892 4182 961 4237 ab
984 4197 1051 4238 eo
1083 4181 1408 4252 pulsantur;
1436 4190 1491 4237 et
1517 4196 1549 4235 a
1578 4190 1850 4237 conventu
1886 4189 1949 4236 ut
1974 4195 2098 4236 mo—

504 4275 584 4331 ris
602 4285 687 4331 est
707 4274 822 4344 jam
852 4290 960 4331 non
984 4275 1270 4342 resistens,
1292 4274 1422 4345 quia
1447 4288 1557 4329 non
1576 4273 1914 4344 proﬁciebat,
1937 4273 2097 4329 deos-

507 4368 747 4433 culatur,
777 4377 834 4423 et
857 4366 1109 4438 sequenti
1141 4366 1418 4422 dominica
1448 4366 1505 4420 in
1539 4366 1792 4421 abbatem
1820 4366 2096 4421 benedici—

2199 3170 2490 3228 institutus
2524 3180 2626 3227 est.
2663 3168 2755 3227 Sic
2777 3186 2874 3242 per
2913 3169 3126 3242 singula
3163 3168 3507 3226 nmnasieria
3543 3178 3601 3225 ct
3636 3168 3787 3223 mini-

2196 3264 2364 3321 steria
2395 3264 2680 3336 probatus,
2711 3278 2928 3334 semper
2957 3262 3262 3318 aseendens
3286 3270 3342 3317 ct
3364 3262 3691 3332 proﬁciens,
3729 3259 3791 3315 ad

2196 3358 2440 3430 regimen
2463 3357 2773 3413 animarum
2800 3357 2921 3413 loco
2934 3365 2995 3412 “ct
3018 3365 3146 3413 voto
3161 3354 3335 3426 patris
3347 3366 3683 3427 assumptus
3695 3364 3787 3410 est.

2269 3450 2431 3507 Auno
2471 3449 2541 3504 ab
2578 3449 2686 3505 inc.
2721 3446 2879 3505 Dom.
2919 3447 3079 3503 1101.
3114 3446 3202 3503 die
3236 3444 3561 3503 festivitatis
3599 3456 3791 3503 sanetae

2197 3541 2433 3609 Ceciliae,
2464 3550 2657 3598 ventus
2683 3540 2977 3595 vehemens
2997 3538 3392 3594 Normauniam
3429 3538 3684 3607 intravit,
3707 3537 3792 3607 qui

2200 3634 2336 3689 adeo
2377 3633 2672 3689 vehemens
2708 3630 2832 3695 fuit,
2871 3639 2931 3686 ut
2982 3630 3218 3703 quedam
3257 3629 3478 3686 editicia
3522 3630 3791 3691 straverit,

2201 3727 2367 3783 silvas
2394 3726 2677 3807 autcm'ita
2692 3724 3076 3791 dcvastavcrit,
3101 3734 3163 3780 ιιι
3180 3723 3343 3779 etiam
3368 3738 3622 3779 annosus
3642 3736 3795 3793 quer-

2200 3834 2300 3875 cus
2328 3834 2437 3875 non
2459 3818 2738 3890 aliquibus
2760 3831 2822 3874 ut
2843 3820 3048 3874 assolet
3075 3818 3133 3874 in
3168 3817 3326 3883 locis,
3358 3816 3458 3872 sed
3499 3826 3677 3873 totam
3704 3814 3791 3871 sil-

2200 3926 2345 3977 vam,
2373 3910 2506 3967 dum
2534 3911 2633 3967 hec
2658 3919 2813 3967 eruta
2844 3909 3001 3967 alteri
3031 3909 3234 3977 innisa,
3258 3909 3394 3964 'eam
3422 3909 3518 3964 cui
3547 3907 3794 3963 innititur

2200 4007 2403 4079 frangit
2421 4017 2477 4064 ct
2504 4007 2709 4077 dejieit,
2733 4006 2803 4062 ab
2833 4006 2960 4063 inus
2979 4004 3258 4062 radicibus
3279 4003 3512 4060 eruerit.
3546 4002 3679 4059 Fuit
3700 4018 3791 4056 au-

2201 4111 2309 4155 tem
2357 4100 2505 4156 circa
2547 4099 2787 4155 mediam
2829 4107 3066 4166 noctem,
3104 4107 3162 4153 et
3196 4097 3419 4153 duravit
3461 4095 3583 4152 fere
3632 4109 3791 4162 usque.

2200 4194 2268 4249 ad
2290 4193 2432 4249 diem
2468 4191 2727 4260 mediam,
2756 4207 2857 4247 nec
2892 4189 3190 4262 aliquando
3217 4188 3568 4259 temporibus
3596 4199 3791 4242 nosms

2201 4284 2513 4356 hujusmodi
2537 4293 2735 4341 ventus
2783 4283 3004 4340 auditus
3050 4291 3157 4348 est,
3203 4296 3567 4353 quocumque
3620 4281 3789 4335 irruat.

2201 4378 2277 4433 ita
2305 4377 2490 4432 omnia
2514 4376 2969 4448 pessumdederit.

504 4465 617 4514 tur.
650 4458 848 4513 Actum
875 4458 1089 4513 esthoc
1113 4471 1262 4512 anno
1275 4457 1344 4512 ab
1368 4456 1478 4511 inc.
1502 4455 1661 4511 Dom.
1692 4456 1848 4512 1099.
1873 4457 1926 4512 4.
1952 4456 2070 4511 Non

2275 4470 2435 4525 Anno
2469 4443 2540 4526 ab
2589 4471 2703 4527 inc.
2739 4469 2898 4525 Dom.
2933 4467 3096 4535 “0‘2,
3123 4466 3414 4522 ordinatus
3458 4475 3549 4522 est
3592 4467 3649 4521 in
3683 4467 3789 4535 epi-

506 4549 733 4621 Aprilis,
761 4549 818 4604 4.
843 4548 1001 4617 feria,
1032 4549 1085 4603 5.
1111 4549 1200 4604 die
1231 4548 1589 4618 depositionis
1620 4548 1770 4620 (2%)
1796 4551 1954 4605 bona:
1976 4566 2094 4606 me-

509 4641 702 4697 moria:
725 4649 896 4711 patris
917 4639 1154 4697 ltodulti.
1187 4641 1250 4694 At
1279 4655 1406 4697 veto
1430 4640 1739 4709 sepulcrum
1766 4642 1936 4711 patris
1957 4657 2066 4713 pra:

508 4733 644 4790 dicti
687 4733 973 4805 diligenter
1006 4733 1253 4791 clausum
1283 4743 1337 4790 ct
1381 4732 1765 4790 bituminatum
1806 4743 1909 4802 est,
1952 4747 2005 4791 et
2044 4737 2092 4791 ei

509 4825 695 4883 tabula
712 4840 1020 4882 marmorea
1044 4824 1298 4896 imposita
1314 4836 1420 4892 est,
1443 4836 1494 4881 et
1521 4824 1649 4896 quia
1663 4837 1744 4883 est
1763 4844 1813 4880 ιιι
1846 4828 2092 4899 ingressu

510 4917 686 4985 chori,
718 4928 845 4975 ante
866 4920 1039 4977 altare
1061 4919 1270 4977 scilicet
1300 4920 1472 4976 sancti
1501 4919 1801 4991 Benedicti,
1843 4934 1901 4977 ut
1941 4922 2029 4977 tibi
2062 4940 2094 4978 a

509 5009 771 5075 mandato
796 5012 1070 5068 cotidiano
1108 5010 1309 5069 fratres
1337 5013 1631 5069 redeuntes
1655 5025 2094 5085 prosternamur,

2204 4577 2429 4633 scopum
2458 4561 2800 4618 Anicieusem
2822 4559 3050 4616 Pontius
3082 4559 3239 4617 Casa!
3266 4558 3364 4614 Dei
3380 4559 3583 4625 abbas,
3620 4567 3677 4616 et
3703 4557 3793 4612 ab-

2204 4655 2406 4710 batiam
2444 4654 2599 4710 Casa:
2629 4653 2725 4709 Dei
2750 4652 3156 4724 procurandam
3181 4652 3425 4721 suscepit
3443 4650 3791 4723 Aymerieus.

2204 4744 2441 4816 Legatus
2461 4759 2684 4816 quoque
2718 4744 2775 4799 in
2813 4744 3181 4812 Burgundiam
3211 4750 3267 4797 et
3303 4740 3606 4796 Frauciam
3657 4739 3789 4793 dirc-

2202 4852 2327 4896 ctus
2373 4852 2457 4897 est
2493 4838 2799 4895 itit-hamus
2860 4834 3188 4895 Albancnsis
3241 4835 3565 4906 cpiscopus,
3625 4834 3795 4905 primo

2202 4935 2377 4997 sancti
2407 4932 2669 5002 Stephani
2694 4929 2973 4986 Mettensis
2999 4929 3246 4991 ccclesim
3270 4928 3355 4985 dtu
3374 4942 3542 4982 unus.

928 5234 963 5253 -
1019 5164 1429 5256 SEBIES
1499 5123 2091 5263 Αιςιιιιτυιῐῖ

2197 5123 3272 5281 ῐᾏνιΝιΑριιΝειυΜ.

583 5332 600 5347 .
645 5329 660 5345 .
705 5331 722 5346 .
764 5331 780 5346 .
824 5331 840 5346 .
877 5291 949 5323 ⁸η
978 5289 1288 5362 Gayroinus
1320 5294 1615 5365 episcopus
1633 5299 1922 5368 successit,
1951 5310 2006 5356 ct
2036 5304 2117 5361 iu.

412 5440 428 5455 ,
509 5384 857 5454 expeditione
897 5385 1246 5455 imperatoris
1276 5385 1414 5441 obiit
1447 5386 1485 5442 2
1521 5385 1663 5443 Non.
1692 5387 1823 5445 Julii
1866 5366 1969 5448 issi
1994 5366 2119 5449 in--

2228 5277 2569 5377 Jlanasscs
2609 5277 3110 5371 onlinatanabbas
3160 5293 3310 5349 dono
3355 5289 3582 5360 Pippini
3637 5302 3785 5356 regis.

2197 5394 2296 5449 llic
2319 5407 2522 5463 corpus
2559 5389 2737 5456 sancti
2773 5388 3016 5463 Bravjeeti
3051 5403 3081 5441 a
3122 5384 3385 5441 \‘olnvico
3409 5382 3657 5438 relatum
3675 5380 3785 5435 ηι-

484 5479 643 5563 Adi“.
676 5479 761 5535 i3.
1176 5547 1183 5552 ,
2197 5483 2501 5542 viuiaccusi
2534 5481 2779 5542 ecclesia-
2810 5477 3444 5561 iltgtbll.'MOI‘iltlr.illtnO
3480 5472 3598 5529 787
3620 5467 3789 5544 {789.}

1818 5578 2052 5635 νΑιιιΑε
2107 5576 2529 5649 ιιῖοτᾼιοκιξδη
2848 5612 2977 5649 ,ολ-πε
3025 5581 3031 5619 ῗ
3073 5600 3117 5643 ῑε

581 5641 650 5677 διο
690 5641 822 5710 Quae
846 5645 1170 5716 prrscedunt,
1202 5646 1517 5718 investigare
1545 5649 1694 5704 nulla
1721 5652 1929 5704 ratione
1951 5650 2236 5704 valuimus.
2262 5647 2460 5701 Labbe.
2518 5642 2529 5715 ἶ
2694 5641 2697 5645 ’
2728 5641 2735 5649 ’
2764 5642 2773 5649 ’
2848 5644 2853 5649 ’
2895 5641 2901 5649 ’
2944 5644 2948 5649 ’
3029 5699 3077 5719 μ,
3112 5641 3117 5643 ’
3742 5670 3791 5697 ν.

581 5784 731 5858 (225)
773 5784 992 5845 Scilicet
1022 5790 1232 5860 primae,
1263 5798 1387 5873 ante
1415 5790 1585 5847 altare
1622 5791 1679 5846 S.
1720 5790 1951 5847 Firmini
2327 5786 2445 5858 ipso
2468 5787 2556 5844 die
2579 5787 2785 5843 obitus.
