3878 6310
99 355 179 412 εοι
1278 348 1692 421 canonicos.
1731 397 1798 406 —
1839 365 1965 423 LIB.
2008 365 2071 423 u.
3229 384 3336 441 ωε

99 467 191 523 iud.
219 465 295 561 l5}
327 474 378 521 et
406 474 529 561 post
555 482 682 561 eum
710 467 774 502 “‘
802 468 1129 529 Adalbertus
1149 475 1463 533 'ordinatur.
1499 477 1644 534 Obiit
1671 483 1718 541 A
1741 479 1986 538 ecclesia:
2013 480 2250 538 Rainoni
2282 483 2463 538 abbati
2501 483 2843 558 Magabrensi
2870 492 3165 561 commisit,
3195 504 3333 553 tem-

97 573 216 614 illlllO
256 557 407 656 L-et
452 555 634 616 Zaclio
678 562 965 656 successit,
1016 564 1296 656 ordinatus
1343 564 1462 623 Kal.
1508 566 1635 624 Maii
1738 588 1870 656 pore
1913 571 2130 631 Rodulii
2188 576 2332 647 regis
2386 575 2483 631 [iiii
2542 555 2800 636 Richardi
2855 555 3169 643 Justitiarii.
3208 587 3332 656 Quo

97 648 613 723 (23.4),ethicquarto
634 667 779 707 anno
805 654 1005 710 obiit7.
1032 654 1158 712 ldus
1186 656 1312 713 Maii
1338 660 1450 729 (an.
1485 659 1631 732 793).
1734 653 2050 733 decedente,
2087 664 2417 723 Wichardus
2460 669 2723 738 succedit,
2759 673 2889 729 etei
2931 675 3169 735 domnus
3199 648 3329 735 ξυι-

93 740 320 840 Alcuinus
345 749 468 813 post
490 742 647 840 hunc
675 745 941 840 successit
983 747 1154 820 (796),
1196 749 1227 804 7
1257 765 1403 808 anno
1426 751 1635 823 Apolli-
1734 756 1955 813 cherius
1983 766 2227 831 tempore
2253 757 2516 816 Ludovici
2555 760 2651 816 ﬁlii
2682 760 2863 820 Garoli
2901 766 3198 840 Simplicis.
3229 770 3330 830 Hic

94 832 190 935 nari
219 831 401 935 sedent
430 833 664 935 reliquit.
684 837 1048 935 donoAKaroii
1084 840 1428 913 imperatoris
1458 843 1627 915 (803).
1734 845 2169 922 Hierosolymam
2193 849 2469 922 prolectus
2494 869 2640 909 anno
2661 855 2807 911 dom.
2843 857 2950 913 inc.
2976 831 3080 916 9h
3134 861 3324 935 indict,

92 922 303 989 Quantus
348 923 457 992 bic,
517 927 767 996 qualisve
828 928 1013 999 fuerit,
1072 932 1287 1002 publica
1349 936 1633 991 continent
1732 938 1789 1009 2,
1832 950 2041 1012 partem
2072 942 2210 998 clavi
2239 942 2455 1000 Domini
2484 956 2538 1001 et
2572 948 2950 1017 portiunculas
2978 951 3161 1009 crucis
3185 922 3324 1026 ejus;

91 1024 242 1086 gesta;
277 1016 414 1071 obiit
451 1025 694 1089 tempore
738 1019 1001 1079 Ludovici
1044 1022 1392 1095 imperatoris
1439 1027 1625 1083 indict.
1733 1046 1887 1087 zona:
1930 1041 1984 1088 et
2029 1032 2258 1100 sudarii,
2290 1034 2475 1090 baculi
2518 1016 2738 1109 quoque
2766 1041 3074 1111 apportavit
3104 1016 3327 1101 suae'ec-

91 1107 134 1176 l,
151 1105 257 1174 826,
286 1116 337 1163 et
364 1118 583 1165 mortuo
604 1108 836 1183 Vigilius
858 1116 1143 1171 successit.
1176 1115 1314 1173 Huic
1337 1134 1483 1175 anno
1500 1120 1626 1188 839,
1731 1123 1931 1180 ειρδὶεε.
1960 1122 2120 1180 Rexit
2139 1125 2303 1180 etiam
2325 1105 2709 1186 Divionensem
2732 1105 3039 1189 ecclesiam.
3069 1132 3327 1193 Sanctam

90 1197 386 1254 Adrevaldus
408 1202 693 1268 successit,
726 1211 781 1258 et
805 1205 967 1262 tertio
988 1222 1134 1264 anno
1166 1208 1321 1263 obiit.
1350 1207 1629 1296 Marianos
1731 1230 1953 1288 quoque
1991 1215 2346 1274 Paschasiam
2389 1216 2787 1280 Flaviniacensi
2835 1225 3017 1281 intulit
3057 1227 3324 1296 ecclesiae,

90 1290 456 1390 successit
484 1293 596 1390 iud.
619 1293 672 1362 8,
697 1304 752 1351 et
784 1295 1021 1355 Wlfaido
1049 1299 1232 1356 sedem
1255 1288 1628 1373 reliquit.Quo
1731 1308 1967 1364 mediam
1998 1308 2205 1366 scilicet
2239 1318 2448 1381 partem
2500 1314 2748 1384 corporis
2774 1317 2914 1386 ejus.
2955 1314 3101 1374 Obiit
3129 1288 3327 1390 quarto

89 1382 335 1452 migrante,
365 1381 625 1442 Warinus
665 1402 851 1445 comes
886 1389 1034 1446 dono
1062 1390 1408 1462 imperatoris
1442 1391 1627 1450 Karoli
1730 1397 2002 1456 Kalendas
2033 1399 2180 1468 Maii,
2210 1416 2357 1458 anno
2376 1402 2503 1469 955,
2533 1381 2889 1463 et—succes'sit
2916 1407 2968 1464 ei
2997 1405 3124 1465 Milo
3144 1381 3327 1482 blega-

87 1472 397 1541 prmfuitviee
439 1475 675 1576 abbatis,
714 1486 769 1533 et
809 1479 915 1535 sub
945 1495 1013 1536 eo
1048 1480 1304 1540 Sarull'us
1338 1482 1623 1554 diaconus,
1729 1492 1966 1550 brensis.
2018 1491 2308 1576 Romundo
2352 1496 2620 1567 migrante
2660 1514 2807 1554 anno
2851 1499 2957 1554 968
2991 1502 3177 1559 indict.
3233 1472 3322 1573 Ῑι,

87 1576 128 1621 et
167 1578 274 1639 post
312 1584 436 1627 eum
488 1568 764 1628 Gozserus
808 1572 980 1630 abbas
1032 1576 1320 1633 successit.
1361 1576 1484 1645 Quo
1525 1577 1624 1634 de-
1729 1583 2007 1641 Gerardus
2046 1568 2333 1642 successit.
2376 1585 2505 1642 Milo
2538 1588 2709 1644 abbas
2758 1587 2988 1646 Romam
3024 1568 3322 1663 profectus,

87 1658 254 1727 iuncto,
286 1660 434 1734 liugo
465 1664 735 1721 successit
785 1665 851 1721 l6
888 1682 1036 1724 anno
1064 1666 1280 1737 Karoli;
1314 1677 1369 1726 et
1402 1670 1455 1727 ei
1493 1685 1623 1727 suc-
1729 1678 2071 1753 privilegium
2117 1697 2148 1736 a
2205 1680 2500 1738 Benedicto
2559 1697 2697 1754 papa
2767 1658 3043 1742 obtinuit:
3086 1658 3327 1743 Gerardo

86 1753 218 1851 cessit
235 1763 448 1812 sanctus
476 1754 650 1828 Bygii.
700 1760 1050 1829 postmodum
1086 1760 1419 1820 Senonensis
1438 1762 1627 1825 archi-
1729 1770 1974 1851 pontiﬁci
2003 1770 2241 1829 Eduensi
2285 1772 2521 1830 domnus
2559 1753 2835 1831 Walterus
2880 1777 3150 1835 successit
3182 1793 3328 1834 anno

93 1845 359 1917 cpiscopus,
389 1850 483 1919 qui
537 1865 739 1922 corpus
788 1862 993 1909 sancta:
1042 1852 1264 1925 Reginae
1325 1858 1624 1913 transtulit.
1664 1852 1705 1907 Β
1730 1845 1853 1918 978.
1883 1845 1994 1919 ind.
2028 1863 2082 1919 6.
2112 1863 2210 1920 llic
2233 1862 2493 1921 defuncto
2531 1864 2751 1933 Milone,
2793 1865 3029 1924 Roberto
3054 1867 3329 1926 Flavinia-

88 1934 197 1991 lluic
216 1938 368 1994 etiam
400 1938 667 2012 Sigardus
706 1943 951 2001 succedit
980 1953 1034 2000 et
1059 1945 1112 2011 5,
1143 1960 1290 2001 anno
1321 1945 1626 2019 Wolfardo,
1730 1967 1949 2008 censem
2002 1952 2226 2010 tradidit
2266 1952 2595 2022 ecclesiam;
2654 1955 2749 2026 qui
2799 1965 2967 2011 totam
3022 1972 3167 2025 eam,
3219 1959 3330 2015 nisi

87 2026 301 2086 Ludovici
338 2030 381 2084 Π
411 2032 765 2104 imperatoris
799 2035 1038 2102 sororio,
1083 2035 1229 2092 dono
1262 2036 1508 2109 ejusdem
1538 2054 1627 2095 se-
1729 2053 1955 2099 cautum
1994 2055 2159 2112 esset,
2208 2046 2673 2116 pessumdedisset
2708 2048 3015 2104 ecclesiam.
3050 2048 3336 2121 Expulsus

85 2118 183 2175 dem
201 2123 422 2194 reliquit.
466 2122 645 2196 Cujus
689 2124 1059 2183 ordinationis
1098 2143 1245 2184 anno
1277 2130 1627 2187 3consecra-
1728 2135 1874 2192 enim
1927 2136 1995 2192 de
2049 2137 2288 2205 abbatia,
2338 2138 2469 2210 quia
2516 2149 2633 2193 erat
2681 2141 3029 2211 propinquus
3070 2118 3328 2198 Landrici

86 2212 146 2267 tio
168 2213 573 2274 Flaviniacensis
596 2218 845 2275 ecclesiae
880 2230 1002 2277 acta
1025 2228 1111 2277 est
1144 2238 1177 2277 ει
1207 2219 1459 2279 Johanne
1488 2239 1627 2296 papa
1728 2228 1946 2286 comitis
1985 2225 2362 2298 Nivernensis,
2422 2230 2753 2288 commissus
2811 2239 2897 2288 est
2945 2232 2995 2287 ei
3049 2232 3327 2303 prioratus

84 2311 127 2357 et
157 2303 212 2358 l8
235 2302 521 2377 episcopis,
545 2320 692 2364 anno
721 2306 828 2364 878
863 2308 975 2364 ind.
1004 2308 1089 2365 llr.
1117 2309 1241 2377 Quo
1281 2312 1449 2368 etiam
1478 2328 1626 2368 anno
1729 2318 1876 2375 cellae
1899 2317 2235 2387 Corbiniaei,
2284 2329 2339 2375 et
2385 2314 2676 2376 Heldricus
2709 2318 3091 2377 Cluniacensis
3132 2335 3329 2382 mona-

86 2397 278 2452 moritur
303 2396 617 2455 Ludovicus
639 2400 959 2472 imperator,
981 2411 1037 2458 et
1064 2401 1467 2461 Karlomannus
1501 2420 1627 2460 suc-
1728 2409 1867 2465 chus
1896 2410 2067 2467 abbas
2102 2410 2432 2484 subrogatus
2451 2421 2553 2469 est.
2587 2410 2859 2469 Robertus
2878 2427 3012 2469 vero
3033 2411 3325 2469 Corbinia-

85 2490 232 2546 cessit.
263 2488 392 2549 Post
432 2491 555 2547 haec
594 2492 927 2564 Adalgarius
967 2495 1259 2567 episcopus
1294 2495 1564 2553 Eduensis
1594 2512 1625 2552 a
1728 2514 1852 2554 cum
1880 2501 2127 2567 veniens,
2160 2501 2226 2557 de
2256 2516 2323 2556 eo
2358 2516 2419 2557 se
2447 2501 2699 2558 abbatem
2742 2503 2928 2559 vocari
2970 2502 3117 2559 fecit.
3149 2501 3229 2558 Ex
3259 2518 3331 2559 co

85 2579 247 2639 iiarolo
284 2582 545 2655 Simplice
578 2589 757 2655 primo
793 2602 941 2643 anno
962 2588 1118 2660 regni
1146 2588 1268 2659 ejus
1304 2588 1409 2645 sub
1438 2587 1627 2645 Odone
1730 2590 2113 2648 Corbiniacus'
2149 2593 2367 2648 abbatia
2421 2594 2641 2649 dicitur.
2682 2591 2831 2651 Obiit
2863 2594 3150 2653 Heldricus
3179 2612 3325 2652 anxio

83 2671 308 2730 abbatiam
344 2676 674 2748 perquisivit
714 2685 769 2732 et
815 2677 1074 2745 obtinuit,
1106 2688 1161 2735 et
1192 2679 1262 2734 ab
1292 2680 1397 2736 hoc
1425 2697 1457 2736 a
1485 2697 1625 2752 papa
1725 2683 1873 2739 dom.
1921 2683 2030 2739 inc.
2087 2683 2246 2751 lilio,
2301 2692 2356 2740 et
2403 2684 2676 2741 Amedeus
2702 2687 2990 2755 successit,
3043 2698 3100 2743 et
3127 2687 3323 2743 cellam

86 2762 275 2822 Romam
319 2768 604 2836 invitatus,
634 2770 692 2825 in
729 2770 924 2826 itinere
961 2769 1098 2826 obiit
1139 2769 1431 2839 Trenortii,
1479 2789 1625 2830 anno
1724 2773 2037 2830 Corbiniaei
2081 2775 2441 2845 recuperavit.
2482 2775 2848 2833 Colticensem
2876 2778 3041 2834 etiam
3072 2787 3127 2835 et
3155 2776 3320 2834 Sine-

82 2856 252 2923 eodem,
284 2860 490 2917 scilicet
521 2860 656 2929 893;
690 2869 745 2917 et
771 2862 876 2918 sub
919 2877 988 2917 eo
1014 2860 1263 2933 Aquinas
1298 2865 1624 2935 praepositus
1727 2881 2039 2925 murensem
2063 2876 2121 2923 et
2141 2864 2552 2925 Bellilocensem
2575 2868 2742 2925 cellas
2764 2868 3022 2937 instituit,
3053 2878 3110 2925 et
3137 2870 3324 2926 multa:

84 2948 178 3004 iuit.
225 2992 239 3008 .
284 2993 297 3006 .
351 2995 365 3008 .
417 2994 432 3009 .
478 2995 496 3007 .
544 2994 557 3007 .
604 2993 618 3007 .
662 2994 677 3021 _.
720 2993 737 3009 .
778 2994 793 3008 .
838 2996 852 3011 .
894 2995 908 3008 .
954 2996 969 3010 .
1014 2997 1028 3009 .
1074 2997 1088 3010 .
1135 2996 1147 3009 .
1191 2995 1208 3012 .
1253 2996 1267 3010 .
1310 2997 1324 3011 .
1370 2997 1383 3010 .
1429 2997 1444 3011 .
1487 2996 1501 3011 .
1547 2998 1560 3012 .
1606 2998 1619 3011 .
1725 2952 2165 3014 authoritatis‘et
2199 2956 2483 3029 dignitatis
2509 2958 2666 3027 obiit,
2716 2967 2772 3015 et
2817 2961 2992 3031 Aymo
3033 2961 3330 3027 successit,

310 3086 379 3100 ..
422 3085 440 3102 .
483 3086 499 3100 .
544 3086 559 3101 .
605 3088 619 3101 .
666 3088 680 3101 .
726 3088 739 3101 .
783 3087 852 3101 ..
898 3087 969 3103 ..
1014 3088 1029 3102 .
1072 3088 1145 3103 ..
1190 3088 1204 3104 .
1251 3089 1265 3103 .
1312 3089 1325 3103 .
1368 3090 1383 3103 .
1430 3090 1444 3103 .
1488 3090 1501 3103 .
1546 3090 1617 3104 ..
1725 3048 2578 3120 sedculpatusdesimonia,in
2619 3048 3206 3124 manuLeonispapae
3246 3051 3318 3107 1x

84 3171 95 3185 .
130 3174 140 3187 .
173 3172 186 3189 .
219 3175 237 3190 .
276 3178 290 3191 .
327 3136 590 3199 Ricllardi
619 3139 778 3197 ducis
799 3154 1142 3198 successore.
1180 3178 1199 3195 .
1244 3180 1258 3195 .
1300 3179 1316 3196 .
1353 3140 1618 3209 ordinari,
1650 3194 1689 3214 η
1725 3142 1935 3214 virgam
1967 3142 2295 3213 pastoralem
2337 3141 2568 3210 dimisit,
2603 3153 2659 3199 et
2694 3141 2856 3200 Odol
2902 3143 3156 3202 Aremari
3191 3160 3313 3201 mo-

80 3241 206 3296 quem
230 3194 497 3287 ordinavit
521 3194 858 3305 Argrimus‘a
1161 3194 1618 3307 papa
1648 3194 1689 3253 α
1967 3194 2311 3290 ’ἶιῖὸῌεῖιῖἶε
2344 3194 2670 3301 successit,
2705 3194 2805 3290 *ἐξ
2871 3245 2998 3306 post
3045 3235 3083 3291 2
3146 3250 3323 3292 annos

81 3320 202 3375 nensi
228 3322 537 3395 episcopatu
574 3323 877 3396 depositus,
915 3324 1012 3381 sed
1036 3340 1067 3380 a
1101 3324 1368 3382 Formosa
1406 3335 1619 3384 restau-
1721 3324 1896 3381 Odoni
1931 3323 1976 3379 ll
2023 3324 2205 3381 sedem
2232 3324 2470 3396 reliquit,
2497 3323 2753 3381 Elmuino
2796 3325 3324 3385 sedem‘Eduensem

80 3421 201 3470 ratus
222 3416 272 3470 in
298 3415 672 3490 Lugdunensi,
695 3434 819 3475 cum
846 3415 956 3473 non
992 3419 1219 3475 haberet
1238 3420 1488 3490 pallium,
1520 3436 1621 3477 nec
1721 3426 2076 3489 procurante,
2096 3419 2105 3424 ‘
2124 3417 2219 3489 qui
2258 3418 2426 3473 etiam
2461 3417 2874 3485 Corbiniacum,
2899 3419 3029 3490 quia
3052 3428 3182 3478 tunc
3210 3436 3326 3477 non

80 3506 342 3564 restitutam
371 3510 694 3583 dignitatem
718 3525 827 3581 qua
861 3519 1046 3581 posset
1073 3510 1393 3582 episcOpum
1421 3527 1620 3568 conse-
1724 3510 1987 3577 habebat,
2014 3519 2220 3566 nostra:
2247 3510 2485 3579 reddidit
2510 3510 2785 3577 ecclesiae;
2825 3512 2918 3566 ubi
2943 3527 3070 3568 cum
3099 3526 3326 3584 proces-

79 3610 221 3667 crare,
252 3611 302 3657 et
338 3603 742 3660 contradiceret
788 3603 1122 3659 ordinationi
1159 3619 1227 3660 ex
1270 3613 1425 3675 parte
1468 3619 1621 3676 papae
1723 3604 1881 3659 sione
1916 3602 2061 3659 facta
2088 3604 2463 3675 susciperetur
2491 3618 2523 3657 a
2546 3602 2852 3671 monachis,
2879 3604 2935 3660 in
2969 3605 3323 3675 processione

80 3685 330 3752 Tctbaldus
358 3692 729 3767 Lingonensis
761 3693 1071 3766 episcopus.
1112 3694 1479 3763 Quamobrem
1512 3696 1618 3752 Ar-
1722 3695 1909 3753 minus
1957 3704 2115 3752 caute
2159 3695 2371 3765 virgam
2426 3696 2791 3766 pastoralem,
2838 3712 3004 3767 quam
3048 3695 3323 3754 Robertus

80 3783 272 3851 grimum
326 3788 630 3847 Formosus
684 3791 1194 3863 inrecuperabiliter
1247 3792 1503 3863 deposuit
1568 3802 1621 3847 et
1722 3787 2027 3846 diabolicus
2070 3789 2303 3859 laqueus
2359 3787 2647 3856 habuerat,
2683 3789 2945 3859 suscepit,
2987 3805 3019 3845 a
3059 3788 3331 3847 fratribus

83 3876 319 3940 Walonem
363 3901 492 3941 cum
537 3884 868 3954 fautoribus,
917 3886 972 3942 id
1019 3894 1104 3942 est
1145 3883 1443 3952 Richardo,
1503 3884 1620 3941 Ma-
1722 3882 1926 3937 nostris
1974 3881 2027 3936 id
2075 3879 2302 3937 omnino
2342 3880 2822 3950 calumniantibus,
2850 3889 2906 3937 et
2927 3882 2999 3937 ob
3026 3881 3080 3938 id
3104 3882 3173 3938 de
3200 3897 3330 3953 pro-

82 3985 209 4028 nasse
238 3984 290 4031 et
325 3975 575 4048 reliquis,
617 3991 718 4048 pro
755 3976 1039 4032 invasione
1061 3974 1306 4032 ecclesia:
1344 3973 1619 4030 Flavinia-
1724 3972 1989 4029 cessionis
2028 3973 2264 4029 statione
2304 3972 2702 4031 recedentibus.
2737 3973 2853 4030 Hac
2874 3974 3040 4047 igitur
3060 3974 3128 4032 de
3157 3989 3327 4032 causa

81 4065 226 4121 censis
252 4067 769 4125 excommunicavit.
810 4067 967 4123 Walo
1001 4076 1185 4123 tamen
1233 4066 1482 4123 saeculari
1524 4082 1623 4136 po-
1724 4064 2184 4123 invalescentibus
2213 4065 2487 4124 mandatis
2511 4066 2847 4135 apostolicis,
2888 4082 2959 4124 ne
2991 4066 3118 4138 quis
3153 4067 3324 4123 abbas

83 4155 213 4210 tentia
237 4156 432 4226 fultus,
461 4158 847 4230 episcopatum
876 4157 1134 4225 obtinuit,
1164 4165 1221 4213 et
1243 4156 1413 4214 abbas
1439 4156 1622 4211 Flavi-
1723 4153 1863 4210 duas
1916 4154 2160 4211 obtineat
2209 4155 2482 4223 abbatias,
2541 4165 2833 4213 accusatus
2888 4158 2959 4213 ab
3001 4158 3210 4216 eisdem
3268 4160 3332 4215 in

80 4246 309 4309 niacensis
358 4252 540 4311 factus
597 4270 631 4310 a
668 4270 728 4311 se
756 4254 876 4325 ipso
915 4262 1290 4311 casamentum
1328 4268 1427 4309 sua
1456 4268 1622 4309 manu
1724 4245 1957 4303 concilio
1990 4245 2392 4316 Exoldunensi,
2424 4248 2584 4319 quasi
2617 4248 2713 4318 qui
2736 4257 2926 4305 contra
2952 4247 3169 4306 decreta
3192 4265 3330 4321 apo—

82 4340 290 4411 retinuit,
340 4356 395 4403 ει
438 4347 546 4404 sub
582 4362 643 4403 se
683 4346 972 4404 οὼεηιιω
1014 4349 1368 4420 praepositum
1412 4347 1622 4405 consti-
1726 4338 1918 4397 stolica
1947 4338 2163 4396 duabus
2183 4339 2729 4410 prmessetecclesiis,
2753 4339 2968 4412 virgam
2988 4340 3330 4408 reddidit,et

78 4428 174 4484 iuit.
196 4430 277 4490 Sic
296 4450 389 4506 per
408 4436 584 4493 multa
610 4452 883 4493 annorum
903 4437 1177 4493 curricula
1198 4437 1409 4508 absque
1430 4437 1609 4493 abbati

1794 4431 1991 4502 quisita
2030 4430 2246 4502 justitia
2271 4430 2340 4488 de
2366 4431 2502 4489 cella
2540 4446 2666 4500 sua,
2714 4431 2770 4488 id
2806 4439 2892 4490 est
2916 4429 3088 4489 fundo
3134 4431 3325 4487 Flavi-

80 4516 159 4576 l‘uit
193 4522 610 4590 Flaviniacensis
659 4529 911 4585 ecclesia.
965 4527 1056 4585 Sic
1104 4530 1269 4586 etiam
1314 4540 1627 4586 casamenta
1661 4538 1705 4594 ί)
1730 4523 2006 4582 niacensis
2035 4523 2301 4593 ecclesiae,
2353 4524 2490 4580 nihil
2532 4523 2787 4581 obtinuit.
2820 4522 3074 4580 Ermino
3110 4523 3333 4579 tandem

79 4614 298 4684 ecclesia,
339 4620 471 4677 dum
517 4620 623 4677 sibi
656 4620 901 4679 vicissim
950 4621 1252 4678 succedunt
1276 4662 1292 4687 ,
1337 4621 1624 4692 pontiﬁces
1730 4617 1988 4688 episcopo
2026 4617 2342 4687 decedente,
2385 4634 2515 4676 cum
2558 4619 2616 4675 in
2658 4620 2978 4692 Aganonem
3021 4618 3332 4676 communis

81 4702 313 4769 Etuenses
341 4714 398 4770 in
425 4730 529 4772 sua
558 4714 831 4772 divisione
869 4716 1243 4772 obtinuerunt.
1272 4715 1403 4773 Post
1426 4714 1623 4773 Otber-
1732 4710 2092 4780 processisset
2116 4711 2331 4779 electio,
2358 4711 2570 4767 curiam
2606 4712 2750 4783 regis
2780 4710 3121 4767 Francorum
3165 4707 3333 4764 Hein-

79 4803 168 4853 ium
193 4804 487 4873 pral'atum,
540 4805 826 4864 Girfredus
866 4808 934 4863 de
977 4816 1154 4864 mone
1196 4807 1471 4882 Adalgarii
1502 4810 1622 4864 cu]-
1731 4802 1881 4856 ricus
1908 4803 2080 4858 abbas
2115 4802 2268 4869 adiit,
2299 4802 2527 4859 auribus
2559 4803 2724 4874 regiis
2745 4802 3144 4873 querimoniam
3172 4816 3330 4857 suam

79 4898 224 4959 Datus,
254 4895 345 4951 sed
372 4896 584 4968 judicio
614 4898 998 4969 episcoporum
1033 4907 1317 4969 purgatus,
1349 4897 1623 4969 praelatio-
1730 4895 2056 4965 propalavit,
2085 4905 2140 4951 et
2161 4895 2492 4966 procedente
2512 4893 2725 4965 justitia
2748 4901 2973 4949 coactus
3003 4901 3088 4948 est
3108 4893 3328 4965 episco-

79 4992 176 5037 nem
198 4984 421 5044 obtinuit
446 5007 460 5044 :
510 4989 601 5045 cui
639 4988 908 5045 successit
948 4987 1197 5061 Raingus
1232 5003 1446 5062 magna;
1471 4991 1622 5045 utili-
1731 5000 1834 5054 pus
1859 4994 2202 5041 sacramento
2225 4985 2448 5040 ﬁrmare
2470 4992 2549 5049 ut,
2575 4999 2702 5040 mox
2715 4992 2838 5053 post
2858 4983 3328 5039 consecrationem

79 5071 178 5129 latis
195 5086 241 5132 et
263 5078 583 5137 honestatis.
605 5077 753 5138 Obiit
772 5079 900 5137 ldus
926 5074 1071 5136 Maii.
1107 5079 1258 5136 Obiit
1272 5081 1437 5136 etiam
1464 5080 1625 5138 Walo
1734 5092 1915 5144 suam,
1947 5077 2043 5149 jus
2071 5092 2232 5133 suum
2256 5077 2582 5133 reformaret
2624 5074 3030 5132 Flaviniacensi
3058 5074 3329 5132 ecclesias.

78 5176 192 5223 anno
212 5169 311 5228 inc.
339 5171 496 5231 Dom.
529 5173 635 5229 915
688 5173 801 5230 iud.
832 5173 919 5230 l5.
970 5172 1214 5230 Herveus
1255 5173 1541 5242 successit,
1570 5183 1625 5230 et
1732 5167 1799 5226 Et
1842 5169 1975 5242 quia
2021 5170 2234 5227 abbatis
2290 5168 2717 5226 Flaviniacensis
2763 5177 2847 5225 est
2887 5167 3064 5240 prima
3108 5182 3217 5224 vox
3270 5167 3326 5222 in

78 5255 141 5310 sic
166 5260 422 5321 abbatiam
446 5266 552 5322 sibi
584 5266 777 5333 tenuit,
819 5275 876 5321 et
897 5267 1001 5322 sub
1033 5282 1093 5323 se
1119 5265 1449 5322 Gausarium
1478 5282 1620 5336 prae-
1729 5264 1993 5319 electione
2031 5263 2295 5333 episcopi,
2328 5276 2496 5331 quam
2526 5276 2719 5318 omnes
2756 5262 2959 5319 debent
2978 5260 3331 5325 conﬁrmare,

79 5342 215 5407 latum
257 5358 554 5415 constituit.
628 5356 839 5414 ﬂerveo
890 5357 1252 5413 nihilominus
1304 5357 1616 5425 decedente,
1729 5355 1784 5410 in
1816 5355 2057 5427 capitulo
2098 5352 2496 5409 Flaviniacensi
2532 5355 2757 5411 veniens
2777 5355 2985 5412 eiertus
3016 5352 3337 5425 episcopus,

81 5434 354 5504 Romilndus
375 5450 703 5507 substitutus
726 5460 828 5507 est.
853 5447 953 5505 llic
973 5465 1163 5507 curam
1192 5447 1620 5505 Flaviniacensis
1726 5447 1890 5505 ﬁdem
1945 5448 2074 5504 fecit
2131 5447 2186 5500 in
2238 5444 2432 5501 osculo
2477 5454 2670 5504 sancto
2714 5447 2977 5506 fratribus
3022 5444 3241 5519 pusillis
3276 5451 3332 5498 et

1361 5539 1594 5597 VARUE
1654 5539 2061 5598 LECTIONES.

133 5625 187 5658 “‘
380 5637 524 5705 apud
548 5636 743 5691 Labbe.

1553 5724 1782 5784 ΝΟΤᾹΞ.

142 5808 273 5883 (Ἠλὶ)
300 5817 331 5872 9
383 5817 502 5873 Kal.
534 5817 719 5888 Mart.,
748 5819 889 5874 Ann.
916 5816 1134 5874 Hann.
