3878 6310
504 338 610 394 5')?

1320 334 1378 388 Β.
1426 330 1838 389 WOLPHELMI
1877 329 2169 386 ABBATIS
2208 326 2875 386 BBUNWILLEBENSIS

3675 328 3764 382 ωε

507 451 576 505 ab
600 449 812 504 idoneis
837 445 1070 503 testibus
1094 445 1320 514 contigit
1345 445 1543 512 audiri,
1573 460 1668 499 seu
1697 443 1842 512 quod
1877 443 2085 512 aliquot
2112 456 2158 510 Α
2185 445 2258 498 rit
2285 445 2441 510 ﬁdes,
2467 453 2546 498 tot
2568 444 2854 499 nobiscum
2887 450 3108 497 exstant
3131 439 3313 498 idonei
3340 449 3530 507 testes,
3561 451 3691 512 quot
3710 460 3768 496 ex

506 543 667 598 annis
687 539 1121 598 ministrantibus
1150 539 1232 592 vel
1254 537 1558 594 astantibus
1585 537 1907 601 sibi,divina
1929 536 2087 592 nobis
2191 536 2337 594 illius
2370 534 2632 606 temporis
2665 535 2892 606 collegio
2926 533 3126 590 fratres
3164 550 3311 590 nunc
3344 548 3525 606 usque
3564 543 3769 589 manent

505 634 680 703 gratia
702 633 930 689 contulit
953 630 1169 686 intueri.
1205 627 1278 684 De
1301 628 1521 698 quibus,
1551 629 1596 684 si
1620 628 1784 683 ullius
1810 627 2087 684 haesitave-
2189 627 2528 695 superstites.

2263 815 3744 842 Μ

1633 969 2168 1087 INCIPIT
2227 968 2626 1088 VITA.

562 1202 615 1254 2.
655 1199 823 1270 Igitur
853 1196 1127 1267 gloriosus
1152 1194 1366 1250 Domini
1391 1192 1674 1249 confessor
1704 1189 2080 1262 Wolpbelmus

493 1291 548 1345 in
576 1287 901 1344 Ribuarensi
953 1286 1031 1359 (2)
1073 1300 1213 1355 pago
1256 1301 1321 1338 ex
1368 1283 1567 1338 illustri
1610 1283 1864 1353 prosapia
1901 1289 2077 1346 ortus,

489 1384 608 1448 Dei,
653 1397 874 1438 omnem
914 1381 1124 1450 justum
1169 1379 1408 1449 gratuito
1452 1377 1838 1443 illuminantis,
1872 1389 2079 1446 praeve-

488 1475 674 1529 niente
714 1472 887 1544 gratia
909 1514 924 1536 ,
961 1471 1162 1525 lineam
1201 1484 1478 1542 generosa:
1519 1468 1832 1539 propaginis
1867 1466 2084 1522 ornavit

487 1567 651 1621 titulo
681 1564 1007 1620 sanctitatis.
1041 1563 1146 1628 Qui
1175 1562 1370 1617 merito
1388 1561 1544 1631 juxta
1563 1559 1969 1630 etymologiam,
1999 1558 2083 1612 vel

489 1655 695 1708 idioma
720 1654 922 1722 linguae
948 1652 1186 1723 regionis
1230 1651 1396 1716 illius,
1427 1649 1733 1720 Woiphelm
1776 1648 1854 1718 (5)
1889 1649 2084 1719 digno-

488 1747 665 1800 scitur
705 1747 1028 1815 appellatus,
1061 1744 1319 1814 quoniam
1346 1758 1445 1812 pro
1471 1743 1666 1798 castris
1694 1741 1914 1796 Domini
1940 1757 2076 1796 con-

2186 1189 2332 1244 enim
2373 1189 2555 1259 potius
2609 1188 2788 1245 laudis
2835 1191 2956 1259 ejus
2995 1191 3208 1246 videtur
3233 1195 3525 1265 propagari
3569 1195 3772 1264 titulus,

2185 1281 2332 1351 quod
2368 1290 2480 1337 tam
2533 1283 2672 1337 bene
2713 1283 3014 1339 redolentis
3053 1285 3204 1340 floris
3247 1285 3487 1342 fructum
3518 1288 3593 1343 ad
3625 1292 3772 1346 totius

2185 1372 2443 1429 Ecclesiae
2487 1374 2656 1430 edidit
2703 1385 2905 1431 statum
2931 1419 2946 1442 ,
2998 1391 3166 1447 quam
3217 1378 3363 1448 quod
3405 1379 3772 1437 clarissimum

2183 1467 2490 1522 stemmatis
2513 1482 2754 1534 ramum,
2775 1468 2846 1524 ab
2865 1469 3156 1524 anteritate
3180 1469 3528 1540 dignoscitur
3553 1473 3774 1527 traxisse

2183 1556 2450 1625 priorum.
2482 1555 2657 1628 Magis
2687 1558 2925 1629 denique
2945 1557 3305 1630 Omnipotens
3335 1560 3774 1635 uniuscujusque

2183 1647 2449 1715 approbat
2473 1656 2732 1714 mentem,
2769 1665 2935 1720 quam
2963 1650 3353 1718 conditionem,
3376 1654 3516 1710 dum
3561 1655 3698 1711 liber
3719 1672 3775 1710 ac

2187 1753 2398 1804 servus,
2429 1755 2602 1795 unum
2647 1740 2892 1812 profecto
2918 1743 2975 1797 in
3025 1741 3260 1800 Domino
3287 1761 3509 1804 sumus.
3537 1746 3621 1802 Ea
3659 1763 3774 1803 vero

486 1845 574 1890 tra
617 1836 1082 1891 immanissimum
1121 1837 1334 1904 lupum,
1375 1835 1428 1889 id
1469 1843 1554 1889 est
1581 1832 1880 1898 diabolum,
1928 1832 2080 1902 galea
2113 1822 2158 1877 Β
2182 1831 2383 1899 solum,
2408 1842 2606 1903 praeter
2626 1847 2847 1890 omnem
2875 1835 3067 1892 mundi
3095 1837 3343 1908 gloriam,
3371 1837 3490 1896 Deo
3523 1842 3776 1912 probatur

488 1926 683 1982 salutis
715 1926 978 1994 munitus,
1006 1934 1124 1981 erat
1148 1940 1573 1996 congressurus;
1608 1923 1754 1994 quod
1780 1939 1946 1994 quam
1967 1922 2081 1977 eiii-

489 2020 712 2085 caciter,
743 2034 910 2090 quam
944 2027 1185 2085 strenue,
1214 2034 1315 2089 pro
1343 2034 1423 2085 re,
1449 2034 1549 2089 pro
1581 2028 1843 2088 tempore,
1869 2019 2079 2072 nomini

488 2108 823 2164 contendens
877 2109 1044 2178 gestis
1094 2124 1400 2179 congruere
1422 2151 1437 2174 ,
1475 2108 1747 2164 studuerit
1802 2121 2078 2173 exercere,

485 2199 610 2255 loco
636 2214 739 2255 suo
773 2200 944 2255 lector
976 2199 1191 2269 plenius
1224 2199 1426 2270 poterit
1454 2199 1719 2254 invenire.
1760 2196 1922 2252 Pater
1948 2213 2079 2252 vero

487 2290 686 2358 ipsius,
707 2288 1038 2345 Frumoldus
1066 2290 1144 2361 (4)
1169 2291 1408 2355 nomine,
1434 2300 1493 2345 ut
1513 2307 1579 2345 ex
1604 2290 1845 2345 nominis
1864 2290 1986 2359 ejus
2008 2290 2076 2343 li-

486 2391 618 2450 quet
648 2382 1024 2452 expressione,
1047 2383 1255 2452 probus
1283 2382 1462 2437 modis
1485 2381 1742 2437 omnibus
1770 2380 1954 2436 ﬂoruit
1983 2397 2076 2435 ac—

485 2471 654 2526 tione.
706 2471 807 2526 Hic
849 2488 1044 2544 genere
1100 2473 1457 2543 moribusque
1504 2471 1607 2526 sibi
1656 2479 2074 2541 competentem,

483 2563 722 2618 Evczam
771 2565 1020 2630 nomine,
1059 2565 1287 2620 sortitur
1330 2579 1556 2619 uxorem
1599 2584 1611 2616 :
1657 2564 1881 2634 quibus,
1919 2563 2075 2633 juxta

482 2655 826 2724 Apostolum,
864 2655 1186 2711 honorabile
1221 2655 1555 2710 connubium
1591 2664 1646 2710 et
1674 2664 1828 2710 torus
1871 2655 2078 2709 exstitit

482 2747 869 2804 immaculatus
900 2747 1088 2816 (Hebr.
1116 2764 1237 2813 xm,
1260 2748 1346 2817 4);
1369 2748 1631 2818 quoniam
1661 2748 2075 2804 matrimonium

480 2853 590 2893 non
613 2848 936 2894 contraxere
955 2855 1138 2904 causa
1164 2839 1443 2909 explenda:
1474 2840 1736 2907 libidinis,
1777 2841 1874 2896 sed
1902 2841 2074 2912 gratia

481 2931 832 2999 procreanda:
864 2931 1089 2987 sobolis.
1131 2930 1239 3000 Qui
1268 2947 1465 3002 genere
1507 2931 1664 2998 clari,
1689 2941 1745 2987 et
1768 2933 1910 2988 inter
1945 2948 2076 2988 suos

482 3024 722 3092 quodam
753 3023 1080 3078 innocentiae
1104 3022 1383 3093 privilegio
1431 3022 1700 3094 insigniti,
1743 3034 1899 3078 erant
1925 3026 2075 3080 chri—

482 3116 674 3171 stiana:
693 3115 974 3185 religionis
1004 3114 1344 3170 devotissimi
1375 3115 1633 3182 cultores,
1667 3115 1790 3172 fidei
1809 3116 1936 3172 dote
1961 3117 2076 3186 pol-

478 3211 676 3276 ientes,
709 3210 972 3267 charitate
1009 3211 1301 3276 ferventes,
1346 3211 1562 3280 pietatis
1591 3219 1884 3276 amatores,
1921 3211 2075 3282 juxta

482 3304 832 3373 apostolum,
852 3304 1056 3358 bonum
1081 3311 1369 3373 operantes
1388 3303 1455 3358 ad
1472 3318 1665 3359 omnes
1690 3302 1833 3374 (Gal.
1860 3321 1935 3369 vr,
1963 3305 2071 3370 ill).

484 3394 692 3451 Verum
719 3395 942 3451 domina
979 3395 1175 3461 Eveza,
1210 3405 1271 3448 ut
1309 3395 1575 3464 illustrem
1604 3410 1871 3465 exponam
1911 3396 2073 3451 fami-

481 3486 611 3540 liam
647 3496 702 3542 et
739 3487 833 3542 alti
864 3487 1148 3555 sanguinis
1174 3487 1361 3552 decus,
1403 3502 1470 3541 ex
1501 3486 1782 3556 cujusdam
1817 3488 2073 3544 illustris-

480 3578 608 3631 simi
657 3577 895 3640 comitis,
937 3577 1187 3632 Sicconis
1221 3577 1470 3643 nomine,
1503 3578 1670 3648 stirpe
1697 3579 2071 3648 descenderat,

481 3685 646 3738 quem
668 3678 724 3724 ct
746 3669 925 3740 ampla
947 3669 1276 3738 prtcdiorum
1306 3670 1500 3740 spatia,
1524 3680 1578 3726 et
1599 3673 1886 3743 utriusque
1908 3688 2073 3729 sexus

482 3779 776 3820 numerosa
809 3764 1036 3831 familia,
1083 3766 1178 3822 sed
1207 3775 1260 3822 et
1289 3767 1540 3824 militaris
1578 3769 1747 3823 animi
1794 3785 2074 3824 commen-

480 3857 645 3911 dabat
666 3855 914 3912 audacia.
944 3855 1062 3924 llic,
1093 3859 1238 3928 quod
1262 3859 1458 3929 opibus
1484 3870 1537 3916 et
1561 3860 1846 3916 nobilitate
1867 3861 1939 3916 sit
1965 3863 2072 3917 cel-

482 3949 625 4013 sius,
649 3948 920 4017 justitiam
959 3951 1380 4022 aequitatemque
1410 3962 1675 4019 sectatus,
1707 3969 1817 4023 qua
1845 3953 1957 4009 Deo
1996 3956 2070 4008 nil

477 4036 755 4092 invenitur
777 4041 1072 4110 acceptius,
1099 4043 1227 4097 totis
1248 4043 1565 4098 elaborabat
1591 4045 1806 4100 nisibus
1827 4054 1908 4112 ut,
1931 4047 2072 4102 sicut

479 4129 834 4199 propaginem
863 4134 1263 4201 magniﬁcentia
1303 4135 1540 4205 generis,
1573 4135 1648 4190 ita
1689 4146 1742 4192 et
1773 4136 2072 4192 illustraret

477 4217 735 4286 operibus
763 4219 1001 4290 pietatis.
1031 4220 1182 4278 Unde
1211 4225 1403 4293 procul
1427 4225 1594 4280 dubio
1629 4225 1876 4282 inuuitur
1924 4229 2071 4284 hunc

470 4309 681 4377 justum
720 4319 940 4384 tamque
972 4315 1222 4385 praeclari
1251 4317 1431 4372 meriti
1479 4317 1684 4386 virum,
1707 4336 1774 4375 ex
1805 4321 2070 4378 modestis

477 4409 529 4454 et
551 4401 654 4471 piis
679 4406 995 4473 parentibus
1023 4415 1226 4472 ortum,
1259 4421 1573 4477 quanquam
1601 4410 1890 4481 plerosque
1916 4411 2066 4482 lega-

2105 3161 2144 3216 C

2181 1932 2332 1993 grata
2367 1925 2612 1994 libertas,
2654 1941 2886 1999 eamque
2910 1928 3248 1986 nobilitatem
3288 1947 3398 1988 non
3425 1935 3647 1991 eximet
3678 1937 3773 1991 ulla

2181 2024 2446 2086 vetustas,
2478 2017 2680 2089 siquid
2709 2019 2860 2086 boni,
2891 2021 2939 2076 si
2963 2021 3096 2090 quid
3121 2022 3255 2078 recti
3284 2031 3382 2078 aut
3409 2039 3524 2080 nos
3553 2025 3663 2096 ipsi
3702 2027 3774 2081 fe-

2181 2107 2442 2174 cerimus,
2489 2117 2587 2164 aut
2631 2109 2822 2164 talium
2857 2110 3136 2168 studiosos
3180 2128 3542 2172 successores
3590 2117 3775 2173 habere

2180 2211 2566 2254 meruerimus.

2251 2287 2304 2340 ὅ.
2344 2285 2586 2342 Primam
2607 2287 2790 2358 itaque
2810 2289 3037 2345 humani
3051 2291 3386 2349 incrementi
3413 2295 3622 2353 beatus
3639 2297 3776 2353 Wol-

2180 2376 2434 2445 pbelmus
2468 2377 2772 2434 ascendens
2820 2379 3046 2448 lineam,
3082 2382 3306 2452 auspice
3334 2382 3474 2451 Deo,
3505 2387 3579 2442 de
3607 2387 3775 2444 infan-

2180 2468 2252 2522 tia
2287 2468 2357 2523 ad
2379 2469 2537 2524 bonae
2558 2469 2758 2525 indolis
2777 2472 2998 2528 transiit
3026 2474 3338 2543 pueritiam.
3376 2473 3440 2529 In
3464 2493 3583 2548 qua
3607 2487 3776 2547 atate,

2178 2569 2232 2613 et
2273 2559 2580 2614 liberalium
2620 2561 2822 2616 artium
2861 2562 3208 2634 disciplinam
3250 2575 3336 2622 est
3379 2567 3697 2637 professus,
3728 2580 3774 2624 et

2180 2666 2408 2705 suorum
2428 2652 2710 2719 instantia,
2739 2652 2982 2711 Colonia:
3004 2657 3152 2726 .apud
3173 2656 3345 2713 :edem
3379 2659 3462 2730 (5)
3495 2659 3646 2716 beati
3681 2662 3773 2718 Pe-

2178 2743 2247 2796 tri
2270 2745 2647 2813 apostolorum
2669 2746 2956 2817 principis,
2978 2749 3196 2818 corpori
3219 2753 3676 2822 congregationis
3695 2770 3774 2808 so-
3833 2789 3836 2794 -

2178 2835 2374 2891 ciatus.
2405 2834 2527 2902 Quo
2561 2839 2824 2907 temporis
2862 2839 3116 2906 articulo,
3153 2849 3278 2910 post
3301 2841 3593 2909 juniorem
3629 2844 3770 2900 Otto-

2179 2940 2302 2980 nem
2344 2935 2620 2996 sceptrum
2650 2928 2866 3000 imperii
2892 2928 3128 2986 Henrico
3153 2934 3400 2987 secundo
3427 2932 3667 2991 feliciter
3689 2937 3774 2994 ad-

2179 3017 2546 3086 ministrante,
2569 3019 2735 3076 rebus
2755 3022 2975 3091 quidem
2997 3022 3204 3079 bellicis
3223 3023 3343 3079 viro
3368 3028 3774 3095 potentissimo,

2179 3112 2324 3167 circa
2378 3113 2779 3172 ecclesiasticas
2831 3131 2961 3171 vero
3005 3116 3324 3186 disciplinas
3369 3118 3770 3185 solertissime,

2180 3215 2403 3260 sanctus
2444 3204 2782 3275 Heribertus,
2816 3215 2933 3263 toto
2971 3209 3086 3278 jam
3127 3209 3246 3265 orbi
3279 3209 3427 3266 fama
3473 3214 3774 3269 sanctitatis

2178 3299 2522 3365 notissimus,
2570 3310 2774 3358 sanctae
2815 3301 3127 3359 Coloniensi
3164 3303 3426 3364 Ecclesia:
3451 3309 3774 3378 {Insidebat

2176 3392 2486 3463 episcopus.
2543 3393 2648 3459 Qui
2696 3395 3048 3452 beatissimus
3096 3396 3362 3467 pontifex,
3409 3400 3532 3468 jam
3581 3402 3775 3457 ultima:

2175 3483 2353 3537 aetatis
2381 3483 2535 3538 senio
2555 3483 2754 3551 fessus,
2778 3483 3045 3541 famulum
3073 3486 3166 3542 Dei
3194 3487 3642 3560 Wolphelmum,
3668 3503 3768 3550 tam

2175 3588 2404 3644 corpore
2427 3575 2610 3630 adhuc
2656 3591 2822 3646 quam
2851 3585 2905 3632 et
2929 3577 3135 3632 malitia
3158 3578 3473 3648 parvulum,
3499 3597 3658 3638 more
3678 3584 3772 3638 sibi

2174 3669 2500 3726 Christiana:
2540 3671 2823 3743 religionis
2868 3672 3134 3738 oblatum,
3171 3682 3232 3728 ut
3258 3675 3646 3746 evangelicum
3677 3678 3774 3731 Do-

2174 3762 2360 3818 minus
2386 3762 2696 3833 parvulum,
2726 3763 2783 3817 in
2816 3763 2996 3818 medio
3020 3771 3287 3820 statutum
3314 3765 3697 3835 benedixerat,
3724 3779 3772 3822 et

2173 3868 2269 3922 per
2310 3854 2452 3908 sacri
2493 3854 2808 3910 chrismatis
2837 3856 3174 3922 unctionem,
3214 3857 3507 3929 sanctique
3543 3858 3771 3930 Spiritus

2175 3945 2599 4012 invocationem,
2634 3947 2689 4001 in
2735 3945 2971 4002 ﬁliorum
3020 3947 3116 4003 Dei
3144 3949 3508 4006 transtulerat
3551 3961 3768 4007 sortem.

2172 4037 2344 4092 Porro
2364 4053 2433 4093 ne
2457 4039 2659 4104 inanis,
2691 4047 2788 4095 aut
2819 4054 3016 4106 vacua,
3052 4041 3137 4096 vel
3165 4050 3314 4096 certe
3344 4040 3574 4097 fortuita
3600 4045 3657 4098 in
3689 4045 3770 4098 illo

2171 4138 2356 4198 posset
2378 4129 2636 4187 aestimari
2673 4132 2812 4187 tanti
2844 4132 3150 4188 benedictio
3175 4133 3300 4200 viri,
3331 4135 3512 4189 sancti
3540 4134 3769 4206 Spiritus

2171 4229 2436 4278 attractus
2464 4224 2664 4290 calore,
2692 4225 2759 4280 ad
2791 4227 3271 4295 contemplativam
3310 4224 3487 4282 vitam
3518 4238 3640 4283 toto
3662 4229 3769 4298 jam

2170 4317 2371 4372 mentis
2395 4317 2668 4374 desiderio
2697 4329 2937 4388 coeperat
2967 4319 3244 4383 anhelare,
3274 4319 3524 4388 satisque
3552 4320 3770 4375 fecisset

2169 4407 2330 4472 votis,
2348 4407 2394 4462 si
2413 4407 2779 4465 immaturitas
2793 4409 2847 4464 id
2870 4425 2979 4464 non
3003 4409 3318 4479 impedisset
3331 4411 3535 4466 aetatis.
3566 4410 3766 4466 Verum

473 4508 600 4548 mus
637 4492 915 4563 justorutn
965 4511 1032 4549 ex
1077 4495 1397 4565 parentibus
1423 4497 1601 4554 editos
1648 4500 1850 4570 impiis,
1899 4503 2064 4557 veluti
2101 4503 2143 4556 Ι)
2168 4507 2376 4570 quanto
2418 4501 2653 4554 naturali
2692 4515 2954 4570 processu
2991 4511 3346 4572 augmentum
3388 4504 3648 4574 capiebat
3695 4505 3764 4555 vi-

470 4599 614 4641 rosa:
630 4585 1004 4656 gignunturcx
1025 4586 1215 4655 spinis.
1232 4586 1560 4643 Genitricem
1577 4606 1706 4643 vero
1719 4591 1860 4659 ejus,
1876 4609 2062 4662 quam,

470 4678 722 4747 exemplo
767 4676 1045 4743 liacbclis,
1074 4693 1174 4747 pro
1208 4679 1325 4733 lilio
1352 4679 1560 4736 doloris
1601 4697 1666 4736 ac
1706 4683 1958 4749 dexteris,
2008 4687 2064 4740 in

470 4771 851 4826 benedictione
871 4770 1097 4827 seminis
1117 4771 1350 4827 Abrahae
1372 4774 1518 4828 hunc
1538 4785 1752 4831 constat
1767 4778 2064 4847 peperisse,

471 4863 699 4917 dubium
729 4878 836 4918 non
867 4873 970 4930 est,
1001 4880 1125 4920 cum
1153 4864 1311 4920 Anna
1353 4864 1622 4923 Samuelis
1663 4880 1856 4934 matre,
1888 4871 2060 4926 vicem

473 4970 502 5008 a
530 4955 642 5009 Deo
661 4958 993 5012 commodnti
1014 4957 1220 5014 fenoris
1244 4959 1531 5016 meruisse.
1564 4957 1686 5014 Pari
1711 4962 1911 5031 quippe
1934 4973 2063 5018 voto

470 5046 588 5101 haec
610 5047 780 5102 lilium
802 5049 1076 5104 invenitur
1095 5051 1362 5108 obtulisse
1382 5051 1634 5107 Domino.
1662 5053 1737 5107 De
1763 5069 1872 5123 qua
1894 5056 2059 5109 etiam

470 5139 631 5207 plane
659 5141 1025 5208 sentiendum,
1057 5144 1202 5213 quod
1229 5160 1340 5199 non
1372 5144 1556 5200 minus
1588 5147 1853 5215 placuerit
1885 5146 1940 5201 in
1973 5156 2046 5202 ta-

468 5231 770 5288 bernaculo
823 5231 1041 5290 Domini
1086 5247 1308 5306 propter
1354 5239 1748 5293 commercium
1797 5240 2057 5310 conjugii,

469 5335 633 5390 quam
673 5323 718 5383 si
757 5333 879 5379 toro
908 5326 1133 5383 minime
1160 5327 1354 5384 fuisset
1375 5331 1582 5385 sociata
1607 5329 1784 5395 virili;
1818 5330 1947 5386 hinc
1973 5340 2058 5386 et-

541 5478 616 5550 (Ξ)
644 5479 889 5553 Bipuarii
917 5492 1046 5537 tunc
1061 5481 1403 5553 dicebantur,
1429 5482 1522 5553 qui
1542 5499 1687 5538 nunc
1709 5483 2055 5551 potissimum

467 5565 627 5614 agros
671 5551 1052 5607 Coloniensem
1078 5564 1132 5608 et
1177 5551 1540 5609 Juliacensem
1588 5554 1851 5608 incolunt.
1906 5553 2062 5606 Wol-

465 5621 666 5692 pltelmi
701 5623 967 5692 originem
992 5640 1057 5679 ex
1101 5624 1394 5678 comitibus
1419 5624 1486 5678 de
1530 5623 1648 5678 Niel
1679 5626 1868 5692 repetit
1901 5622 2056 5678 Gele—

465 5690 590 5746 nius
616 5692 755 5748 libro
793 5690 852 5747 in
876 5693 950 5748 De
976 5695 1311 5749 admirandis
1337 5694 1630 5753 Coloniam?

537 5763 612 5834 (5)
642 5763 802 5820 Notat
833 5763 1211 5820 IIeuschenius
1228 5765 1370 5834 apud
1392 5764 1746 5821 Colonienses
1776 5765 1930 5836 Wolf
1973 5766 2056 5819 lu-

2168 4591 2334 4657 rium,
2382 4600 2534 4646 tanto
2578 4591 2632 4646 in
2661 4592 2780 4647 dies
2823 4593 2998 4648 sancti
3034 4592 3267 4650 fervoris
3305 4593 3455 4648 illius
3489 4597 3766 4650 crescebat

2165 4683 2520 4739 desiderium.

2235 4775 2289 4830 4.
2328 4773 2454 4828 Fuit
2496 4784 2679 4830 autem
2715 4784 2775 4830 ut
2803 4791 3034 4845 corpore
3079 4785 3284 4842 castus,
3318 4777 3395 4832 ita
3443 4789 3637 4833 mente
3682 4795 3762 4832 so—

2163 4867 2338 4933 brius,
2362 4875 2570 4922 tantam
2597 4868 2888 4938 possidens
2915 4869 3148 4940 gratiam
3175 4870 3382 4936 vultus,
3415 4879 3480 4924 ut
3499 4870 3766 4940 quodam-

2163 4957 2327 5012 modo
2354 4956 2633 5027 angelicus
2661 4957 2780 5027 ejus
2809 4966 3096 5027 putaretur
3120 4966 3398 5028 aspectus.
3423 4957 3635 5012 Praeter
3659 4959 3763 5014 hac

2163 5048 2361 5103 divinae
2408 5047 2628 5118 pietatis
2659 5047 2883 5114 indicia,
2926 5049 2979 5102 in
3003 5048 3313 5104 eruditione
3351 5048 3759 5119 Scripturarum

2163 5149 2371 5195 tantam
2403 5139 2706 5210 promeruit
2739 5138 3057 5206 efﬁcaciam,
3085 5140 3310 5209 utquod
3334 5138 3502 5196 semel
3535 5139 3761 5211 legendo

2162 5233 2485 5294 adverteret,
2519 5240 2784 5301 perpetuo
2813 5231 3088 5286 retineret.
3131 5230 3289 5297 Quod
3317 5231 3668 5300 plerumque,
3707 5239 3760 5282 ut

2161 5325 2454 5391 credimus,
2473 5325 2689 5380 occulto
2710 5323 2805 5378 Dei
2823 5322 3327 5394 agebaturjudicio,
3347 5338 3417 5376 ne
3440 5320 3759 5376 beatissimo

2160 5497 2312 5560 pun-1‘,
2337 5481 2475 5560 [uelut
2500 5495 2630 5535 vero
2662 5481 2870 5560 galeam
2900 5478 3230 5560 significare.

2233 5551 2308 5620 (4)
2337 5551 2480 5605 Idem
2529 5545 2688 5620 notat
2719 5545 3006 5620 Germanis
3038 5548 3203 5601 From
3251 5547 3397 5620 idem
3447 5545 3754 5615 significare

2161 5618 2247 5676 ac.
2284 5618 2498 5685 rubum,
2539 5619 2672 5675 Olde
2693 5635 2823 5674 vero
2859 5619 3146 5687 antiquum
3178 5618 3402 5674 referre.

2232 5638 2309 5759 ὦ)
2338 5691 2461 5746 Haec
2483 5701 2567 5745 est
2588 5690 2818 5750 ecclesia
2842 5689 3260 5759 metropolitana
3281 5688 3402 5741 (Lolc

2254 5684 2309 5759 Β)
2338 5691 2461 5746 Haec
2483 5684 2567 5745 est
2588 5690 2818 5750 ecclesia
2842 5684 3260 5759 metropolitana
3281 5685 3652 5759 (Lemniensis,
3668 5684 3750 5739 cui

2163 5761 2218 5816 S.
2240 5756 2565 5817 ‘Hetibertus
2593 5761 2659 5816 ad
2686 5776 2888 5815 annum
2918 5756 3092 5829 usque
3121 5759 3256 5813 1022
3289 5756 3514 5828 praefuit.
