3878 6310
69 369 147 424 409
1522 360 1705 433 rm.

3168 359 3274 415 310

67 486 179 550 viro,
213 481 262 536 in
292 481 465 550 aliquo
505 479 746 535 scientia
786 479 1001 537 deesset
1045 480 1343 552 plenitudo.
1389 478 1579 551 Igitur,
1609 482 1657 537 A
1687 479 1800 534 voti
1822 494 2048 550 compos
2067 474 2315 546 δεθείη
2350 494 2410 535 se
2441 478 2774 534 monachum
2826 485 2912 533 est
2968 474 3270 546 professus,

67 573 257 645 exceptis
295 572 594 627 divinorum
637 570 981 627 voluminum
1027 571 1275 644 paginis,
1315 570 1584 643 quidquid

67 676 187 738 poeta
206 664 400 730 cecinit,
421 672 606 719 orator
626 662 894 720 facundus
917 664 1198 733 disseruit,
1222 665 1585 736 philosophus

65 754 346 827 excogitavit,
379 754 610 825 quadam
643 768 820 824 penna
849 754 1060 810 altioris
1100 771 1300 812 sensus
1334 764 1586 826 penetra-

66 850 135 904 vit.
153 847 443 917 Quanquam
467 860 599 902 vero
642 854 796 902 tanta
811 847 1031 917 juvenis
1059 847 1288 903 scientia
1324 847 1586 918 praditus

65 940 283 1004 claruerit,
305 953 578 1009 nunquam
608 947 790 994 tamen
814 937 943 994 hinc
959 937 1238 1009 iactantia
1257 938 1391 993 vitio
1410 938 1586 996 elatus

65 1030 312 1096 succubuit,
349 1043 558 1083 memor
588 1027 820 1084 dicentis
857 1027 1103 1099 Apostoli
1132 1048 1145 1083 :
1183 1027 1362 1084 Nolite
1397 1027 1585 1084 seduci

64 1121 337 1192 perinanem
364 1120 684 1190 sapientiam
726 1120 892 1190 hujus
921 1122 1111 1178 mundi
1157 1120 1374 1192 (Ephes.
1419 1137 1473 1187 v,
1503 1120 1581 1191 6).

64 1212 192 1269 Tanta
215 1220 379 1265 autem
402 1210 660 1284 gravitas,
689 1220 839 1267 tanta
861 1227 1080 1269 morum
1104 1212 1182 1268 illi
1204 1212 1382 1269 inerat
1401 1220 1584 1268 matu-

64 1303 178 1369 ritas,
207 1311 259 1358 ut
287 1301 458 1373 palam
494 1303 714 1358 cunctis
752 1303 976 1359 daretur
1012 1302 1260 1375 intelligi,
1292 1319 1391 1360 vas
1431 1302 1585 1359 illum

63 1396 285 1451 electionis
311 1395 563 1453 existere.
593 1394 810 1451 Nullam
837 1411 969 1453 vero
988 1413 1090 1469 pro
1110 1398 1321 1454 carnali
1344 1398 1587 1469 ingenui-

63 1494 144 1540 tate
181 1484 270 1541 sibi
304 1484 609 1556 patiebatur
656 1487 1018 1542 reverentiam
1066 1488 1347 1555 exhiberi,
1394 1488 1587 1544 utilius

64 1593 243 1633 censeas
269 1593 447 1633 amore
472 1577 680 1633 Christi
700 1595 761 1636 se
794 1579 1058 1636 humilem
1091 1581 1350 1638 exhibere
1399 1597 1587 1653 perso-

64 1682 185 1732 nam,
226 1684 378 1738 quam
420 1668 669 1724 animum
719 1669 923 1727 habere
975 1671 1317 1743 degenerem.
1366 1672 1587 1744 lneptas

62 1760 184 1814 etiam
232 1759 463 1827 fabulas,
504 1763 880 1834 iuvenumque
924 1763 1205 1822 lasciviam
1241 1765 1581 1834 declinabat,

1685 574 1947 646 cenisque
1972 587 2101 631 cum
2129 571 2418 643 Seraphim
2442 571 2547 626 alis
2578 570 2837 636 amictus,
2852 568 3028 626 Deum
3052 570 3272 628 excelso

1686 668 1873 741 gloria
1900 668 2042 724 solio
2069 665 2368 723 subnixum
2412 662 2711 735 tranquilla
2750 663 2953 720 mentis
2997 662 3117 733 acie
3144 677 3274 720 con—

1684 758 1939 831 templari
1978 759 2213 814 latatur.
2246 755 2406 824 Quod
2448 770 2519 810 ne
2564 754 2794 810 abusive
2819 753 3069 811 videatur
3091 754 3273 825 prola-

1684 860 1825 917 tum,
1869 849 2085 905 noverit
2142 848 2344 914 lector,
2386 846 2632 902 Romana
2687 845 3015 907 auctoritate
3077 845 3272 900 decre-

1683 952 1803 999 tum
1831 943 1933 1014 (7),
1962 941 2112 997 illius
2131 940 2343 995 ordinis
2364 940 2553 995 habitu
2595 938 3019 1012 significantiam
3039 937 3273 1007 exprimi

1687 1051 1783 1092 se:
1810 1035 2044 1090 alarum.
2072 1031 2220 1088 Duas
2253 1032 2394 1098 alas,
2415 1032 2510 1087 illo
2531 1047 2644 1103 quo
2669 1032 2841 1088 totius
2860 1029 3110 1101 corporis
3132 1029 3276 1084 vela-

1686 1138 1776 1185 tur
1796 1126 2029 1184 altitudo
2056 1145 2070 1181 :
2097 1126 2258 1192 duas,
2274 1139 2387 1195 quo
2406 1123 2758 1179 brachiorum
2790 1122 2988 1193 tegitur
3010 1120 3270 1188 latitudo;

1685 1223 1824 1279 duas
1847 1234 1979 1277 vero
2006 1219 2342 1289 superiores,
2391 1217 2626 1272 invicem
2656 1215 2762 1271 sibi
2785 1215 3028 1285 junctae,
3076 1212 3274 1283 capitis

1686 1313 2049 1384 operimento.
2101 1309 2261 1379 Quod
2307 1309 2440 1381 quia
2489 1307 2735 1380 priorum
2789 1314 2979 1361 sancta
3024 1302 3274 1359 definivit

1687 1405 1989 1463 auctoritas
2008 1447 2023 1473 ,
2077 1403 2230 1459 nulla
2279 1398 2759 1473 argumentatione
2805 1394 3055 1452 refellere
3109 1393 3275 1449 habet

1685 1500 2002 1573 posteritas,
2027 1513 2155 1553 cum
2176 1496 2431 1552 videat‘ur
2468 1500 2524 1548 et
2552 1490 2736 1547 crucis
2769 1504 2869 1561 per
2914 1487 3101 1544 omnia
3145 1500 3273 1556 spe-

1686 1592 1825 1648 ciem
1842 1604 2030 1663 gerere
2047 1587 2294 1659 ejusdem
2313 1584 2536 1641 habitus
2558 1584 2800 1653 inspecta
2822 1580 3078 1652 qualitas.
3090 1576 3274 1644 Quam

1687 1696 1908 1738 crucem
1931 1681 2127 1736 beatus
2163 1677 2546 1748 Wolphelmus
2569 1716 2585 1742 ,
2633 1683 2696 1729 ut
2749 1672 2886 1728 alter
2919 1670 3145 1735 Paulus,
3188 1668 3277 1724 vel

1687 1772 1982 1839 Antonius,
2010 1785 2123 1826 non
2153 1776 2370 1824 tantum
2401 1765 2657 1822 exterius
2691 1775 3013 1827 assumens,
3069 1758 3166 1815 sed
3219 1765 3277 1813 et

63 1860 298 1909 νεοθυειδε
325 1853 661 1909 adulantium
705 1854 921 1927 linguas
959 1856 1325 1924 abhorrebat;
1366 1858 1582 1913 vMilo--
1614 1834 1657 1893 Β
1687 1864 1937 1921 interiori
1969 1834 2183 1919 homini
2238 1856 2694 1917 indissolubiliter
2739 1854 3084 1924 astringens.
3111 1861 3278 1906 onere

62 1947 222 2015 quium,
243 1948 502 2003 levitatem
526 1948 832 2017 oculorum,
864 1950 1142 2021 totiusque
1173 1958 1357 2006 motus
1387 1964 1584 2021 corpo-

61 2036 133 2101 ris,
150 2038 356 2093 anchora
377 2039 668 2095 cohibebat
688 2040 991 2112 gravitatis.
1012 2039 1585 2113 Consideransitaque

60 2136 98 2180 ct
112 2128 401 2197 penendens
418 2130 681 2201 magister
701 2130 1014 2187 scholarum
1040 2131 1350 2190 huncillius
1383 2132 1441 2187 in
1460 2148 1583 2188 om-

61 2218 172 2271 nium
194 2218 435 2274 virtutum
462 2220 770 2291 disciplinis
810 2220 1139 2292 profectum,
1177 2223 1445 2294 gaudebat
1485 2224 1587 2280 doc

62 2309 202 2364 ctrina
240 2310 312 2365 illi
352 2310 689 2382 impendisse
730 2314 997 2382 studium,
1032 2330 1198 2386 quem
1232 2315 1585 2385 perfectionis

62 2401 258 2456 cernebat
275 2403 513 2475 attigisse
536 2403 835 2475 fastigium.
867 2405 1088 2463 Arctius
1107 2408 1291 2479 itaque
1312 2408 1418 2466 sibi
1457 2424 1584 2465 eum

60 2491 214 2561 eligens
227 2494 635 2563 annectendum,
653 2496 886 2552 honorili
893 2498 1216 2570 centiusque
1231 2501 1582 2567 servandum,

60 2583 297 2655 assumpsit
333 2584 489 2641 illum
516 2596 831 2644 consortem
878 2590 1309 2662 participemque
1340 2591 1547 2648 laboris
1567 2634 1581 2657 ,

60 2690 162 2730 onus
183 2692 290 2732 cum
308 2677 396 2734 illo
420 2679 669 2749 partiens
691 2681 941 2753 regenda
963 2682 1267 2753 disciplina
1284 2683 1582 2751 scholaris,

60 2763 267 2824 Fervebat
288 2769 468 2841 itaque
496 2770 558 2826 in
579 2786 647 2827 eo
672 2771 963 2845 magnifice
990 2773 1255 2842 studium,
1284 2775 1405 2847 jugi
1432 2788 1589 2831 exer-

60 2857 260 2915 citatione
282 2860 688 2933 Scripturarum
728 2883 743 2918 :
782 2873 858 2933 et,
885 2865 1147 2937 quoniam
1168 2867 1411 2933 scientia
1436 2867 1585 2923 illius

1685 1954 1871 2011 saculi
1895 1950 2208 2024 expeditus,
2245 1948 2583 2020 sequebatur
2623 1942 2834 2000 Christi
2878 1939 3130 2012 vestigia,
3175 1953 3277 1993 ex-

1682 2047 1875 2119 pansis
1922 2046 1981 2101 in
2032 2060 2150 2100 sua
2194 2040 2547 2099 exaltationis
2594 2039 2745 2109 ligno
2798 2034 3056 2093 manibus
3099 2029 3169 2087 ad
3215 2044 3277 2086 se

1685 2141 1957 2198 trahentis
1982 2139 2189 2196 omnia.

1756 2233 1810 2288 6.
1837 2231 2199 2290 Colonienses
2227 2229 2458 2294 interea,
2496 2224 2702 2297 quibus
2725 2239 2838 2279 non
2876 2221 3067 2277 leviter
3096 2217 3277 2273 ferens
3348 2236 3351 2239 π

1684 2323 1817 2379 dum
1842 2320 2132 2378 videbatur
2163 2329 2333 2376 tanta
2354 2316 2665 2373 sanctitatis
2694 2314 2814 2369 viro
2832 2325 3043 2374 carere,
3066 2308 3161 2364 ubi
3178 2307 3275 2362 ubi

1684 2413 2039 2485 requisitum,
2093 2410 2318 2467 tandem
2366 2407 2656 2464 audientes
2713 2401 2957 2458 Treviris
3012 2396 3277 2469 angelica

1683 2501 2089 2560 conversationi
2117 2500 2360 2567 studere,
2386 2498 2623 2553 invicem
2662 2492 3016 2550 contulerunt
3036 2486 3274 2558 qualiter

1684 2607 1812 2650 eum
1845 2601 2073 2664 possent
2094 2601 2363 2662 repetere.
2396 2587 2540 2644 Hinc
2570 2574 2983 2642 Herimannum’
3016 2578 3119 2651 (8),
3166 2576 3276 2632 illis

1682 2683 1880 2738 diebus
1902 2680 2147 2737 Colonia
2188 2693 2417 2735 currum
2461 2675 2560 2732 Dei
2611 2673 2956 2746 aurigantem
2978 2709 2996 2735 ,
3049 2667 3274 2733 adeunt,

1682 2774 1819 2846 quid
1860 2772 2102 2830 habeant
2146 2770 2263 2827 voti
2307 2770 2485 2840 palam
2533 2766 2747 2837 faciunt
2791 2763 2894 2829 illi,
2946 2770 3003 2818 et
3042 2775 3144 2817 cur
3163 2758 3276 2814 alio

1682 2864 2011 2923 translatum
2051 2862 2270 2934 insigne
2292 2860 2449 2916 urbis
2501 2872 2620 2914 sua
2658 2871 2778 2911 non
2812 2860 3042 2924 repetat,
3068 2852 3157 2921 pie
3186 2864 3277 2906 see-

58 2948 290 3008 thesaurus
309 2969 415 3009 non
446 2956 830 3011 occultabatur
851 2956 1239 3026 absconditus,
1264 2958 1428 3015 ﬂebat
1461 2960 1586 3018 ubi-
1678 2974 1814 3014 vera
1850 2956 2236 3029 indignatione
2285 2956 2343 3009 in
2385 2968 2513 3009 eum
2558 2949 2925 3007 conclamant.
2973 2944 3107 3001 Erat
3142 2953 3277 3001 tunc

60 3055 151 3108 que,
172 3041 295 3099 fama
328 3045 602 3118 vulgante,
630 3047 1039 3106 celeberrimus.
1070 3048 1210 3107 Hinc
1247 3067 1359 3108 non
1403 3053 1584 3109 minor

60 3140 106 3235 ue
124 3134 402 3235 lpnginquo,
439 3155 609 3210 quam
633 3155 701 3196 ex
725 3140 998 3211 proximo,
1030 3143 1400 3200 studiosorum
1429 3146 1581 3201 illum
1610 3178 1653 3235 ο

59 3222 319 3284 clericorum
338 3232 627 3301 expetebat
651 3231 979 3305 frequentia,
1002 3236 1258 3306 prasentl
1282 3237 1470 3292 auditu
1493 3253 1585 3294 cu-

58 3315 264 3381 pientium
287 3323 520 3392 experiri
567 3331 773 3395 quanta
802 3323 860 3379 in
890 3325 982 3381 illo
1013 3325 1127 3382 veri
1159 3325 1469 3384 Salomonis
1494 3328 1580 3383 vi-

58 3417 167 3505 geret
185 3413 449 3481 sapientia.
477 3412 685 3471 Verum
711 3417 873 3473 sicuti
893 3418 1042 3473 nulla
1063 3433 1189 3474 eum
1232 3429 1585 3491 argumenta-

56 3506 166 3554 tione
189 3505 517 3576 concludere,
550 3507 631 3563 sic
653 3508 801 3564 nulla
828 3518 938 3564 tam
962 3519 1169 3583 arguta
1187 3513 1583 3583 propositionis

56 3590 253 3648 valebant
274 3596 597 3653 documenta
620 3614 944 3670 proponere,
968 3618 1090 3673 qua
1110 3602 1324 3660 concite
1348 3620 1457 3662 non
1479 3606 1585 3663 sol-

58 3694 276 3782 verentur,
300 3691 650 3749 convenienti
691 3691 957 3750 historica
990 3694 1076 3751 vel
1101 3695 1393 3769 allegorica
1414 3713 1583 3771 expo-

56 3780 223 3830 ratione.

103 3864 145 3919 5.
171 3865 337 3939 Itaque
364 3888 638 3929 novorum
674 3874 778 3930 iste
798 3891 864 3931 ac
888 3884 1134 3933 veterum
1169 3879 1237 3935 de
1264 3880 1411 3935 bono
1455 3881 1580 3937 the-

53 3968 179 4053 muro
222 3961 302 4016 sui
348 3965 533 4021 cordis
566 3967 841 4037 prolator,
888 3969 1332 4027 animadvertens
1361 3982 1582 4042 quanta

52 4051 449 4116 impossibilimtis
476 4058 551 4113 sit
579 4058 794 4116 duobus
815 4060 1052 4118 dominis
1076 4063 1282 4119 servire
1304 4062 1578 4136 (Luc.xvl,

52 4135 134 4202 1εἷ),
162 4151 212 4196 ut
242 4146 328 4201 uni
350 4145 486 4214 Deo,
530 4149 618 4204 cui
662 4150 868 4207 servire
897 4167 1128 4223 regnare
1179 4163 1283 4221 est,
1336 4155 1579 4210 liberiori

50 4228 191 4284 animo
218 4245 393 4302 posset
441 4238 751 4306 inhaerere,
804 4243 1007 4297 saculo
1053 4243 1273 4313 penitus
1316 4243 1581 4301 deliberat

50 4323 321 4420 renuntiare.
362 4326 529 4384 Juxta
574 4330 707 4386 illud
751 4346 882 4403 ergo
931 4331 1329 4404 Gregorianum
1370 4336 1487 4408 (lib.
1516 4352 1576 4403 ιι,

50 4406 235 4483 bialog.,
261 4436 307 4473 c.
339 4420 400 4491 l),
438 4422 633 4492 pedem
665 4439 830 4494 quem
855 4425 1014 4495 quasi
1036 4425 1089 4481 in
1116 4427 1365 4498 ingressu
1381 4406 1579 4483 mundi

1682 3050 1868 3107 videre
1904 3057 2102 3120 togata
2157 3047 2313 3103 urbis
2364 3045 2638 3116 primores
2685 3043 2887 3098 iterum
2915 3037 3165 3109 Gregorii
3192 3034 3274 3105 (9)

1685 3143 1774 3200 sui
1807 3144 2114 3200 discessum
2142 3147 2575 3211 conquerentes;
2621 3135 2754 3207 quia
2801 3148 2915 3189 non
2958 3130 3135 3201 major
3176 3127 3274 3184 illo

1684 3234 1999 3292 discedente
2019 3232 2394 3289 Romanorum
2422 3224 2698 3295 confusio,
2724 3239 2896 3297 quam
2914 3223 3020 3278 hoc
3048 3221 3277 3276 absente

1683 3327 2100 3385 Coloniensium
2133 3324 2447 3397 agitabatur
2491 3318 2746 3392 quaestio.
2800 3315 2916 3372 Nec
2958 3312 3016 3369 id
3046 3310 3271 3382 injuria.

1682 3422 1843 3479 Sicut
1855 3422 2003 3478 enim
2024 3420 2134 3487 ille,
2153 3432 2257 3475 suo
2272 3415 2487 3473 nomini
2508 3413 2672 3470 bonis
2686 3409 2947 3483 operibus
2965 3418 3276 3477 congruen-

1683 3516 1777 3583 do,
1798 3529 1914 3572 sua
1938 3522 1993 3570 et
2013 3512 2394 3584 proximorum
2421 3507 2588 3565 saluti
2609 3503 2959 3576 invigilabat;
2989 3500 3067 3555 ita
3091 3506 3149 3553 et
3170 3497 3278 3553 iste

1684 3607 1809 3664 ﬁdei
1839 3620 2008 3677 opera
2055 3602 2441 3674 exsequendo,
2496 3606 2823 3655 cunctorum
2877 3592 3174 3649 dilectione
3219 3596 3278 3646 et

1683 3695 2036 3753 veneratione
2074 3693 2439 3765 dignissimus
2482 3699 2620 3747 erat.
2665 3685 3131 3755 Archiepiscopus
3182 3694 3276 3735 au-

1684 3798 1795 3845 tem
1828 3789 1986 3860 juxta
2034 3785 2169 3842 illud
2213 3783 2492 3856 Sapientis
2546 3800 2559 3836 :
2614 3779 2776 3847 Quia
2800 3777 2986 3833 multis
3037 3777 3273 3838 timetur,

1683 3897 1890 3935 necesse
1924 3888 2003 3934 est
2043 3882 2104 3932 "ut
2147 3877 2355 3932 multos
2397 3876 2613 3941 timeat,
2659 3872 3035 3943 subjecton
3070 3868 3278 3938 impor-

1681 3972 2013 4028 tunitatibus
2062 3970 2445 4040 obtemperare
2492 3965 2761 4031 festinat;
2811 3962 2910 4019 sed
2960 3960 3277 4031 suspicatus

1684 4063 2041 4119 Trevirenses
2066 4061 2284 4116 difﬁcile
2316 4059 2630 4115 reddituros
2665 4056 2844 4110 virum
2875 4064 2986 4109 tam
3033 4053 3280 4108 laudabi-

1683 4154 1752 4209 lis
1775 4153 1922 4219 vita,
1960 4150 2260 4206 astimavit
2280 4163 2410 4205 eum
2435 4147 2816 4220 repetendum,
2843 4147 2989 4202 facta
3016 4145 3077 4200 in
3102 4146 3278 4202 totius

1682 4244 1944 4301 Ecclesia
1964 4242 2156 4298 auditu
2174 4241 2483 4297 vocatione.

1754 4340 1806 4394 7.
1856 4336 2149 4393 Eminebat
2169 4344 2306 4391 tunc
2329 4332 2596 4404 temporis
2621 4332 2767 4387 inter
2791 4329 3080 4402 praesentis
3115 4328 3282 4399 regni

1683 4431 1953 4488 calorum
1982 4428 2246 4499 majores,
2276 4425 2549 4482 Henricus
2589 4423 2702 4496 (l0)
2728 4423 2900 4479 abbas
2949 4421 3283 4478 monasterii

48 4512 272 4575 Maera,
301 4515 610 4583 retrahens,
634 4516 814 4586 ruptis
855 4525 1197 4574 terrenarum
1229 4520 1575 4590 voluptatum
1609 4521 1653 4576 D
1678 4523 1869 4580 Sancti
1888 4519 2265 4587 Pantaleonis,
2295 4519 2393 4590 qui
2431 4517 2722 4574 memorati
2751 4525 2807 4573 et
2831 4506 3278 4587 sapiusmemo-

46 4598 224 4664 rateuis,
245 4617 525 4660 morarum
554 4607 866 4677 impatiens,
925 4607 1112 4681 fugam
1170 4610 1312 4678 iniit,
1345 4612 1579 4668 latenter

45 4681 265 4760 disccssit,
280 4706 642 4769 sanctumque
663 4698 1019 4756 Maximinum
1040 4703 1094 4757 in
1118 4701 1408 4761 Treverica
1445 4705 1581 4761 urbe

43 4780 253 4877 expeti-it,
306 4784 400 4840 ubi
454 4788 560 4843 sub
600 4790 931 4847 venerabilis
982 4789 1177 4848 Patris’
1205 4792 1465 4850 Bernardi
1500 4795 1577 4866 (6)

44 4873 277 4941 regimine,
311 4879 550 4950 amplius
584 4887 640 4935 et
670 4880 966 4951 perfectius
1000 4892 1132 4940 tunc
1168 4887 1431 4958 temporis
1458 4902 1577 4941 mo-

44 4959 277 5022 nachicam
304 4970 472 5026 vitam
510 4969 721 5028 fervere
752 4973 1028 5046 cognovit.
1062 4974 1139 5032 lbi
1168 4977 1457 5050 praoptati
1478 4978 1572 5034 diu

178 5141 489 5229 lierpardus
508 5150 865 5208 celeberrimo
893 5154 951 5208 S.
966 5153 1202 5229 ‘Maximi
1220 5154 1576 5229 Trevirensis

44 5219 580 5323 {lfgglegiomd‘ug‘bus
604 5230 821 5323 tamtam
851 5225 1013 5323 annis
1042 5225 1278 5323 praefuit],
1290 5226 1359 5282 de
1383 5243 1496 5297 quo
1520 5229 1573 5282 in

84 5280 141 5363 ila.
153 5280 520 5363 Szpoppouis,
547 5308 711 5363 quem
739 5280 1063 5349 Bernartius
1079 5280 1143 5350 in
1165 5280 1360 5353 eodem
1384 5280 1568 5353 mena;

44 5354 175 5422 sterio
197 5354 534 5416 decés'sorem
560 5354 613 5417 et
635 5379 1013 5420 successorem
1042 5364 1251 5422 habuit.

70 5417 314 5508 “mnlllud
336 5439 423 5485 est
448 5417 729 5508 decretum
748 5417 1308 5508 ‘eeiu’néi'iipipe'iv
1348 5439 1404 5494 in
1443 5455 1575 5494 con-

42 5484 398 5580 fl‘lifi'ﬁomanq
424 5484 1582 5580 promulgatum:anno-fillfljwquod'videsis

44 5562 351 5646 consiliorum
376 5562 580 5646 lébbei
616 5562 749 5630 ῑδῐη·

46 5627 1036 5742 Βνίῗλωιξξξιξῗξρξὶθῖξίῗῗῗὲυδ.,Εηοῖξὲῗ
1068 5650 1288 5742 cpmjgis
1323 5648 1577 5742 Palatini:

80 5706 807 5792 ff"?‘fﬁlejensishmonasterii
841 5718 1143 5792 conditoris
1178 5720 1354 5784 filius,
1383 5723 1476 5792 qui
1513 5706 1582 5777 ab

47 5776 159 5823 anno
184 5773 307 5831 l056
332 5781 400 5837 ad
426 5780 564 5839 1055
587 5782 847 5843 Ecclesia
875 5786 1192 5845 Coloniensi
1229 5773 1491 5863 praefuit;

1682 4614 1842 4670 randi
1866 4613 1973 4670 viri
2000 4612 2313 4669 avunculus
2332 4619 2471 4667 erat.
2507 4608 2619 4667 lste
2641 4606 2960 4666 charissimi
2997 4605 3085 4663 sui
3118 4619 3280 4660 revo-

1674 4708 1957 4764 ‘cationem
2008 4713 2290 4777 gratanter
2314 4703 2563 4775 'quidem
2619 4701 2952 4773 suscipiens,
2988 4696 3087 4753 sed
3124 4696 3277 4751 illam

1684 4799 2070 4872 aquanimiter
2111 4798 2254 4854 ferre
2297 4797 2603 4867 nequiens.
2654 4792 2898 4867 episcopi
2925 4789 3276 4862 prasentiam

1682 4893 1933 4965 expetiit,
1961 4890 2095 4961 quid
2124 4889 2270 4945 facto
2294 4905 2434 4960 opus
2462 4888 2710 4954 sentiret,
2734 4885 3009 4956 exposuit.
3020 4881 3276 4939 Pontifex

1683 4987 1806 5043 sani
1869 4984 2091 5040 consilii
2158 4982 2434 5055 neglector
2487 4981 2705 5054 fugiens
2740 4988 3023 5051 apparere,
3062 4977 3276 5034 litteras

1679 5162 2360 5293 ;b(.91).vci;lg.sé.6regorii
2381 5161 2562 5218 Vitam
2579 5176 2681 5233 per
2695 5158 2965 5215 Joannem
2976 5158 3274 5214 diaconum

1678 5250 1778 5305 nn,-
1816 5252 1855 5305 ι,
1893 5250 2017 5305 cap-
2043 5250 2099 5290 υο

1754 5297 1869 5430 ald)
1910 5297 2069 5360 Hunc
2104 5304 2360 5359 abbatem
2400 5304 2522 5429 εὖιὲε
2564 5303 2670 5359 loci
2693 5309 2908 5358 sextum
2942 5299 3114 5355 fuisse
3142 5297 3275 5354 dicit

1754 5375 1961 5430 :enius.
2002 5390 2165 5430 auem
2207 5389 2353 5430 anno
2392 5375 2416 5430 l
2496 5370 2529 5428 6
2576 5389 2608 5430 e
2658 5372 2799 5428 vivis
2844 5371 3050 5427 abiisse
3093 5377 3272 5430 notat,

1680 5370 1961 5443 Gelenius,
2002 5390 2165 5443 quem
2207 5389 2353 5431 anno
2392 5370 2529 5431 1066
2576 5389 2608 5430 e
2658 5372 2799 5428 vivis
2844 5371 3272 5443 abiisse‘notat,

1679 5463 1756 5501 vn
1813 5441 1955 5502 ldus
1997 5441 2321 5517 Novembris
2345 5487 2381 5517 ,Α
2418 5445 2673 5517 quamvis
2721 5444 2844 5517 ejus
2893 5441 3185 5517 depositio“
3215 5455 3270 5493 vi

1679 5517 1956 5573 Kalendas
1999 5510 2353 5587 Septembris
2369 5510 2722 5587 in'catalogo
2748 5510 3009 5587 abbatum
3033 5510 3271 5569 Gladba-

1679 5588 1954 5657 censium,
2006 5586 2085 5641 ut
2112 5588 2342 5657 ipsemet
2385 5586 2848 5643 Gelenius’testis
2884 5594 3001 5657 est,
3030 5589 3267 5657 notetur.

1678 5650 1838 5713 Anno
1875 5650 2108 5728 fortasse
2132 5650 2382 5728 sequenti
2409 5658 2585 5715 cidem
2612 5656 2946 5713 monasterio
2985 5650 3271 5724 prafcctus

1678 5738 1762 5785 est
1801 5727 2202 5798 Wolphclmus.
