3878 6310
602 297 703 352 Hi

1447 295 1506 348 Β.
1549 293 1965 349 WOLPHELMI
1999 295 2291 352 ABBATIS
2327 296 2996 354 BRUNWILLERENSIS
3755 305 3826 362 il!

605 411 772 483 sigilli
802 411 889 466 sui
926 409 1288 479 impressione
1334 409 1588 475 hullatas,
1638 407 1892 464 Treviros
1949 419 2185 465 maturat
2213 410 2260 467 Α
2287 412 2590 468 structione
2611 411 2906 479 decoravit,
2923 412 3212 483 virumque
3246 415 3630 485 sapedictum,
3659 433 3822 490 accepta

599 506 860 576 dirigere,
891 505 959 558 ad
982 512 1190 573 patrem
1213 500 1468 556 videlicet
1491 500 1853 570 Bel-nardum,
1887 504 1991 558 sub
2021 502 2181 573 cujus
2284 504 2592 559 sanctitatis
2615 504 2736 574 ejus
2767 503 2982 571 notitia,
3007 505 3128 560 loco
3159 521 3479 576 praeponere
3507 510 3734 564 curavit.
3752 510 3824 566 Sal

599 596 1028 652 conversabatur
1051 593 1336 662 regimine.
1369 591 1460 647 ille
1502 593 1844 663 perpendens
1874 595 2013 649 nihil
2042 594 2182 650 inte-
2282 595 2588 650 studiosum
2621 595 2822 651 divinm
2846 597 3326 667 contemplationis
3352 599 3668 666 hominem,
3687 603 3824 656 active

599 705 754 746 resse
793 697 975 743 utrum
1013 701 1169 740 ovem
1203 685 1435 739 alienam
1486 685 1554 740 de
1604 702 1771 742 manu
1812 688 2048 756 pastoris
2093 689 2178 743 sui

595 782 887 851 rapuisset,
913 779 996 832 vel
1023 793 1088 831 eo
1121 777 1292 859 invito
1325 777 1562 832 retinere
1589 777 1958 846 contenderet,
1992 779 2178 832 itumi-

597 873 700 925 lem
732 879 895 925 tanta:
922 868 1176 940 legationi
1206 869 1441 938 praebuit
1461 871 2040 940 assensum,quamvis
2065 887 2175 928 non

596 964 714 1018 sine
741 963 891 1034 gravi
930 977 1166 1015 maerore
1217 969 1434 1016 tantum
1488 962 1668 1033 gregis
1707 963 1982 1020 omitteret
2005 979 2174 1020 orna-

591 1058 857 1103 mentum.
891 1047 1076 1102 Talem
1101 1047 1444 1112 adolescens,
1471 1050 1789 1104 monasticm
1813 1050 1938 1106 vitae
1960 1051 2174 1108 deside-

590 1140 964 1206 rantissimus,
995 1139 1409 1195 Coloniensium
1433 1156 1633 1211 passus
1648 1142 1986 1211 violentiam,
2008 1143 2062 1198 in
2085 1145 2170 1200 sui

585 1229 864 1300 pontiﬁcis
921 1229 1214 1284 deducitur
1258 1229 1608 1298 praesentiam
1660 1249 1672 1284 :
1714 1247 1744 1285 a
1772 1247 1900 1301 quo,
1931 1239 1994 1286 ut
2024 1231 2170 1288 ﬁlius

584 1321 768 1376 debito
789 1329 1032 1391 paternae
1057 1320 1368 1377 dilectionis
1399 1320 1596 1376 affectu
1622 1322 1915 1391 recipitur,
1945 1331 2001 1378 et
2043 1340 2168 1394 pro-

583 1425 703 1473 nter
740 1424 1086 1484 assumptum
1110 1413 1370 1484 angelicae
1405 1414 1688 1485 dignitatis
1711 1415 1980 1480 habitum,
2023 1414 2168 1471 lien—

584 1507 684 1562 rici
711 1507 967 1562 avunculi
989 1507 1074 1561 sui
1101 1506 1458 1576 providentia:
1484 1508 1920 1562 commendatur.
1952 1507 2058 1575 Qui
2080 1509 2165 1562 vi-

581 1592 720 1652 dens
747 1613 874 1652 eum
913 1607 1149 1654 assueta:
1195 1599 1512 1656 solitudinis
1557 1600 1910 1654 inhaerentem
1958 1603 2162 1668 studio,

2280 688 2403 743 vitae
2424 730 2440 755 ,
2467 689 2669 744 talibus
2725 688 2897 744 initiis
2944 691 3387 759 pernecessaria,
3418 693 3625 748 videns
3655 696 3822 750 omnino

2278 788 2576 850 expertem,
2595 780 2785 836 eduxit
2811 797 2937 835 ettm
2958 781 3024 835 ad
3053 782 3234 836 locum
3263 782 3556 838 solitudini
3581 785 3700 854 ejus
3715 801 3822 840 com-

2277 870 2656 940 petentiorem.
2694 862 2754 925 In
2780 871 3029 941 proximo
3049 872 3196 926 enim
3219 872 3439 927 abbatia
3463 872 3822 929 Brunwileten-

2277 961 2354 1016 sis
2382 969 2521 1028 erat,
2558 977 2680 1032 quae
2713 963 2976 1032 quoniam
3002 962 3224 1016 viduata
3253 972 3370 1017 erat
3390 974 3652 1034 pastore,
3686 982 3822 1020 curam

2273 1049 2393 1120 ejus
2439 1051 2616 1108 sancti
2666 1051 2771 1106 viri
2807 1052 3209 1108 commendavit
3246 1054 3652 1123 providentiae,
3705 1073 3821 1126 quam

2274 1141 2394 1197 sine
2419 1141 2685 1211 propositi
2711 1142 3041 1197 detrimento
3081 1140 3242 1198 facile
3267 1153 3455 1213 posset
3481 1146 3725 1214 explere.

2343 1232 2430 1287 10.
2474 1232 2599 1288 Istis
2618 1234 2814 1290 diebus
2841 1232 3074 1290 Francia
3107 1235 3436 1290 turhabatur
3468 1252 3578 1306 per
3606 1236 3824 1307 Berenga-

2267 1325 2413 1381 rium
2469 1325 2844 1382 Turonensetn
2869 1370 2884 1394 ,
2955 1328 3049 1398 qui
3097 1328 3376 1384 asserebat
3448 1330 3826 1394 eucharistiam,

2268 1431 2434 1486 quam
2468 1418 2740 1472 sumimus
2768 1419 2823 1471 itt
2855 1418 3039 1484 altari,
3072 1433 3181 1472 non
3210 1433 3333 1474 esse
3370 1434 3571 1474 revera
3596 1436 3771 1490 corpus
3791 1432 3826 1474 τι

2268 1507 2592 1578 sanguinem
2640 1505 2868 1562 Christi.
2917 1506 3072 1563 Unde
3102 1517 3291 1565 contra
3333 1525 3482 1578 eum,
3543 1517 3604 1564 et
3645 1527 3731 1580 pro
3766 1527 3826 1570 eo.

2267 1600 2502 1655 multum
2528 1617 2560 1656 a
2589 1600 2776 1655 multis
2825 1609 2880 1655 et
2934 1600 3115 1656 verbis
3163 1609 3217 1655 et
3258 1600 3483 1670 scriptis
3527 1601 3824 1672 disputatum

583 1689 944 1760 lrequentiam
977 1693 1236 1748 audiendi
1257 1703 1310 1748 et
1327 1693 1546 1749 videndi
1571 1708 1738 1749 causa
1766 1694 2011 1766 undique
2032 1710 2164 1750 con-
2197 1759 2233 1766 __
2265 1701 2368 1748 est.
2400 1691 2680 1748 Adversus
2713 1708 2889 1763 quem.
2929 1692 3098 1748 etiam
3129 1700 3309 1748 exstat
3344 1693 3518 1764 hujus
3565 1695 3827 1749 beatissimi

581 1784 918 1838 currentium
943 1786 1144 1841 habere
1178 1784 1422 1853 fastidio,
1459 1787 1593 1842 urbe
1630 1786 1909 1854 eductum,
1952 1803 2162 1858 praepo-

582 1872 693 1927 suit
717 1873 932 1929 cuidam
965 1877 1050 1930 sui
1082 1877 1362 1947 regiminis
1389 1877 1640 1945 abbatite,
1692 1879 1917 1934 nomine
1965 1878 2162 1934 Clade-

579 1964 733 2021 baco.
766 1964 938 2037 Cujus
968 1969 1293 2026 utilitatibus
1327 1986 1494 2040 quam
1534 1979 1814 2031 strenuam
1855 1987 1969 2027 suae
1998 1988 2158 2042 saga-

579 2056 756 2112 citatis
786 2073 975 2113 curam
1007 2059 1354 2129 impenderit,
1386 2077 1549 2116 nemo
1577 2076 1770 2116 eorum
1798 2061 1896 2132 qui
1918 2077 2156 2131 praeces-

579 2158 768 2204 serunt
797 2149 1056 2206 credulus
1087 2152 1352 2208 dubidare
1386 2153 1605 2222 poterit.

648 2239 700 2295 8.
726 2239 938 2297 Interea
966 2243 1139 2298 isdem
1164 2244 1251 2300 vir
1272 2244 1400 2310 Dei,
1429 2246 1587 2314 cujus
1612 2245 1831 2301 animus
1856 2262 1886 2301 a
1913 2255 2157 2304 terreno-

574 2344 698 2382 rum
724 2331 964 2400 appetitu
987 2349 1195 2403 pergere
1217 2343 1356 2401 erat,
1382 2345 1437 2390 et
1457 2336 1572 2388 sine
1591 2351 1807 2404 corpore
1826 2334 1975 2390 velox
1993 2335 2152 2408 (HOR.

574 2417 758 2475 EPIST.
799 2437 837 2487 ι,
872 2422 959 2489 12,
997 2421 1084 2490 15)
1115 2423 1183 2478 ad
1211 2440 1578 2494 supernorum
1599 2426 1803 2482 civium
1839 2426 2154 2501 societatem

571 2510 848 2580 tendebat,
879 2513 1084 2568 dudum
1112 2525 1546 2586 praeconceptam
1572 2532 1865 2588 aggressus
1889 2527 1974 2575 est
1998 2534 2154 2590 pere-

569 2603 956 2673 grinationem,
986 2604 1326 2677 Romamque
1351 2609 1508 2678 petiit
1548 2624 1716 2666 causa
1758 2611 2001 2667 solvendi
2027 2620 2153 2666 vota

569 2710 790 2763 precum
801 2696 945 2765 apud
963 2699 1341 2767 apostolorum
1363 2699 1787 2756 confessionem.
1808 2700 1914 2769 Qui
1931 2704 2151 2769 vero,iu

569 2785 685 2841 suis
710 2786 942 2855 positus,
965 2789 1186 2844 unicam
1217 2790 1412 2846 salutis
1437 2799 1640 2848 nostrae
1666 2792 1900 2848 hostiam
1922 2793 2152 2866 singulis

566 2876 758 2933 diebus
780 2890 1096 2936 assueverat
1120 2882 1428 2951 immolare,
1458 2885 1528 2940 ab
1547 2885 1654 2941 hoc
1672 2885 1837 2941 etiam
1863 2887 2004 2942 inter
2023 2903 2154 2942 eun-

565 2966 698 3021 dum
723 2969 898 3025 noluit
922 2971 1260 3028 desuescere.
1284 2973 1473 3045 Neque
1495 2976 1642 3031 enim
1669 2977 2152 3050 graviszvidehatur

567 3058 989 3156 itinerisdilatio,
1005 3079 1129 3133 quae
1153 3063 1316 3120 ﬁebat
1339 3066 1460 3120 solo
1477 3081 1665 3122 amore
1689 3068 1879 3138 patria
1891 3069 2146 3126 caelestis.
2177 3097 2220 3156 ρ

566 3148 796 3206 Factum
819 3160 906 3208 est
928 3163 1109 3210 autem
1136 3163 1196 3211 ut
1225 3158 1476 3212 nonnulli
1513 3159 1969 3230 peregrinationis
2002 3163 2148 3219 illius

566 3241 828 3309 comites,
853 3244 1095 3302 humano
1144 3262 1298 3303 more
1332 3248 1401 3304 ad
1441 3249 1623 3306 dulcia
1655 3252 1758 3308 soli
1793 3253 1992 3310 natalis
2017 3271 2146 3311 arva

567 3333 929 3404 suspirantes,
959 3350 1025 3392 eo
1049 3337 1241 3407 paucis
1271 3355 1398 3395 cum
1427 3343 1754 3398 necessariis
1781 3343 2001 3414 relicto,
2031 3347 2148 3402 abi—

565 3435 710 3494 rent,
733 3430 894 3498 quasi
922 3445 988 3486 ex
1023 3430 1129 3488 hoc
1155 3433 1544 3502 expeditiorem
1571 3444 1625 3491 et
1653 3436 1798 3492 viam
1827 3447 1882 3494 et
1910 3439 2145 3495 reditum

565 3517 805 3575 habituri
833 3532 1035 3578 essent.
1071 3522 1176 3579 Sed
1205 3524 1410 3581 frustra
1455 3529 1625 3584 renisi
1685 3538 1816 3585 sunt
1864 3533 2148 3588 sententiae

564 3609 830 3678 Apostoli,
857 3611 951 3681 qui
973 3627 1191 3668 omnem
1214 3613 1566 3689 [profectum]
1584 3633 1694 3674 non
1713 3619 1947 3677 volentis
1970 3638 2146 3694 neque

565 3701 857 3769 currentis,
889 3704 984 3758 sed
1011 3705 1319 3763 miserentis
1349 3707 1419 3763 ait
1447 3724 1567 3765 esse
1590 3709 1685 3766 Dei
1709 3710 1882 3779 (Rom.
1913 3730 1990 3781 ιχ,
2030 3715 2140 3786 16).

564 3789 646 3846 Ita
667 3792 813 3849 enim
845 3796 1060 3851 occulta
1089 3796 1184 3852 Dei
1215 3800 1494 3858 voluntate
1549 3802 1785 3873 profecit
1834 3807 2010 3861 sancti
2039 3808 2142 3863 viri

564 3882 775 3950 dilatio,
816 3894 869 3940 et
895 3886 968 3940 ita
998 3887 1214 3944 illorttm
1245 3891 1412 3947 dilata
1433 3904 1517 3949 est
1539 3896 1883 3965 acceleratio,
1901 3907 1963 3952 ut
1980 3901 2143 3958 unius

564 3975 714 4031 horae
742 3992 848 4031 una
895 3979 1140 4036 omnium
1172 3981 1338 4038 fuerit
1370 3987 1673 4055 perventio.
1715 3987 1966 4046 Nondum
1993 3993 2139 4048 enim

563 4067 643 4122 illi
664 4070 895 4138 expediti
920 4072 1155 4132 viatores
1192 4079 1565 4146 apostolorum
1595 4082 1973 4140 subintrarunt
1997 4085 2140 4140 limi-

561 4177 653 4227 na,
703 4178 829 4218 cum
870 4166 956 4220 vir
996 4165 1090 4222 Dei
1134 4167 1489 4240 subsequenti
1517 4173 1687 4244 gradu
1714 4177 1915 4251 pressit
1943 4193 2138 4233 eorum

559 4253 817 4325 vestigia;
858 4256 978 4312 'non
1023 4266 1136 4314 tam
1177 4261 1360 4318 verbis
1415 4265 1713 4322 ostendens
1754 4283 1919 4338 quam
1948 4271 2134 4338 rebus,

557 4360 670 4400 non
693 4361 814 4402 esse
837 4348 894 4403 in
919 4364 1198 4421 quoquam
1235 4353 1520 4412 hominum
1545 4358 1691 4414 viam
1719 4360 1856 4430 ejus.
1896 4361 2001 4429 Qui
2036 4378 2136 4419 ex-

2265 1786 2367 1840 viri
2410 1787 2642 1856 epistola
2699 1785 2768 1841 ad
2808 1785 3102 1856 quemdam
3146 1783 3574 1857 Mcginhardum
3624 1787 3826 1842 abbatem

2263 1876 2724 1932 Gladebacensem
2773 1876 2919 1931 edita
2942 1917 2957 1944 ,
3035 1875 3265 1930 ﬁrmiter
3316 1875 3576 1947 undique
3627 1878 3828 1932 veritatis

2262 1968 2568 2023 assertione
2603 1967 2837 2023 subnixa
2863 1986 2876 2022 :
2908 1967 3006 2038 qui
3034 1967 3194 2038 quasi
3225 1967 3370 2024 ﬁlius
3405 1978 3633 2038 patrem
3654 1972 3828 2039 scriptis

2260 2056 2538 2111 consuluit
2586 2068 2749 2126 super
2775 2055 2942 2127 hujus
2970 2055 3292 2126 quaestionis
3313 2056 3663 2114 deﬁnitione.
3691 2059 3828 2125 Quam

2260 2147 2385 2203 licet
2404 2156 2644 2203 attexere
2674 2147 2746 2203 sit
2768 2147 3019 2220 longum,
3049 2147 3274 2205 utilitati
3303 2157 3495 2204 tamen
3530 2153 3830 2222 prospicien-

2259 2247 2339 2294 tes
2387 2239 2702 2311 legentium,
2756 2255 2867 2295 non
2906 2239 3270 2311 incongruum
3301 2239 3582 2296 duximus
3618 2245 3830 2313 pnescnti

2258 2330 2502 2387 inserere
2527 2331 2812 2401 opusculo,
2851 2339 2913 2385 ut
2937 2330 3004 2384 ad
3027 2331 3276 2386 notitiam
3310 2334 3589 2389 translata
3620 2345 3829 2405 postero-

2257 2439 2402 2491 rum,
2453 2424 2584 2478 hinc
2627 2424 2749 2494 ejus
2799 2422 3016 2494 cognita
3059 2423 3374 2480 sinceritate
3426 2426 3587 2494 ﬁdei,
3643 2438 3831 2482 caveant

2256 2516 2443 2572 ﬁdeles
2469 2515 2764 2586 aliquando
2784 2514 3100 2585 hujusmodi
3123 2515 3407 2570 erroribus
3439 2515 3735 2588 implicari.
3761 2517 3832 2570 Est

2255 2615 2436 2662 autem
2469 2607 2560 2662 hic
2585 2605 2784 2661 modus
2815 2606 2901 2662 vel
2922 2613 3103 2661 textus
3125 2605 3370 2677 epistola:
3413 2625 3428 2660 :

2255 2714 2501 2784 Epistula
2521 2716 2694 2770 sancti
2715 2714 3034 2786 Wolphelmi
3063 2715 3130 2786 de
3147 2728 3488 2772 sacramento
3502 2721 3832 2784 eucltartstitr,

2533 2792 2554 2854 θ
2662 2795 2847 2840 contra
2871 2802 3073 2840 errores
3098 2785 3436 2858 Berengarii.

2325 2876 2413 2932 ll.
2460 2896 2479 2930 ι
2526 2876 2624 2934 Dei
2670 2878 2845 2949 gratia
2894 2877 3276 2934 Wetrnstuus
3323 2881 3502 2937 abbas
3527 2924 3546 2950 ,
3611 2885 3833 2938 coabbati

2258 2986 2278 3020 ‹
2323 2967 2678 3025 hincmuanno
2699 2968 2951 3024 salutem.

2329 3077 2348 3110 ι
2394 3056 2505 3114 Lac
2533 3058 2797 3116 doctrina:
2831 3059 3153 3130 spiritualis,
3176 3060 3324 3132 quod
3347 3077 3380 3116 a
3410 3077 3506 3119 me
3535 3066 3758 3136 rogasti,
3785 3064 3836 3120 de

2258 3167 2278 3201 ς
2323 3150 2463 3206 caelo
2485 3149 2583 3204 tibi
2626 3149 2734 3206 ﬁde
2766 3159 2821 3206 et
2859 3151 3168 3208 humilitate
3212 3153 3422 3225 largius
3469 3159 3830 3213 accumulasti.

2256 3259 2274 3292 ι
2317 3240 2467 3309 Fide,
2500 3242 2761 3312 quoniam
2799 3244 2947 3314 quod
2985 3243 3042 3298 in
3064 3259 3152 3300 me
3186 3259 3298 3300 non
3325 3256 3432 3314 est,
3466 3249 3662 3305 credis
3692 3250 3743 3303 in
3767 3266 3836 3303 me

2255 3352 2274 3385 ι
2319 3349 2479 3404 posse
2528 3333 2698 3390 Deum
2759 3335 3186 3406 omnipotentem
3240 3339 3506 3409 operari;
3550 3341 3835 3396 humilitate

2253 3440 2272 3474 ε
2317 3439 2466 3490 vero,
2521 3423 2671 3494 quia,
2705 3413 3082 3482 deﬁcientibus
3143 3427 3354 3484 meritis
3417 3439 3476 3484 et
3539 3432 3835 3502 sapientia.

2253 3533 2270 3566 ι
2317 3515 2574 3570 canitiem
2626 3524 2680 3570 et
2713 3515 2921 3572 ordinis
2962 3517 3282 3588 dignitatem
3324 3535 3436 3575 non
3482 3523 3752 3578 abhorres
3791 3525 3834 3575 in

2251 3623 2270 3656 ι
2313 3620 2400 3660 me
2455 3605 2725 3661 venerari.
2780 3603 2825 3663 Ο
2871 3621 3037 3676 quam
3080 3623 3426 3679 consequens
3471 3621 3564 3666 est
3613 3621 3697 3679 ut,
3726 3611 3836 3667 dum

2251 3717 2270 3748 ε
2314 3705 2474 3752 nocet
2502 3697 2649 3769 quod
2675 3697 2929 3765 inebriat,
2974 3715 3074 3770 pro
3096 3700 3340 3757 remedio
3377 3700 3673 3760 desideres
3712 3704 3834 3774 quod

2250 3808 2266 3839 ε
2314 3787 2577 3844 dcehriat.
2629 3787 2800 3845 Nocet
2828 3798 3010 3846 autem
3039 3792 3290 3862 quaedam
3329 3793 3582 3851 ebrietas
3633 3796 3836 3851 bassis

2248 3899 2266 3932 ς
2312 3879 2646 3953 Berengarii,
2671 3882 2830 3952 cujus
2849 3883 3130 3939 ebrietatis
3150 3885 3463 3955 periculum
3486 3888 3834 3950 declinemus,

2248 3991 2266 4023 ι
2313 3981 2379 4027 et'
2399 3972 2468 4027 ad
2499 3973 2668 4028 ubera
2709 3975 2838 4028 vino
2877 3975 3104 4031 meliora
3156 3977 3581 4047 appropiemus.
3610 3979 3681 4034 Et
3705 3994 3834 4038 mox.

2247 4083 2264 4114 ι
2311 4074 2372 4118 ut
2403 4078 2526 4121 eam
2572 4066 2964 4130 assertionem,
3002 4067 3230 4138 juvante
3263 4067 3515 4137 Christo,
3573 4074 3836 4141 possimus

2246 4174 2264 4206 ε
2307 4155 2611 4224 destruere,
2647 4173 2770 4229 qua:
2814 4157 3016 4214 clausis
3039 4158 3225 4228 januis
3255 4175 3383 4215 eum
3432 4162 3504 4217 ad
3548 4164 3836 4235 discipulos

2245 4266 2262 4299 ι
2308 4257 2431 4318 post
2458 4250 2916 4305 resurrectionem
2936 4265 3047 4305 non
3075 4251 3314 4308 intrasse
3340 4253 3541 4309 nititur
3559 4267 3834 4319 astruere;

2243 4357 2261 4389 ‹
2303 4354 2370 4395 ex
2401 4333 2880 4398 matris'Ecclesize
2907 4357 3142 4400 manans
3181 4345 3475 4413 mammis,
3529 4347 3707 4404 Iactet
3752 4363 3834 4402 nos

557 4447 768 4505 pertam
805 4438 860 4492 in
895 4441 1000 4497 hoc
1035 4459 1221 4498 rerum
1269 4456 1465 4503 eventu
1542 4448 1637 4506 Dei
1685 4453 2134 4522 omnipotentiam
2169 4452 2214 4507 D
2247 4450 2264 4482 ‘
2309 4430 2662 4504 Evangelium
2713 4431 2980 4491 Joannis:
3022 4435 3156 4491 cum
3196 4445 3354 4505 εδδετν
3391 4437 3690 4510 inquiens.
3740 4458 3838 4494 εσυ

558 4527 832 4596 admirati,
869 4538 1149 4590 transacto
1175 4539 1630 4609 peregrinationis
1668 4545 1909 4614 negotio,
1941 4546 1996 4602 in
2033 4563 2134 4603 sua

557 4628 687 4676 sunt
737 4621 976 4690 reversi,
1025 4640 1093 4679 ex
1136 4626 1230 4682 illo
1257 4637 1499 4700 tempore
1528 4631 1625 4689 Dei
1655 4634 1932 4690 hominem
1966 4637 2134 4710 digno

555 4715 876 4770 reverentia:
910 4715 1032 4773 loco
1056 4718 1319 4777 habituri.

556 4880 562 4885 ν
625 4801 680 4857 9.
729 4801 1064 4866 Herimanno
1109 4819 1292 4866 autem
1333 4811 1599 4886 Pelegrini
1652 4831 1972 4874 successore
2008 4835 2136 4875 cum

555 4895 665 4951 vita
703 4900 1052 4967 pontiﬁcatus
1094 4903 1281 4963 infulis
1313 4915 1498 4976 exuto,
1556 4908 1674 4978 pari
1724 4909 2133 4968 Coloniensium

557 5001 787 5044 assensu
813 4992 1142 5051 substitutus
1169 5005 1255 5052 est
1275 4997 1414 5054 diva;
1445 4999 1725 5056 memoriae
1758 5000 2122 5073 archiepisco-

553 5091 660 5147 pus
683 5078 862 5136 Anno.
885 5081 1160 5152 Quicum,
1185 5097 1246 5143 ut
1267 5091 1526 5146 sacerdos
1570 5107 1804 5162 magnus
1840 5093 1897 5147 in
1940 5093 2134 5150 diebus

555 5171 693 5238 suis,
723 5173 912 5229 volens
943 5175 1054 5232 Deo
1103 5179 1336 5249 placere,
1385 5182 1526 5238 miro
1576 5184 1857 5255 religionis
1897 5184 2133 5241 ferveret

553 5275 764 5330 amore,
797 5279 907 5320 non
935 5267 1222 5325 minimum
1265 5273 1601 5342 expendebat
1628 5273 1684 5329 in
1725 5275 2131 5331 constructione

553 5355 956 5426 ctenobiorum,
1005 5359 1151 5416 unde
1179 5363 1324 5420 unde
1368 5364 1503 5436 legis
1547 5364 1642 5421 Dei
1666 5367 2009 5422 aemulatores
2035 5383 2128 5438 ag-

553 5459 787 5514 gregans
817 5446 1198 5506 inhabitationi
1222 5467 1431 5508 eorum.
1468 5453 1677 5511 Caetera
1700 5455 1866 5527 igitur
1890 5454 1992 5526 pia:
2015 5457 2126 5512 sol-

551 5535 852 5594 licitudinis
897 5541 1233 5598 monimenta
1267 5543 1676 5618 Sigebcrgensis
1710 5547 1944 5604 ccenobii
1992 5563 2126 5603 con-

2253 4542 2271 4575 t
2316 4524 2402 4578 die
2443 4523 2539 4578 illo
2577 4541 2687 4578 una
2730 4523 3105 4595 Sabbatorum,
3144 4538 3195 4583 et
3234 4530 3376 4600 fores
3415 4542 3603 4586 essent
3632 4534 3834 4592 clam.

2250 4634 2268 4666 ι
2313 4615 2404 4670 ubi
2431 4626 2582 4670 erant
2605 4617 2855 4689 discipuli
2878 4621 3199 4691 congregati,
3236 4623 3385 4676 stetit
3411 4622 3580 4679 Iesus
3603 4628 3662 4680 in
3687 4628 3839 4679 mdia

2246 4726 2266 4760 ς
2313 4706 2530 4778 (Joann.
2584 4725 2677 4778 xx,
2734 4710 2844 4782 l9).
2899 4711 2968 4766 Et
3011 4713 3176 4784 paulo
3229 4712 3503 4773 inferius:
3571 4716 3714 4772 Post
3741 4719 3836 4770 dies

2241 4820 2259 4855 ι
2305 4811 2442 4869 octo,
2477 4804 2670 4858 iterum
2701 4811 2851 4859 erant
2879 4804 3131 4876 discipuli
3170 4805 3285 4876 ejus
3319 4807 3483 4874 intus,
3516 4818 3580 4863 et
3623 4810 3837 4864 Thous

2241 4915 2260 4946 ‹
2302 4912 2423 4950 cum
2445 4896 2566 4961 eis;
2611 4904 2661 4950 et
2699 4897 2835 4951 venit
2858 4895 3015 4953 Iesus
3029 4896 3218 4968 januis
3243 4898 3463 4967 clausis,
3491 4912 3555 4955 et
3598 4905 3750 4957 stetit
3791 4905 3836 4956 is

2237 5007 2255 5038 ι
2305 4988 2476 5044 medio
2508 4986 2676 5060 (Ibid.
2721 4988 2835 5060 26).
2876 4988 3017 5046 Ecce
3051 4991 3195 5046 inter
3235 4990 3673 5066 Berengarium,
3705 4999 3834 5067 quod

2230 5100 2256 5144 τι
2302 5095 2411 5136 non
2457 5079 2744 5136 intraverit
2786 5081 3054 5138 Dominus
3095 5082 3285 5154 januis
3339 5085 3552 5143 clausis
3609 5088 3751 5158 (ll),
3790 5097 3834 5141 et

2239 5191 2258 5224 ‹
2303 5173 2446 5229 inter
2473 5171 2760 5241 Joannem,
2791 5175 2940 5246 quod
2975 5175 3280 5244 intraverit,
3331 5194 3454 5234 cum
3483 5179 3574 5234 sit
3620 5192 3832 5237 contro—

2240 5282 2258 5316 t
2305 5265 2503 5332 versia,
2535 5274 2759 5335 superat
2784 5266 2893 5332 ille,
2930 5268 3042 5334 cui,
3093 5269 3326 5336 Scimus,
3363 5270 3672 5340 inquienti,
3721 5275 3831 5343 quia

2240 5375 2258 5408 ι
2303 5373 2492 5412 verum
2540 5367 2628 5413 est
2680 5358 3052 5413 testimonium
3103 5359 3247 5430 ejus,
3305 5361 3479 5416 omnis
3555 5366 3830 5436 applaudit

2240 5471 2258 5503 ι
2306 5450 2570 5506 Ecclesia.
2620 5449 2756 5506 Nam
2789 5451 2838 5507 si
2876 5452 3172 5523 gentilitas,
3216 5454 3347 5509 dum
3381 5454 3563 5511 libros
3612 5459 3828 5516 claudit.

2241 5562 2257 5594 ι
2305 5543 2390 5598 his
2437 5559 2576 5613 quos
2638 5543 2806 5614 recipi
2832 5543 3043 5615 judicat
3082 5546 3406 5617 applaudit,
3435 5549 3631 5607 multo
3661 5555 3830 5609 verius

622 5715 736 5786 (Η)
777 5719 866 5796 δὶς
914 5723 1278 5782 Guitmundus
1319 5727 1458 5783 libro
1486 5744 1585 5797 ll];
1622 5727 1749 5785 hinc
1781 5727 2009 5785 emenda
2052 5743 2171 5799 quat
2198 5727 2438 5786 diximus
2460 5727 2519 5782 in
2538 5728 2774 5792 observ.,
2809 5741 2862 5780 η.
2901 5727 2954 5780 2.
