3878 6310
105 347 206 408 M3

1662 348 1848 408 VITA.

3293 367 3400 424 ιη

106 483 124 516 ε
170 465 303 520 huic
356 462 650 535 Evangelio
718 463 969 534 perhibet
1021 462 1267 520 Ecclesia
1323 463 1699 520 testimonium
1731 469 1776 523 Α
1809 484 1826 514 ι
1873 473 2054 519 autem
2079 464 2314 520 mediam
2340 467 2482 522 hanc
2513 469 2748 524 ironiam
2772 470 3182 543 abrumpentes,
3209 486 3401 534 contra

102 575 123 610 ι
167 555 354 628 (Ιοαη.
385 573 502 624 ιιι,
539 557 655 627 2i),
686 572 784 627 pro
823 573 954 628 quo,
977 557 1299 628 priusquam
1342 557 1692 623 scriberetur,

102 668 121 701 σ
162 651 436 720 praemisit
506 650 783 706 orationes
839 659 895 706 et
947 650 1239 721 jejunium.
1312 649 1467 707 Norit
1534 650 1697 721 igitur

101 760 117 790 ι
163 740 533 812 Berengarius
583 741 699 796 ι]ωο
729 740 835 796 sibi
889 740 1153 809 suﬂicere,
1205 740 1426 812 quibus,
1486 756 1613 796 cum
1663 757 1695 796 a

100 852 117 883 α
161 831 276 890 Deo
327 835 461 902 sint,
510 851 620 890 non
660 835 836 906 possit
865 834 1032 891 homo
1061 834 1455 891 contradicere.
1509 833 1696 905 Itaque

99 943 115 973 ι
158 923 428 996 deinceps
450 925 519 980 ad
552 925 606 980 id
628 941 868 997 quoque,
918 924 1151 982 Domino
1171 925 1418 997 juvante,
1453 925 1690 989 veniam,

97 1034 113 1064 ι
157 1016 312 1085 quod
359 1017 415 1072 in
461 1017 813 1074 eucharistiaa
862 1028 1209 1074 sacramenta
1244 1018 1488 1090 loquitur
1539 1018 1689 1074 blas-

97 1126 113 1156 ‹
154 1107 461 1176 phemiam.
503 1108 610 1164 Sed
649 1109 779 1180 quia
809 1107 1089 1181 Scriptura
1116 1110 1274 1166 docet
1335 1110 1506 1166 stulto
1534 1108 1692 1181 juxta

97 1217 112 1248 ι
151 1200 448 1256 stultitiam
479 1217 636 1257 suam
681 1217 804 1258 esse
848 1203 1288 1274 respondendum
1318 1202 1501 1275 (Prov.
1532 1220 1684 1272 xxvr,

95 1307 111 1339 ι
154 1289 255 1359 5);
315 1292 583 1362 repressis
623 1292 845 1349 interim
893 1293 1030 1365 ipsis
1072 1293 1428 1364 blasphemiae
1469 1294 1686 1361 verbis,

95 1398 112 1430 ι
152 1379 223 1434 ad
275 1379 483 1437 fontem
524 1381 644 1453 ejus
688 1383 1153 1454 praecurrendum,
1210 1393 1293 1453 ut,
1331 1384 1377 1440 si
1422 1384 1688 1440 Dominus

95 1491 112 1524 ι
153 1473 371 1530 dederit
417 1490 520 1531 nos
555 1492 682 1531 eum
713 1477 1020 1545 obstruere,
1063 1477 1279 1534 desinat
1325 1477 1451 1532 inde
1505 1476 1688 1532 sanies

97 1588 111 1612 ι
154 1562 325 1633 hujus
345 1563 700 1636 blasphemiae
721 1566 792 1622 ad
816 1582 918 1623 nos
937 1566 1193 1622 deﬂuere.
1222 1565 1320 1623 Est
1343 1575 1524 1622 autem
1547 1582 1685 1623 vena

94 1671 112 1705 ι
155 1654 326 1724 huius
375 1656 772 1728 scaturiginis,
827 1659 976 1730 quod
1026 1675 1140 1716 non
1188 1668 1340 1714 recte
1390 1660 1557 1716 sentit
1617 1659 1685 1715 de

93 1763 113 1796 ι
151 1757 502 1803 sacramento
549 1747 820 1805 Dominici
871 1751 1121 1820 corporis
1163 1758 1217 1805 et
1255 1749 1575 1820 sanguinis:
1629 1761 1686 1806 et

1804 574 1821 606 ι
1867 555 2260 627 Berengarium
2313 567 2368 614 et
2396 574 2497 630 pro
2549 560 2712 615 nobis
2760 571 2978 618 nosmet
3024 566 3398 637 cohortamur,

1803 668 1822 697 ε
1868 648 1941 702 ita
1985 649 2231 706 dicentes
2281 669 2295 705 :
2339 649 2395 705 Si
2446 665 2646 721 corpus
2711 653 2837 719 hoc,
2887 657 3031 712 unde
3085 658 3288 730 agitur,
3329 663 3400 718 ab

1802 758 1820 789 ι
1866 740 2129 809 apostolis
2177 751 2231 796 et
2279 743 2348 797 ab
2396 744 2654 799 omnibus
2699 745 2890 802 electis
2923 758 3253 820 comestum,
3299 755 3398 824 qui

1801 850 1820 880 ‹
1863 832 1965 886 soli
1999 833 2081 889 sic
2109 833 2240 888 illud
2269 836 2566 891 comedunt
2592 845 2653 891 ut
2679 835 2939 894 Christus
2975 842 3031 894 in
3053 842 3136 898 eis
3157 854 3394 914 maneat,

1800 939 1820 974 ε
1863 933 1917 977 et
1947 922 2050 992 ipsi
2075 923 2132 979 in
2166 923 2388 980 Christo
2413 943 2426 980 :
2448 934 2502 980 et
2527 941 2638 981 non
2665 925 2832 983 Judas
2859 936 2914 983 et
2935 944 3128 986 omnes
3152 934 3392 1001 reprobi,

1801 1031 1820 1065 ι
1863 1013 1931 1068 ad
1961 1029 2100 1084 quos
2123 1023 2246 1085 post
2273 1015 2573 1072 buccellam
2597 1018 2755 1087 panis
2777 1017 3011 1075 Satanas
3031 1021 3217 1088 intrat,
3245 1032 3299 1078 et
3326 1025 3386 1080 fit

1799 1123 1818 1156 ‹
1869 1105 2029 1176 longe
2055 1105 2160 1160 alia
2183 1107 2578 1178 conglutinatio
2600 1108 2856 1166 intrantis
2888 1109 3106 1167 Satanae
3125 1121 3176 1167 et
3206 1127 3396 1182 repro-

1797 1216 1816 1246 ‹
1861 1196 2079 1265 borum,
2132 1214 2298 1269 quam
2343 1214 2409 1255 ea
2452 1215 2575 1270 qua:
2603 1209 2688 1255 est
2718 1200 2922 1257 Christi
2963 1212 3018 1258 et
3053 1203 3393 1265 electorum;

1797 1307 1815 1337 ι
1868 1287 2167 1359 (nusquam
2191 1289 2338 1345 enim
2368 1289 2591 1361 angelos
2627 1291 3004 1360 apprehendit,
3056 1293 3153 1349 sed
3204 1307 3392 1350 semen

1795 1397 1814 1429 ι
1856 1378 2093 1435 Abrahae
2113 1380 2528 1452 apprehendit):
2563 1382 2632 1449 si,
2665 1381 2910 1453 inquam,
2938 1385 3044 1440 hoc
3071 1400 3272 1456 corpus
3314 1386 3392 1440 ita

1795 1490 1812 1521 ι
1858 1470 1927 1526 ab
1955 1470 2144 1527 electis
2189 1483 2500 1528 comestum
2551 1482 2608 1529 et
2661 1473 2744 1530 eis
2792 1475 3250 1545 conglutinatum,
3281 1477 3392 1533 illis

1793 1583 1810 1615 ι
1856 1577 2077 1634 quoque
2114 1565 2506 1636 conglutinatis
2537 1567 2736 1634 eidem,
2765 1582 2825 1624 se
2852 1583 3052 1623 sanum
3089 1577 3146 1624 et
3173 1570 3390 1626 incolu-

1792 1669 1810 1702 ι
1857 1667 1966 1718 me,
1999 1651 2184 1708 vivum
2223 1661 2276 1708 et
2306 1653 2579 1726 integrum
2609 1655 2802 1724 recipit
2825 1655 2894 1710 ad
2920 1654 3138 1712 Patrem
3167 1674 3182 1724 ;
3217 1661 3392 1715 multo

1791 1764 1809 1794 ι
1851 1744 2028 1815 magis
2067 1760 2100 1800 a
2140 1743 2280 1812 Juda
2330 1753 2386 1802 et
2429 1745 2681 1816 reprobis
2705 1747 2984 1814 omnibus,
3017 1747 3142 1817 plus
3169 1749 3330 1804 etiam
3358 1767 3390 1804 a

95 1854 111 1885 ‹
153 1835 288 1890 dum
336 1837 408 1892 ad
461 1838 840 1909 aspiciendum
895 1839 952 1894 in
980 1819 1086 1895 eis
1133 1855 1330 1910 panem
1365 1819 1426 1894 et
1469 1839 1680 1907 vinum,
1718 1819 1758 1872 Β
1792 1856 1810 1888 ε
1857 1837 2110 1893 muribus
2139 1839 2281 1894 etab
2313 1838 2438 1893 aliis
2473 1838 2666 1894 mundi
2709 1838 3012 1909 spurcitiis,
3053 1841 3394 1912 reculligitur

95 1947 111 1978 ‹
153 1927 348 1984 oculos
369 1930 618 2001 corporis
639 1930 822 1999 habet,
847 1930 914 1987 ad
934 1931 1374 2002 perspiciendum
1397 1931 1453 1986 in
1475 1931 1680 1988 eisdem

96 2037 111 2069 ι
152 2033 374 2074 carnem
401 2027 455 2073 et
483 2019 830 2092 sanguinem,
861 2022 1052 2079 oculos
1077 2022 1278 2078 mentis
1303 2038 1413 2077 non
1436 2023 1678 2078 adhibet.

96 2128 111 2160 ι
152 2107 266 2167 Nos
289 2119 471 2166 autem
500 2120 561 2166 ut
585 2112 764 2168 visum
800 2127 1087 2179 acuamus,
1135 2122 1191 2169 et
1236 2114 1482 2169 acuenda
1513 2115 1681 2185 proli-

96 2221 112 2253 ‹
154 2204 368 2259 ciamus
395 2219 505 2276 quo
534 2203 652 2260 haec
674 2205 1013 2274 intueamur,
1039 2205 1107 2262 ad
1134 2205 1486 2261 obtinendam
1512 2208 1680 2262 semel

96 2313 113 2346 ‹
154 2303 435 2365 acceptam
474 2294 641 2366 hujus
660 2296 908 2352 veritatis
925 2297 1277 2354 traditionem
1308 2306 1525 2352 nosmet
1575 2298 1681 2354 hoc

97 2408 112 2438 ι
151 2386 316 2442 modo
340 2388 713 2444 cohortemur.
750 2387 809 2445 Si
838 2390 933 2461 qui
959 2390 1121 2457 dixit,
1173 2401 1223 2446 et
1253 2391 1401 2461 facta
1435 2400 1554 2446 sunt
1574 2408 1594 2456 ;
1629 2401 1680 2446 et

97 2499 113 2530 ε
155 2479 450 2549 mandavit,
485 2490 534 2535 et
570 2490 748 2536 creata
779 2491 903 2536 sunt
938 2481 1116 2553 (Psal.
1166 2499 1340 2550 nm,
1368 2485 1422 2554 9)
1460 2485 1676 2550 omnia;

97 2589 113 2620 ι
153 2571 200 2625 si
235 2571 304 2637 is,
347 2571 594 2642 inquam,
617 2571 756 2628 dixit
779 2572 847 2629 de
892 2573 998 2628 hoc
1024 2589 1201 2644 pane:
1245 2574 1362 2629 Hoc
1386 2587 1462 2630 est
1489 2592 1678 2646 corpus

98 2682 114 2714 ο
155 2681 323 2718 mcunt
350 2664 569 2736 (Matth.
595 2680 744 2734 xxvi,
774 2665 904 2738 26);
938 2676 991 2722 ct
1011 2669 1079 2723 de
1102 2668 1270 2726 vino:
1294 2668 1397 2724 Hic
1427 2678 1505 2724 est
1554 2685 1680 2722 sau-

100 2779 115 2807 I
157 2759 274 2829 guis
316 2775 463 2814 meus
513 2758 704 2828 (lbid.,
750 2758 884 2830 28);
927 2775 1152 2816 necesse
1197 2769 1283 2816 est
1325 2761 1552 2817 omnino
1598 2761 1680 2816 sic

101 2870 117 2902 ι
153 2867 292 2908 esse.
347 2850 484 2908 Nam
535 2851 652 2908 haec
697 2852 814 2909 sola
864 2854 1124 2925 mysteria
1170 2869 1280 2909 non
1310 2854 1380 2909 ab
1403 2853 1526 2909 aliis
1550 2862 1678 2910 sunt

98 2964 115 2995 ς
156 2953 425 3015 separata,
456 2961 597 3016 quae,
629 2945 843 3009 dicente
871 2944 1005 3013 Deo,
1045 2945 1187 3001 facta
1218 2956 1367 3016 sunt,
1398 2947 1485 3002 vel
1521 2962 1678 3002 man-

99 3056 118 3088 ‹
155 3038 318 3094 dante
344 3046 547 3095 creata.
594 3037 692 3095 Est
725 3047 906 3094 autem
938 3055 1084 3096 unus
1123 3048 1289 3111 atque
1335 3041 1481 3097 idem
1507 3039 1674 3106 Deus,

97 3147 114 3180 ι
153 3128 326 3201 primo
371 3129 637 3186 mundum
663 3128 929 3199 formans,
970 3130 1165 3188 deinde
1201 3131 1305 3186 hoc
1332 3142 1678 3190 sacramento

100 3239 115 3273 ι
154 3237 308 3280 suam
347 3222 645 3297 imaginem
688 3221 1016 3281 reformatis.
1053 3218 1280 3282 Sienim
1311 3226 1453 3283 alius
1475 3225 1678 3282 faceret

99 3335 115 3368 ‹
155 3316 466 3387 hominem,
534 3326 589 3375 et
636 3317 780 3377 alius
833 3318 1165 3386 redimeret;
1227 3318 1502 3375 redimens
1552 3317 1678 3390 plus

98 3423 114 3457 ι
151 3407 368 3466 honoris
391 3409 495 3466 sibi
529 3407 878 3477 assumeret,’
903 3417 1068 3480 atque
1107 3409 1184 3466 ita
1215 3419 1268 3466 et
1301 3409 1446 3466 Deus
1491 3425 1589 3480 per
1617 3424 1676 3466 se

99 3519 115 3550 ι
154 3500 530 3574 redempturus
556 3512 694 3571 erat,
719 3512 772 3560 et
794 3503 962 3558 homo
988 3519 1100 3558 non
1130 3502 1238 3559 nisi
1264 3518 1362 3573 per
1394 3518 1453 3559 se
1479 3501 1674 3558 redimi

98 3612 114 3644 ι
152 3603 397 3664 poterat;
442 3597 572 3667 quia
597 3596 849 3652 videlicet
877 3595 955 3651 nil
978 3596 1189 3652 homini
1206 3595 1331 3666 jure
1356 3596 1674 3652 redimendo

99 3706 114 3736 ι
155 3675 454 3757 proﬁceret,
470 3689 737 3761 quidquid
753 3689 902 3745 aliud
920 3705 1084 3760 quam
1103 3689 1382 3744 hominem
1400 3689 1675 3745 induendo

100 3796 114 3828 ι
155 3778 288 3836 Deus
309 3781 634 3852 perﬁceret;
682 3790 742 3836 ut
774 3795 842 3837 ex
868 3783 973 3838 hoc
1005 3781 1214 3853 liquido
1260 3790 1472 3838 constet
1527 3781 1673 3853 quod

99 3890 115 3920 ι
157 3888 293 3928 unus
345 3881 513 3944 atque
561 3873 745 3942 idem;
806 3872 950 3930 Deus
1012 3883 1067 3930 et
1117 3874 1304 3941 homo,
1361 3874 1673 3946 redemptor

101 3981 115 4010 ι
158 3963 388 4020 hominis
432 3953 630 4020 exstet.
685 3963 855 4035 Igitur
905 3965 1133 4020 omnino
1177 3961 1260 4020 sic
1300 3979 1422 4020 esse
1451 3978 1672 4020 necesse

100 4071 115 4101 ι
153 4062 230 4108 est
271 4055 439 4126 quod,
462 4055 678 4111 dicente
699 4055 810 4111 Deo
831 4057 915 4112 vel
937 4057 1252 4123 mandante,
1285 4072 1393 4111 non
1416 4072 1539 4112 esse
1559 4071 1670 4111 non

102 4165 117 4193 ι
155 4155 341 4214 potest.
376 4146 521 4203 Ecce
549 4146 686 4204 Novi
715 4157 771 4204 et
798 4147 1012 4205 Veteris
1048 4149 1384 4205 Testamenti
1419 4164 1522 4204 nos
1555 4148 1672 4204 haec

103 4256 117 4285 ι
160 4240 472 4296 auctoritate
507 4241 804 4311 probamus
839 4260 853 4297 :
892 4241 1095 4314 quibus
1139 4241 1503 4313 Berengarius
1549 4251 1661 4298 ter-

103 4350 117 4379 σ
161 4331 282 4388 tium
338 4333 529 4400 addit,
587 4334 733 4404 quod
792 4351 900 4389 non
961 4335 1146 4390 minus
1225 4351 1389 4406 quam
1444 4335 1668 4390 tertium

1793 1949 1812 1980 ‹
1862 1929 1918 1984 in
1940 1944 2170 2000 regnum
2198 1946 2362 1985 suum
2399 1931 2520 1986 sine
2555 1930 2642 1986 sui
2677 1930 3043 1987 dimunitione
3069 1931 3154 1986 vel
3195 1941 3358 1988 conta

1792 2040 1811 2072 ‹
1855 2021 2172 2077 minatione.
2213 2020 2353 2077 Nam
2381 2031 2437 2078 et
2457 2023 2540 2078 sol
2559 2023 2652 2078 hic
2675 2021 2930 2091 visibilis,
2964 2031 3182 2080 creatus
3204 2034 3392 2079 etnon

1791 2135 1808 2164 ι
1855 2113 2224 2184 omnipotens,
2261 2113 2447 2170 radios
2473 2130 2607 2170 suos
2629 2114 2685 2169 in
2707 2115 2924 2171 cloacas
2951 2125 3000 2170 et
3029 2116 3169 2170 alias
3197 2117 3389 2171 mundi

1790 2225 1807 2255 ‹
1853 2205 2045 2262 sordes
2075 2206 2331 2274 emissos,
2369 2222 2568 2262 rursus
2592 2206 2826 2263 retrahit
2861 2207 2928 2262 ad
2959 2223 3018 2263 se
3053 2207 3176 2263 sine
3203 2208 3388 2278 aliqua

1789 2316 1808 2348 ι
1853 2297 2174 2367 pollutione.
2201 2295 2317 2354 Hoc
2335 2307 2518 2353 autem
2533 2313 2756 2368 corpus,
2781 2306 2908 2368 post
2933 2299 3208 2369 expletam
3233 2315 3390 2355 more

1787 2406 1806 2438 ‹
1849 2388 2121 2444 catholico
2180 2389 2660 2457 communionem,
2719 2406 2915 2446 sanum
2963 2399 3020 2446 et
3083 2391 3386 2459 incolume,

1788 2498 1807 2530 ο
1854 2479 2038 2535 vivum
2061 2489 2118 2536 et
2144 2480 2420 2551 integrum
2450 2496 2511 2536 se
2535 2480 2730 2551 recipit
2751 2481 2818 2536 ad
2843 2480 3082 2538 Patrem.
3125 2482 3218 2538 Sic
3237 2484 3384 2538 enim

1787 2592 1805 2625 ι
1851 2581 2082 2629 testatur
2129 2572 2378 2630 Ecclesia
2422 2572 2644 2628 Achaiae
2685 2573 2797 2644 (12)
2839 2574 3060 2630 beatum
3110 2576 3385 2631 Andream

1786 2686 1806 2718 ‹
1851 2666 2159 2738 apostolum
2182 2666 2409 2723 dicere:
2445 2665 2743 2736 Postquam
2776 2666 2957 2722 omnis
3001 2668 3237 2736 populus
3266 2683 3388 2732 ere-

1783 2775 1805 2810 ¢
1849 2758 2096 2815 dentium
2151 2758 2292 2830 Agni
2353 2773 2548 2814 carnes
2601 2757 2902 2813 comederit
2948 2767 3003 2813 et
3054 2759 3381 2832 sanguinem

1784 2866 1802 2899 ‹
1849 2847 2070 2916 biberit,
2107 2848 2315 2920 Agnus,
2343 2847 2438 2919 qui
2462 2846 2803 2903 saerilicatus
2824 2856 2928 2916 est,
2965 2848 3174 2919 integer
3195 2865 3384 2920 perse-

1785 2967 1803 2999 ‹
1848 2955 2002 3003 verat
2039 2955 2094 3003 et
2125 2947 2328 3003 vivus:
2365 2954 2424 3003 et
2462 2961 2588 3002 cum
2631 2960 2759 3002 vere
2801 2945 3144 3001 sacrilicatus
3189 2947 3279 3013 sit,
3330 2955 3384 3002 et

1785 3058 1803 3092 ι
1845 3055 1974 3096 vere
2002 3055 2199 3097 carnes
2239 3039 2360 3111 ejus
2387 3047 2644 3096 comestm
2683 3038 2797 3094 sint
2835 3053 2867 3093 a
2896 3038 3117 3109 populo,
3164 3048 3217 3094 et
3257 3053 3385 3102 vere

1786 3154 1804 3186 ‹
1849 3131 2076 3208 sanguis
2102 3135 2222 3206 ejus
2243 3136 2316 3190 sit
2340 3135 2573 3202 bibitus;
2603 3141 2805 3200 tamen,
2833 3139 2896 3188 ut
2921 3131 3056 3200 dixi,
3083 3139 3138 3188 et
3168 3131 3382 3204 integer

1784 3245 1803 3279 ι
1848 3237 2151 3298 permanet,
2174 3233 2230 3283 et
2259 3225 2665 3293 immaculatus,
2693 3235 2745 3281 et
2769 3225 2949 3281 vivus.
2988 3224 3158 3296 Igitur
3178 3240 3382 3296 corpus

1779 3332 1799 3368 ι
1847 3317 1952 3372 hoc
1979 3317 2050 3371 ab
2075 3315 2180 3384 his,
2203 3317 2404 3387 quibus
2445 3316 2534 3371 ille
2573 3316 2932 3387 participibus
2969 3317 3240 3386 particeps
3273 3324 3381 3382 est,

1781 3427 1800 3462 ‹
1847 3423 1908 3464 se
1957 3409 2146 3465 vivum
2199 3417 2255 3465 et
2301 3408 2574 3479 integrum
2626 3416 2682 3463 et
2743 3409 3017 3464 incolume
3068 3407 3378 3477 recipiens,

1781 3525 1799 3560 ι
1843 3507 2018 3563 multo
2056 3506 2234 3578 magis
2264 3506 2333 3560 ab
2376 3506 2464 3560 his
2495 3503 2610 3576 [qui
2635 3504 2758 3575 ejus
2798 3505 2988 3576 gratim
3019 3519 3128 3559 non
3156 3503 3378 3573 partici-

1779 3619 1798 3652 ‹
1842 3598 1996 3673 pant]
2037 3599 2242 3671 colligit
2265 3598 2322 3654 in
2352 3613 2582 3670 regnum
2609 3613 2793 3653 suum.
2841 3595 2958 3652 Hoc
2997 3597 3218 3652 interim
3249 3595 3382 3651 cha-

1781 3713 1798 3746 (
1842 3693 1991 3748 ritati
2016 3701 2125 3748 tua:
2149 3700 2281 3763 puto
2307 3690 2574 3758 sulllcere,
2598 3690 2728 3746 dum
2753 3690 3033 3746 videamus
3064 3689 3111 3745 si
3148 3690 3219 3746 sit
3240 3705 3382 3760 opus

1779 3805 1797 3838 ι
1841 3785 1927 3840 his
1954 3785 2160 3855 aliquid
2183 3783 2440 3855 adjicere.
2470 3782 2862 3840 Verumtamen
2890 3791 2946 3838 et
2973 3782 3121 3853 quod
3153 3781 3289 3848 dixi,
3327 3789 3383 3836 et

1778 3896 1796 3929 ι
1841 3875 1885 3932 si
1915 3877 2048 3948 quid
2069 3877 2320 3933 dicturus
2347 3890 2493 3944 sum,
2525 3875 2637 3931 tuis
2675 3873 3022 3930 orationibus
3043 3881 3100 3927 et
3131 3871 3380 3926 omnium

1779 3988 1796 4020 ι
1843 3969 1930 4040 pie
1955 3969 2023 4025 de
2055 3985 2142 4025 me
2169 3969 2526 4025 sentientium
2559 3967 2926 4035 commendo;
2960 3966 3248 4037 quoniam,
3275 3963 3381 4019 etsi

1778 4080 1797 4113 ‹
1840 4061 2044 4116 mortui
2087 4069 2216 4115 sunt
2258 4061 2655 4115 obtrectatores
2706 4057 3054 4130 Hieronymi,
3096 4065 3380 4112 auctorem

1779 4169 1798 4201 ι
1841 4147 2255 4204 obtrectationis
2281 4146 2598 4218 hujusmodi
2630 4147 2814 4201 vivere
2843 4145 3142 4217 perpendo.
3191 4164 3210 4197 ι

1845 4242 2049 4298 Taliter
2079 4241 2170 4295 hic
2192 4240 2351 4294 miles
2375 4238 2639 4294 emeritus
2661 4239 2834 4293 armis
2851 4237 3100 4307 justitiae,
3128 4237 3233 4291 tide
3262 4235 3377 4291 sci-

1771 4333 1916 4398 licet,
1943 4347 2039 4402 spe
2060 4339 2114 4386 et
2137 4329 2406 4385 charitate
2433 4327 2702 4394 munitus,
2727 4325 3008 4396 perﬁdiam
3035 4323 3380 4396 Berengarii,

103 4442 117 4473 ι
158 4423 220 4480 de
265 4427 406 4482 ctelo
464 4426 733 4483 cecidisse
784 4425 1048 4482 Catonem
1124 4429 1499 4499 reprobamus.
1569 4427 1668 4483 Eia
1770 4423 1826 4479 in
1869 4423 1986 4478 acie
2025 4419 2243 4476 Domini
2301 4418 2655 4485 constitutus,
2709 4431 2813 4473 suo
2869 4416 3004 4472 loee-
3043 4416 3380 4488 cipugnavit

105 4535 118 4563 ι
158 4531 294 4588 ergo,
328 4527 456 4588 post
493 4517 604 4574 duo
627 4518 997 4586 Testamenta,
1032 4521 1253 4575 tertium
1279 4521 1417 4587 hoc;
1463 4530 1519 4576 et
1547 4520 1670 4576 ideo
1701 4528 1745 4584 ι)
1771 4512 2188 4569 invictissimus.
2219 4509 2376 4577 Quod
2399 4516 2604 4579 quanta
2630 4506 2822 4564 fecerit
2844 4507 3151 4574 devotione,
3172 4513 3380 4561 testan-

106 4623 120 4652 ι
163 4608 388 4676 tertium,
419 4609 549 4680 quia
584 4608 654 4664 ab
678 4609 758 4664 eis
781 4610 1071 4678 alienatur,
1114 4611 1295 4667 verbis
1321 4611 1498 4682 ipsius
1531 4628 1666 4667 auc-

103 4716 120 4745 ι
161 4698 298 4764 toris,
338 4701 414 4754 ita
444 4699 725 4770 loquitur:
765 4699 823 4756 Si
849 4717 1034 4758 mures
1058 4713 1438 4759 consecratum
1467 4721 1669 4776 corpus

104 4805 119 4835 ι
159 4788 350 4845 Christi
384 4791 741 4860 comederint;
796 4809 906 4847 non
940 4793 1062 4849 ideo
1092 4794 1345 4851 Christus
1391 4795 1446 4850 in
1480 4796 1580 4863 eis,
1617 4805 1671 4850 ct

107 4896 121 4926 ‹
159 4880 252 4947 ipsi
296 4881 350 4936 in
392 4883 614 4940 Christo
660 4885 982 4953 manebunt,
1032 4901 1140 4945 nec
1193 4887 1360 4942 vitam
1406 4897 1665 4943 aaternam

107 4987 122 5018 ι
164 4969 442 5030 habebunt.
479 4973 526 5031 Ο
557 4976 606 5031 si
637 4992 783 5032 nunc
807 4978 950 5047 apud
982 4977 1190 5034 inferos
1218 4987 1394 5034 tortor
1457 4979 1666 5036 Horatii
1730 4994 1731 4997 ‘
1764 4983 1765 4986 “

107 5078 122 5107 ς
162 5059 408 5132 desideat,
448 5067 581 5122 dum
611 5067 828 5123 hostem
874 5067 1131 5126 Ecclesia:
1163 5070 1312 5126 hunc
1355 5071 1537 5128 Verbis
1581 5072 1668 5128 his

110 5170 124 5202 ι
161 5152 382 5212 derideat
411 5178 425 5213 :

228 5245 525 5304 Parturient
557 5261 779 5320 montes,
818 5264 1064 5309 nascetur
1093 5255 1368 5310 ridttculus
1405 5256 1564 5309 mus!

111 5353 127 5386 ι
169 5335 468 5400 Putavimus
499 5345 648 5401 hunc
665 5344 808 5402 inter
832 5356 1046 5404 montes
1064 5348 1386 5416 exaltatum,
1411 5365 1668 5420 magnum

112 5443 128 5475 ο
165 5429 284 5497 (ιυίά
316 5435 605 5505 parturire,
651 5435 784 5491 dum
818 5453 945 5494 ecce
992 5454 1178 5494 mures
1228 5440 1284 5494 in
1333 5440 1668 5511 adjutorium

113 5536 130 5567 ι
169 5520 279 5589 ejus
315 5528 685 5599 conspicimus
723 5545 850 5586 eum
890 5532 958 5587 de
1005 5533 1256 5590 cavernis
1301 5533 1497 5591 accire.
1547 5532 1667 5590 Jam

173 5717 270 5801 ς
303 5721 358 5801 lu
388 5725 615 5801 epistola
638 5727 914 5801 encyclica
941 5729 1008 5801 de
1035 5729 1386 5801 martyrio-8.
1413 5731 1661 5787 Andreae.

174 5785 272 5862 (15)
305 5785 437 5854 Haec
463 5785 766 5856 Mizechoui
807 5800 914 5873 regi
949 5785 1662 5875 Poloniaednupsit,~fuitque

1770 4617 1880 4674 tur,
1909 4620 2050 4676 quas
2079 4603 2363 4671 fundebat,
2387 4599 2670 4659 orationes
2696 4609 2752 4656 et
2793 4599 3070 4670 lacrymae,
3101 4604 3381 4669 quatenus

1771 4698 1982 4754 seducti
2029 4695 2456 4768 resipiscerent,
2504 4693 2774 4750 catholica
2849 4691 2988 4747 ﬁdes
3048 4691 3377 4745 intemerata

1770 4791 2120 4859 consisteret,
2147 4799 2202 4846 et
2228 4807 2260 4846 a
2284 4797 2436 4846 recto
2461 4787 2680 4844 tramite
2701 4785 2850 4840 nulla
2872 4785 3140 4855 pravitate
3175 4780 3378 4837 infecta

1771 4885 2076 5030 de‘ilgreais
2117 4974 2189 5029 ita
2215 4971 2532 5044 praelibatis,
2567 4976 2812 5024 vertatur
2851 4967 3024 5036 stylus
3061 4966 3129 5021 ad
3165 4965 3377 5021 descri-

1770 5065 2006 5121 bendum
2030 5064 2240 5134 quales,
2268 5078 2370 5133 pro
2391 5062 2538 5116 bono
2569 5058 2812 5114 ecclesiae
2843 5072 2978 5125 sum,
3020 5056 3251 5113 Cloteno
3293 5056 3376 5111 vi-

1770 5155 1964 5212 delicet
1990 5155 2230 5220 nomine,
2254 5152 2735 5224 pertulit~labores,
2767 5149 2900 5216 imo,
2936 5149 2984 5204 si
3005 5149 3116 5205 dici
3155 5149 3240 5208 fas
3265 5158 3373 5214 est,

1772 5249 2196 5318 persecutiones.
2236 5245 2394 5312 Quod
2434 5244 2670 5315 qualiter
2697 5242 2942 5299 ecclesiae
2965 5244 3222 5298 collatum
3253 5241 3376 5297 fue-

1773 5340 1848 5394 rit
1885 5348 1942 5394 et
1976 5339 2239 5403 ablatum,
2282 5336 2476 5407 paucis
2525 5335 2738 5389 videtur
2781 5333 3184 5401 intimandum;
3233 5347 3374 5403 quo—

1776 5432 1924 5487 niam
1954 5446 2063 5486 non
2089 5430 2320 5501 plcniter
2341 5428 2644 5483 advertitur
2680 5412 2843 5494 ratio,
2885 5427 3047 5497 cujus
3089 5427 3375 5497 ignoratur

1776 5523 1951 5595 origo.
1993 5521 2224 5577 Domina
2253 5519 2493 5576 Richeza
2525 5519 2661 5592 (15),
2706 5519 2866 5590 cujus
2893 5515 3167 5590 genitores
3188 5513 3371 5570 Brun-

1772 5737 1948 5805 rnater
1967 5729 2224 5805 Casimiri
2254 5731 2322 5786 de
2353 5745 2464 5805 quo
2485 5745 2651 5805 supra
2674 5727 2913 5805 egim_us_.
2951 5723 3084 5804 Ejus
3104 5718 3370 5805 sanctita-

1769 5803 1841 5862 tis
1871 5802 2175 5876 apologiam
2211 5797 2762 5873 conscripsit'contra
2803 5797 3043 5853 Poloniae
3077 5797 3370 5864 scriptores
