3878 6310
551 341 661 395 415

1409 336 1468 390 Β.
1509 333 1930 391 WOLPHELMI
1968 334 2261 391 ABBATIS
2295 333 2967 407 BRUNWILLERENSIS
3738 342 3816 396 illi

552 455 842 510 \silerense
881 469 913 507 a
954 452 1327 508 fundamentis
1374 458 1761 506 exstruxerunt
1813 449 2147 516 cmnobium,
2181 454 2225 514 A
2252 449 2532 522 genitricis
2571 449 2833 519 adimere,
2873 450 3021 521 quod
3070 450 3207 504 tanti
3260 450 3437 507 meriti
3492 451 3579 505 vir
3618 467 3714 523 pro
3744 470 3815 509 sua

553 546 777 603 ﬁJeiae
792 545 1097 602 devotionis
1134 544 1351 597 illorum
1380 542 1686 599 aemulatrix
1728 542 1994 611 existens,
2037 552 2147 599 ter-

555 653 815 694 renarum
867 636 1280 707 possessionum
1319 651 1542 692 suarum
1586 635 1848 691 ecclesias
1882 634 1977 690 Dei
2018 634 2146 691 fecit

556 730 820 797 haeredes,
845 738 904 785 ut
924 728 1079 800 regni
1102 728 1365 795 cmlestis,
1399 728 1515 798 ipsa
1552 744 1777 798 compos
1805 727 1944 784 elIici
1967 744 2146 783 mere—

556 831 709 877 retur
733 830 788 877 et
806 821 997 876 haares.
1040 818 1289 877 Tradidit
1316 820 1500 893 itaque
1523 821 1684 876 beato
1705 819 1866 876 Petro
1901 821 1957 875 in
1980 820 2131 875 Colo-

554 913 645 967 nia
666 911 941 983 Combnrg
960 921 1015 967 et
1038 910 1294 978 Salevelt,
1328 928 1453 969 cum
1497 913 1770 971 universis
1812 913 2146 984 appendiciis

553 1004 699 1069 suis;
732 1011 924 1058 saneto
944 1018 1073 1059 vero
1101 1002 1326 1060 Nieulao
1356 1005 1413 1059 in
1435 1004 1774 1062 Brunwilere
1813 1006 1994 1061 villam
2022 1022 2146 1077 qua:

550 1094 749 1149 dicitur
770 1094 1019 1160 Cloteno,
1053 1112 1181 1151 cum
1210 1097 1468 1153 omnibus
1489 1097 1754 1156 reditibus
1789 1099 1927 1154 suis.
1969 1097 2145 1165 Quam

549 1186 919 1255 traditionem,
946 1188 1051 1243 sub
1078 1190 1375 1244 multarum
1396 1189 1765 1260 probabilium
1786 1206 2144 1261 personarum

549 1280 864 1334 testimonio
898 1280 1123 1350 factam,
1152 1299 1398 1355 praesens
1419 1284 1654 1340 domnus
1674 1285 1966 1356 episcopus
1985 1284 2144 1340 Anno

546 1385 646 1426 sua
668 1373 990 1428 auctoritate
1016 1375 1412 1442 corroboravit,
1437 1377 1827 1445 auctorizavit;
1858 1387 1931 1445 et,
1960 1387 2018 1433 ut
2046 1394 2145 1448 per

546 1465 745 1518 saecula
789 1465 1113 1520 inconvulsa
1150 1468 1491 1534 consisteret,
1526 1469 1841 1536 violatores,
1893 1477 2143 1539 raptores

522 1576 525 1581 λ
543 1568 612 1622 pe
633 1564 808 1624 'petuo
830 1556 1175 1612 anathemate
1194 1558 1495 1615 damnavit.
1521 1559 1775 1616 Solvente
1792 1576 1921 1617 vero
1939 1561 2142 1618 domna

545 1644 783 1700 Richeza
812 1648 1000 1718 regina
1037 1650 1231 1709 mortis
1258 1650 1521 1717 debitum,
1557 1653 1687 1707 dum
1715 1653 2020 1710 deferretur
2049 1663 2140 1710 tu-

545 1736 804 1792 mulanda
833 1738 891 1792 in
913 1737 1334 1796 Brunwilerensi
1365 1744 1639 1810 coenobio,
1676 1745 1758 1800 uti
1796 1746 1915 1816 ipsa
1948 1747 2139 1803 vivens

544 1827 923 1898 constituerat,
966 1846 1094 1887 nam
1135 1842 1189 1889 et
1227 1832 1405 1889 locum
1450 1835 1555 1891 sibi
1605 1838 1900 1907 sepulturae
1936 1839 2138 1896 ibidem

543 1917 943 1990 i'esignaverat,
968 1922 1126 1993 jussu
1166 1927 1406 1995 praedicti
1448 1929 1849 2001 archiepiscopi
1889 1932 2139 1990 Annonis

542 2022 744 2078 corpus
784 2011 905 2082 ejus
937 2014 991 2068 vi
1022 2015 1306 2083 retinetur,
1349 2027 1403 2074 et
1446 2019 1504 2074 in
1544 2020 1777 2077 ecclesia
1803 2022 1939 2094 (1-1),
1970 2040 2136 2094 quam

540 2096 734 2169 ipsein
765 2101 1032 2159 honorem
1061 2106 1234 2162 beata:
1262 2107 1359 2163 Dei
1390 2110 1673 2180 genitricis
1717 2128 1934 2184 semper
1974 2116 2139 2186 virgi-

538 2188 629 2245 nis
655 2189 840 2247 Mariae
857 2209 890 2247 a
909 2192 1266 2253 fundamento
1284 2211 1551 2267 erexerat,
1576 2204 1858 2272 sepeLtur.
1901 2205 2022 2272 Quo
2051 2206 2137 2262 fa-

512 2290 647 2349 cto,
680 2295 1041 2342 memoratum
1065 2288 1324 2345 allodium
1350 2291 1577 2349 Cloteno
1600 2295 1778 2352 eidem
1803 2299 2035 2353 contulit
2056 2315 2139 2355 ee-

537 2374 740 2443 clesiae,
765 2379 1268 2437 contradicentibus
1292 2383 1421 2450 illis,
1457 2386 1661 2455 quibus
1685 2389 1880 2444 ardore
1907 2391 2135 2459 justitiae

537 2467 656 2524 haec
682 2472 904 2527 eratad
939 2472 1237 2549 videndum
1272 2478 1529 2533 viofentia
1575 2482 1779 2552 gravis.
1816 2482 1967 2538 Adeo
1987 2495 2134 2541 .tunc

531 2561 621 2614 vir
639 2562 882 2631 prudens
913 2573 969 2620 et
998 2566 1392 2626 solertissimus
1416 2586 1709 2641 pravorum
1734 2573 1914 2633 fuerat
1934 2578 2134 2634 consi-

532 2648 624 2706 liis
651 2651 1080 2724 cireumventns,
1115 2673 1216 2715 nec
1239 2671 1460 2731 repente
1484 2673 1694 2735 poterat
1715 2667 1936 2725 anintus
1958 2670 2028 2725 ab
2048 2670 2135 2726 itt-

532 2750 713 2812 empto
732 2745 999 2813 revocari,
1014 2749 1225 2820 'quippc
1243 2752 1404 2823 cujus
1431 2765 1566 2811 nutu
1594 2758 1759 2814 etiam
1793 2767 1925 2815 tunc
1944 2761 2133 2833 dispo-

531 2832 805 2891 nebantur
836 2840 1056 2910 negotia
1087 2844 1261 2913 regni.
1718 2894 1721 2897 λ

602 2924 703 2983 His
729 2929 802 2983 ita
833 2933 1082 3000 pat:atis,
1126 2936 1449 2995 imminente
1477 2940 1591 3011 jam
1623 2942 1745 3013 ejus
1775 2946 1967 3003 mortis
1992 2948 2130 3003 arti-

530 3017 677 3084 culo,
730 3023 881 3090 gravi
926 3027 1343 3097 caspitanxiari
1382 3032 1724 3092 inﬁrmitatis
1759 3037 2125 3096 incommodo.

2250 540 2543 597 contulerit
2571 542 2879 598 devotione.
2922 539 3076 596 Tunc
3112 541 3196 596 vir
3227 541 3443 596 Domini
3487 542 3633 612 apud
3667 544 3816 600 archi-

2247 632 2565 703 episcopum
2599 633 2825 689 minitne
2869 649 2929 690 se
2967 648 3197 690 cernens
3241 634 3527 704 prolicere,
3587 651 3682 706 per
3718 650 3817 693 Suos

2248 714 2683 796 legatos-regiam
2706 723 3167 796 magnificentiam
3192 725 3400 780 studuit
3424 724 3818 790 ailire,mtmrni-

2247 831 2354 886 que
2382 823 2548 887 gesta:
2585 815 2663 872 rei
2698 815 2943 872 ordinem
2995 815 3353 887 proclamare.
3408 814 3572 872 Tune
3621 831 3818 887 quartus

2246 898 2516 962 Henricus
2563 921 2680 974 rex,
2725 907 3075 978 postmodum
3117 906 3495 964 Romanorum
3544 909 3817 981 Augustus,

2247 996 2340 1067 qui
2364 996 2456 1053 illo
2484 1005 2726 1068 tempore
2752 998 2902 1070 regni
2928 999 3301 1054 monarchiam
3327 1009 3553 1055 strenue
3574 1002 3815 1072 guberna-

2245 1088 2358 1155 bat,
2386 1089 2553 1161 hujus
2587 1091 2666 1146 rei
2701 1101 2980 1162 comperta
3025 1080 3476 1163 proelatnatione,
3518 1095 3750 1164 spondet
3778 1113 3818 1151 sc

2246 1182 2578 1259 omnimodis
2618 1183 2934 1240 adfuturum
2985 1184 3268 1257 juvamine
3314 1204 3328 1240 :
3369 1184 3580 1243 factum
3628 1188 3816 1258 quidem

2246 1276 2480 1345 graviter
2516 1275 2677 1344 ferre,
2714 1294 2994 1349 nunquam
3029 1295 3178 1346 vero,
3214 1279 3395 1349 quoad
3446 1278 3680 1343 viveret,
3726 1296 3817 1351 pet-

2246 1365 2546 1421 tnissurum
2605 1367 2818 1424 stabile.
2891 1368 3351 1426 Animadvertens
3413 1370 3588 1425 etiam
3649 1370 3818 1426 famam

2244 1456 2507 1514 bonitatis
2528 1459 2714 1515 domni
2737 1460 3133 1534 archiepiscopi
3158 1461 3410 1518 Annonis
3447 1464 3553 1520 hac
3590 1466 3818 1535 praivari-

2244 1550 2456 1606 eatione
2496 1552 2676 1625 legum
2731 1554 2813 1611 vel
2854 1553 3082 1625 justitiae
3129 1571 3240 1610 non
3287 1544 3647 1611 mediocriter
3697 1574 3819 1626 posse

2243 1641 2543 1714 obfuscari,
2566 1661 2775 1701 memor
2794 1647 2994 1702 veteris
3015 1645 3269 1702 amicitia:
3289 1646 3390 1701 viri
3416 1646 3632 1719 (abillo
3653 1650 3818 1718 quippc

2241 1734 2508 1792 educatus
2526 1737 2614 1792 vel
2635 1738 2875 1794 nutritus
2901 1737 3096 1808 fuerat)
3122 1738 3345 1793 mandat.
3384 1738 3599 1793 domno
3649 1737 3819 1792 [limul-

2173 1812 2217 1866 Β
2242 1827 2352 1901 pho
2381 1828 2502 1898 ejus
2533 1830 2862 1898 successori,
2884 1824 3111 1886 Clotcno
3131 1828 3364 1886 celerius
3410 1830 3633 1884 restitui
3672 1847 3819 1885 cirro-

2241 1918 2333 1974 bio
2356 1918 2805 1978 Brunwilerensi.
2849 1922 2919 1976 At
2944 1912 3037 1976 illo
3068 1923 3143 1977 nil
3167 1921 3298 1978 certi
3336 1920 3413 1975 ad
3465 1922 3589 1977 haec
3629 1938 3821 1993 respuo.

2239 2009 2422 2078 dente,
2447 1998 2541 2066 sed
2576 2011 2759 2081 potius
2782 2011 2849 2067 de
2882 2012 2969 2067 die
2997 2011 3051 2066 in
3093 2011 3236 2067 diem
3283 2008 3599 2066 differendo
3642 2025 3820 2082 tempus

2239 2101 2559 2169 redimcnte,
2586 2118 2699 2157 non
2737 2119 2801 2157 ex
2831 2111 2959 2157 voto
2996 2100 3256 2168 consulti,
3304 2100 3397 2158 sed
3444 2118 3549 2173 spe
3585 2102 3819 2167 fi-ustiati,

2238 2192 2451 2249 rediere
2486 2194 2667 2266 legati.
2707 2183 2861 2250 Tunc
2890 2195 2975 2249 vir
2998 2190 3235 2261 Domini,
3273 2194 3424 2248 omni
3464 2194 3718 2250 humano
3755 2198 3823 2249 de-

2238 2285 2465 2341 stitutus
2490 2286 2744 2354 consilio,
2780 2286 2911 2358 quid
2942 2295 3144 2359 ageret,
3176 2301 3287 2357 quo
3325 2302 3385 2342 se
3429 2297 3697 2355 verteret,
3739 2289 3818 2342 du-

2238 2374 2364 2433 bius
2395 2375 2722 2445 fluctuabat;
2766 2378 2859 2433 sed
2899 2378 2969 2432 ab
2996 2394 3062 2433 eo
3091 2374 3193 2434 sibi
3223 2392 3381 2448 opem
3426 2379 3514 2434 vel
3555 2380 3817 2436 consilium

2235 2465 2461 2540 ﬂagitat,
2488 2468 2583 2538 qui
2601 2452 2605 2456 ’
2623 2467 2774 2525 solus
2796 2458 2951 2525 novit
2980 2469 3032 2524 in
3064 2466 3323 2540 periculis
3349 2481 3399 2525 et
3422 2471 3820 2527 necessitatibus

2178 2572 2183 2575 ‘
2238 2561 2547 2617 subvenire.

2252 2645 2262 2656 ‘
2309 2674 2397 2733 14.
2435 2674 2590 2732 Tunc
2617 2676 2738 2747 ejus
2767 2676 2958 2733 incidit
2979 2648 3194 2744 animo,
3223 2679 3299 2735 nil
3344 2660 3728 2750 praesumitis,
3762 2678 3823 2741 ιω

2235 2767 2543 2825 consultius
2585 2768 2723 2836 fore,
2763 2756 2929 2840 quam
2971 2770 3285 2841 pontificem
3332 2772 3489 2828 sedis
3533 2774 3823 2847 apostolica

2234 2873 2403 2927 super
2437 2858 2542 2915 hac
2584 2873 2643 2914 re
2676 2859 3041 2930 interpellare.
3108 2860 3227 2933 Qua
3294 2862 3671 2934 inspiratione
3716 2863 3815 2918 ani-

2206 2948 2501 3019 rnneqnior
2527 2948 2727 3017 factus,
2750 2951 2992 3009 destinat
3014 2953 3271 3025 velociter
3293 2954 3505 3026 legatos
3530 2957 3607 3013 ad
3631 2966 3825 3028 aposw

2231 3039 2419 3106 licunt,
2449 3048 2579 3109 tunc
2603 3039 2745 3098 forte
2765 3043 3168 3103 consistentem
3182 3045 3245 3121 in,
3261 3046 3589 3104 confinibus
3603 3049 3818 3121 Alpium.

531 3106 690 3166 Tunc
738 3112 824 3166 vir
874 3114 1063 3173 beatus
1106 3117 1485 3190 Wolphelmus
1532 3126 1744 3182 visendi
1787 3144 1912 3186 eum
1952 3134 2127 3202 gratia
2156 3169 2197 3226 Ο
2231 3128 2338 3196 Qui
2360 3130 2453 3187 ubi
2481 3106 2668 3188 eorum
2698 3144 2923 3191 senatus
2951 3118 3307 3205 primoribus,
3339 3150 3394 3194 et
3429 3124 3709 3196 Romana:
3742 3139 3825 3195 Ec-

533 3200 723 3226 ηιιζΛ..-
788 3203 925 3226 2--.---
963 3222 1011 3226 4-
1129 3212 1140 3226 ι
1183 3213 1215 3226 ,ο
1302 3214 1311 3222 ο
1477 3217 1486 3226 .
1570 3217 1582 3226 .
1647 3219 1659 3226 .
1834 3222 1844 3226 -
2044 3225 2052 3226 ,
2268 3220 2278 3226 .
2350 3220 2360 3226 .
2437 3220 2447 3226 .
2513 3222 2543 3226 -.
2588 3223 2617 3226 --
2786 3224 2797 3226 _
2832 3225 2856 3226 η

531 3200 746 3270 adiens,
786 3203 927 3262 inter
954 3212 1349 3270 consolationis
1377 3217 1540 3272 verLa
1565 3217 1732 3289 hujus
1769 3222 1848 3277 rei
1889 3200 2125 3280 incutiu-

528 3307 657 3347 nem
677 3294 950 3367 ingerens,
974 3304 1188 3359 monuit
1218 3321 1346 3360 eum
1370 3308 1461 3377 pia
1486 3311 1854 3370 sollicitudine
1882 3314 1987 3372 hoc
2010 3318 2126 3387 pia-

527 3384 715 3440 culum
736 3389 977 3458 expiare,
1005 3391 1148 3450 hanc
1168 3395 1498 3467 injustitiam
1528 3403 1814 3461 eliiniuare
1843 3425 1858 3461 :
1895 3384 2122 3475 addens,

524 3476 636 3531 nisi
659 3480 1041 3539 emendatione
1062 3495 1329 3544 mutasset
1348 3494 1727 3563 commissum,
1752 3500 2121 3568 perniciosum

524 3567 648 3637 ejus
675 3571 875 3628 animae
895 3574 1179 3636 imminere
1208 3583 1533 3651 periculum.
1573 3567 1886 3661 annsiille,
1920 3604 1980 3651 ut
2003 3606 2124 3653 erat

524 3659 611 3715 vir
632 3663 830 3720 mentis
858 3664 1126 3738 ingenuae,
1154 3672 1389 3746 benigne
1425 3659 1676 3752 suscepta
1721 3683 2117 3757 admonitione,

525 3749 708 3809 sciens
720 3768 847 3809 eum
873 3758 1054 3817 virum
1069 3759 1281 3830 justum
1303 3775 1360 3822 et
1390 3749 1663 3838 sanctum,
1694 3774 1973 3832 humiliter
1998 3778 2119 3849 ejus

524 3854 587 3894 se
624 3847 973 3903 commendat
1013 3852 1272 3923 orationi,
1316 3860 1588 3928 spondens
1635 3864 1691 3918 in
1734 3867 1984 3935 proximo
2025 3847 2120 3927 aut

525 3931 670 4029 idem
699 3936 903 3995 bonum
944 3943 1304 4015 redditurum,
1335 3960 1432 4007 aut
1459 3954 1606 4010 aliud
1637 3931 1917 4029 reciproca
1946 3961 2117 4020 vicis-

523 4024 763 4083 situdine
806 4047 905 4100 pro
944 4036 1136 4094 eodem
1180 4041 1579 4101 restituturum.
1641 4024 2117 4111 llis—exhilaratus

524 4112 1008 4208 promissipnibus,
1036 4126 1280 4194 gaudens
1314 4142 1520 4191 remeat
1553 4135 1620 4190 ad
1653 4138 1883 4208 propria
1900 4139 2114 4198 Domini

522 4212 736 4300 servus.
776 4201 903 4275 Sed,
942 4213 1077 4279 proh
1114 4215 1313 4281 dolor!
1354 4235 1516 4280 secus
1554 4201 1722 4295 quam
1756 4201 2112 4300 promiserat,

522 4290 759 4360 accidit;
784 4310 914 4352 nam
954 4315 1246 4363 immatura
1287 4322 1466 4369 morte
1502 4290 1810 4384 praeventus
1853 4322 2011 4389 obiit,
2060 4334 2114 4379 et

520 4397 648 4482 eum
673 4383 788 4482 vita
828 4386 891 4482 in_
926 4392 1125 4482 medio,
1166 4400 1314 4467 quod
1350 4383 1696 4476 promiserat,
1732 4383 2109 4482 imperfectum

2231 3220 2709 3293 clesiiejudieibus
2733 3224 2802 3281 ad
2827 3225 3096 3296 liquidum
3127 3229 3312 3286 verbis
3349 3246 3508 3302 papae
3540 3247 3821 3303 exposuere

2230 3308 2466 3381 singula,
2499 3328 2622 3384 qua:
2655 3316 2726 3370 ab
2765 3316 3179 3396 archiepiscopo
3216 3320 3451 3376 Annone
3496 3323 3573 3378 de
3619 3323 3823 3378 Cloteno

2229 3405 2431 3475 saepius
2470 3422 2771 3465 memorato
2810 3419 2961 3481 gestu
2998 3396 3467 3479 fuere,‘omninin
3512 3426 3731 3472 mentis
3777 3425 3820 3467 ιι

2226 3500 2391 3563 corda
2423 3509 2616 3572 stupor
2637 3504 2994 3573 apprehendit
3014 3521 3139 3561 cum
3164 3506 3540 3565 admiratione
3576 3526 3689 3565 non
3717 3526 3820 3564 nio-

2225 3592 2366 3648 diea.
2410 3592 2565 3650 Tunc
2599 3596 2837 3653 dontnus
2858 3614 2998 3669 papa
3028 3598 3451 3669 llildebrandus,
3493 3604 3595 3674 qui
3624 3616 3678 3660 et
3705 3604 3819 3659 Gre-

2224 3684 2434 3755 gorius,
2459 3702 2525 3743 cx
2552 3688 2879 3747 auctoritate
2900 3691 3043 3747 beati
3068 3691 3213 3747 Petri
3237 3694 3473 3764 apostoli
3508 3712 3614 3767 per
3640 3698 3823 3767 episto-

2221 3776 2302 3832 las
2318 3779 2431 3850 (15)
2446 3795 2577 3836 suas
2595 3781 2879 3838 denuntiat
2893 3781 3098 3839 domno
3110 3784 3403 3857 llililolpho
3416 3789 3548 3861 ejus
3559 3807 3825 3848 successo-

2220 3858 2290 3934 ri,
2310 3883 2393 3935 ne,
2412 3870 2516 3927 sub
2532 3871 2711 3942 specie
2728 3872 2944 3943 pietatis
2965 3873 3226 3931 defensor
3239 3858 3493 3935 existens
3515 3880 3821 3952 impietatis.

2218 3958 2471 4032 Cloteno,
2495 3961 2917 4022 Brunwilcrensi
2957 3965 3213 4025 Ecclesiae
3246 3970 3522 4028 violenter
3565 3975 3816 4041 ablatum,

2217 4052 2426 4110 diutius
2468 4056 2705 4126 patiatur
2750 4059 3135 4115 irrevocatum.
3186 4060 3311 4118 Non
3358 4076 3510 4136 eget,
3554 4068 3819 4139 inquiens.

2188 4159 2252 4199 vo
2275 4144 2372 4213 fili,
2398 4144 2542 4203 Deus
2568 4148 2755 4204 olferri
2777 4150 3077 4222 quidquam
3100 4169 3167 4209 ex
3193 4154 3474 4225 injustitia
3513 4159 3661 4227 sibi;
3687 4162 3819 4231 quia.

2220 4244 2280 4293 ut
2303 4237 2557 4311 legimus,
2588 4242 2669 4297 sic
2691 4242 2743 4297 ei
2769 4240 2908 4299 fiunt
2946 4244 3182 4302 victinne
3201 4263 3269 4302 ex
3299 4249 3521 4319 rapina,
3555 4255 3823 4323 quomodo

2216 4329 2265 4384 si
2311 4340 2513 4388 mactet
2548 4333 2674 4403 quis
2730 4334 2902 4391 filiuni
2953 4336 3004 4390 in
3051 4338 3227 4407 patris
3285 4344 3592 4410 praesentia
3645 4345 3820 4417 (Erro.

2216 4437 2400 4492 xxxtv,
2436 4423 2550 4496 24).
2604 4425 2949 4485 Patratorem
2977 4429 3200 4500 quidem
3225 4432 3534 4491 multorum
3559 4438 3821 4494 bonorum

673 4476 685 4487 _
773 4476 784 4488 _
934 4480 944 4492 .
1682 4474 1689 4476 ἡ
1810 4474 1826 4482 _
2439 4474 2550 4496 __,-
2604 4474 2625 4480 _
2650 4474 2949 4485 _-..---.--.-
2979 4474 3200 4500 .,..........
3226 4474 3534 4491 ...............
3560 4474 3820 4494 υυυνιυι..

518 4474 830 4599 ἀςξξθξξτμιιι.
870 4477 1042 4599 {spur
1069 4502 1193 4599 quia:
1223 4506 1255 4544 a
1295 4494 1597 4565 majoribus
1639 4504 1862 4569 nostris,
1916 4509 2114 4566 corevis
2149 4519 2193 4573 D
2218 4514 2544 4583 agnovimus
2576 4516 2798 4574 fratrem
2833 4527 3081 4574 nostrum
3120 4520 3411 4579 Annonem
3452 4528 3820 4599 archiepisco-

521 4579 591 4599 ‘Iln
616 4582 646 4599 η
672 4578 768 4599 Innl
808 4585 870 4599 υιι
919 4591 929 4599 ι
957 4574 1128 4599 unn:.._-
1157 4577 1199 4599 ξ,-
1233 4580 1258 4599 Ir
1276 4596 1289 4599 -
1306 4597 1317 4599 -
1335 4582 1368 4599 .'
1437 4584 1448 4595 ι
1515 4586 1526 4597 ο
1599 4588 1611 4599 ι
1650 4589 1660 4599 ι
1950 4597 1959 4599 μ

521 4564 776 4623 videlicet
808 4570 890 4625 vel
916 4572 1203 4645 discipulis
1232 4580 1530 4641 beatissimi
1563 4588 1687 4658 viri,
1721 4564 2112 4664 comperimus,

517 4658 750 4758 ﬁdeliter
781 4664 921 4734 stylo
941 4680 1291 4734 percurrente
1309 4673 1638 4746 digessimus
1661 4699 1678 4739 :
1709 4658 1864 4743 nunc
1877 4703 2000 4758 quae
2021 4658 2119 4747 no;

517 4747 650 4804 stris
687 4749 800 4806 sint
823 4763 945 4813 acta
975 4760 1332 4830 temporibus,
1367 4775 1423 4822 et
1452 4766 1556 4838 ipsi
1578 4771 1835 4844 vidimus,
1858 4747 1914 4833 in
1935 4790 2117 4851 gesto-

516 4854 643 4894 rum
673 4841 822 4902 illius
843 4847 1094 4905 ordinem
1116 4851 1438 4914 referamus.

589 4932 676 5036 l5:
707 4934 858 5037 ⁸Ρυει
905 4956 1194 5000 excessum
1233 4946 1419 5020 itaque
1458 4958 1784 5017 venerabilis
1836 4964 2111 5037 archiepi-

470 5062 473 5063 γ
516 5024 670 5125 scopi
692 5024 964 5125 A-nnonis,
989 5034 1227 5096 domnus
1266 5038 1607 5115 llildolpltus,
1632 5065 1741 5106 non
1764 5024 1974 5125 absque
2001 5024 2107 5113 (io-

514 5115 849 5218 loniensinm
898 5124 1128 5195 injuria,
1178 5136 1502 5200 praesulatus
1541 5142 1777 5205 obtinuit
1822 5115 2100 5221 insignia:

513 5207 611 5275 qui
642 5223 807 5279 super
828 5213 935 5272 hac
965 5220 1154 5276 eadem
1192 5241 1250 5280 re
1277 5229 1478 5298 saepius
1499 5243 1585 5289 est
1616 5207 1974 5296 conventus;
2010 5259 2104 5297 ve-

512 5299 745 5358 nerabili
762 5302 940 5363 Patre.
982 5308 1088 5376 Qui
1120 5320 1473 5384 pra'mouitus
1505 5341 1535 5380 a
1570 5328 1810 5395 prazdieti
1839 5332 1941 5389 loci
1968 5349 2103 5390 eon-

512 5394 845 5466 gregatione,
870 5405 1150 5472 respondit
1174 5424 1232 5464 se
1258 5413 1404 5470 nulla
1442 5394 1654 5477 ratione
1688 5421 1742 5478 id
1778 5435 1982 5482 sancta:
2012 5425 2105 5483 Dei

512 5550 790 5641 gelenius.
830 5559 1008 5629 lpsms
1042 5579 1173 5641 vero
1203 5582 1399 5625 nomen
1424 5576 1590 5632 variis
1616 5578 1669 5632 in
1703 5578 2105 5641 Martvrolouiis

512 5625 833 5712 inscriptum
857 5625 965 5712 est,
1002 5650 1108 5712 qua
1131 5637 1198 5712 de
1225 5655 1283 5695 rc
1311 5625 1675 5703 vitiosis-toni.

509 5691 863 5776 ¹³³ξιὲί.εὲιιέ.ιιίο
895 5691 963 5758 ει·
997 5691 1514 5776 έιιιειιρειῖιυέίίξξέῑ
1731 5691 1742 5701 ·
1821 5691 1855 5751 "1

583 5766 697 5840 (14)
732 5768 858 5831 ilice
879 5766 1110 5835 eccleSia
1141 5766 1534 5844 hactenns‘siat
1563 5789 1822 5869 Coloniae,
1864 5811 1984 5871 qua:
2020 5798 2100 5870 di-

2222 4622 2380 4675 pnm;
2413 4610 2507 4665 sed
2545 4620 2725 4667 tamen
2766 4612 2821 4668 in
2857 4612 2960 4671 hac
3000 4624 3157 4684 parte
3193 4615 3424 4673 minime
3450 4619 3823 4677 defendendus

2218 4707 2305 4767 est
2327 4715 2435 4756 non
2457 4715 2706 4769 errasse;
2729 4703 2862 4759 dum
2892 4706 3038 4776 quod
3063 4706 3221 4762 beato
3249 4705 3483 4767 Nicolao
3521 4714 3820 4783 pueripnit,

2218 4798 2424 4847 sancta:
2446 4791 2707 4849 Genitrici
2732 4793 2825 4850 Dei
2851 4805 3066 4866 gratmn
3091 4798 3477 4856 holocaustum
3505 4805 3818 4867 aestimarit,

2214 4880 2430 4936 dicente
2455 4880 2686 4940 Domino
2715 4899 2811 4954 per
2845 4885 3161 4957 prophetam
3194 4907 3209 4944 :
3236 4888 3380 4956 Quia
3423 4909 3520 4964 ego
3572 4894 3817 4950 Dominus

2212 4974 2440 5045 diligens
2461 4976 2754 5046 judicium,
2780 4987 2829 5032 et
2863 4980 2984 5034 odio
3032 4980 3227 5059 habens
3281 4986 3539 5052 rapinam
3578 4989 3639 5042 in
3685 4988 3820 5042 Italo-

2212 5069 2399 5114 causto
2432 5059 2591 5131 (Isui.
2625 5078 2737 5129 LXI,
2779 5062 2863 5130 .8).
2900 5062 3012 5120 Nec
3051 5064 3136 5123 fas
3176 5077 3261 5122 est
3297 5084 3329 5123 a
3370 5070 3640 5129 fidelibus
3683 5076 3815 5130 eruti

2215 5161 2440 5207 matrem
2465 5152 2778 5223 discrepare
2813 5170 2843 5208 a
2881 5156 3156 5212 voluntate
3180 5159 3296 5226 lilii,
3319 5160 3451 5216 dum
3494 5164 3557 5219 id
3598 5182 3818 5238 prorsus

2212 5253 2426 5299 constet
2477 5244 2726 5316 utrisque
2759 5247 3041 5317 proprium
3085 5257 3250 5321 atque
3287 5266 3597 5312 commune
3642 5260 3815 5312 eadem

2212 5337 2349 5392 velle
2385 5347 2440 5392 et
2472 5338 2662 5394 eadem
2704 5341 2865 5397 nolle.
2906 5341 2977 5397 At
3006 5351 3084 5414 tu,
3119 5360 3187 5398 ne
3206 5344 3568 5406 defendendo
3602 5351 3813 5424 injusti-

2210 5429 2339 5485 tiam
2363 5429 2595 5487 videaris
2615 5432 2889 5489 oll'cndcre
2919 5433 3114 5505 Deum,
3144 5436 3278 5517 tolle
3305 5438 3375 5494 de
3407 5441 3610 5499 medio
3652 5457 3809 5516 quon.

2208 5588 2533 5675 citurnbeata
2564 5586 2735 5675 maria
2775 5593 2842 5647 ad
2884 5590 3134 5675 (gradus,
3165 5606 3357 5675 estque
3402 5597 3727 5675 collegiate,
3752 5603 3811 5658 de

2208 5674 2316 5730 qua
2342 5659 2601 5730 Gelenius
2632 5661 2775 5716 libro
2808 5678 2865 5717 Ill
2902 5659 3233 5721 Mirabilium
3256 5659 3524 5726 Coloniin.

2280 5731 2297 5799 (
2308 5730 2394 5800 l5)
2432 5729 2747 5814 Harlittera:
2782 5749 2917 5819 non;
2942 5737 3288 5819 reperiuntur
3328 5740 3470 5796 inter
3516 5742 3798 5819 (ingerit

2208 5817 2329 5869 nas,
2369 5818 2491 5873 quae
2529 5802 2583 5858 in
2622 5803 2742 5873 ejus
2780 5802 3032 5875 Ileg’stro
3058 5818 3309 5879 exstant.
