3878 6310
105 324 190 382 417

1602 305 1756 358 V'lTA
1768 346 1779 357 .

3229 299 3335 353 418

100 441 211 495 alias
230 434 345 489 licet
366 433 562 498 bonus,
588 431 679 485 hic
714 429 851 484 male
896 402 1180 483 consultus
1224 422 1495 480 commisit
1536 420 1653 490 epi-
1685 419 1731 476 A
1756 416 2027 471 wilereusi
2055 414 2192 481 ﬁeri,
2215 413 2370 485 juxta
2401 410 2719 467 mandatum
2741 419 2796 466 et
2832 408 3158 483 legationem
3204 427 3337 483 apo-

100 546 266 601 scapus
295 527 452 581 Anno
480 544 493 580 :
519 540 587 578 ne
607 532 661 579 et
690 522 837 578 illius
876 520 1261 576 detrimentum
1290 516 1376 587 ,sit
1409 528 1645 603 coronae,

97 633 140 680 et
169 619 250 675 tibi
283 616 502 673 occasio
532 615 721 684 culpat.

154 712 228 767 l5.
262 707 585 779 Hujusmodl
632 705 874 776 paternis
925 699 1392 758 admonitionibus
1432 714 1464 753 a
1503 696 1649 752 sedis

97 802 375 874 apostolicae
398 799 719 855 auctoritate
763 794 1053 865 susceptis,
1096 791 1339 862 praedicti
1373 786 1648 860 pontificis

95 893 332 964 liillolpbi
355 890 530 962 magis
553 889 608 944 in
628 886 869 942 furorem
889 900 1082 940 versus
1106 891 1192 939 est
1218 881 1455 947 animus,
1480 895 1647 952 quam

98 984 415 1057 tdjustitiam
443 980 525 1037 vel
560 978 994 1035 misericordiam
1017 982 1366 1047 provocatus.
1404 972 1649 1045 Denique

95 1087 325 1135 convocat
343 1074 602 1131 Ecclesiae
622 1071 972 1127 Coloniensis
997 1070 1285 1140 primores,
1312 1083 1371 1123 se
1397 1066 1649 1122 diffama-

95 1184 186 1228 tum
210 1175 598 1226 etaccusatum
638 1181 735 1237 per
774 1164 956 1237 virum
999 1161 1096 1217 Dei
1133 1175 1475 1232 conquerens
1505 1160 1646 1230 apud

94 1262 440 1333 apostolicum.
480 1258 636 1313 Tunc
665 1255 749 1311 vir
769 1254 1119 1318 mitissimus,
1150 1253 1238 1308 his
1266 1250 1546 1307 humiliter
1568 1265 1651 1305 re-

94 1354 240 1409 nitens
265 1350 667 1422 ohjectionihus
694 1362 707 1403 :
743 1345 1081 1412 Proferatur,
1112 1344 1311 1415 inquit,
1343 1357 1377 1397 ο
1407 1341 1646 1408 domine,

95 1450 138 1503 in
161 1446 407 1511 medium,
441 1443 485 1499 si
516 1443 712 1513 placet,
742 1438 1109 1496 accusationis
1149 1434 1555 1501 testimonium;
1600 1432 1646 1489 si

94 1550 271 1605 nequeo
322 1548 411 1588 me
441 1546 706 1588 exrusare
740 1530 807 1584 de
841 1529 1043 1599 quibus
1065 1527 1328 1583 criminor
1357 1540 1387 1579 a
1418 1532 1491 1588 te,
1517 1531 1649 1578 tunc

93 1628 275 1681 demum
298 1624 463 1696 digne
488 1623 784 1679 convincar
805 1619 1065 1676 offensam
1094 1617 1381 1673 meruisse.
1418 1614 1646 1688 Episco-

93 1733 175 1787 pus
216 1718 396 1787 itaque
431 1714 617 1770 domui
658 1712 942 1783 apostolici
975 1710 1259 1782 epistulam
1304 1715 1495 1765 tenens
1537 1724 1648 1778 prec

93 1808 332 1873 manibus,
370 1805 651 1877 legendam
688 1802 853 1859 tradit
876 1802 932 1856 in
962 1801 1200 1872 publico,
1231 1799 1508 1855 aestimans
1552 1813 1649 1868 per

90 1900 187 1968 ejus
210 1898 525 1953 relationem
554 1903 779 1952 cunctos
804 1894 862 1948 in
897 1893 1041 1950 servi
1068 1892 1163 1947 Dei
1190 1891 1392 1946 armari
1425 1899 1646 1946 contra-

90 1990 373 2044 dictionem.
415 1987 532 2055 Qua
566 1988 810 2053 recitata,
843 1986 1026 2057 plures
1053 2000 1336 2042 assensere
1361 1984 1440 2038 nil
1463 1992 1644 2039 actum

89 2082 278 2153 dignum
301 2081 626 2136 offensione.
664 2078 896 2147 Quidam
941 2093 1070 2133 vero
1109 2076 1414 2144 Bezelinus,
1450 2076 1647 2131 domus

89 2169 140 2241 [ἱ.
167 2172 354 2227 eccles.
391 2169 743 2245 catlicdralis]
784 2169 929 2245 beati
975 2169 1124 2250 Petri
1169 2167 1401 2239 apostoli
1435 2177 1642 2235 custos,
1689 2198 1695 2205 ν

89 2277 188 2316 cum
208 2261 348 2329 aliis,
377 2262 576 2333 quibus
596 2272 713 2317 erat
728 2261 944 2317 animus
963 2276 1079 2316 rem
1102 2262 1284 2331 potius
1303 2258 1642 2331 perturbare,

88 2368 224 2423 quam
256 2370 324 2409 ex
350 2369 506 2425 aequo
533 2346 918 2420 determinare,
951 2368 1076 2410 cum
1108 2353 1253 2407 aliud
1277 2368 1388 2408 non
1429 2353 1643 2408 inveni-

91 2452 185 2497 rent
201 2444 341 2514 quod
365 2444 740 2512 obtenderent,
781 2460 889 2499 non
919 2442 1124 2515 absque
1147 2459 1248 2499 suo
1268 2444 1520 2500 consultu
1550 2458 1645 2514 pa-

88 2550 189 2603 pam
211 2551 372 2607 super
400 2536 507 2593 hac
547 2553 606 2593 re
636 2545 890 2593 asserunt
930 2536 1155 2592 licuisse
1193 2544 1465 2608 expetere.
1500 2534 1641 2590 Dum

87 2623 209 2680 facili
228 2628 581 2698 responsione
607 2627 750 2684 hanc
769 2627 986 2684 Domini
1011 2628 1250 2684 famulus
1282 2627 1643 2698 objectionem

88 2718 321 2785 quivisset
364 2718 609 2776 refellere
635 2762 651 2787 ,
705 2718 946 2791 episcopi
992 2719 1168 2791 magis
1217 2718 1451 2776 furentis
1493 2719 1640 2786 odio,

88 2825 227 2879 quam
248 2812 399 2881 justo
422 2811 650 2882 judicio,
673 2812 985 2883 injuriatur,
1021 2812 1421 2881 calumniatur;
1457 2813 1643 2868 convi-

87 2900 168 2957 riis
184 2917 394 2973 quoque
420 2911 473 2959 et
496 2904 858 2972 contumeliis,
896 2919 1054 2961 secus
1084 2919 1248 2976 quam
1272 2905 1384 2976 pati
1413 2905 1641 2975 dignum

87 2989 235 3049 fuerat
261 3003 426 3050 tantae
449 2996 765 3052 reverentia:
798 2996 1001 3062 virum,
1033 3004 1339 3065 attrectato,
1364 3005 1642 3068 postremo

1750 508 1948 563 stolici.
1975 504 2223 573 Quorum
2256 505 2488 560 vocibus
2512 513 2567 559 ct
2594 503 2854 558 instantia
2892 517 3019 559 non
3041 503 3333 560 mediocri-

1752 607 1823 653 ter
1856 599 2213 654 exacerbatus
2257 597 2576 667 episcopus,
2603 602 2728 650 cum
2774 595 2925 666 gravi
2961 586 3335 666 indignatione

1750 691 1929 761 inquit
1960 709 1974 744 :
2007 688 2270 744 Habetote
2294 688 2452 743 vobis
2479 686 2740 753 Cloteno;
2780 702 2964 741 meum
2994 687 3102 741 erit
3144 680 3255 742 tam
3278 696 3336 743 ‘et

1751 784 2009 854 injuriam
2055 797 2235 837 meam
2285 780 2587 846 vindicare,
2628 794 2794 850 quam
2855 787 2911 832 et
2964 779 3187 833 utiliora
3231 793 3333 849 pro
3380 844 3397 852 ν

1748 874 1977 931 Cloteno
2011 874 2139 929 data
2183 874 2444 943 recipere.
2481 870 2672 942 Itaque
2721 878 2939 940 raptum
2988 884 3052 923 ex
3085 885 3182 924 ore
3211 871 3333 939 ejus

1748 969 1996 1035 verbum,
2029 974 2083 1022 et
2113 981 2236 1021 cum
2288 963 2576 1020 velocitate
2622 963 2936 1035 diriguntur
2966 961 3151 1033 legati,
3178 961 3333 1017 idem

1749 1059 1957 1116 bonum
1984 1055 2336 1111 vindicaturi.

1823 1152 1909 1207 t7.
1942 1146 2444 1222 discrepantia;
2475 1146 2628 1222 jubet
2670 1145 2963 1224 episcopus
2991 1146 3170 1208 vimen
3220 1143 3333 1205 Du-

1748 1245 1884 1299 mini
1918 1245 2060 1315 apud
2088 1242 2341 1299 ansiam
2376 1244 2486 1314 (16)
2518 1251 2758 1299 castrum
2801 1244 2904 1300 sibi
2937 1257 3178 1299 occurre:
3193 1257 3245 1309 e,
3269 1258 3332 1297 ea

1749 1336 2081 1392 omnimodis
2110 1335 2431 1400 intentione,
2461 1341 2524 1389 ut
2557 1334 2708 1388 nullo
2747 1333 2868 1403 ejus
2891 1334 3194 1389 obsistente
3232 1333 3332 1387 at!—

1744 1429 1928 1502 jutore
1968 1430 2054 1485 vel
2101 1428 2408 1494 defensore,
2432 1426 2650 1484 facilius
2678 1426 3039 1482 eum-valeret
3078 1441 3179 1497 pro
3204 1435 3334 1481 voto

1749 1522 2038 1593 deponere.
2067 1519 2173 1576 Sed
2202 1536 2306 1574 non
2334 1527 2411 1574 est
2445 1518 2733 1589 sapientia,
2762 1533 2865 1570 non
2904 1525 2980 1571 est
3028 1517 3330 1587 prudentia,

1751 1631 1854 1668 non
1883 1623 1962 1669 est
2011 1612 2292 1668 consilium
2321 1622 2505 1666 contra
2536 1610 2823 1664 Dominum
2849 1608 3032 1679 (Prov.
3058 1625 3178 1676 xxx,
3212 1608 3328 1679 ‘50).

1749 1703 2004 1772 Quandiu
2030 1719 2161 1759 vero
2192 1703 2297 1759 ista
2332 1703 2584 1758 incubuit
2630 1700 2953 1765 adversitas,
2985 1700 3176 1754 tandiu
3216 1699 3335 1753 fra-

1750 1807 1896 1854 trum
1926 1814 2038 1853 non
2066 1796 2274 1853 destitit
2290 1796 2470 1852 votiva
2486 1796 2727 1851 charitas
2757 1803 2963 1865 septem
2995 1792 3334 1863 psalmorum

1750 1899 1805 1946 et
1844 1888 2475 1960 litaniac’supplicatione
2499 1887 2794 1942 Dominum
2827 1886 3165 1941 incessanter
3206 1899 3334 1939 exo-

1748 1998 1891 2051 rare,
1918 1991 1980 2038 ut
2013 1982 2080 2037 de
2119 1996 2357 2038 maerore
2384 1980 2643 2053 gaudium
2664 2022 2678 2047 ,
2726 1979 2794 2034 de
2819 1978 3174 2033 tribulatione
3193 1977 3323 2033 laeti-

1750 2077 1880 2131 tiam
1911 2074 2233 2131 concederet
2261 2073 2525 2128 invenire.
2560 2070 2652 2125 Vir
2688 2072 2872 2142 itaque
2896 2068 3116 2124 Domini
3153 2070 3334 2125 sciens

1748 2176 1922 2225 tutam
1971 2166 2343 2223 defensionem
2389 2174 2643 2222 constare
2672 2180 2783 2221 non
2811 2178 2975 2236 posse
3023 2180 3123 2235 per
3148 2164 3333 2218 homi-

1747 2278 1893 2331 nem,
1928 2260 2222 2317 Psalmista
2270 2259 2483 2315 dicente
2517 2277 2532 2313 :
2559 2257 2768 2312 Bonum
2796 2265 2873 2311 est
2899 2273 3112 2327 sperare
3141 2257 3197 2310 in
3223 2255 3334 2309 Do-

1746 2356 1910 2422 mino,
1931 2369 2091 2427 quam
2112 2369 2325 2424 sperare
2367 2352 2425 2406 in
2448 2349 2778 2423 principibus
2801 2349 2872 2422 (Ρ
2875 2349 2979 2404 δαί·
3011 2364 3179 2416 CXVI"
3209 2347 3331 2419 i9);

1742 2448 1812 2504 de
1841 2447 2113 2518 adjutorio
2139 2445 2360 2501 Domini
2381 2443 2644 2512 conlisus,
2670 2443 2859 2498 hilaris
2885 2450 2941 2497 et
2968 2441 3209 2512 gaudens
3229 2440 3335 2495 iter

1745 2538 2079 2611 aggreditur,
2110 2553 2221 2608 quo
2250 2535 2430 2592 fuerat
2460 2528 2780 2606 imperatus.
2813 2533 3145 2588 Perveniens
3166 2530 3336 2601 igitur

1745 2630 1814 2686 ad
1839 2631 2020 2685 locum
2039 2671 2055 2695 ,
2077 2645 2189 2684 non
2219 2628 2435 2684 modica
2456 2629 2684 2698 inopum
2709 2626 2935 2682 collecta
2961 2624 3330 2690 multitudine,

1743 2737 1841 2794 per
1868 2737 2030 2792 opera
2061 2720 2282 2791 pietatis
2316 2727 2373 2776 et
2394 2718 2788 2775 misericordia
2818 2732 2879 2772 se
2913 2715 3026 2773 Deo
3054 2715 3221 2785 coepit
3244 2722 3331 2769 at-

1745 2814 1949 2870 tentius
1979 2806 2383 2870 commendare.
2423 2810 2673 2880 Cumque
2706 2810 2761 2864 in
2788 2808 2994 2864 solario
3042 2807 3330 2877 cujusdam

1744 2906 1942 2961 domus
1969 2905 2323 2970 resedissent,
2353 2912 2408 2957 et
2436 2901 2523 2957 vir
2562 2900 2783 2956 Domini
2811 2906 2947 2955 cum
2973 2898 3092 2955 suis
3140 2912 3334 2953 neces-

1744 2995 1891 3051 saria
1914 2994 2268 3061 'ministrans,
2309 2991 2578 3047 sollicitus
2612 2990 2892 3056 circuiret,
2925 3004 2990 3044 ex
3032 2987 3334 3058 improviso

86 3083 223 3141 etiam
243 3087 575 3144 terribilibus
595 3089 954 3145 sacramentis
976 3090 1265 3160 pastoralis
1301 3105 1441 3146 curae
1468 3090 1640 3145 bacu-
1669 3103 1711 3160 ο
1744 3090 2006 3148 solarium
2029 3078 2259 3155 corruit,
2287 3096 2510 3159 totaque
2532 3086 2622 3141 illa
2645 3084 2939 3141 multitudo
2953 3098 3079 3137 cum
3099 3081 3219 3136 viro
3235 3077 3333 3134 Dei

86 3176 180 3233 lum
199 3179 575 3250 adempturum
600 3181 862 3236 minatur.
903 3180 1060 3237 Tunc
1097 3182 1184 3237 vir
1210 3183 1403 3238 beatus
1427 3183 1481 3236 in
1507 3181 1651 3252 inju-

84 3268 168 3325 riis
190 3271 640 3342 patieutissimus,
660 3272 865 3329 virtute
898 3275 1223 3330 constantiae
1241 3275 1553 3343 roboratus,
1580 3275 1652 3332 ti-

84 3378 215 3420 more
241 3367 440 3433 uudus,
468 3366 908 3422 adversariorum
943 3367 1230 3424 conatibus
1260 3367 1540 3439 respondit
1564 3368 1650 3422 in-

86 3456 300 3527 trepidus
343 3459 643 3531 (nesciebat
697 3458 897 3530 quippe
924 3474 1081 3514 mens
1107 3458 1241 3529 justi
1269 3474 1485 3530 pavere,
1528 3472 1650 3529 qua:

85 3550 212 3604 nulla
231 3552 586 3622 torquebatur
609 3552 944 3608 conscientia
964 3550 1156 3623 culpae)
1179 3568 1194 3605 :
1217 3551 1404 3607 Divina
1430 3568 1530 3609 nos
1552 3568 1649 3609 co-

84 3641 287 3698 mitante
310 3643 621 3712 clementia,
648 3659 759 3699 non
785 3643 876 3700 hic
897 3643 1060 3700 hodie
1090 3645 1467 3716 praejudicium
1488 3660 1647 3702 vere-

84 3746 191 3786 mur
219 3732 518 3801 incurrere,
544 3738 739 3805 puram
763 3743 1009 3807 gerentes
1039 3736 1454 3803 conseientiam,
1481 3735 1647 3792 totius

85 3838 286 3892 prorsus
310 3827 715 3885 criminationis
749 3827 1051 3883 innoxiam.
1096 3826 1197 3883 Hic
1230 3844 1411 3884 sermo
1432 3829 1648 3885 videtur

86 3921 379 3990 completus,
409 3920 502 3976 ubi
525 3921 726 3976 dicitur
759 3929 821 3976 ut
850 3921 934 3977 leo
964 3920 1436 3991 confiderejustus
1461 3919 1643 3988 (Prov.

85 4022 254 4077 xxvnr,
299 4012 371 4081 l).
426 4009 566 4066 Dum
595 4011 710 4067 haec
735 4019 789 4066 et
813 4011 901 4068 his
933 4011 1132 4067 similia
1176 4012 1261 4066 vir
1302 4010 1412 4066 Deo
1454 4012 1648 4081 plenus

84 4097 453 4159 efﬁcacissime
477 4103 823 4175 loqueretur,
873 4102 984 4159 oris
1023 4103 1253 4176 gratiam
1279 4145 1294 4171 ,
1340 4105 1648 4175 mentisque

85 4194 425 4249 constantiam
470 4208 663 4250 omnes
704 4193 889 4250 aemuli
937 4193 1282 4249 mirabantur
1316 4212 1329 4248 :
1379 4201 1435 4249 et
1478 4195 1647 4249 veluti

86 4298 176 4337 nox
226 4286 473 4355 quaedam
522 4291 577 4341 et
623 4285 858 4341 tenebrae
901 4284 1176 4340 mentibus
1222 4299 1413 4339 eorum
1452 4282 1648 4341 infusa:

84 4375 198 4443 quid
231 4385 468 4448 agerent,
492 4391 604 4447 quo
625 4391 686 4433 se
719 4384 1013 4444 verterent,
1059 4376 1210 4433 dubii
1233 4377 1515 4445 nutabant,
1545 4376 1645 4431 do-

1753 3183 1813 3237 in
1839 3181 2119 3238 cellarium
2164 3180 2580 3236 subterraneum
2627 3177 2868 3233 cadendo
2896 3172 3132 3230 devenit.
3182 3172 3335 3238 Quos

1752 3290 1783 3330 e
1811 3273 2044 3346 vestigio
2069 3289 2200 3345 pars
2229 3287 2339 3327 non
2377 3269 2604 3325 minima
2638 3269 2836 3324 domus
2865 3268 3206 3336 subsequens
3237 3278 3336 3332 op-

1752 3368 1975 3438 pressit,
2008 3367 2101 3422 sed
2123 3380 2191 3421 ex
2229 3363 2325 3419 Dei
2370 3361 2734 3434 providentia,
2787 3360 2931 3415 servi
2984 3358 3069 3413 sui
3095 3355 3331 3420 meritis,

1752 3458 1889 3514 nulli
1926 3457 2210 3513 laasionem
2254 3453 2455 3509 intulit.
2487 3450 2676 3521 itaque
2721 3448 2884 3505 exciti
2911 3449 3057 3504 cives
3082 3444 3223 3501 tanti
3245 3458 3336 3499 so-

1751 3550 1901 3605 nitus
1950 3547 2188 3620 fragore,
2226 3546 2381 3602 ocius
2423 3543 2679 3600 advolant
2701 3541 2964 3610 undique,
2991 3546 3046 3593 et
3071 3553 3184 3592 non
3215 3533 3336 3592 sine

1751 3638 1945 3711 grandi
1994 3638 2354 3694 admiratione
2394 3635 2630 3706 sospites
2673 3632 2989 3697 extrahunt,
3019 3643 3163 3700 quos
3185 3627 3335 3698 jam.

1744 3732 1972 3803 jamque
2013 3730 2248 3800 periisse
2274 3727 2640 3785 crediderunt.
2666 3722 2900 3792 Quidam
2932 3735 3064 3777 vero
3094 3734 3207 3790 prae
3229 3733 3337 3773 cm-

1750 3824 1885 3879 teris
1927 3823 2118 3894 lapsus
2151 3834 2558 3892 oppressusque
2610 3815 3024 3889 periculossius,
3048 3812 3180 3868 dum
3219 3810 3334 3882 jam

1749 3922 1815 3972 ad
1871 3915 1919 3971 si
1956 3921 2213 3970 mortuus
2261 3911 2557 3969 dederetur
2609 3911 2695 3966 ab
2722 3909 3010 3973 omnibus,
3068 3906 3332 3969 eductus,

1748 4011 1899 4066 nulla
1933 4010 2206 4080 reperitur
2255 4016 2412 4078 parte
2464 4005 2712 4077 corporis
2740 4004 2926 4059 laesus.
2968 4001 3075 4057 Sed
3107 4011 3162 4056 et
3206 4000 3334 4070 pin—

1749 4118 1911 4159 cerua
1936 4102 2177 4157 hominis
2202 4099 2321 4169 Dei,
2343 4100 2598 4155 Godecho
2621 4098 2862 4163 nomine,
2887 4097 3003 4165 ipsa
3038 4095 3174 4148 hora
3203 4092 3333 4147 bina

1748 4210 1879 4250 vasa
1910 4202 2081 4250 testea
2131 4193 2259 4248 vino
2296 4193 2500 4262 repleta
2529 4204 2639 4261 prae
2682 4189 2938 4243 manibus
2968 4196 3180 4251 tenens,
3208 4196 3334 4239 cum

1742 4283 2038 4340 ruentibus
2064 4281 2269 4353 pariter
2292 4279 2420 4335 ruit.
2454 4278 2583 4345 Sed,
2616 4277 2818 4331 mirum
2860 4273 3041 4329 dictu!
3080 4287 3182 4326 nec
3225 4272 3334 4337 sui,

1746 4375 1833 4431 vel
1893 4389 2190 4440 vasorum,
2237 4371 2322 4427 vel
2354 4370 2469 4425 vini
2518 4368 2740 4440 pertulit
2770 4365 3115 4421 effusionem.
3179 4360 3335 4427 Quod
3394 4429 3413 4444 ο

84 4464 236 4523 lentes
284 4484 343 4524 se
382 4482 542 4525 casso
585 4476 944 4537 consumptos
973 4468 1178 4534 labore,
1216 4483 1326 4523 non
1361 4468 1643 4524 invenien-
1677 4445 1722 4500 ι)
1747 4465 1954 4522 factum
1991 4462 2240 4520 mirabile
2286 4462 2489 4518 idcirco
2535 4459 2737 4515 divinae
2781 4454 3083 4513 clementia:
3129 4450 3338 4524 placuit

86 4567 172 4623 tes,
199 4575 303 4630 qua
327 4571 479 4631 parte
504 4576 630 4616 eum
665 4571 923 4631 caperent
947 4561 1005 4616 in
1024 4576 1189 4632 opere
1215 4570 1270 4617 et
1298 4576 1568 4618 sermone.

148 4650 245 4705 16;
264 4650 322 4706 In
346 4653 430 4708 his
458 4653 930 4724 perturbationum
967 4653 1456 4724 angustiarumquc
1488 4669 1644 4724 pres~

86 4743 236 4807 suris,
277 4760 343 4799 ex
374 4746 706 4816 primoribus
734 4744 1006 4817 praecipue
1048 4743 1303 4801 favebant
1342 4744 1500 4800 beato
1523 4745 1660 4800 viro’

88 4830 362 4901 Brrtulfus,
377 4835 459 4890 vir
477 4837 703 4906 probus,
730 4835 975 4892 ecclesiae
998 4835 1143 4891 beati
1165 4836 1394 4892 Androm
1414 4835 1644 4907 apostoli

88 4928 410 4996 praepositus,
440 4929 663 5000 quidam
691 4928 1056 5001 Wigmannus
1080 4928 1145 4984 de
1170 4928 1535 4997 Ileversbach,
1563 4930 1649 4984 vir

88 5014 323 5074 militaris
342 5027 394 5074 et
413 5020 635 5086 nobilis,
655 5019 749 5076 sed
771 5029 828 5076 et
849 5020 1159 5091 eloquentia
1188 5021 1436 5093 insignis.
1455 5020 1521 5076 lli
1537 5021 1648 5077 duo

90 5108 313 5165 medium
343 5113 602 5169 habentes
624 5129 772 5181 eum,
810 5123 871 5169 ut
895 5114 1027 5169 olim
1073 5114 1290 5172 caelitus
1312 5115 1503 5170 directi
1529 5114 1644 5169 Ma—

89 5199 375 5270 ehabceum,
396 5219 494 5274 pro
527 5204 1090 5276 defensionejustitiae
1125 5221 1235 5261 non
1272 5214 1403 5260 sunt
1428 5205 1647 5261 reveriti

92 5290 394 5361 iniustitiam
428 5310 774 5369 oppugnare;
805 5297 940 5354 adeo
970 5307 1032 5353 ut
1059 5313 1161 5354 nec
1195 5297 1384 5364 minis,
1409 5315 1511 5355 nec
1533 5306 1633 5354 ter-

92 5383 301 5441 roribus
343 5390 576 5455 concuti,
629 5404 732 5446 nec
787 5406 818 5444 a
854 5390 1137 5461 proposito
1185 5392 1372 5463 aliquo
1424 5402 1651 5462 possent

91 5490 305 5533 munere
325 5479 515 5553 frangi.
563 5481 845 5539 lnstabant
875 5483 1039 5554 igitur
1077 5484 1310 5540 viriliter
1338 5498 1405 5539 ex
1427 5492 1652 5554 aposto-

91 5562 186 5623 lica
211 5572 547 5641 auctoritate,
577 5583 865 5643 precantes
897 5575 1167 5645 judicium
1192 5574 1450 5632 Ecclesia:
1472 5575 1652 5630 Brun-

1746 4559 2145 4626 demonstrare,
2168 4565 2231 4612 ut
2248 4556 2575 4629 panderetur
2600 4551 2924 4608 mortalibus
2970 4545 3163 4618 quanti
3191 4543 3337 4615 apud

1747 4667 1807 4709 se
1837 4651 2021 4708 meriti
2047 4652 2131 4706 vir
2161 4659 2385 4706 sanctus
2414 4648 2520 4703 iste
2549 4645 2731 4701 fuerit.
2756 4643 2826 4698 At
2852 4656 2984 4697 vero
3016 4640 3335 4710 episcopus,

1747 4747 1843 4818 qui
1865 4759 1932 4801 eo
1958 4745 2110 4799 illum
2145 4741 2401 4797 advenire
2421 4738 2780 4809 compulerat,
2810 4733 3094 4796 divinitus,
3122 4736 3185 4784 ut
3212 4741 3336 4783 cre-

1744 4839 1914 4905 ditur,
1952 4836 2258 4893 refrenatus
2278 4835 2377 4903 ,-in
2408 4834 2559 4889 nullo
2590 4840 2721 4885 tunc
2771 4828 2821 4883 ei
2854 4824 3026 4881 valuit
3049 4838 3170 4879 esse
3199 4835 3335 4877 con-

1750 4931 1975 4986 trarius.
2004 4928 2129 5001 Egit
2163 4928 2364 4999 quippe
2388 4927 2494 4981 hoc
2528 4924 2669 4979 miro
2698 4921 2862 4975 modo
2891 4917 3039 4974 circa
3068 4914 3337 4971 famulum

1750 5038 1915 5081 suum
1940 5024 2124 5081 divina
2169 5019 2436 5093 provisio,
2473 5032 2544 5071 ne
2572 5013 2822 5069 mortalis
2856 5008 3097 5065 hominis
3122 5019 3340 5079 preme-

1749 5126 1902 5174 retur
1926 5114 2157 5187 judicio,
2181 5127 2343 5185 quem
2374 5116 2526 5166 tanto
2547 5105 2898 5179 magniﬁcare
2919 5099 3190 5173 disposuit
3209 5112 3339 5169 pro-

1751 5208 1918 5282 di'gio.
1953 5207 2093 5264 Hinc
2115 5223 2225 5262 non
2261 5204 2529 5275 sopitum,
2560 5200 2656 5257 sed
2687 5198 2871 5254 acrius
2916 5208 3209 5251 accensum
3253 5198 3340 5246 est

1752 5280 1996 5372 praedicti
2039 5298 2278 5371 episcopi
2304 5294 2507 5351 furoris
2540 5290 2873 5347 incendium.
2920 5286 3057 5342 Nam
3084 5280 3338 5355 quamvis

1754 5402 1885 5449 tunc
1922 5406 2048 5449 eum
2101 5390 2292 5447 siverit
2336 5388 2519 5453 abire,
2572 5399 2770 5441 rursus
2819 5392 3002 5436 tamen
3052 5375 3336 5431 Coloniam

1756 5494 1959 5541 statuto
1989 5484 2079 5539 die
2108 5484 2175 5539 ad
2211 5498 2270 5538 se
2296 5481 2452 5552 jubet
2479 5479 2675 5535 redire.
2704 5476 2917 5531 Interea
2950 5469 3242 5531 fratribus,
3279 5472 3339 5518 ut

1757 5594 1919 5648 supra
1942 5576 2316 5643 meminimus,
2337 5588 2438 5644 pro
2458 5587 2524 5627 eo
2555 5570 2803 5627 sollicitis
2833 5568 2888 5621 in
2910 5562 3110 5635 vigiliis
3137 5567 3188 5614 et
3215 5572 3339 5611 ora-

157 5744 268 5817 (ἰϐ)
296 5749 434 5808 Alias
453 5751 770 5821 Novesium,
800 5754 941 5814 urbs
956 5755 1181 5812 ditionis
1210 5758 1721 5830 archiepiscopalis,
1750 5761 1914 5835 vulgo
1951 5757 2157 5821 Nuitz.
