3878 6310
553 255 657 310 419

1405 253 1464 310 Β.
1510 251 1930 310 WOLPHELMI
1970 245 2266 308 ABBATIS
2302 251 2977 311 BRUNWILLERENSIS
3725 265 3801 322 ιξθ

551 369 814 436 tionibus,
841 369 997 426 adest
1018 370 1102 425 vir
1126 369 1342 425 Domini
1370 368 1724 438 improvisus.
1751 366 1911 433 Quis,
1937 383 2146 438 quaiso,
2180 371 2224 426 Α
2252 349 2446 425 statuit
2491 377 2729 439 quatuor
2777 368 3122 438 temporibus
3175 372 3588 428 recurrentibus
3614 377 3727 430 anni
3762 379 3801 434 in

552 461 752 518 fluctus
787 459 1141 533 eloquentiae,
1166 476 1290 531 qua:
1309 460 1494 530 lingua
1520 467 1700 529 potest
1729 460 1982 515 evolvere
2009 475 2150 532 gau-

552 554 708 609 dium
744 563 876 610 tunc
907 553 1110 610 factum
1138 554 1193 608 in
1221 552 1548 608 commune?
1574 551 1924 607 Gloriabatur
1947 553 2149 624 quippe

554 659 667 700 non
717 644 990 700 immerito
1035 643 1317 698 humilitas
1372 643 1554 714 gregis
1601 658 1669 698 ex
1710 643 2016 712 praasentia
2060 643 2148 699 sui

554 738 814 807 pastoris,
859 752 1021 807 quem
1073 735 1338 791 Dominus
1382 734 1784 806 glorilicaverat
1811 735 2149 792 admiranda:

553 829 948 899 protestatione
979 828 1218 884 virtutis.

626 923 712 976 18.
766 921 842 975 Ea
894 929 1248 990 tempestate,
1302 921 1527 992 quidam
1585 919 1958 978 ﬂartmannus
2008 922 2143 996 (l7),

552 1013 720 1068 abbas
753 1010 1074 1079 Tuitiensis,
1111 1012 1243 1066 dum
1282 1020 1443 1066 nocte
1473 1011 1713 1082 quadam
1747 1028 1944 1068 somno
1967 1015 2147 1070 indul-

552 1105 733 1170 sisset,
762 1103 870 1157 tale
907 1103 1045 1158 vidit
1080 1105 1380 1170 somnium,
1409 1104 1738 1176 praesagium
1770 1106 1958 1177 utique
1991 1107 2143 1164 futu-

548 1209 755 1250 rorum.
772 1192 921 1248 Vidit
947 1193 1113 1265 igitur
1134 1210 1230 1264 per
1240 1195 1634 1261 visum,virum
1652 1197 1944 1266 quemdam
1967 1197 2140 1254 forma

547 1290 862 1362 egregium,
891 1291 1047 1346 vultu
1085 1291 1470 1356 reverendum,
1517 1290 1921 1362 epise0palibus
1955 1290 2143 1350 infulis

546 1382 804 1438 decenter
848 1390 1128 1448 ornatum,
1169 1396 1201 1434 a
1230 1380 1658 1437 Brunwilerensi
1711 1381 1957 1437 Ecclesia
2011 1398 2141 1453 pro-

546 1473 828 1539 deuntem,
860 1482 915 1527 et
950 1471 1052 1526 iter
1100 1470 1385 1527 Coloniam
1423 1471 1770 1543 dirigentem.
1801 1473 1976 1539 Quem
2004 1488 2142 1543 pra:-

546 1564 853 1632 cedentem,
889 1565 1110 1619 beatum
1147 1563 1554 1635 Wolphelmum
1585 1565 1841 1621 abbatem
1867 1581 1994 1620 cum
2023 1565 2140 1621 fra-

545 1665 693 1710 trum
715 1665 933 1710 caterva
959 1655 1132 1710 cernit
1155 1671 1185 1710 e
1208 1655 1438 1728 vestigio
1460 1657 1906 1727 subsequentem,
1930 1667 2138 1728 septem

545 1746 790 1816 psalmos
818 1762 944 1807 cum
974 1747 1178 1803 litaniis
1224 1747 1424 1818 saepius
1452 1749 1750 1804 modulatis
1781 1750 2011 1805 vocibus
2040 1749 2141 1806 ite-
2174 1746 2218 1805 Β

544 1845 753 1894 rantes.
806 1839 877 1893 At
927 1839 1020 1894 ubi
1069 1840 1138 1895 ad
1199 1839 1346 1896 fores
1403 1850 1725 1912 perventum
1778 1851 1863 1898 est
1882 1839 2142 1914 “cubiculi

544 1930 786 2002 episcopi
833 1929 1187 2002 quiescentis,
1234 1931 1382 1988 fores
1429 1933 1717 2003 obseratae,
1743 1936 1898 2007 virga
1938 1953 2142 2006 praece-

543 2021 724 2078 dentis
755 2024 1024 2095 impulsae,
1053 2025 1201 2081 dicto
1234 2026 1478 2082 velocius
1517 2037 1648 2083 sunt
1675 2037 1895 2098 apertae.
1929 2028 2140 2096 Quibus

543 2118 726 2172 taliter
753 2117 1108 2186 intromissis,
1146 2119 1257 2174 dux
1294 2121 1531 2190 praevius
1559 2129 1794 2177 stratum
1821 2121 2011 2178 adiens
2049 2139 2139 2178 re-

541 2210 820 2278 cubantis,
865 2227 990 2266 cum
1031 2212 1187 2283 gravi
1228 2213 1460 2284 requirit
1509 2214 2010 2283 animadversione,
2040 2230 2137 2271 cur

546 2311 695 2358 tanta
733 2313 926 2360 contra
957 2319 1018 2360 se
1040 2305 1368 2361 temerarius
1396 2307 1842 2376 prmsumpsisset
1861 2322 2134 2364 exercere.

542 2394 774 2465 Explcto
811 2411 1087 2464 sermone,
1116 2398 1292 2470 virga,
1335 2413 1504 2468 quam
1535 2415 1702 2454 manu
1753 2401 2020 2470 gestabat,
2069 2401 2139 2457 ad

542 2488 804 2543 ultionem
835 2487 1053 2558 injuriae
1077 2489 1315 2560 graviter
1344 2488 1499 2544 illum
1532 2491 1806 2561 percussit
1827 2491 1884 2546 in
1908 2492 2133 2550 vertice.

539 2579 729 2651 Itaque
783 2596 980 2636 somno
1023 2581 1235 2638 excitus
1289 2582 1461 2639 abbas
1516 2597 1629 2654 prae
1676 2598 1907 2653 pavore,
1953 2583 2136 2638 virum

542 2676 757 2731 Domini
793 2684 1001 2732 certum
1029 2677 1207 2733 reddit
1233 2692 1299 2732 ex
1333 2677 1516 2733 divina
1541 2678 1885 2748 protectione
1911 2688 1967 2734 et
1989 2681 2134 2736 beati

539 2765 749 2829 Nicolai
777 2767 1175 2822 consolatione.
1210 2765 1323 2822 Nec
1369 2765 1572 2822 falsum
1600 2782 1830 2838 prorsus
1856 2769 2130 2824 somnium

537 2856 748 2911 exstitit
773 2856 860 2911 vel
893 2856 1055 2912 inane
1078 2898 1094 2923 ,
1145 2857 1277 2912 dum
1321 2857 1470 2926 quod
1500 2855 1698 2913 fratres
1745 2857 1801 2912 in
1827 2861 2055 2930 psalmis
2080 2869 2134 2917 et

537 2947 746 3002 litaniis
781 2947 1030 3003 constitit
1055 2948 1258 3018 egisse,
1284 2947 1392 3002 hoc
1419 2947 1497 3001 illi
1533 2949 1798 3004 Dominus
1819 2965 1914 3019 per
1948 2953 2130 3008 visum

538 3039 796 3108 dignatus
842 3039 915 3093 sit
957 3040 1220 3094 revelare.
1259 3038 1496 3093 Adbibet
1527 3040 1691 3093 etiam
1737 3051 1942 3096 certam
1969 3043 2130 3100 fidem

538 3131 739 3186 visioni
783 3130 1047 3186 exhibitio
1095 3131 1298 3202 operis.
1334 3129 1473 3185 Nam
1519 3147 1630 3186 uno
1660 3133 1962 3205 eodemque
2008 3152 2129 3192 mo-

539 3233 744 3291 mento,
760 3233 818 3278 ut
842 3223 931 3298 hic
961 3223 1111 3277 illum
1134 3223 1270 3279 vidit
1292 3222 1526 3293 percuti,
1551 3239 1610 3279 se
1637 3225 1812 3281 sensit
1837 3227 2128 3298 episcopus

541 3317 734 3373 morbo
753 3297 988 3386 gravari.
1023 3315 1138 3370 Tali
1165 3331 1298 3387 ergo
1316 3316 1479 3371 modo
1499 3316 1762 3372 divinitus
1791 3319 1975 3386 relisa,
2003 3320 2129 3376 nisu

537 3408 802 3464 frustrata
861 3407 1009 3462 illius
1064 3407 1400 3463 adversatrix
1470 3409 1702 3466 intentio
1754 3419 1868 3479 est;
1936 3415 2132 3469 morbo

535 3503 736 3573 quippe
771 3501 1158 3568 invalescente,
1194 3509 1320 3571 post
1351 3501 1469 3557 dies
1516 3518 1722 3572 paucos
1766 3504 1923 3572 obiit,
1955 3515 2011 3560 ct
2040 3522 2133 3562 ca-

538 3595 786 3649 thedram
816 3593 1142 3664 praesulatus
1186 3591 1463 3665 Seguinus
1489 3594 1573 3650 vir
1598 3597 1724 3666 pius
1753 3597 2010 3652 obtinuit.
2053 3598 2132 3655 De

538 3688 625 3743 his
673 3687 748 3742 ita
796 3687 1118 3742 meminisse
1160 3684 1430 3754 sufﬁciat:
1466 3705 1616 3744 nunc
1643 3705 1704 3745 se
1743 3691 1811 3744 ad
1850 3699 2130 3761 gestorum

535 3778 658 3850 ejus
689 3778 976 3848 sequentia
997 3779 1358 3834 describenda
1383 3779 1649 3836 articulus
1681 3791 1881 3837 vertat.

610 3870 698 3925 19.
734 3868 835 3924 Hic
879 3869 1066 3939 itaque
1108 3867 1328 3923 Domini
1370 3868 1634 3937 famulus,
1661 3886 1786 3941 quae
1829 3879 1978 3927 retro
2001 3881 2131 3929 sunt

537 3961 770 4026 oblitus,
826 3961 881 4014 in
929 3961 1205 4016 anteriora
1257 3977 1315 4018 se
1359 3963 1666 4018 extendens
1713 3963 1844 4019 totis
1887 3963 2125 4034 viribus,

537 4053 788 4123 exemplo
817 4052 984 4108 David
1027 4053 1307 4123 prophetae
1333 4053 1566 4110 dicentis
1609 4073 1622 4110 :
1676 4054 1925 4122 Domine,
1958 4056 2127 4112 dilexi

537 4145 777 4216 decorem
828 4144 1017 4199 domus
1057 4153 1191 4211 tuae,
1239 4153 1289 4199 et
1341 4144 1518 4198 locum
1569 4145 1919 4202 habitationis
1941 4147 2126 4219 gloria:

537 4247 644 4294 tua
671 4236 852 4307 (Psal.
879 4252 1009 4305 xxv,
1031 4236 1128 4307 8);
1151 4237 1376 4293 domum
1407 4237 1505 4294 Dei
1527 4253 1822 4311 aggressus
1851 4248 1936 4294 est
1963 4240 2125 4296 ador-

535 4347 670 4387 nare
691 4329 840 4387 omni
881 4329 1099 4386 decoris
1125 4330 1420 4397 varietate;
1447 4332 1595 4401 quod
1617 4331 1749 4401 quia
1767 4331 2122 4387 devotissima

2251 473 2491 536 quatuor
2516 461 2692 532 plagis
2723 460 2953 517 claustri
2981 461 3234 533 singulos
3262 478 3293 517 a
3332 463 3572 534 singulis
3599 464 3798 523 diaconi-

2249 561 2354 616 bus
2405 557 2647 614 recitari.
2701 555 2859 624 Quod
2888 557 3049 628 cujus
3085 557 3277 615 fecerit
3317 561 3576 617 utilitatis
3620 562 3798 625 intuitu.

2247 650 2332 706 vel
2379 647 2689 705 devotionis
2740 646 2960 716 affectu,
3011 664 3078 704 ex
3134 650 3399 721 subjectis
3458 652 3618 723 ejus,
3677 670 3800 724 super

2248 751 2544 811 utrumque
2567 739 2979 796 Testamentum
3003 743 3348 812 compositis,
3372 743 3544 814 liquet
3573 747 3796 802 versibus.

2246 832 2304 887 In
2354 833 2556 904 quibus
2609 833 2843 903 singulis
2893 833 3054 888 annis
3107 833 3356 905 utrisque
3409 837 3691 907 explendis
3720 856 3799 893 non

2246 925 2744 995 parvipendendam
2769 926 3011 980 annectit
3031 941 3257 982 causam
3283 927 3540 984 utilitatis
3573 948 3587 982 :
3614 930 3799 998 plurima

2244 1017 2409 1072 etiam
2443 1017 2758 1073 necessaria
2790 1026 3042 1089 tangens,
3073 1035 3221 1074 nunc
3242 1036 3506 1089 personas
3539 1022 3713 1077 subito
3731 1024 3798 1077 dc-

2245 1119 2430 1166 center
2460 1110 2782 1177 immutans,
2814 1126 2962 1165 nunc
2999 1111 3300 1166 electorum
3333 1128 3431 1182 per
3456 1114 3680 1168 verbera
3697 1115 3801 1170 salu-

2247 1214 2352 1260 tem
2381 1203 2735 1271 denuntians,
2759 1221 2908 1260 nunc
2931 1203 3343 1275 Scripturarum
3371 1222 3605 1261 suavem
3627 1219 3800 1278 gustum

2244 1296 2661 1363 commendans,
2710 1303 2991 1366 postremo
3020 1296 3293 1368 geminam
3339 1298 3392 1351 in
3422 1297 3652 1353 Christo
3678 1312 3798 1353 natu-

2245 1404 2362 1442 ram
2389 1388 2606 1459 generis
2635 1388 2865 1442 humani
2898 1387 3228 1443 medicinam
3257 1389 3572 1444 declarans.
3605 1389 3714 1445 Haec
3737 1392 3799 1445 id-

2243 1481 2393 1536 circo
2421 1480 2850 1550 prmlibavimus,
2882 1488 2945 1536 ut
2985 1497 3112 1537 cum
3143 1481 3209 1536 ad
3252 1481 3385 1536 talia
3423 1491 3652 1537 ventum
3677 1481 3800 1537 fuerit

2242 1573 2383 1639 loca,
2411 1572 2718 1642 intrepidus
2739 1573 2911 1628 lector
2924 1588 3244 1643 percurrere.
3259 1574 3454 1645 possit,
3483 1575 3636 1646 quod
3662 1576 3800 1645 sejan

2243 1664 2502 1720 didicisse
2529 1664 2845 1720 meminerit
2875 1683 2888 1719 :

2314 1842 2407 1898 20.
2447 1841 2581 1898 Late
2603 1843 2834 1914 diffusus
2863 1844 2942 1898 sic
2965 1843 3358 1899 ecclesiasticus
3389 1863 3548 1914 usus,

2245 1932 2313 1988 Se
2343 1932 2690 1988 Testamentis
2716 1942 2922 1989 exercet
2957 1934 3012 1988 in
3049 1933 3464 2005 Omnipotentis,

2249 2024 2315 2081 Ut
2341 2025 2481 2098 legat
2521 2025 2633 2080 hare
2660 2027 2836 2095 ambo,
2876 2027 2968 2082 sed
2992 2036 3043 2082 et
3067 2029 3211 2082 omni
3237 2030 3502 2100 compleat
3541 2048 3693 2098 anno,

2243 2117 2396 2174 Sicut
2418 2120 2476 2172 in
2496 2118 2826 2174 ltebdomada
2855 2118 3183 2191 psalmorum
3206 2120 3482 2176 clauditur
3503 2123 3632 2178 ode.

2240 2212 2336 2266 Ast
2372 2212 2493 2266 hinc
2523 2210 2789 2282 psallendi
2815 2229 2937 2267 cum
2970 2222 3072 2268 stet
3099 2222 3294 2281 status,
3322 2214 3448 2268 inde
3469 2214 3692 2286 legendi,

2239 2303 2421 2359 Lectio
2439 2321 2544 2374 quo
2565 2305 2755 2374 prosit,
2785 2321 3056 2376 nunquam
3078 2305 3332 2377 prtefatio
3363 2306 3530 2374 desit,

2241 2392 2361 2460 Qua
2395 2392 2533 2447 clavi
2553 2391 2715 2447 limen
2737 2404 2882 2463 patet
2907 2394 2978 2448 ad
3005 2394 3352 2466 quodcutrque
3378 2395 3631 2455 uolumen
3659 2413 3676 2449 :

2239 2485 2457 2540 Pandat
2492 2494 2547 2539 ut
2585 2485 2821 2539 admisso
2857 2486 2996 2556 quod
3027 2485 3217 2541 clamet
3249 2487 3477 2559 abyssus
3506 2490 3708 2560 abysso.

2236 2578 2468 2632 Admitti
2503 2594 2621 2633 vero
2652 2578 2797 2632 dedit
2823 2577 2937 2648 ejus
2966 2580 3144 2650 gratia
3171 2579 3334 2648 clero,

2219 2669 2345 2739 gQui
2379 2670 2588 2740 populis
2614 2671 2729 2741 ipso
2758 2679 2915 2740 parat
2937 2670 3061 2725 hinc
3085 2671 3402 2727 documenta
3425 2675 3688 2728 ministro.

2238 2759 2341 2816 Sed
2367 2763 2572 2816 cunctis
2603 2777 2748 2832 teque
2771 2777 2874 2816 non
2899 2763 3092 2834 detegit
3121 2764 3311 2818 intima
3327 2781 3596 2835 quicque;

2237 2852 2369 2919 Quis
2393 2863 2569 2908 tamen
2602 2855 2800 2908 interea
2835 2870 2939 2908 non
2967 2854 3150 2908 abnuit
3180 2856 3460 2911 interiora.

2233 2944 2464 3016 Angelus
2488 2944 2610 3000 hinc
2628 2961 2804 3000 ensem
2829 2947 3101 3016 suspendit
3137 2948 3544 3016 percutientem.

2233 3037 2411 3091 Altius
2440 3038 2676 3108 inﬂictas
2705 3054 2809 3092 non
2831 3037 2978 3093 la'dit
3013 3038 3254 3107 fulminis
3277 3040 3441 3106 ictus,

2235 3129 2361 3182 Non
2387 3131 2523 3200 ignis
2548 3139 2772 3197 torrens,
2801 3147 2904 3184 non
2930 3130 3106 3184 uultus
3132 3131 3390 3187 daamonis
3414 3133 3655 3200 horrens,

2244 3219 2482 3289 Captivis
2505 3221 2641 3274 dira:
2661 3219 2938 3274 discedunt
2962 3222 3199 3276 sensibus
3235 3223 3333 3277 ira:
3345 3239 3368 3287 ;

2246 3309 2408 3365 Vasta
2442 3311 2555 3366 lues
2584 3313 2774 3378 morbi,
2802 3328 2919 3381 qua
2953 3329 3090 3382 stupe
3123 3315 3421 3384 superuenit
3451 3317 3596 3384 orbi,

2233 3402 2340 3456 Aut
2372 3420 2476 3476 non
2507 3405 2731 3470 accedit,
2767 3405 2986 3458 ciliusve
3006 3407 3271 3475 precando
3308 3408 3506 3461 recedit
3531 3425 3552 3460 :

2235 3495 2497 3566 Exceptos
2525 3505 2676 3551 natos
2704 3498 2843 3568 quod
2877 3498 2987 3552 vult
3028 3509 3180 3569 pater
3203 3517 3316 3555 esse
3337 3511 3583 3571 paratos,

2245 3587 2556 3643 Verberibus
2581 3591 2748 3660 tangi,
2771 3591 3040 3661 poenisque
3069 3591 3347 3662 fugacibus
3375 3595 3525 3664 angi,

2236 3678 2398 3745 Queis
2421 3681 2750 3735 absterrendi
2776 3699 2943 3735 nocuo
2968 3693 3091 3736 sunt
3117 3685 3310 3753 [ae-dere
3330 3687 3521 3738 mundi
3545 3702 3566 3751 ;

2233 3770 2339 3826 Sed
2369 3788 2472 3825 non
2506 3772 2766 3826 donorum
2797 3772 2939 3828 Deus
2969 3791 3123 3829 usum
3146 3776 3417 3830 subtrahit
3444 3777 3658 3842 Irarum,

2233 3862 2378 3928 Quin
2419 3872 2624 3934 patrem
2646 3881 2757 3919 sese
2779 3882 2871 3935 per
2892 3866 3104 3920 verbera
3135 3868 3440 3938 comprobat
3477 3885 3612 3923 esse.

2233 3952 2294 4009 Si
2321 3956 2392 4009 sit
2414 3956 2492 4009 eis
2520 3957 2656 4012 ritus
2679 3956 2922 4028 legaliter
2950 3959 3036 4014 hic
3064 3961 3359 4030 stabilitas,

2234 4046 2304 4100 Ut
2325 4049 2402 4101 sic
2423 4048 2708 4118 psallatur,
2743 4066 2835 4104 ceu
2871 4049 3127 4120 diximus,
3152 4063 3309 4125 atque
3343 4054 3578 4127 legatur,

2233 4140 2453 4196 Utilitas
2479 4152 2630 4196 extra
2655 4152 2798 4212 patet
2825 4143 2957 4210 lucc,
2990 4143 3119 4199 latet
3154 4146 3321 4202 altior
3341 4148 3512 4205 intra.

2230 4232 2389 4287 Hunc
2411 4234 2743 4288 introductus
2777 4236 3010 4306 gustabit
3037 4253 3257 4293 munera
3283 4240 3518 4310 fructus,

2227 4323 2327 4380 Cui
2350 4323 2513 4379 donat
2539 4334 2763 4379 mentem
2793 4325 3050 4382 Dominus
3073 4338 3288 4398 gustare
3311 4331 3566 4386 scientem

451 4400 467 4413 ’
535 4435 717 4483 mente
749 4426 1019 4495 concepit,
1045 4425 1277 4480 miriﬁco
1301 4425 1495 4480 effectu
1517 4426 1942 4482 consummavit.
1970 4425 2128 4482 Deni-

2237 4415 2464 4471 Fructus
2497 4419 2741 4488 majoris,
2773 4435 2933 4488 quam
2955 4420 3156 4488 pandat
3179 4423 3388 4492 lingua,
3413 4425 3644 4494 saporis.

533 4535 672 4589 que,
696 4527 759 4572 ut
785 4517 1023 4573 breviter
1057 4525 1255 4573 cuncta
1291 4519 1680 4589 perstringam,
1703 4520 1825 4589 ejus
1857 4519 2121 4576 instantia

534 4613 617 4668 vel
653 4620 925 4681 tempore,
961 4611 1018 4664 in
1049 4609 1233 4665 varios
1260 4620 1487 4666 ornatus
1521 4612 1751 4681 pictura:
1771 4613 1856 4667 vel
1878 4612 2119 4681 fabricat,

532 4722 632 4762 seu
677 4705 842 4761 etiam
877 4703 1081 4758 musivi
1107 4703 1288 4773 operis
1329 4703 1548 4772 decore,
1594 4705 1746 4761 intus
1784 4715 1840 4761 et
1870 4714 2023 4762 extra
2061 4722 2122 4764 se

531 4806 710 4853 status
741 4797 935 4852 extulit
957 4795 1412 4851 Brunwilerensis
1427 4795 1704 4854 Ecclesiae.
1734 4797 1965 4856 Textum
1987 4815 2122 4870 pra:-

534 4899 682 4945 terca
701 4889 971 4960 cujusque
1000 4887 1182 4958 operis
1202 4888 1452 4944 versibus
1473 4892 1742 4960 expressit
1772 4893 2033 4962 egregiis,
2058 4901 2118 4947 ut

532 4982 740 5052 liquido
771 4988 984 5051 pateret
1009 4979 1304 5050 inquirenti
1325 4980 1495 5036 totius
1520 4981 1801 5052 plenitudo
1845 4983 2114 5039 materiei.

530 5071 725 5144 Operm
765 5073 996 5142 pretium
1029 5082 1132 5138 est,
1157 5072 1289 5127 illud
1333 5073 1498 5128 etiam
1542 5089 1652 5129 non
1697 5075 1945 5141 reticere,
1971 5077 2118 5144 quod

531 5165 765 5238 singulis
796 5164 955 5219 annis
978 5164 1060 5219 vir
1104 5162 1342 5230 Domini,
1384 5162 1521 5220 Novi
1557 5179 1623 5220 ac
1671 5163 1883 5221 Veteris
1927 5163 2120 5221 Testa-

531 5237 702 5312 ment‘i
732 5255 958 5328 paginas
1000 5271 1066 5311 ex
1093 5256 1305 5327 integro
1334 5254 1569 5310 faciebat
1597 5255 1825 5326 legendo
1860 5256 2067 5311 revolvi
2101 5275 2115 5312 :

528 5357 769 5422 quatuor
799 5363 930 5404 vero
958 5348 1374 5420 Evangeliorum
1403 5347 1596 5415 libros,
1620 5348 1880 5418 quoniam
1915 5363 2024 5402 non
2050 5363 2117 5428 eo

531 5445 655 5500 loco
685 5443 770 5500 vel
815 5443 1026 5512 ordine,
1066 5457 1177 5514 quo
1216 5442 1481 5512 reliquos,
1514 5444 1856 5513 competebat
1886 5443 2114 5514 expleri,

601 5658 713 5730 (l7)
745 5658 983 5726 Quintus
1027 5657 1230 5730 dicitur
1259 5655 1431 5730 fuisse
1474 5655 1639 5726 hujus
1669 5657 1774 5712 loci
1805 5658 1994 5713 abbas.
2040 5658 2117 5714 De

529 5726 798 5792 Tuitiensi
834 5729 1049 5785 abbatin
1089 5745 1120 5784 a
1169 5728 1232 5782 B.
1284 5726 1567 5815 llcriberto
1610 5744 1778 5798 prope
1825 5730 2112 5785 Coloniam

2226 4507 2330 4564 Sed
2361 4525 2453 4563 nec
2476 4510 2599 4576 erit,
2626 4519 2838 4580 gustum
2855 4512 2946 4580 qui
2975 4513 3191 4582 scriptis
3213 4517 3480 4584 exprimat
3505 4519 3664 4570 istm:
3689 4531 3708 4567 .'

2225 4598 2459 4655 Gustans
2481 4602 2592 4671 ipse
2619 4603 2790 4672 magis
2823 4604 2944 4671 scit,
2977 4620 3138 4674 quam
3160 4606 3231 4658 sit
3255 4609 3432 4676 gratia
3462 4610 3666 4674 suavis,

2224 4694 2399 4760 Quam
2435 4692 2834 4765 Scripturarum
2860 4707 3130 4759 conservat
3152 4697 3286 4753 cella
3306 4717 3606 4769 sacrarum,

2227 4785 2300 4840 Et
2322 4803 2441 4857 qua:
2470 4788 2704 4856 diffundi
2727 4804 2782 4842 se
2808 4789 2918 4842 vult
2937 4806 3030 4859 per
3052 4790 3275 4845 climata
3299 4793 3486 4847 mundi
3514 4809 3533 4846 :

2223 4876 2340 4942 Quo
2361 4895 2520 4948 genus
2552 4878 2843 4933 humanum
2869 4880 2939 4933 sit
2974 4881 3030 4934 in
3059 4881 3156 4935 hoc
3203 4883 3548 4938 medicamine
3584 4897 3790 4940 sanum;

2223 4970 2376 5036 Quod
2401 4979 2717 5025 naturarum
2741 4973 2945 5042 peragit
2968 4989 3220 5044 compago
3243 4974 3496 5041 duarum,

2220 5063 2361 5116 Dum
2383 5063 2524 5117 Deus
2549 5064 2670 5120 inde
2693 5064 2856 5118 Pater
2877 5067 3044 5135 parit,
3067 5067 3190 5120 hinc
3214 5068 3358 5138 parit
3385 5066 3582 5121 innuba
3616 5063 3788 5118 Mater.

2223 5156 2321 5210 Nil
2343 5157 2486 5212 cali:
2510 5157 2681 5225 illinc,
2714 5157 2791 5211 nil
2827 5160 2982 5212 terris
3015 5159 3217 5214 clarius
3247 5170 3325 5215 est
3353 5161 3492 5228 hinc,

2221 5247 2340 5314 Qua
2366 5251 2536 5319 specie
2570 5250 2696 5304 bina
2722 5253 3056 5322 componitur
3075 5253 3188 5308 lucc
3211 5254 3492 5320 medicina,

2219 5345 2464 5401 Christus
2489 5345 2654 5401 Patre
2675 5356 2845 5414 satus,
2867 5347 3010 5402 Deus
3031 5363 3048 5402 :
3068 5359 3152 5402 ast
3179 5349 3356 5416 homo,
3384 5348 3591 5420 Virgine
3615 5356 3783 5407 natus;

2220 5435 2325 5502 Qui
2350 5453 2469 5491 cum
2492 5436 2658 5492 Patre
2681 5436 2844 5506 Deus,
2867 5437 2958 5492 sed
2980 5447 3031 5493 et
3062 5438 3204 5494 almo
3227 5438 3534 5507 Pneumate,
3559 5455 3726 5504 ueras,

3195 5574 3362 5595 ν’

2216 5592 2368 5614 ειη-’τ-
3186 5586 3201 5592 ’⁷

2218 5666 2540 5715 constructa
2585 5659 2707 5718 vide
2755 5659 3041 5720 Gelenium
3087 5658 3336 5718 Coloniae
3380 5676 3489 5718 sua:
3544 5659 3641 5715 lib.
3701 5672 3778 5721 ul.

2219 5730 2497 5802 Syntagm.
2529 5732 2616 5788 M.
