3878 6310
1557 243 1733 301 VITA.
3163 237 3272 295 422

1604 368 1653 425 Α
1677 355 1893 411 stinctis
1924 353 2138 411 facibus
2186 354 2283 409 ira:
2334 352 2418 408 vel
2467 351 2704 419 invidite,
2751 350 2912 424 elegit
2938 364 3130 408 omnes
3157 350 3271 408 fralo

1687 455 1842 502 terna
1887 445 2178 503 dilectione
2226 444 2474 517 diligere.
2532 442 2760 515 Semper
2786 443 2998 512 hilaris,
3053 454 3270 514 semper

1685 538 1882 606 laetus;
1931 537 2228 609 praeferens
2254 537 2529 592 hilaritate
2554 537 2740 592 vultus
2797 549 2965 606 quam
3018 535 3269 612 sincerus
3334 568 3343 573 -

1685 637 1742 685 et
1763 645 1936 700 purus
1964 645 2093 701 erga
2117 628 2289 685 Deum
2319 637 2375 684 et
2401 628 2682 684 hominem
2708 627 2829 699 ejus
2853 637 3000 684 esset
3017 626 3267 684 affectus.

1685 720 2013 791 Quanquam
2042 735 2173 777 vero
2197 719 2317 792 jugi
2344 728 2492 776 esset
2534 719 2993 791 contemplatione
3036 734 3270 790 suspen-

125 278 167 335 il

125 285 167 335 il

100 285 154 444 Αἶά
171 399 240 438 nos
257 357 451 434 indultis
462 367 659 442 pandat
685 368 776 438 pia
792 365 991 419 risrera
1020 361 1210 431 culpis,

102 477 223 537 Secta
246 485 322 540 per
338 478 537 524 manu
566 461 695 515 dum
718 460 865 532 juste
887 455 1129 511 discutit.
1165 453 1372 520 Amem,

143 656 210 713 ΩΙ.
242 649 333 707 llos
377 642 666 703 versiculos
713 638 860 695 beati
915 635 1021 693 viri
1068 635 1191 691 ideo
1258 631 1388 689 huic
1431 630 1584 701 operi

95 743 339 805 inserendas
353 738 473 795 utile
496 734 630 800 dixi,
646 740 708 788 ut
735 728 1013 803 quomodo
1033 725 1398 797 simpliciores
1425 724 1586 795 plane

96 834 296 895 uincatis
340 844 503 902 prosae
529 827 872 883 delectantur
896 829 1076 893 pastu,
1106 821 1186 881 ita
1230 816 1586 890 perfectiores

92 925 347 985 enucleatius
385 917 734 991 spiritualiter
789 915 936 971 dicta
982 912 1305 984 indagantes
1334 952 1350 979 ,
1392 925 1584 966 eorum

94 1017 293 1092 spirituali
315 1022 459 1089 gustu
488 1010 696 1084 pariter
723 1007 1041 1065 reficiantur
1060 1012 1116 1061 et
1135 1003 1341 1061 fructu.
1373 1001 1586 1074 Saepius

91 1121 221 1168 autem
239 1110 285 1165 in
307 1113 564 1164 conventu
604 1100 838 1158 fratrum
890 1099 961 1156 de
985 1099 1161 1154 salute
1215 1096 1505 1168 disputans
1532 1101 1588 1150 et

92 1203 265 1259 suadens
285 1200 594 1263 animarum,
618 1195 763 1251 inter
792 1191 1147 1261 multimodas
1173 1190 1436 1245 virtutum
1458 1202 1586 1258 pro-

89 1292 332 1362 positiones,
382 1288 483 1343 hoc
530 1285 697 1341 modo
738 1285 1062 1356 plerumque
1112 1265 1585 1353 eleemosynarum

89 1380 148 1434 vel
172 1376 511 1450 hospitalitatis
564 1373 987 1431 commendabat
1033 1372 1286 1445 gratiam.
1337 1369 1584 1449 Oportet,

88 1467 233 1539 inquit,
258 1475 311 1522 ut
332 1466 586 1536 scriptum
619 1471 726 1531 est,
751 1471 809 1518 et
838 1460 1217 1518 testimonium
1248 1458 1448 1516 habere
1481 1459 1584 1516 bo-

1686 829 1805 881 sus,
1845 821 1965 868 erat
2009 821 2190 867 tamen
2235 812 2467 883 singulis
2522 811 2900 882 compassione
2934 811 3218 881 proximus
3251 827 3267 877 ;

1685 912 1869 962 mente
1910 903 2138 959 minime
2186 890 2479 959 deflectens
2529 918 2560 957 a
2607 903 3097 974 eoatemp'atione,
3137 901 3269 956 dum
3315 897 3323 903 ’

1685 998 1863 1069 pietas
1896 985 2131 1052 ferveret
2181 995 2240 1049 in
2289 1009 2473 1065 opere.
2507 993 2599 1049 Sic
2643 994 2906 1050 nimirum
2934 994 2991 1049 in
3017 991 3273 1049 similitu-

1687 1089 1814 1145 dine
1838 1087 2143 1144 cmlestium
2174 1085 2519 1154 animalium,
2550 1093 2677 1141 ante
2712 1093 2767 1141 et
2825 1093 2971 1141 rctro
2998 1084 3270 1149 oculatus,

1687 1189 2048 1251 utrarumque
2102 1179 2368 1235 virtutum
2417 1176 2598 1232 fuerat
2624 1177 2890 1233 cbaritate
2937 1176 3271 1232 devinctus:

1686 1282 1748 1329 ut
1776 1273 1905 1329 dum
1942 1272 2165 1329 cuilibet
2185 1286 2374 1327 earum
2409 1270 2683 1325 videretur
2726 1270 2991 1337 intentus,
3029 1268 3276 1341 proprle¢

1687 1373 1795 1421 tate
1822 1373 2002 1421 tamen
2027 1380 2141 1421 non
2159 1371 2371 1421 careret
2392 1362 2636 1419 alterius.

1755 1458 1847 1514 25.
1890 1457 2094 1513 Taliter
2124 1473 2183 1514 se
2212 1458 2424 1530 agebat,
2458 1456 2553 1528 qui
2598 1455 2710 1511 Deo
2737 1453 2814 1509 nil
2854 1454 3076 1510 cbarius
3100 1450 3279 1523 possi-

86 1576 180 1615 num
206 1560 262 1614 ah
281 1558 357 1613 his
398 1557 488 1628 qui
519 1555 653 1612 foris
699 1562 828 1611 sunt
851 1553 907 1626 (I
935 1552 1073 1607 Tim.
1105 1568 1190 1619 ιιι,
1213 1550 1291 1623 7),
1314 1560 1367 1607 et
1392 1550 1585 1621 hospi-
1684 1553 1821 1609 deus
1851 1551 2197 1624 praeferebat,
2254 1568 2323 1608 ex
2364 1551 2514 1609 omni
2558 1550 2741 1607 cordis
2785 1556 2840 1606 et
2864 1548 3035 1603 animi
3083 1546 3278 1602 allectu

87 1651 285 1706 talitatem
319 1663 418 1703 non
453 1646 702 1703 oblivisci
731 1664 746 1700 :
774 1645 905 1701 dum
940 1653 996 1701 et
1021 1644 1288 1716 quosdam
1313 1641 1586 1715 placuisse
1686 1646 1917 1718 diligens
1944 1644 2138 1714 Deum,
2168 1660 2391 1701 omnem
2438 1658 2568 1699 vero
2602 1642 2979 1699 Christianum
3015 1647 3280 1709 tanquam

85 1744 285 1815 legamus,
310 1740 504 1812 angelis
530 1739 696 1795 etiam
733 1738 974 1809 hospitio
1004 1737 1256 1808 receptis.
1288 1735 1443 1792 Unde
1472 1751 1590 1790 ma—
1617 1726 1666 1788 Β
1692 1756 1752 1798 se
1783 1741 1965 1812 ipsum
1994 1759 2008 1795 :
2039 1755 2266 1796 servans
2303 1739 2359 1794 in
2391 1737 2742 1809 simplicitate
2788 1721 3183 1800 innocentiam,
3225 1731 3280 1786 in

84 1847 263 1903 gnopere
288 1846 397 1899 vos,
426 1829 647 1899 fratres,
693 1845 998 1901 pauperum
1041 1830 1127 1885 vel
1186 1829 1467 1900 hOSpitum
1499 1843 1594 1884 δυ·-
1693 1832 1960 1890 cbaritate
1982 1831 2359 1898 concordiam,
2408 1830 2464 1884 in
2506 1828 2815 1884 humilitate
2844 1825 3197 1890 modestiam,
3225 1820 3281 1875 in

82 1925 284 1995 seeptioni
309 1939 484 1981 curam
512 1922 826 1995 impendere
853 1925 1123 1979 admoneo
1148 1940 1163 1991 ;
1190 1922 1320 1993 quia
1347 1920 1594 1992 profecto
1692 1924 1994 1996 discipiina:
2020 1924 2311 1980 severitate
2339 1936 2653 1978 censuram.
2693 1916 2847 1990 Erga
2876 1918 3016 1973 bene
3058 1921 3285 1987 agentes

83 2016 284 2088 quidquid
310 2017 410 2072 illis
433 2016 579 2072 fideli
601 2015 892 2071 devotione
925 2013 1228 2081 confertur,
1259 2013 1480 2069 Christo
1504 2013 1593 2069 ni-
1694 2033 1960 2089 apparere
2006 2017 2267 2087 praelatus
2296 2014 2494 2081 noluit,
2552 2013 2649 2068 sed
2675 2021 2734 2067 ut
2779 2011 3075 2081 coaequans
3114 2018 3169 2064 et
3198 2023 3289 2063 so-

80 2112 250 2177 mirum,
275 2110 439 2181 quise
466 2108 527 2163 in
553 2123 795 2180 paupere
825 2107 1054 2179 suscipi,
1078 2106 1132 2161 in
1177 2106 1389 2177 hospite
1413 2103 1594 2178 colligi
1694 2112 1859 2179 eius;
1893 2110 2158 2167 adversus
2208 2124 2341 2164 vero
2385 2106 2519 2163 vitia
2560 2103 3018 2176 delinquentium,
3059 2115 3287 2172 promo-

80 2206 164 2259 vult
185 2246 198 2271 ,
241 2203 576 2275 impenditur.
633 2201 871 2274 Ideoque
928 2201 1170 2257 maxime
1222 2200 1595 2256 necessariam
1695 2203 1862 2259 tionis
1891 2218 2007 2260 sua:
2030 2201 2321 2258 exercebat
2347 2199 2710 2273 privilegium.
2740 2196 2877 2264 Quis
2902 2203 3084 2251 autem
3110 2192 3290 2248 verbis

77 2290 396 2369 hospitalitatis
448 2299 538 2355 vel
606 2299 1080 2370 eleemosynarum
1139 2295 1298 2352 intuli
1362 2295 1594 2368 gratiam
1694 2297 1876 2353 valeat
1899 2295 2207 2366 exprimere
2257 2300 2465 2365 quanta
2510 2289 2843 2347 discretione
2867 2287 3053 2344 omnia
3085 2284 3291 2357 judicia

79 2389 219 2458 (Hebr.
248 2390 429 2462 run!)
458 2390 633 2462 ;quia
663 2404 764 2446 nec
791 2389 974 2445 locum
1009 2387 1299 2460 propagari
1322 2387 1613 2471 perpendo.
1697 2405 1798 2445 sua
1824 2388 2093 2445 studuerit
2118 2396 2443 2457 temperare,
2479 2391 2754 2454 quantave
2784 2380 3002 2453 justitia
3040 2379 3294 2434 modera-

73 2482 135 2536 vel
152 2482 506 2551 inhabitantes,
561 2482 670 2538 nisi
715 2497 814 2553 per
840 2481 1214 2553 eleemosynas
1262 2488 1317 2536 et
1345 2469 1613 2535 assiduas
1698 2482 1789 2537 ri?
1814 2482 1955 2537 Dum
1982 2481 2185 2537 etenim
2224 2494 2326 2551 pro
2370 2477 2568 2548 quovis
2588 2476 2788 2532 delicto
2826 2473 2989 2529 alicui
3020 2470 3160 2527 foret
3204 2469 3292 2524 in-

75 2588 235 2642 preces.
267 2574 479 2644 Verum,
531 2573 867 2642 charissimi,
911 2574 1043 2631 dum
1068 2572 1304 2644 alicujus
1348 2570 1405 2626 in
1440 2570 1600 2627 vobis
1699 2573 1923 2630 ferenda
1955 2572 2245 2638 correctio,
2275 2569 2533 2642 primitus
2578 2568 2633 2622 in
2663 2582 2723 2624 se
2748 2565 3110 2631 descendens,
3135 2562 3293 2634 juxta

73 2657 167 2714 boni
190 2660 457 2717 scintillam
486 2660 739 2717 videritis
766 2660 1067 2732 ignescere,
1092 2674 1163 2715 ne
1200 2659 1421 2727 vestris,
1443 2673 1599 2730 qua:-

1715 2667 1831 2723 llud
1860 2665 2107 2737 Apostoli
2140 2684 2155 2721 :
2186 2662 2245 2719 Si
2274 2668 2674 2735 praeoccupatus
2722 2660 2883 2731 fuerit
2927 2659 3081 2712 homo
3104 2657 3161 2711 in
3189 2655 3295 2710 ali-

74 2762 136 2814 so,
155 2750 334 2806 meritis
352 2752 529 2807 velitis
549 2751 827 2808 ascribere
854 2767 870 2818 ;
901 2749 1187 2821 quoniam,
1220 2756 1283 2804 ut
1330 2747 1599 2819 scriptum

1715 2777 1804 2833 quo
1832 2760 2047 2827 delicto,
2079 2775 2168 2814 vos
2203 2756 2293 2828 qui
2322 2753 2632 2827 spirituales
2659 2754 2806 2821 estis,
2835 2751 3085 2806 instruite
3102 2748 3297 2820 hujus-

70 2849 161 2897 est:
187 2840 348 2914 Neque
371 2843 620 2910 uolentis,
644 2858 807 2914 neque
832 2840 1117 2908 currentis,
1147 2838 1240 2894 sed
1263 2838 1361 2893 Dei
1406 2848 1483 2893 est
1507 2839 1603 2892 mi-

1715 2839 1848 2908 mocii
1869 2854 1925 2908 in
1949 2853 2144 2924 spiritu
2191 2849 2450 2915 lenitatis,
2492 2847 2831 2902 considerans
2882 2845 3124 2915 teipsum,
3157 2858 3219 2897 ne
3246 2849 3300 2897 et

70 2934 243 2987 mentis
282 2933 453 3006 (Rom.
512 2951 595 3002 ix,
628 2933 740 3004 16).
791 2930 1150 3003 Omnipotens
1204 2932 1405 3003 quippe
1434 2930 1602 2998 Deus,

1715 2955 1767 3001 tu
1789 2945 2004 3001 tenteris
2036 2942 2181 3015 (Gal.
2211 2959 2289 3010 vl,
2318 2940 2371 3014 l)
2401 2959 2418 3010 ;
2453 2949 2713 3011 tanquam
2754 2938 2963 3010 proprii
2993 2944 3177 2993 reatus
3204 2935 3301 2990 de-

66 3024 306 3094 aspirando
330 3042 433 3084 nos
462 3025 751 3099 praevenit,
788 3033 852 3081 ιιι
877 3024 1023 3081 bona
1045 3023 1301 3092 velimus,
1341 3033 1397 3079 et
1439 3023 1601 3095 adju-

1715 3038 1901 3094 lictum
1929 3034 2165 3092 deflebat
2185 3031 2433 3088 alterius.
2454 3030 2533 3086 Ita
2572 3028 2837 3086 nimirum
2880 3043 3037 3084 mens
3069 3026 3182 3082 Deo
3205 3024 3302 3080 de—

65 3122 204 3172 vande
228 3120 600 3192 subsequitur,
632 3128 694 3175 ut
717 3119 1017 3191 possimus.
1055 3115 1241 3188 inanis
1267 3118 1413 3174 enim
1442 3118 1603 3174 aliter

1715 3129 1821 3187 voti
1855 3127 2095 3200 pectoris
2123 3124 2275 3182 omni
2304 3140 2364 3180 se
2384 3124 2625 3180 excoluit
2650 3138 2847 3195 genere
2870 3120 3108 3193 pietatis,
3155 3125 3302 3174 sata-

63 3217 414 3268 essetconatus
471 3223 689 3277 noster,
732 3210 843 3267 nisi
889 3209 1078 3269 divina
1114 3218 1505 3280 cooperaretur
1551 3219 1606 3266 et

1715 3238 1844 3295 gens
1892 3219 2270 3292 gauderefum
2292 3215 2666 3289 gaudentibus,
2710 3217 2836 3286 ﬂere
2885 3230 3003 3269 cum
3052 3210 3302 3283 ﬂentibus

62 3302 219 3357 virtus.
245 3301 441 3359 Taliter
470 3312 662 3360 autem
705 3304 881 3376 gratia
931 3311 1317 3374 praecurrente,
1363 3310 1420 3357 et
1459 3302 1605 3358 bona

1715 3313 1887 3386 (Rom.
1911 3328 2010 3380 xu,
2043 3310 2154 3382 15),
2181 3309 2266 3364 vir
2308 3309 2470 3380 plane
2501 3308 2653 3364 mitis
2681 3319 2735 3363 et
2751 3307 2959 3379 justus,
2994 3304 3075 3360 sic
3116 3302 3303 3358 omni-

61 3392 291 3451 voluntate
316 3396 713 3468 subsequente,
765 3395 912 3467 quod
963 3393 1278 3457 Conditoris
1331 3403 1416 3450 est
1454 3394 1604 3462 doni,

1715 3406 1816 3461 bus
1838 3403 2025 3465 omnia
2044 3401 2243 3458 factus.
2268 3401 2389 3469 Quo
2411 3401 2558 3457 enim
2584 3399 2800 3458 dolente
2830 3415 2940 3455 non
2969 3396 3253 3454 condoluit
3280 3395 3306 3450 ?

61 3487 199 3541 nostri
224 3486 280 3542 fit
299 3489 504 3545 meriti.
556 3487 658 3545 His
685 3496 741 3544 et
764 3488 1082 3560 hujusmodi
1130 3486 1607 3544 exhortationibus
1711 3495 1848 3564 Quis
1876 3495 1945 3551 ad
1993 3495 2141 3550 illius
2176 3502 2458 3565 aspectum
2491 3506 2787 3549 mmrorem
2846 3507 2958 3546 non
2986 3489 3218 3546 mutavit
3246 3488 3305 3544 in

60 3577 190 3635 corda
242 3578 469 3638 fratrum
500 3581 745 3653 irrigans
789 3580 1149 3654 frequentius,
1181 3581 1250 3637 ad
1292 3582 1610 3637 sectandam
1712 3588 1971 3661 gaudium
1993 3587 2017 3642 ?
2042 3586 2179 3654 Quis
2207 3585 2287 3641 ira
2309 3584 2700 3653 inflammatus,
2726 3583 2872 3639 illius
2913 3597 3167 3640 sermone
3193 3597 3308 3637 non

58 3672 347 3736 provocabat
370 3675 663 3745 pietatem.
694 3671 1000 3729 Luerandis
1026 3681 1209 3730 autem
1260 3674 1483 3731 sedulus
1526 3675 1609 3729 in-

1715 3687 1798 3738 est
1852 3680 2133 3751 mitigatus
2165 3679 2189 3733 ?
2221 3676 2360 3745 Quis
2418 3677 2609 3748 iniqua
2657 3675 2988 3747 cogitatione
3029 3670 3305 3745 pulsatus,

60 3760 249 3831 νίείιληε
274 3765 599 3833 animabus,
655 3764 936 3837 satagebat
982 3765 1060 3821 υίὶ
1104 3780 1357 3836 Ρνοωενθ
1407 3767 1610 3834 verbis»,
1715 3790 1827 3830 non
1851 3773 1945 3828 illo
1972 3780 2056 3828 est
2080 3771 2333 3827 medente
2367 3766 2793 3836 curatus?Quis
2833 3764 3112 3824 consolari
3131 3765 3307 3837 petiit,

58 3854 178 3919 ίίιιοά
223 3872 329 3913 non
386 3859 684 3915 roboraret
723 3858 1007 3929 exemplis.
1056 3873 1128 3914 ne
1178 3858 1305 3917 vita!
1346 3854 1615 3916 munditia
1715 3875 1772 3922 et
1798 3864 2229 3922 consolationem
2250 3878 2360 3918 non
2384 3861 2634 3918 invenit?
2660 3860 2796 3929 Quis
2841 3856 2952 3915 vim
2988 3859 3309 3926 verborum,

57 3948 602 4022 mesnSdiscreparet
617 3965 650 4006 a
673 3949 878 4022 lingua.
896 3948 1011 4006 Hoc
1033 3949 1224 4006 ordine
1245 3950 1504 4007 nimirum
1518 3952 1620 4025 hy-
1718 3958 1846 4030 quis
1872 3956 2168 4013 efﬁcaciam
2189 3955 2458 4027 exprimat
2503 3953 2864 4010 sermonum?
2892 3951 3027 4020 Quis
3052 3951 3310 4022 pietatem

57 4040 350 4104 Pocritarnm
368 4044 693 4101 declinabat
710 4044 1182 4115 consortium,qui
1208 4045 1371 4101 verba
1397 4045 1618 4116 quidem
1721 4051 1972 4107 evolvere
1995 4091 2012 4116 ,
2041 4050 2168 4120 quis
2221 4047 2546 4103 charitatem
2578 4045 2756 4101 valeat
2795 4046 3094 4101 enarrare?
3120 4044 3175 4100 in
3202 4059 3313 4114 qua

57 4141 334 4191 sanctorum
370 4135 610 4204 habent,
666 4137 762 4192 sed
808 4137 977 4193 vitam
1005 4152 1115 4193 non
1136 4136 1381 4194 habent:
1412 4146 1623 4209 etquos
1725 4142 1862 4199 adeo
1883 4140 2165 4197 radicatus
2196 4138 2375 4193 fuerat
2404 4147 2459 4194 et
2494 4137 2780 4205 fundatus,
2808 4145 2890 4203 ut,
2933 4137 3063 4193 licet
3107 4136 3314 4192 nullius

57 4230 362 4288 sermonibus
378 4238 690 4303 generant,
719 4245 827 4286 non
856 4229 1040 4291 fovent
1067 4230 1331 4308 exemplis
1363 4249 1379 4299 ;
1408 4239 1464 4288 et
1486 4247 1625 4303 quos
1725 4248 1921 4306 expers
1941 4239 2088 4289 esset
2108 4229 2524 4302 virtutis,hujus
2541 4237 2721 4285 tamen
2744 4227 2923 4284 cultor
2933 4228 3320 4299 existeretspe-

57 4317 202 4375 verbis
221 4321 521 4391 adiﬁcant,
554 4321 806 4379 moribus
831 4331 887 4379 et
912 4322 1022 4378 vita
1040 4321 1348 4381 destruunt.
1380 4321 1627 4396 Namque
1727 4323 2039 4385 cialis.Non
2057 4322 2465 4396 segniteretiam
2488 4321 2672 4377 animo
2690 4321 2933 4377 retinens
2948 4321 3095 4392 quod
3106 4330 3316 4392 quanto

132 4404 313 4464 beatus
328 4424 448 4465 non
472 4409 662 4466 solum
684 4409 869 4480 lingua
894 4424 995 4465 sua
1025 4411 1223 4477 suasit,
1244 4410 1342 4468 sed
1365 4419 1421 4467 et
1437 4426 1609 4468 exem-

1729 4419 2026 4494 [pluribus.
2042 4413 2140 4471 En.
2156 4413 2246 4488 P.)
2269 4414 2529 4487 subjectis
2548 4413 2826 4486 praelatus,
2855 4422 3007 4470 tanto
3025 4413 3177 4470 curis
3198 4428 3318 4468 ma-

57 4490 152 4586 giis,
174 4497 421 4554 moribus
448 4507 511 4555 et
560 4497 675 4554 vita
706 4498 968 4570 subjectis
996 4501 1234 4556 ostendit
1252 4499 1609 4574 fquteeunqut

1719 4490 1938 4586 juribus
1958 4515 2106 4566 esset
2124 4516 2445 4578 occupatus,
2459 4507 2712 4564 studebat
2731 4507 3066 4564 omnimodis
3088 4507 3199 4563 Deo
3221 4522 3320 4579 per

57 4579 262 4644 idelibns
273 4590 394 4647 suis
409 4590 776 4661 omnipotens
791 4589 936 4647 Deus
956 4590 1296 4647 observanda
1320 4595 1622 4651 mandavit.

100 4679 179 4733 22.
214 4680 544 4754 Pauperum
593 4698 726 4739 vero
778 4683 856 4739 illi
900 4698 1118 4754 semper
1150 4684 1331 4740 fuerat
1380 4686 1623 4742 maxima

57 4782 170 4826 rura.
192 4771 346 4831 Unde
362 4775 792 4847 dispensatione
818 4776 1045 4847 provida
1065 4777 1410 4834 xenodoehio
1433 4792 1625 4841 super-

57 4861 225 4919 tddidit
274 4867 538 4924 decimas
593 4877 757 4939 atque
776 4868 980 4937 vineta,
1036 4878 1098 4925 ut
1144 4870 1353 4941 absque
1394 4875 1625 4941 pecunia

58 4950 194 5012 rictus
217 4958 298 5016 eis
336 4961 735 5031 praebemntur
787 4962 1117 5019 necessaria.
1152 4960 1365 5034 Jugiter
1403 4963 1481 5018 illi
1529 4965 1626 5021 ad-

57 5058 211 5105 rersus
234 5051 371 5107 vitia
393 5067 597 5124 pugna
628 5052 797 5123 ;quia
825 5069 985 5109 mens
1031 5054 1100 5109 ad
1145 5054 1379 5110 virtutes
1424 5064 1638 5123 erecta,.

1729 4602 2245 4672 contemplationem
2266 4601 2501 4671 placere,
2531 4600 2866 4656 exteriorum
2899 4615 3062 4656 curas
3086 4615 3185 4672 per
3207 4599 3322 4656 ido-

1727 4711 1861 4752 neas
1874 4690 2442 4767 quasque[personas]
2450 4693 2766 4749 solemuiter
2775 4692 2840 4766 [ι’.
2851 4735 2868 4761 ,
2879 4690 3135 4766 solerter]
3145 4692 3321 4749 admi—

1730 4788 1985 4843 nistrare.
2003 4785 2209 4841 Taliter
2225 4800 2290 4840 ex
2305 4792 2431 4841 voto
2444 4785 2670 4842 liberius
2683 4801 2883 4843 vacans
2896 4785 3151 4854 Domino,
3166 4794 3321 4841 utro-

1726 4881 1892 4952 bique
1936 4878 2201 4951 providus
2238 4879 2387 4951 gregi
2426 4879 2755 4949 prospexit;
2797 4878 2949 4934 intus
2982 4879 3204 4951 propria
3240 4878 3322 4934 vi-

1732 4972 1982 5045 gilantia,
2014 4970 2262 5027 exterius
2285 4985 2530 5043 congrua
2562 4970 2922 5041 providentia.
2954 4970 3026 5027 At
3058 4973 3324 5043 quoniam

1733 5064 1914 5120 fuerat
1934 5062 2089 5118 mirae
2125 5061 2565 5119 mansuetudinis
2599 5070 2654 5118 et
2692 5063 3086 5134 discretionis;
3145 5066 3328 5122 sciens

57 5127 267 5196 ’θίῖθηί
314 5141 602 5213 ΡτοοῙίνίδ
650 5142 719 5197 ad
747 5143 900 5198 νίῑίει·
948 5142 1209 5200 Radicem
1237 5146 1485 5201 omnium
1511 5163 1631 5203 ωτι-
1668 5202 1669 5205 η
1730 5156 1877 5230 quod
1907 5156 2202 5224 districtio,
2231 5155 2278 5212 si
2302 5156 2529 5212 modum
2560 5127 3085 5227 excedit,fs:evitiani
3127 5159 3325 5230 gignit,

58 5241 197 5285 cum
224 5234 606 5304 cupiditatem
625 5233 710 5290 vel
732 5233 1018 5291 avaritiam
1070 5236 1208 5292 adeo
1250 5238 1609 5307 perborrebat

1735 5259 1789 5305 et
1819 5248 1988 5304 nimia
2045 5249 2221 5319 pietas
2267 5247 2688 5305 dissolutionem
2727 5247 3031 5320 disciplinae
3067 5252 3326 5321 parturit,

57 5326 338 5416 {59m
378 5341 755 5385 Communem
809 5327 1229 5400 δίωριὶεθωιιυθ
1279 5329 1509 5397 Viam".
1551 5332 1631 5387 ιιὶὶ
1734 5352 1888 5399 tanta
1932 5344 2078 5400 inter
2108 5351 2405 5413 utrumque
2434 5358 2573 5400 usus
2605 5351 2691 5400 est
2736 5344 3090 5416 discretione,
3140 5357 3331 5405 utnec

57 5410 129 5467 sibi
167 5431 402 5485 prorsus
451 5416 618 5491 quod
666 5419 904 5491 speciale
933 5419 1094 5489 foret,
1134 5430 1460 5479 assumeret.
1506 5422 1635 5479 Pie-

58 5502 149 5561 atis
174 5506 376 5569 aﬁectu
426 5509 632 5582 potius
671 5513 847 5568 amari
873 5528 1042 5585 quam
1078 5513 1259 5571 timeri
1305 5516 1633 5588 satagebat;

57 5598 167 5654 Inde
187 5602 536 5672 jactantiam
566 5610 621 5671 et
651 5604 943 5661 elationem
968 5608 1161 5678 procul
1191 5608 1359 5667 dubio
1413 5624 1640 5682 respue-

57 5700 132 5748 ιιι.
161 5691 307 5753 Nulli
330 5712 478 5754 vero
502 5696 821 5768 detrahere,
845 5699 1056 5756 nullum
1100 5701 1290 5759 volens
1339 5703 1514 5776 odire,
1545 5720 1641 5762 ex-

1742 5436 2037 5493 iudiscreta
2058 5435 2330 5493 districtio
2360 5436 2596 5493 subditis
2622 5438 2915 5494 recusandi
2949 5438 3155 5497 laboris
3173 5441 3334 5501 fieret

1743 5526 1983 5595 occasio,
2015 5543 2117 5584 nec
2137 5528 2306 5585 nimia
2337 5528 2556 5600 pietatis
2575 5529 2840 5586 exhibitio
2868 5530 3172 5602 disciplinae
3190 5534 3330 5594 foret

1747 5618 2108 5675 immoderata
2154 5620 2430 5676 remissio.
2457 5619 2535 5676 lta
2572 5635 2768 5691 nempe
2809 5621 3062 5693 exemplo
3109 5633 3331 5682 sancto-

1748 5727 1876 5771 rum
1899 5710 2122 5769 Patrum
2153 5727 2373 5784 gressus
2396 5726 2623 5768 suarum
2654 5711 2890 5768 instituit
2940 5715 3242 5787 actionum,
3270 5727 3333 5776 ut
