3878 6310
542 278 650 337 493

1394 268 1454 321 Β.
1499 262 1915 321 WOLPHELMI
1953 259 2247 319 ABBATIS
2284 258 2954 316 BRUNWILLERENSIS

3711 267 3799 322 lii

543 389 861 455 nullatenus
911 390 1067 441 extra
1095 381 1322 436 limitem
1367 379 1593 450 justitia:
1626 377 1903 448 propriam
1935 375 2140 431 sineret
2168 379 2213 435 Α
2240 375 2390 429 mino
2427 372 2807 430 demonstrare
2844 375 2992 445 quod
3049 383 3258 445 quanto
3301 376 3523 447 gravior
3579 377 3797 445 morbus,

547 481 770 537 (diluere
800 476 1096 533 actionem.
1346 542 1351 547 _

618 571 713 629 24.
752 568 894 625 Hinc
928 564 1175 641 profecto
1208 562 1420 620 felicem
1466 575 1532 617 ac
1561 560 1687 631 jure
1726 558 1946 614 beatum
1975 557 2137 614 talem

548 662 785 717 dixerim
805 661 1008 724 virum,
1037 653 1131 726 qui
1167 663 1221 710 et
1245 650 1636 708 ecclesiastica:
1661 647 1968 719 disciplinae
1983 647 2141 718 vigeo

550 764 669 804 rem
711 745 920 802 fortiter
960 740 1155 806 tenuit,
1183 747 1237 792 et
1265 746 1447 792 tamen
1483 746 1715 791 matrem
1741 735 2005 791 virtutum
2029 731 2142 789 dis-

550 818 848 895 cretionem
882 847 1164 902 nunquam
1211 829 1474 885 deseruit.
1524 826 1697 897 Cujus
1739 834 1803 881 ut
1830 840 2010 881 meres
2057 825 2142 881 vel

559 939 715 986 actus
757 922 1074 982 summatim
1110 920 1499 990 perstringam,
1536 915 1642 972 fuit
1679 916 1790 971 vita
1824 914 2139 981 laudabilis,

550 1020 715 1076 verbo
734 1016 1006 1072 discretus
1028 1022 1083 1068 et
1112 1011 1284 1077 utilis,
1313 1009 1546 1065 consilio
1586 1007 1869 1079 providus,
1895 1006 2143 1063 moribus

551 1120 799 1177 ornatus,
828 1108 1149 1163 affabilitate
1193 1103 1513 1166 mellilluus,
1558 1101 1873 1157 misericors
1910 1109 1964 1155 et
1985 1099 2130 1155 beni-

548 1220 712 1276 gnus,
743 1216 954 1274 pronus
988 1198 1058 1254 ad
1088 1197 1331 1264 veniam,
1372 1193 1566 1250 tardus
1592 1193 1662 1249 ad
1696 1194 1864 1260 iram;
1893 1207 1991 1267 per
2029 1191 2144 1263 pie—

548 1301 679 1355 tatis
714 1298 992 1362 allectum,
1023 1294 1271 1350 omnium
1303 1288 1753 1346 cendescendens
1795 1287 2142 1344 necessitati-

549 1391 652 1447 bus
687 1391 1040 1453 misererum,
1060 1386 1218 1457 juxta
1256 1385 1479 1441 beatum
1513 1381 1638 1451 Job,
1680 1391 1835 1453 pater
1863 1391 1983 1437 erat
2010 1396 2145 1452 pau-

549 1502 743 1556 perum
773 1483 898 1559 (Job
936 1498 1104 1546 xxrx,
1149 1480 1261 1553 l6),
1304 1478 1652 1535 mmrentium
1679 1477 2012 1542 consolator,
2039 1492 2143 1547 pu-

548 1580 809 1650 pillorum
838 1576 1089 1647 adjutor;
1138 1590 1250 1630 non
1277 1572 1529 1643 despexit
1558 1572 1799 1643 inopem,
1841 1586 1944 1626 nec
1983 1568 2145 1624 dimi-

549 1669 624 1724 sit
675 1668 885 1737 absque
928 1664 1268 1735 operimento
1314 1677 1647 1734 pauperem;
1696 1660 1833 1718 alios
1893 1657 2144 1716 refovens

549 1756 717 1811 verbo
746 1752 1160 1819 consolationis,
1190 1752 1329 1808 alios
1361 1766 1464 1822 ope
1500 1750 1750 1806 relevans
1790 1750 2029 1821 pietatis.
2061 1750 2144 1807 Ab

550 1845 781 1901 infantia
812 1844 984 1901 Deum
1020 1845 1213 1900 timere
1244 1841 1457 1911 didicit,
1496 1857 1564 1898 ex
1590 1851 1747 1899 utero
1782 1843 1929 1897 enim
1955 1857 2143 1898 secum

549 1953 771 2010 egressa
801 1937 1081 1993 miseratio
1104 1935 1294 1993 crevit.
1325 1934 1465 1991 Area
1496 1935 1680 1991 cordis
1701 1935 1906 2006 jugitcr
1944 1933 2144 1990 referta

549 2032 694 2086 bona
731 2031 1049 2097 voluntate,
1100 2043 1385 2099 nunquam
1448 2042 1623 2082 vacua
1675 2042 1874 2083 manus
1937 2026 2146 2081 exstitit

549 2138 796 2178 munere.
827 2121 1138 2191 Pauperum
1173 2119 1279 2175 sibi
1318 2118 1465 2190 apud
1496 2119 1669 2175 Deum
1705 2119 1788 2175 sic
1815 2119 2146 2176 conciliabat

548 2214 873 2283 patrocinia,
903 2213 1108 2268 faciens
1138 2213 1243 2267 sibi
1274 2212 1483 2268 amicos
1512 2211 1578 2268 de
1598 2211 1790 2283 inique
1808 2212 2142 2278 mammona,

549 2304 646 2376 qui
675 2320 802 2360 eum
828 2304 1159 2375 quandoque
1202 2302 1507 2373 reciperent
1549 2302 1604 2357 in
1648 2312 1850 2359 arterna
1899 2303 2175 2359 taberna.

549 2394 675 2448 cula
719 2391 872 2465 (Luc.
908 2409 1037 2458 xvi,
1068 2390 1145 2459 9).
1188 2390 1266 2446 Ne
1298 2400 1482 2447 autem
1522 2393 1790 2447 mundum
1833 2393 1956 2464 plus
1993 2393 2146 2463 justo

549 2482 828 2538 videretur
868 2482 1114 2555 diligere,
1154 2482 1359 2537 mundo
1404 2482 1753 2538 solummodo
1780 2500 1917 2539 usus
1951 2494 2036 2541 est
2076 2485 2145 2540 ad

551 2575 932 2630 necessitatem
960 2616 975 2642 ,
1033 2590 1141 2629 non
1203 2573 1271 2628 ad
1319 2573 1649 2645 superfluam
1703 2575 2140 2633 delectationem.

550 2667 756 2724 Nexias
799 2668 1001 2740 quippe
1045 2667 1115 2722 ab
1156 2666 1343 2722 animo
1389 2667 1689 2736 excludens
1735 2668 2143 2737 delectationes,

550 2758 881 2830 apostolicas
922 2758 1285 2815 aemulabatur
1327 2752 1912 2832 traditiones,rcorpus
1946 2760 2143 2817 videli-

548 2859 637 2906 cet
668 2851 939 2923 castigare
975 2858 1031 2906 et
1070 2850 1123 2905 in
1164 2849 1483 2907 servitutem
1515 2850 1761 2924 redigere
1801 2850 1858 2925 (Ι
1888 2852 2012 2908 Cor.
2041 2851 2141 2924 ix),

550 2952 611 2998 ut
633 2952 987 2998 extenuatum
1019 2943 1334 2999 coelestibus
1361 2943 1668 3014 disciplinis
1692 2961 1789 3001 vas
1826 2954 2013 3017 aptum
2044 2947 2143 3001 lie-

551 3034 1120 3090 rctsanctificationis.
1147 3032 1387 3091 Noverat
1405 3035 1552 3091 enim
1574 3037 1819 3092 animum
1850 3053 1958 3094 non
1980 3044 2146 3110 posse

550 3122 794 3194 lejitime
827 3123 1056 3193 imperio
1082 3122 1312 3194 perfrui,
1346 3124 1455 3180 nisi
1491 3125 1676 3180 carnis
1707 3134 1890 3181 metus
1924 3128 2143 3198 penitus
2173 3104 2216 3161 Ο

550 3224 738 3272 essent
775 3214 1072 3286 subjugati.
1106 3214 1221 3272 Hoc
1249 3215 1483 3288 denique
1519 3216 1629 3272 ritu
1668 3217 1923 3274 sacrificii
1965 3219 2020 3274 in
2057 3221 2141 3277 sui

552 3307 736 3361 cordis
764 3306 1134 3376 penetralibus
1174 3306 1412 3362 bestiam
1456 3306 1658 3375 vivam,
1691 3317 1960 3376 sanctam,
2004 3308 2141 3366 Deo-

552 3414 662 3472 que
699 3398 1005 3470 placentem
1028 3413 1086 3455 se
1111 3399 1364 3454 exhibuit
1393 3398 1569 3472 (Rom.
1601 3416 1678 3455 xu
1700 3443 1716 3469 ,
1760 3399 1835 3473 l),
1863 3401 1994 3458 dum
2031 3403 2145 3458 sin-

552 3491 695 3562 gulis
722 3491 937 3557 diebus,
968 3506 1094 3547 cum
1124 3491 1490 3547 sacrosanctis
1511 3493 1760 3564 corporis
1785 3504 1840 3550 et
1861 3494 2146 3567 sanguinis
2173 3486 2176 3487 ⁷

552 3583 761 3639 Christi
791 3583 1065 3655 mysteriis
1086 3600 1183 3655 per
1205 3585 1645 3657 compunctionis
1668 3586 1901 3659 gratiam
1933 3604 2054 3645 sese
2089 3589 2145 3644 in

555 3675 942 3732 holocaustum
969 3676 1249 3732 mactavit.

620 3771 712 3827 25.
744 3769 1043 3828 Exstiterat
1066 3771 1197 3829 huic
1219 3771 1539 3829 beatissime
1585 3772 1705 3830 viro
1739 3772 1905 3831 frater
1933 3791 2146 3849 germa-

557 3880 690 3931 nus,
713 3864 1045 3921 Frumeldus
1069 3864 1182 3938 (18)
1209 3865 1456 3931 nomine,
1488 3880 1709 3923 sorores
1750 3867 2144 3924 sanctimonia-

554 3956 635 4012 les
665 3957 807 4023 duae,
835 3972 1069 4027 quarum
1097 3972 1227 4025 una,
1263 3955 1535 4013 Oswenda
1557 3959 1797 4027 nomine,
1829 3960 1982 4017 mira:
2014 3961 2147 4017 sim-

554 4049 810 4119 plicitatis
832 4057 885 4104 et
905 4048 1232 4106 innocentiae
1250 4046 1355 4105 fuit
1376 4047 1612 4119 femina;
1642 4050 1812 4107 altera
1836 4068 1986 4120 vero,
2010 4051 2143 4110 Ber-

555 4148 608 4194 ta
648 4148 994 4210 nuncupata,
1024 4138 1330 4196 litterarum
1373 4141 1671 4212 plurimum
1705 4143 1929 4199 emicuit
1962 4144 2145 4202 scien-

540 4231 654 4296 _tia.
684 4229 811 4287 llrec
846 4231 960 4304 (l9)
997 4231 1168 4288 vitam
1200 4232 1372 4290 beata:
1402 4232 1736 4304 Adelhcidis,
1763 4236 1955 4307 primae
2001 4235 2143 4296 Vile-

551 4323 736 4378 ccnsis
766 4323 1076 4392 abbatissae,
1108 4324 1343 4397 eleganti
1370 4324 1505 4381 satis
1530 4326 1826 4382 admodum
1852 4328 1992 4397 style
2019 4342 2147 4383 cen-

555 4412 794 4483 scripsit,
825 4422 879 4468 et
918 4413 1221 4484 plurimum
1276 4414 1558 4485 religionis
1598 4415 1684 4470 vel
1733 4415 1977 4473 scicntia:
2030 4432 2145 4475 suae

555 4500 795 4556 fructum
819 4502 872 4557 in
895 4502 1087 4558 eodem
1116 4502 1238 4557 loco
1268 4502 1579 4574 dereliquit.
1607 4503 1683 4559 De
1703 4505 1862 4575 cujus
1887 4506 2143 4577 praedicta

557 4608 767 4657 sorore,
791 4591 993 4646 domna
1025 4592 1275 4647 videlicet
1299 4589 1591 4661 Oswcnda,
1640 4594 1847 4652 nostris
1883 4600 2144 4669 tempori-

555 4685 660 4740 bus
706 4683 912 4739 factum
970 4682 1104 4739 libet
1152 4682 1358 4740 referre
1403 4685 1769 4753 miraculum,
1818 4689 1967 4744 omni
2013 4707 2144 4748 sane

555 4777 736 4843 laude,
765 4776 1034 4832 memoria
1071 4784 1126 4831 et
1168 4776 1519 4832 veneratione
1563 4777 1967 4851 dignissimum.
2007 4780 2143 4849 Qui-

555 4868 680 4922 dam
708 4867 879 4923 frater
911 4884 977 4924 ex
1009 4867 1261 4924 coenobio
1290 4866 1735 4939 Brunwilerensi,
1764 4869 1880 4928 Udo
1899 4876 2143 4944 nomine,

556 4960 694 5014 adeo
717 4961 956 5031 pessima
988 4959 1272 5016 laborabat
1305 4961 1639 5031 infirmitate,
1668 4974 1728 5020 ut
1763 4981 1955 5024 omnes
1989 4984 2148 5041 coge-

554 5059 748 5106 rentur
774 5051 841 5108 de
870 5052 991 5122 ejus
1019 5050 1315 5121 desperare
1348 5053 1545 5110 salute.
1568 5054 1812 5128 Denique
1841 5066 1957 5114 toto
1988 5061 2150 5116 mise-

555 5143 796 5199 rabiliter
818 5146 1214 5201 intumescente
1237 5160 1484 5217 corpore,
1505 5149 1750 5204 omnium
1773 5152 2146 5209 membrorum

557 5238 757 5292 amissa
785 5239 1038 5305 sanitate,
1079 5246 1276 5295 trunco
1326 5240 1508 5310 potius
1549 5257 1713 5312 quam
1745 5243 1987 5301 humane
2018 5261 2143 5302 cer-

558 5328 673 5398 peri
705 5328 992 5386 videbatur
1018 5331 1236 5400 similis,
1261 5332 1518 5404 quodque
1572 5335 1811 5392 maxime
1844 5338 2040 5394 mortis
2067 5338 2149 5395 in-

557 5419 764 5474 dicium
802 5421 942 5478 solet
973 5422 1229 5492 existere,
1263 5424 1474 5481 nullum
1513 5427 1820 5511 remedium
1864 5429 1942 5485 illi
1995 5431 2148 5487 adhi-

555 5510 730 5569 bitum
773 5514 945 5572 valuit
988 5518 1284 5589 proficere;
1337 5520 1571 5593 volente,
1597 5534 1657 5580 ut
1708 5524 2002 5594 credimus,
2045 5525 2147 5581 Do-

604 5636 609 5640 ’
629 5650 740 5719 (18)
780 5652 1136 5713 Frumoidum
1151 5668 1206 5714 et
1231 5655 1560 5717 Oswennam
1598 5662 1741 5719 inter
1762 5664 1902 5719 alios
1923 5648 2147 5722 sanctos

558 5734 842 5783 enumerat
894 5725 1149 5789 Gelenius
1200 5730 1256 5787 in
1303 5729 1461 5793 fastis
1508 5732 1954 5805 Celoniensibus,
2002 5750 2146 5808 quos

2239 475 2393 522 tanto
2418 467 2693 538 potentior
2721 464 3084 537 Omnipotens
3106 468 3415 525 credendus
3451 476 3538 525 est

2238 557 2489 629 Cumque
2518 558 2586 614 de
2624 559 2757 615 solis
2783 558 2907 629 ejus
2943 567 3196 629 ageretur
3223 559 3524 630 exsequiis,
3562 560 3705 617 lento
3730 579 3802 619 so-

2240 666 2375 721 pore
2419 651 2738 721 corripitur,
2802 651 3061 722 videtque
3102 667 3201 722 per
3254 651 3535 709 somnium
3573 654 3798 709 domum

2241 742 2592 812 Oswendam,
2614 743 2730 815 jam
2775 744 3210 803 immortalitatis
3270 746 3392 803 luce
3438 747 3691 819 petitam,
3718 750 3800 806 sibi

2240 836 2520 903 assistere,
2542 837 3037 909 compatientisque
3061 838 3281 907 affectu,
3302 854 3475 895 manu
3504 848 3679 896 totum
3700 858 3799 896 eor-

2241 942 2346 999 pus
2364 928 2776 997 permulcendo,
2807 929 2918 985 vim
2934 929 3340 987 delerislenire.
3357 930 3488 986 Inde
3506 933 3800 999 oratorium,

2238 1018 2472 1089 jacentis
2503 1019 2646 1076 lecte
2679 1020 3021 1091 contiguum,
3055 1020 3322 1091 ingressa,
3358 1021 3529 1077 tertio
3563 1021 3712 1080 llexis
3732 1040 3803 1095 ge-

2245 1106 2410 1163 nibus
2442 1106 2724 1175 adoravit;
2753 1107 2944 1177 sicque
2973 1121 3138 1178 super
3168 1116 3438 1179 aegretum
3462 1108 3685 1179 signum
3710 1126 3804 1166 stn-

2244 1208 2345 1255 cta:
2371 1198 2556 1257 crucis
2591 1199 2930 1270 exprimens,
2959 1199 3250 1269 disparuit.
3284 1198 3435 1256 Illico
3451 1198 3636 1255 virtus
3651 1199 3803 1256 divina

2244 1299 2329 1346 est
2358 1289 2651 1346 subsecuta
2676 1296 2691 1345 ‘:
2726 1305 2856 1346 nam
2883 1299 3009 1361 post
3035 1303 3243 1360 paucos
3271 1288 3388 1344 dies
3426 1289 3724 1353 cenvaluit,
3746 1289 3806 1343 ia-

2246 1395 2397 1454 tcgra
2439 1381 2705 1453 sospitate
2743 1388 2983 1453 recepta.
3013 1378 3170 1436 Unde
3203 1395 3305 1436 nec
3341 1379 3579 1435 dubium
3609 1381 3802 1445 exstitit,

2247 1473 2339 1528 ille
2376 1473 2493 1530 visa
2546 1473 2839 1544 pandente,
2887 1472 3065 1543 ipsius
3115 1471 3551 1542 suffragantibus
3608 1472 3804 1536 meritis,

2244 1571 2462 1619 erutum
2491 1563 2645 1618 illum
2682 1563 2751 1619 de
2775 1561 3018 1620 confinio
3043 1561 3255 1618 mortis.
3288 1561 3491 1617 Fuerat
3515 1568 3700 1615 autem
3720 1570 3806 1614 tam

2245 1654 2682 1712 immanissimus
2708 1654 2960 1727 languor,
2989 1663 3103 1710 uta
3129 1653 3312 1724 planta
3336 1654 3539 1724 pedum
3563 1667 3731 1723 usque
3756 1652 3808 1706 ad

2180 1728 2220 1781 Β
2248 1745 2504 1801 verticem
2538 1743 2596 1799 in
2629 1758 2695 1799 eo
2732 1759 2841 1798 non
2871 1752 3018 1799 esset
3054 1734 3288 1809 sanitas;
3319 1741 3413 1797 sed
3448 1750 3570 1796 tota
3597 1741 3807 1810 corporis

2247 1846 2371 1891 cute
2395 1834 2698 1900 subtracta,
2736 1849 2802 1889 ac
2830 1836 2879 1890 si
2905 1841 3090 1889 vetere
3116 1832 3339 1887 homine
3379 1839 3616 1897 exutus,
3642 1830 3809 1886 recenti

2245 1927 2398 1984 corio
2428 1943 2555 1985 cum
2576 1927 2755 1983 salute
2781 1935 2869 1983 est
2904 1924 3317 1997 superindutus.

2316 2018 2409 2075 26.
2449 2019 2520 2075 At
2555 2034 2687 2076 vero
2727 2019 3020 2090 praadictus
3057 2018 3203 2073 beati
3255 2016 3596 2087 Welphelmi
3634 2030 3810 2086 εει-ωλι

2247 2127 2372 2177 nus,
2410 2109 2649 2166 donmus
2685 2108 2940 2165 videlitet
2986 2107 3353 2175 Frumeldus,
3387 2106 3573 2161 armis
3619 2112 3810 2161 terrena

2246 2202 2455 2259 militia:
2481 2210 2702 2270 exutus,
2739 2216 2800 2258 se
2826 2200 2934 2256 illis
2964 2200 3234 2272 implicari
3268 2198 3558 2256 recusavit
3593 2199 3808 2263 ulterius,

2247 2303 2310 2351 ut
2354 2294 2467 2350 Deo
2505 2294 2713 2350 servire
2754 2302 2943 2365 posset
2988 2293 3316 2363 expeditius.
3358 2289 3629 2346 Studium
3662 2290 3811 2360 itaque

2247 2384 2698 2458 peregrinationis
2737 2385 3029 2456 arripiens,
3084 2397 3151 2440 ne
3194 2383 3352 2439 exsul
3396 2382 3650 2438 caelestis
3691 2382 3811 2435 fieret

2236 2476 2455 2545 patriae,
2487 2474 2639 2530 omni
2678 2475 2892 2545 relique
2919 2473 3044 2529 vitae
3075 2489 3190 2530 suae
3215 2481 3463 2543 tempore
3500 2472 3671 2544 longe
3704 2472 3810 2526 late-

2246 2582 2376 2638 que,
2406 2565 2475 2621 ad
2509 2566 2870 2636 promerenda
2908 2574 3233 2621 sanctorum
3257 2563 3599 2636 patrocinia,
3641 2578 3696 2619 se
3723 2572 3812 2618 stu—

2247 2658 2367 2714 duit
2385 2658 2660 2725 cxsiliare,
2684 2673 2796 2714 uno
2820 2665 3032 2713 tantum
3054 2666 3345 2714 contentus
3378 2656 3611 2713 servulo
3628 2657 3811 2719 comite,

2246 2750 2337 2807 cui
2364 2758 2548 2805 tamen
2579 2765 2739 2805 versa
2771 2749 2909 2817 vice,
2943 2758 3007 2805 ut
3033 2750 3171 2805 alter
3201 2747 3494 2814 Martinus,
3528 2748 3628 2804 hic
3651 2746 3813 2815 sepius

2246 2842 2533 2898 consuevit
2565 2841 2898 2898 ministrare.
2937 2839 3098 2911 Quod
3130 2856 3306 2913 genus
3346 2840 3559 2897 divinae
3588 2832 3813 2912 propitia-

2248 2934 2415 2991 tionis
2455 2934 2549 2990 illo
2576 2934 2809 3007 pedibus
2843 2934 3049 3006 jugiter
3075 2943 3431 3006 ’exsequente
3476 2934 3671 3001 nudis,
3705 2931 3814 2987 adeo

2248 3026 2451 3099 saepius
2506 3025 2746 3083 vidimus
2783 3042 2912 3084 eum
2958 3026 3189 3084 liventes
3245 3027 3465 3099 plantas
3514 3026 3730 3086 habere.
3769 3032 3815 3076 ιιι

2249 3118 2398 3175 nulla
2427 3119 2645 3176 ratione
2685 3120 3055 3179 calceamenta
3093 3120 3300 3176 valeret
3351 3119 3671 3176 admittere.
3713 3115 3814 3170 Erat

2249 3211 2412 3268 etiam
2437 3213 2489 3268 ei
2512 3212 2774 3269 solemnis
2814 3212 3175 3279 consuetudo,
3218 3211 3464 3283 quandiu
3510 3212 3587 3267 ad
3606 3209 3813 3268 divinum

2250 3304 2307 3360 in
2333 3304 2567 3362 ecclesia
2604 3305 2901 3362 assistebat
2935 3304 3197 3373 officium,
3237 3303 3584 3360 omnimodis
3618 3301 3816 3370 aliwjus

2251 3396 2424 3453 vitare
2450 3396 2820 3470 colloquium;
2865 3397 2963 3455 sed
3008 3406 3187 3466 stans,
3232 3398 3317 3454 vel
3347 3397 3510 3453 humi
3542 3405 3815 3468 prostratum

2251 3505 2436 3559 orans,
2466 3498 2617 3547 tanta
2639 3491 3003 3565 lacrymarum
3027 3493 3340 3564 potiebatur
3364 3492 3645 3557 ubertate,
3670 3496 3725 3545 ut
3747 3504 3816 3541 rt-

2250 3583 2333 3640 lut
2359 3584 2534 3640 imbre
2565 3584 2873 3656 perfusum,
2915 3587 3196 3644 madidum
3233 3584 3530 3657 reliquerit
3571 3583 3816 3656 pavitare-

2250 3684 2389 3732 tum.
2422 3675 2576 3733 Hanc
2602 3679 3040 3749 compunctionis
3069 3679 3302 3752 gratiam
3322 3693 3423 3749 per
3447 3676 3698 3733 divinam
3721 3689 3818 3745 pos-

2253 3769 2439 3827 sidens
2467 3771 2835 3840 clementiam,
2859 3773 3149 3830 custodem
3188 3772 3247 3827 in
3276 3786 3338 3827 se
3365 3770 3713 3842 reliquarum
3739 3767 3813 3821 de-

2251 3864 2460 3940 putavit
2487 3879 2609 3922 esse
2637 3864 2936 3933 virtutum;
2983 3865 3115 3937 quia
3153 3864 3367 3920 nullum
3403 3864 3636 3934 penitus
3670 3860 3717 3916 ei
3740 3859 3816 3915 do-

2253 3957 2452 4012 minari
2486 3956 2638 4027 nevit
2667 3957 2945 4026 delictum,
2969 3958 3130 4028 cujus
3152 3972 3312 4013 mens
3354 3955 3562 4012 sedule
3586 3967 3815 4023 compun-

2252 4050 2398 4121 gitur
2424 4050 2490 4106 ad
2512 4049 2833 4106 lamentum.
2860 4049 2998 4118 Quis
3028 4050 3176 4106 hunc
3202 4048 3603 4105 fidelissimum
3633 4043 3813 4102 Domini

2251 4145 2580 4202 dubitaverit
2626 4160 2868 4212 servum,
2928 4144 3088 4215 cujus
3135 4142 3417 4200 exsecutio
3456 4141 3813 4198 mandatam

2252 4248 2365 4295 tam
2409 4237 2633 4294 evidens
2686 4237 2901 4301 meritis
2956 4237 3105 4293 illius
3157 4236 3363 4307 praebet
3419 4232 3817 4292 testimonium?

2253 4330 2514 4400 Quamvis
2535 4330 2737 4386 etenim
2767 4330 2820 4385 in
2842 4344 2977 4400 pace
3016 4328 3303 4400 praesentis
3340 4327 3471 4385 vita:
3496 4339 3817 4386 consumma-

2253 4424 2395 4481 verit
2424 4439 2670 4492 cursum,
2711 4423 2950 4494 explevit
2994 4431 3181 4479 tamen
3208 4421 3569 4494 martyrium,
3600 4430 3816 4493 satang

2248 4517 2573 4575 crucifixum
2587 4516 2789 4572 habere
2806 4515 3109 4582 mundum,
3124 4516 3257 4571 dum
3278 4530 3509 4571 carnem
3534 4530 3692 4571 suam
3715 4526 3815 4569 cura

2247 4610 2397 4666 vitiis
2420 4618 2478 4665 et
2492 4609 2958 4683 concupiscentiis
2981 4608 3281 4675 cruciﬁxit,
3301 4616 3377 4675 et,
3402 4606 3704 4663 Dominum
3717 4604 3817 4661 fide-

2248 4704 2372 4760 liter
2396 4718 2654 4774 sequens,
2686 4702 2892 4758 munde
2916 4701 3239 4773 peregrinus
3270 4701 3508 4757 exstitit.
3551 4700 3657 4757 llic
3690 4697 3814 4754 erli-

2249 4796 2355 4851 bus
2373 4795 2674 4866 justorum,
2704 4801 2765 4849 ut
2790 4792 3142 4859 confidimus,
3181 4792 3541 4864 conjunctus,
3586 4792 3645 4848 in
3681 4787 3816 4845 cede

2250 4887 2334 4944 sia
2378 4885 2616 4957 propriae
2670 4885 3042 4956 possessionis
3094 4884 3329 4956 quiescit
3379 4885 3660 4955 sepultus.
3717 4880 3815 4935 lla:

2253 4993 2428 5049 pauca
2464 4979 2678 5049 prolata
2714 4977 2990 5034 sufﬁciant
3016 4977 3086 5034 ad
3113 4978 3422 5035 sanctitatis
3462 4974 3812 5035 testimonium

2252 5069 2557 5127 beatissimi
2595 5069 2774 5126 Patris
2817 5069 3152 5141 Wolphelmi
3190 5079 3246 5126 et
3293 5069 3590 5127 Frumoldi
3631 5082 3812 5143 gum

2250 5176 2469 5219 norum.

2321 5253 2411 5309 27.
2452 5252 2588 5309 Erat
2619 5261 2753 5309 tunc
2795 5254 3060 5325 temporis
3097 5255 3184 5311 vir
3228 5254 3455 5325 quidam
3502 5268 3704 5328 genere
3730 5265 3811 5305 no—

2244 5346 2398 5414 bilis,
2447 5346 2545 5403 sed
2592 5346 2841 5403 moribus
2890 5346 3148 5413 nobilior,
3196 5347 3558 5404 Burcbardus
3586 5346 3810 5404 nomint.

2251 5437 2604 5510 praefecturae
2656 5438 2960 5512 dignitatis,
2990 5441 3115 5497 sed
3169 5448 3227 5497 et
3270 5450 3589 5512 prapotens
3656 5437 3810 5494 armis.

2252 5530 2349 5603 qui
2416 5546 2714 5604 germanus
2804 5532 3019 5590 exstitit
3092 5533 3451 5590 illustrissimi
3519 5533 3627 5588 viri
3681 5529 3811 5585 Eine-

2255 5672 2436 5745 tam‘en
2475 5677 2792 5745 sanctorum
2830 5670 3079 5745 catalogo
3117 5673 3390 5745 ascriptos
3422 5689 3537 5729 non
3564 5683 3810 5745 putamus.

2328 5690 2436 5721 neu
2475 5690 2792 5725 sanetorum
2830 5690 3079 5744 catalogo
3117 5690 3261 5727 ascri
3303 5690 3390 5729 tos
3422 5690 3537 5729 non
3564 5690 3721 5745 putat!

2328 5737 2441 5810 ([9)
2478 5739 2631 5797 lianc
2664 5739 2841 5797 Vitam
2878 5744 3046 5800 habes
3072 5753 3220 5799 teme
3257 5690 3476 5817 rhujus
3514 5742 3721 5827 Seruili
