3878 6310
544 389 667 446 437

1414 372 1474 426 Β.
1515 362 1932 425 WOLPHELMI
1968 360 2262 417 ABBATIS
2296 357 2968 417 BRUNWILLERENSIS

3700 352 3788 409 ω

558 514 681 558 sum
711 509 813 552 nos
835 492 981 549 unda
1012 490 1127 561 jam
1151 483 1370 556 longius
1414 489 1690 552 rapuerat,
1732 477 1863 533 dum
1901 489 2027 530 ecce
2049 488 2139 528 re-
2168 480 2215 541 Α
2243 474 2479 540 fuerant,
2519 475 2709 532 ordine
2747 472 3020 544 exposuit.
3064 468 3238 539 Cujus
3283 466 3487 523 mentis
3519 467 3688 524 dolori
3720 469 3792 523 ille

560 598 721 663 pentc
773 580 1100 640 intolerabili
1152 583 1339 632 exorta
1386 578 1721 642 tempestate,
1788 574 1945 637 rupta
1985 564 2143 634 quies

562 654 741 737 ilheni
775 676 844 731 ab
872 673 999 730 imis
1027 669 1252 726 sedibus
1279 662 1659 736 perturbatur,
1700 657 1966 726 undazque
1998 654 2053 709 in
2085 668 2146 708 se

564 772 950 833 redundantes,
983 765 1051 821 ad
1080 763 1251 816 instar
1271 754 1698 830 prominentium
1724 750 1968 820 rupium,
1997 745 2147 818 capi-

570 850 714 920 tibus
772 859 1054 916 imminere
1106 852 1425 908 videbantur
1475 847 1531 901 in
1592 843 1714 899 navi
1768 839 2146 896 residentium.

571 956 768 1026 Sicque
789 950 945 1007 navis
972 949 1080 1003 huc
1125 945 1364 1012 illucque
1392 937 1549 1011 vagis
1594 935 1851 991 dilabitur
1884 930 2067 997 undis,
2096 936 2151 983 et

556 1032 716 1104 nunc
744 1056 961 1100 summo
996 1039 1052 1094 in
1087 1037 1255 1093 fluctu
1297 1032 1561 1105 pendens,
1602 1041 1750 1081 nunc
1784 1023 1928 1078 unda
1962 1021 2150 1077 dehis-

570 1153 700 1195 cens
720 1144 922 1192 terram
955 1132 1094 1186 inter
1118 1128 1319 1184 ﬂuctus
1353 1121 1547 1193 aperit,
1583 1116 1926 1187 turbatisque
1968 1111 2152 1168 nautis

568 1245 682 1302 prm
704 1239 905 1299 pavore
952 1220 1166 1287 mortis,
1213 1230 1383 1273 sonus
1427 1210 1585 1268 haesit
1624 1210 1680 1263 in
1715 1214 1934 1279 gutture
1980 1205 2149 1260 vocis.

564 1297 749 1378 ςῙέιιιίο
771 1315 930 1374 nobis
957 1311 1173 1369 vallatis
1195 1306 1440 1381 periculo
1459 1346 1474 1371 ,
1516 1303 1696 1357 virum
1732 1298 1949 1354 Domini
1976 1297 2029 1352 in
2058 1312 2156 1367 po-

562 1408 791 1469 steriori
813 1405 970 1462 navis
998 1410 1152 1475 parte
1182 1398 1531 1462 residentem,
1563 1402 1618 1449 et
1657 1406 1758 1448 suo
1778 1405 1932 1446 more
1970 1387 2157 1445 nescio

564 1501 707 1573 ‘quiu
731 1497 926 1556 secreti
952 1495 1329 1557 meditantem,
1365 1498 1420 1545 et
1451 1502 1642 1544 eorum
1679 1499 1803 1556 quae
1846 1481 2008 1537 nobis
2034 1496 2159 1536 eve-

577 1600 775 1650 nerant
795 1602 1024 1662 prorsus
1044 1586 1322 1659 iguarum,
1351 1580 1481 1646 adii,
1506 1587 1559 1634 et
1578 1584 1809 1633 mortem
1829 1573 2160 1629 omnimodis

570 1683 871 1741 imminere
895 1676 1163 1735 nuntiavi.
1187 1674 1291 1743 Qui
1321 1672 1572 1745 protinus
1600 1668 1669 1724 ad
1700 1666 2002 1723 orationem
2025 1679 2159 1735 con-

470 1768 477 1777 ’
574 1777 797 1843 volans,
827 1781 957 1827 nota
992 1768 1266 1842 prmsidia,
1317 1771 1630 1821 sanctorum
1679 1757 2029 1816 devotissime
2060 1756 2165 1811 im-

578 1867 764 1938 plorat
823 1862 1081 1934 suffragia
1108 1902 1126 1926 ,
1175 1856 1379 1913 litaniaa
1446 1851 1843 1924 supplicatione
1889 1846 2164 1919 imposita.

578 1957 799 2015 Dehinc
818 1971 943 2012 cum
968 1953 1157 2008 crebra
1187 1957 1391 2019 sanctae
1419 1946 1600 2003 crucis
1621 1943 1949 2014 objectione,
1976 1940 2169 1996 Salva-

570 2050 676 2106 ‘tor
697 2047 910 2115 mundi,
935 2045 1081 2101 salva
1106 2058 1229 2111 nos,
1252 2039 1418 2111 coepit
1439 2052 1651 2094 canere.
1677 2035 1780 2102 Qui
1801 2050 1898 2105 per
1924 2048 2138 2103 crucem
2154 2073 2169 2100 ,

583 2132 867 2212 inquiens,
914 2146 968 2193 et
1017 2130 1339 2205 Sanguinem
1383 2128 1662 2186 redemisti
1708 2143 1846 2194 nos,
1888 2125 2170 2181 auxiliare.

539 2294 549 2302 _
586 2233 854 2289 Hortatur
885 2230 1104 2294 dehinc,
1126 2222 1420 2294 resumptis
1440 2221 1648 2276 viribus
1672 2226 1988 2275 constanter
2007 2216 2174 2272 remi-

595 2341 727 2398 gare
762 2324 931 2389 viros,
973 2319 1124 2374 nullo
1160 2324 1307 2372 metu
1335 2313 1529 2370 mortis
1575 2309 1827 2377 concuti,
1865 2309 2074 2363 nullum
2109 2320 2176 2361 ex

591 2418 674 2473 eis
705 2429 958 2472 asserens
987 2411 1292 2482 periturum
1334 2403 1671 2478 providentia
1701 2402 1818 2457 Dei.
1844 2399 1958 2456 Hac
1980 2400 2179 2455 exhor-

600 2510 808 2565 tatione
837 2503 1084 2571 animati,
1131 2510 1185 2557 ct
1238 2498 1500 2571 quoniam
1530 2511 1620 2551 res
1662 2507 1764 2565 pro
1795 2494 1979 2548 anima
2002 2490 2180 2545 fuerat

595 2598 727 2665 illis,
752 2597 882 2653 dum
905 2593 1118 2650 fortiter
1144 2590 1212 2646 ad
1237 2590 1392 2644 littus
1432 2585 1683 2653 tendunt,
1708 2583 1938 2639 viriliter
1960 2594 2181 2652 aequora

597 2690 872 2748 scindunt.
900 2685 1111 2741 Interea
1132 2680 1460 2739 miserabilis
1485 2679 1694 2734 clamor
1714 2675 2000 2746 utriusque
2017 2688 2182 2729 sexus

591 2797 764 2853 super
782 2781 936 2835 littus
968 2772 1387 2834 consistentiUm
1417 2770 1683 2827 attollitur
1710 2768 1766 2823 in
1796 2765 2016 2831 coelum,
2040 2763 2184 2835 peri-

594 2874 787 2929 culum
838 2878 1090 2926 nostrum
1136 2867 1351 2923 eminus
1398 2861 1747 2918 intuentium.
1802 2856 1943 2926 Quid
1998 2855 2185 2912 multis

598 2964 819 3020 morer?
845 2960 992 3017 linter
1018 2959 1253 3016 confinia
1286 2956 1451 3028 positi
1489 2952 1683 3009 mortis
1705 2960 1760 3007 et
1784 2950 1928 3017 vitae,
1965 2948 2185 3004 tandem

598 3053 938 3127 perlabimur
957 3052 1036 3107 'ad
1061 3050 1265 3117 locum,
1309 3044 1402 3102 ubi
1427 3042 1720 3100 multitudo
1761 3041 1985 3097 navium
2018 3039 2186 3095 latius

2245 570 2560 636 condolens,
2582 570 2726 625 datis
2767 570 2933 624 etiam
2962 575 3278 623 sanctorum
3326 563 3599 634 reliquiis,
3630 577 3795 617 evoca-

2247 670 2363 715 tum
2394 659 2460 713 ad
2504 676 2563 715 se
2607 659 2803 715 direxit
2849 675 2976 713 cum
3031 672 3098 713 eo
3136 656 3430 727 quemdam
3473 652 3794 714 llczelinmn,

2250 748 2576 805 Scarnensis
2603 749 2716 821 (ει)
2749 750 2897 805 sedis
2922 749 3247 814 antistitem,
3274 754 3336 802 ut
3357 762 3460 801 sua
3480 746 3602 801 vice
3629 745 3796 814 pradi—

2249 848 2396 896 ctum
2419 839 2628 907 locum,
2649 840 2779 911 quia
2804 840 3070 911 episcopii
3110 839 3196 895 sui
3236 837 3494 895 ditecesis
3529 846 3673 899 erat,
3712 833 3800 887 Deo

2250 941 2618 1000 consecraret,
2652 942 2706 988 et
2725 933 2844 1002 ejus
2866 931 3106 987 servitiis
3127 930 3482 1000 manciparet.
3510 926 3622 993 Qui
3643 924 3799 981 libenti

2252 1024 2437 1079 animo
2456 1023 2577 1094 ejus
2597 1022 2982 1094 obtemperans
3016 1021 3279 1093 imperio,
3321 1025 3654 1090 congregata
3685 1015 3800 1071 mul-

2254 1115 2483 1171 titudine
2509 1114 2773 1181 ﬁdelium,
2797 1114 2994 1169 divina
3016 1107 3266 1185 religioni
3284 1111 3676 1167 dedicaverunt
3693 1106 3803 1161 idem

2254 1208 2578 1276 oratorium,
2616 1216 2919 1263 statuentes
2941 1206 3017 1261 ibi
3034 1205 3143 1261 duo
3169 1204 3364 1260 altaria
3394 1222 3412 1256 :
3434 1201 3691 1271 superius
3711 1199 3807 1269 qui-

2255 1298 2377 1355 dem
2402 1298 2461 1352 in
2489 1298 2698 1353 honore
2727 1295 3039 1367 archangeli
3076 1292 3389 1357 Michaelis,
3440 1289 3678 1344 inferius
3706 1301 3808 1341 vero

2257 1391 2313 1445 in
2336 1391 2688 1445 veneratione
2741 1385 2989 1441 habenda
3030 1383 3176 1439 beati
3226 1380 3445 1437 Martini
3479 1377 3807 1435 confessoris.

2258 1480 2373 1539 Hoc
2395 1483 2451 1538 in
2478 1481 2621 1538 facto
2642 1481 2719 1536 illi
2747 1478 3007 1534 nimirum
3029 1492 3155 1532 cum
3181 1474 3341 1531 beato
3371 1471 3619 1527 Martino
3654 1470 3813 1526 similis

2259 1572 2469 1629 exstitit
2492 1570 2772 1642 proportio
2793 1565 3042 1633 virtutis,
3085 1564 3181 1636 qui
3212 1563 3333 1634 pari
3385 1560 3559 1616 modo
3601 1559 3814 1615 similiter

2262 1664 2567 1721 illustratus
2609 1660 2796 1716 divina
2834 1656 3199 1722 revelationc,
3241 1653 3504 1725 populum
3545 1649 3761 1705 absolvit
3790 1663 3814 1701 a

2266 1756 2548 1813 diabolicae
2572 1753 2781 1809 fraudis
2811 1748 3146 1814 seductione,
3179 1763 3275 1802 ara
3298 1744 3590 1800 destructa
3606 1743 3814 1805 latronis,

2268 1851 2364 1922 qui
2388 1851 2444 1905 in
2474 1849 2596 1904 vice
2627 1845 2989 1903 venerabatur
3024 1840 3301 1915 martyris.
3333 1836 3429 1892 llis
3466 1837 3552 1891 ita
3577 1836 3677 1889 rite
3706 1834 3817 1889 cele-

2269 1943 2463 2009 bratis,
2496 1940 2777 1996 redierunt
2796 1946 3026 2008 uterque
3067 1933 3135 1989 ad
3166 1932 3387 2003 propria
3421 1928 3607 1984 Deum
3649 1926 3820 1982 collano
3872 1970 3873 1973 η

2270 2037 2464 2093 dantes
2495 2032 2548 2088 in
2567 2031 2763 2104 jubilo.

2343 2127 2431 2183 52.
2457 2124 2591 2181 Illud
2620 2124 2785 2179 etiam
2813 2137 2923 2176 non
2952 2117 3287 2175 reticendum
3310 2113 3559 2169 arbitror
3589 2110 3667 2167 rei
3690 2118 3821 2180 geste

2265 2215 2600 2275 miraculum
2624 2257 2640 2283 ,
2691 2213 2838 2285 quod
2910 2210 3150 2268 vidimus
3209 2206 3324 2262 fieri
3374 2204 3482 2260 sub
3549 2200 3826 2258 testimonio

2275 2311 2522 2369 omnium
2568 2306 2823 2373 fratrum,
2869 2311 3060 2369 etest,
3111 2299 3258 2356 fama
3289 2299 3584 2369 vulgante,
3625 2296 3823 2351 circum-

2277 2414 2496 2473 quaque
2542 2395 2912 2453 notissimum.
2965 2391 3161 2447 Mulier
3209 2387 3494 2460 quaedam,
3554 2384 3825 2442 Adelheidis

2278 2492 2521 2563 nomine,
2568 2486 2738 2544 variis
2772 2484 3019 2541 omnium
3081 2480 3454 2538 membrorum
3502 2475 3826 2549 languoribus

2281 2598 2562 2658 oppressa,
2600 2581 2666 2636 ad
2692 2578 2839 2635 beati
2874 2575 3086 2633 Nicolai
3115 2575 3173 2628 in
3195 2569 3657 2627 Brunwillerensi
3679 2582 3826 2623 cinno-

2280 2681 2373 2737 bio
2408 2677 2620 2743 limina,
2648 2669 3032 2742 recuperandae
3073 2665 3271 2722 salutis
3303 2666 3508 2736 gratia,
3534 2670 3623 2718 est
3644 2660 3827 2732 perlata.

2284 2770 2436 2838 Quae,
2463 2781 2588 2824 cum
2611 2764 2938 2819 detrimento
2969 2758 3214 2814 omnium
3243 2754 3656 2818 membrorum,
3687 2748 3831 2805 actui-

2286 2863 2356 2919 tis
2385 2860 2549 2917 etiam
2576 2857 2852 2912 viscerum
2895 2851 3177 2909 doloribus
3216 2861 3283 2903 ac
3317 2861 3431 2902 non
3460 2844 3706 2900 ferendis
3736 2856 3831 2895 cru

2287 2954 2520 3010 ciatibus
2541 2948 2910 3022 quatiebatur,
2955 2945 3032 3000 ita
3074 2950 3137 2998 ut
3173 2941 3355 2998 omnis
3383 2936 3616 3010 generis
3646 2945 3834 2989 annona

2286 3060 2485 3119 panem
2518 3042 2653 3098 adeo
2675 3039 2962 3103 fastidiret,
2984 3043 3047 3090 ut
3076 3049 3190 3089 non
3216 3032 3393 3089 solum
3424 3037 3676 3102 gustare,
3700 3022 3780 3079 sed
3797 3030 3836 3073 α

605 3116 784 3201 llbeni
829 3148 1189 3213 occupaverat
1228 3138 1432 3195 sinum.
1464 3134 1614 3204 Quas
1650 3133 1978 3205 attingentes
1998 3173 2013 3198 ,
2049 3139 2103 3186 ct
2120 3145 2183 3186 ex

2289 3116 2490 3194 vitaret
2522 3133 2803 3206 attingere.
2836 3129 2963 3185 Haec
2991 3127 3213 3199 quidem
3241 3124 3389 3180 beati
3417 3121 3641 3177 Nicolai
3670 3116 3837 3174 meritis

600 3237 782 3292 altera
805 3235 862 3289 in
891 3233 1117 3288 alteram
1152 3228 1624 3299 transmigrantes,
1665 3224 1821 3296 juxta
1847 3222 1951 3277 viri
1975 3221 2073 3276 Dei
2098 3236 2190 3275 νον

606 3340 752 3394 cem,
804 3333 1003 3396 praeter
1047 3337 1198 3394 spem
1249 3318 1528 3376 evasimus
1555 3330 1767 3373 omnes.
1805 3312 2190 3370 Verumtamen

608 3436 683 3477 ne
710 3418 1058 3474 dubitaretur
1085 3416 1200 3470 ullo
1220 3412 1382 3469 modo
1407 3411 1556 3466 illius
1581 3425 1683 3465 nos
1715 3408 1953 3464 salvatos
1973 3404 2193 3471 merito,

612 3510 828 3567 concite
863 3509 917 3564 id
944 3507 1124 3562 rabies
1150 3504 1335 3559 Rheni
1380 3501 1624 3557 ﬂuminis
1662 3499 1851 3556 divino
1901 3495 2198 3553 declaravit

604 3602 836 3660 iudicio.
868 3599 1114 3670 Denique
1147 3605 1209 3652 ut
1244 3596 1335 3650 ille
1365 3595 1561 3649 beatus
1585 3592 1777 3664 pedem
1798 3597 1950 3646 extra
1971 3587 2199 3659 puppim

607 3695 846 3760 extulit,
889 3688 1054 3762 paulo
1098 3695 1226 3744 ante
1274 3685 1539 3740 divinitu‘s
1584 3682 1871 3753 suspensis
1907 3678 2197 3746 fluctibus,

610 3786 815 3860 praeda:
847 3783 984 3850 fuit;
1010 3789 1212 3853 etquae
1237 3770 1392 3851 prius
1423 3783 1622 3833 onusta
1651 3773 1821 3845 mergi
1864 3787 1972 3827 non
2001 3771 2201 3842 potuit,

617 3879 925 3937 subsistere
953 3883 1107 3930 tanto
1139 3873 1362 3928 viduata
1395 3878 1629 3941 patrono
1658 3865 1923 3937 nequivit,
1959 3863 2057 3919 sed
2077 3877 2205 3933 pro-

618 3971 792 4037 tinus,
816 3967 976 4025 nobis
997 3964 1367 4029 cernentibus,
1382 3962 1667 4017 submersa
1688 3958 1976 4029 disparuit.
2001 3954 2207 4010 Taliter

617 4077 720 4135 per
742 4058 995 4117 immensi
1024 4056 1278 4112 maeroris
1293 4052 1675 4124 praecipitium,
1700 4050 1912 4105 meritis
1934 4049 2078 4105 servi
2096 4047 2204 4114 sui,

529 4232 533 4237 η
611 4155 850 4211 maximi
884 4152 1043 4209 nobis
1069 4150 1251 4223 gaudii
1288 4147 1552 4202 Dominus
1586 4145 1817 4201 contulit
1848 4144 2204 4211 beneficium;

626 4249 760 4304 dum
792 4255 847 4302 et
877 4245 1143 4301 virtutum
1187 4242 1308 4313 ejus
1346 4239 1580 4312 gratiam
1612 4238 1827 4306 extulit,
1861 4245 1916 4292 et
1943 4237 2090 4308 quod
2114 4251 2209 4292 ve-

623 4338 887 4395 rebamur
913 4334 1131 4390 avertit.

698 4430 788 4485 51.
812 4428 917 4483 Per
945 4426 1090 4480 idem
1114 4433 1328 4494 tempus
1353 4420 1590 4493 quadam
1612 4419 1703 4475 die
1722 4434 1848 4474 cum
1871 4424 2207 4474 secretorum

2294 3232 2525 3287 celerem
2575 3225 2892 3295 sospitatem
2932 3218 3138 3289 recepit
3170 3217 3225 3271 in
3267 3214 3566 3271 membris.
3598 3210 3842 3267 Verumuv

2295 3338 2422 3379 men
2448 3320 2661 3375 occulto
2688 3315 2784 3371 Dei
2804 3312 3014 3386 judicio
3035 3307 3392 3374 omnimodis,
3419 3316 3486 3362 ut
3515 3305 3692 3378 prius,
3711 3299 3841 3356 absti-

2295 3414 2419 3472 nuit
2446 3411 2648 3468 edulio.
2695 3406 2836 3461 Dum
2877 3419 3007 3461 vero
3048 3409 3174 3474 post
3214 3400 3427 3470 aliqum
3469 3411 3655 3453 annos
3687 3392 3843 3449 ditium

2298 3502 2698 3563 clementia-ab
2717 3500 2824 3556 hac
2850 3496 2998 3554 illam
3027 3493 3329 3567 placuisset
3351 3491 3680 3546 infirmitate
3700 3484 3841 3541 absol-

2297 3614 2459 3667 vere,
2507 3597 2846 3664 intempestae
2895 3588 3074 3645 noctis
3133 3586 3356 3643 silentio
3426 3584 3532 3639 tali
3594 3578 3845 3653 perfruitur

2298 3666 2449 3748 visu.
2488 3686 2786 3743 Videbatur
2818 3682 2918 3741 illi.
2950 3668 3332 3736 beatissimum
3379 3675 3575 3728 virum
3610 3666 3844 3738 παιρδειο

2302 3797 2456 3840 mum
2490 3793 2688 3852 panem
2750 3772 3114 3840 benedixisse,
3158 3778 3214 3826 et
3255 3768 3412 3823 illum
3450 3772 3763 3834 susceptum
3798 3756 3846 3809 ab

2302 3875 2422 3947 ejus
2452 3850 2751 3928 venerabili
2779 3881 2943 3922 manu
2974 3880 3033 3921 se
3053 3854 3211 3919 avide
3233 3856 3555 3916 comedere.
3583 3855 3709 3923 Quae
3729 3850 3847 3906 ﬁdem

2305 3966 2572 4023 adhibens
2600 3959 2822 4026 visioni,
2867 3957 3050 4013 sciens
3074 3969 3173 4026 per
3199 3966 3325 4008 eum
3356 3951 3448 4005 his
3487 3949 3701 4019 majora
3730 3953 3849 4013 posst

2309 4059 2446 4125 fieri,
2476 4055 2751 4112 flebilibus
2797 4051 3022 4107 vocibus
3050 4061 3247 4119 panem
3284 4042 3389 4100 sibi
3424 4042 3504 4097 ab
3542 4057 3613 4097 eo
3654 4039 3853 4094 obsecrat

2306 4149 2577 4210 benedici.
2625 4146 2730 4216 Qui
2779 4144 3022 4201 renitens
3058 4140 3187 4195 totis
3228 4136 3467 4201 viribus,
3519 4134 3782 4203 indignum
3810 4138 3852 4176 se

2309 4245 2610 4319 proclamat
2654 4240 2968 4297 ministrum
3015 4232 3196 4304 operis
3228 4230 3416 4300 hujus.
3481 4226 3649 4282 Tunc
3687 4219 3851 4277 videres

2310 4311 2557 4395 animum
2603 4334 2709 4390 viri
2757 4331 2853 4387 Dei
2903 4334 3065 4385 anxie
3097 4321 3437 4397 perturbari;
3496 4319 3641 4375 velle
3682 4311 3854 4385 quidm

2314 4428 2584 4494 misereri,
2609 4426 2701 4482 sed
2729 4425 2912 4495 palam
2948 4421 3002 4476 id
3031 4426 3253 4489 propter
3269 4410 3608 4484 jactantiam
3638 4406 3855 4461 favorem-

558 4558 565 4563 -
628 4537 857 4580 suorum
879 4518 1138 4584 consciis,
1166 4515 1491 4580 oratorium,
1518 4521 1581 4567 ut
1609 4520 1741 4567 tunc
1774 4509 1914 4566 falso
1946 4510 2206 4566 credeba-
2239 4523 2285 4581 ι)
2311 4538 2417 4593 que
2444 4520 2588 4576 noue
2628 4516 2766 4573 ﬁeri,
2817 4513 3071 4568 Αιιεπιεη
3115 4523 3187 4563 ne
3224 4504 3431 4562 diutius
3471 4500 3745 4556 videretur
3768 4504 3856 4561 prr-

630 4626 741 4683 tur,
787 4608 1257 4667 Brunwillerensis
1293 4605 1567 4677 parochia:
1606 4603 1661 4658 in
1685 4602 1833 4669 villa,
1866 4601 2213 4674 Kyrchedoro

631 4706 874 4771 nomine,
897 4710 1158 4759 oraturus
1182 4698 1442 4754 intravit:
1477 4704 1534 4752 et
1566 4708 1695 4752 ecce
1731 4695 1850 4750 solo
1884 4701 2213 4764 prostratus,

632 4796 1023 4856 carerelocum
1056 4800 1373 4849 sanctorum
1411 4787 1752 4859 patrocinio,
1791 4785 2000 4856 Spiritu
2026 4793 2218 4840 sancto

632 4887 931 4954 revelante,
975 4883 1186 4940 didicit.
1233 4880 1341 4948 Qui
1388 4893 1622 4950 surgens
1655 4878 1726 4933 ab
1775 4875 2051 4942 oratione,
2089 4890 2217 4930 cum

639 4994 829 5035 secum
858 4975 1286 5033 consistentibus
1307 4971 1539 5028 accessit
1565 4970 1634 5026 ad
1656 4970 1845 5036 altare,
1875 4977 1931 5024 et
1951 4967 2221 5024 velamine

641 5070 931 5136 subducto,
954 5083 1080 5124 cum
1111 5065 1298 5123 omnia
1324 5063 1568 5135 diligenti
1595 5060 1793 5117 intuitu
1816 5050 2222 5131 perlustrasset,

645 5161 786 5217 nihil
805 5161 1029 5217 omnino
1049 5160 1135 5215 vel
1165 5158 1271 5215 sub
1313 5156 1526 5228 sigillo,
1568 5155 1654 5209 vel
1682 5154 1947 5208 rimarum
1986 5151 2223 5219 fissuris,

634 5264 841 5327 praeter
870 5252 1269 5309 nidificationes
1309 5246 1780 5321 vespertilionnm,
1817 5255 1873 5303 et
1900 5247 2038 5301 telas
2065 5256 2224 5316 repe-

646 5348 723 5405 rit
742 5362 1092 5404 aranearum.
1121 5343 1272 5402 Unde
1296 5344 1557 5401 nimirum
1605 5342 1697 5416 [[2,
1720 5340 2000 5414 nimium],
2048 5348 2110 5394 ut
2128 5355 2228 5410 par

632 5452 787 5512 erat,
812 5451 994 5498 mente
1021 5448 1421 5506 consternatus,
1447 5439 1655 5510 absque
1675 5451 1955 5493 morarum
1974 5434 2231 5491 dilatione

630 5536 999 5597 ‘Coloniensis
1022 5534 1291 5590 Ecclesiae
1307 5533 1597 5605 przesulem
1627 5532 1779 5600 adiit,
1808 5531 1906 5599 illi,
1936 5544 2060 5601 quae
2079 5516 2234 5599 gesta

653 5732 659 5738 ,
723 5673 837 5747 (2i)
864 5667 1707 5747 Scardonensis,restituendum
1737 5680 1861 5747 esse
1889 5670 2047 5745 putat
2081 5659 2231 5747 Heiu-7

634 5732 933 5812 mebenius,
969 5759 1035 5799 eo
1072 5732 1385 5813 quodiejus
1419 5737 1659 5813 nominis
1706 5737 1861 5813 sedes
1890 5732 2235 5813 episcopalis

648 5819 729 5872 ait
749 5818 813 5875 in
846 5803 1135 5882 Dalmatia,
1160 5803 1319 5883 cujus
1348 5810 1489 5866 forte
1514 5807 1671 5864 titulo
1699 5803 2122 5864 do’natusfucrit
2144 5803 2232 5857 ille

2315 4584 2532 4670 trahere
2586 4609 2732 4681 quod
2767 4605 3024 4663 divinitas
3051 4596 3149 4673 per
3173 4614 3301 4654 cum
3335 4594 3698 4664 disposuerat
3723 4584 3856 4642 adiuv

2315 4707 2483 4778 plere,
2526 4674 2748 4758 allatum
2793 4712 2991 4769 panem
3033 4689 3332 4754 benedixit,
3376 4685 3610 4741 mulieri
3649 4674 3858 4771 porrrxif.

2316 4763 2678 4870 praesentibus
2703 4763 2864 4846 nobis
2891 4788 2980 4843 illa
3011 4782 3264 4841 comedit.
3294 4778 3428 4846 Quae
3451 4777 3569 4832 viri
3586 4773 3683 4829 Dei
3700 4763 3863 4870 meritis

2317 4856 2386 4947 ex
2432 4889 2644 4959 integro
2692 4881 2915 4940 sanitati
2964 4877 3237 4941 restituta,
3281 4871 3457 4938 omni,
3518 4863 3702 4940 quoad

2320 4948 2577 5051 tempore
2596 4977 2799 5033 ibidem
2851 4969 3095 5028 ecclesia
3127 4966 3321 5024 usibus
3363 4970 3527 5018 tanto
3572 4948 3861 5051 ωωωαιὶιξε

2323 5090 2389 5130 ac
2413 5037 2660 5127 devotius
2681 5065 2890 5123 studuit
2911 5060 3207 5125 deservire,
3237 5063 3445 5129 quanto
3470 5052 3593 5124 prae
3616 5048 3736 5105 aliis
3756 5037 3873 5130 uter

2320 5165 2563 5238 tiplicius
2612 5177 2676 5217 ac
2724 5156 3061 5215 ditl'erentius
3113 5120 3317 5224 gratias
3363 5120 3674 5204 sanitatum
3712 5120 3873 5194 ωετυῖ

2324 5228 2590 5316 obtinere.
2622 5251 2719 5307 Vir
2756 5257 2940 5306 autem
2970 5244 3210 5310 Domini,
3259 5253 3587 5313 quanquam
3628 5244 3732 5289 tam
3766 5228 3873 5297 F1“

2326 5350 2490 5406 claris
2510 5356 2564 5402 et
2583 5342 2802 5400 eximiis
2828 5340 3055 5411 polleret
3074 5336 3393 5401 virtutibus,
3417 5341 3709 5401 nunquam
3730 5328 3873 5421 ιδξτθίη

2332 5441 2481 5497 illius
2526 5435 2752 5494 elationi
2791 5431 3083 5491 succubuit
3118 5429 3360 5495 animus,
3412 5440 3532 5480 non
3580 5412 3873 5497 glmianduml

2333 5530 2580 5587 recolens
2609 5540 2678 5582 ex
2704 5526 2904 5581 virtute
2940 5522 3245 5594 signorum,
3395 5532 3460 5572 ex
3486 5490 3764 5571 consortio
3786 5490 3873 5554 (ομ

2336 5660 2649 5809 ἒὲῗῗξεριιε,
2680 5658 3338 5794 (ιιιειῐξφςξξιιερίεοοριιω
3385 5650 3766 5709 Coloniean
3803 5647 3873 5703 Il"
