3878 6310
119 346 198 406 ιὶθ
1560 334 1639 396 Vl’

3187 344 3307 419 uno

119 465 208 537 legii
237 461 517 516 electorum.
543 454 682 524 Quis
705 470 836 511 vero
859 455 1176 528 singulatim
1216 462 1381 526 queat
1414 461 1622 510 reterre
1650 456 1697 512 Α
1722 455 1850 525 quia
1891 470 2031 527 quos
2075 457 2190 529 jam
2228 457 2577 529 prxedicanio
2627 467 2929 529 pepererat,
2963 458 3312 518 reformando

118 556 345 614 sanitatum
364 565 572 620 genera,
601 548 658 603 in
679 548 914 604 diversis
942 564 1036 619 per
1056 549 1209 603 illum
1232 547 1620 620 languentibus
1723 563 1947 619 gemens
1976 549 2177 607 iterum
2204 551 2565 625 parturiebat,
2594 551 2730 607 illud
2765 553 3106 625 subjungens
3131 573 3144 609 :
3172 554 3311 611 Mihi

117 644 300 703 exhibita
340 641 681 696 miseratione
718 639 937 695 divina?
966 637 1179 710 Saepius
1208 638 1380 704 enim,
1412 637 1507 691 illo
1540 637 1621 690 vi-
1721 640 1932 711 quidem
1974 658 2077 696 non
2101 643 2332 715 pigrum,
2360 644 2502 700 vobis
2530 654 2706 699 autem
2751 647 3105 701 necessarium
3136 646 3307 719 (Phil.

115 741 281 801 sitaute,
307 741 381 789 est
401 730 608 787 indulta
632 730 1026 804 aegrotantibus
1060 729 1232 795 salus,
1257 727 1405 799 quod
1437 737 1620 782 tamen
1724 747 1805 797 ιιι,
1841 732 1915 803 1).
1947 731 2084 788 Dum
2110 748 2240 809 vero
2264 735 2500 804 quadam
2537 735 2626 792 die
2647 745 2873 806 paterna
2897 752 2955 792 se
2978 737 3161 794 minus
3184 754 3308 795 cer-

114 831 165 885 ab
180 829 327 898 aliquo
349 824 444 881 sibi
464 823 724 895 imputari
753 838 981 895 prorsus
1006 838 1115 877 non
1137 820 1466 892 patiebatur.
1500 815 1623 873 Suf-
1722 834 1874 880 nerei
1892 824 2268 881 admonitione
2296 825 2580 896 proﬁcere,
2607 824 2871 897 Spiriium
2902 836 3155 884 sanctum
3195 837 3310 886 mia

114 921 253 976 liciant
278 932 303 973 e
337 916 574 988 pluribus
604 916 710 971 ista
743 915 996 970 lidellbus
1035 929 1102 969 ex
1145 913 1293 968 illius
1321 919 1623 967 memorata
1723 915 2038 986 concipiens
2068 924 2270 985 mente,
2298 917 2355 971 in
2387 918 2503 974 hare
2524 918 2691 973 verba
2716 920 2969 990 prorupit
2990 920 3160 976 Amos
3187 937 3317 991 pro:

116 1010 359 1065 virtutibus.
387 1001 537 1063 Nunc
567 1007 633 1063 ad
664 1005 1035 1073 referendum,
1063 1004 1245 1077 qualis
1278 1004 1328 1059 ei
1359 1003 1527 1061 fuerit
1555 1003 1623 1059 de
1724 1005 1928 1076 phetze;
1961 1005 2094 1072 imo,
2137 1014 2196 1061 ut
2235 1006 2417 1076 potius
2455 1008 2807 1077 postmodum
2832 1024 3018 1064 rerum
3060 1011 3312 1080 probavit

114 1105 186 1161 hac
209 1103 298 1157 vita
321 1100 599 1165 transitus,
639 1094 907 1171 dirigatur
932 1098 1219 1154 articulus.
1723 1106 1973 1163 eventus,
1996 1097 2115 1168 ipse
2141 1098 2339 1168 spiritu
2367 1108 2544 1154 tactus
2575 1100 2878 1170 prophetia
2903 1120 2915 1156 ε
2957 1100 3190 1168 Venient,
3219 1101 3309 1156 in-

161 1196 228 1249 33.
252 1193 365 1249 Post
392 1193 677 1247 innumera
725 1190 927 1249 divinae
959 1207 1059 1262 per
1104 1190 1258 1244 illum
1287 1187 1623 1260 operationis
1725 1186 1864 1258 quit,
1901 1186 2036 1253 dies,
2069 1187 2202 1241 dicit
2236 1186 2517 1256 Dominus,
2551 1198 2601 1243 et
2634 1190 2843 1245 mittam
2874 1191 3069 1261 famem
3091 1192 3147 1245 in
3180 1209 3268 1248 vos
3291 1208 3312 1245 :

112 1296 270 1356 patrata
299 1278 569 1349 beneficia,
628 1283 816 1340 volens
854 1284 986 1354 'pius
1040 1281 1308 1338 Dominus
1354 1281 1499 1337 servi
1535 1281 1622 1337 sui
1725 1297 1830 1334 non
1870 1278 2066 1350 famem
2101 1280 2278 1351 panis,
2329 1296 2491 1353 neque
2538 1281 2689 1345 sitim
2713 1299 2883 1354 aqum,
2915 1284 3006 1337 sed
3057 1282 3311 1339 audiendi

113 1377 325 1432 consolari
346 1377 574 1449 gemitus
617 1386 672 1431 et
718 1376 978 1446 suspiria,
1009 1376 1201 1431 crebro
1224 1374 1458 1430 dicentis
1497 1390 1624 1430 cum
1725 1371 1936 1426 verbum
1970 1369 2068 1426 Dei
2111 1369 2293 1442 (Amos
2316 1389 2434 1438 vni,
2462 1373 2570 1443 ll).
2618 1369 2871 1440 Noverat,
2898 1375 3087 1444 procul
3119 1375 3311 1444 dubio,

110 1462 317 1539 Propheta
345 1487 356 1522 :
382 1466 604 1533 Quando
638 1468 866 1534 veniam,
896 1476 948 1521 et
986 1463 1249 1538 apparebo
1272 1475 1395 1520 ante
1431 1465 1624 1536 faciem
1725 1464 1869 1534 quod
1899 1461 2061 1519 sicuti
2087 1462 2260 1518 fames
2285 1473 2370 1519 est
2399 1465 2583 1520 carnis
2627 1465 2968 1519 subtractum
2994 1464 3309 1523 subsidium

110 1558 180 1613 Dei
198 1562 278 1614 mei
289 1562 312 1615 ?
339 1559 507 1631 (Psal.
538 1576 652 1626 xu,
682 1554 744 1631 ‘5)
789 1550 1061 1626 Satiahor,
1088 1558 1221 1614 dum
1248 1556 1626 1615 manifestahi-
1726 1555 2005 1627 corporis,
2031 1556 2105 1609 ita
2129 1554 2304 1611 fames
2325 1564 2408 1612 est
2429 1557 2629 1611 mentis
2673 1555 2954 1612 silentium
2976 1557 3061 1613 vel
3074 1558 3314 1633 amissio

109 1652 333 1722 turgloria
353 1652 466 1722 ejus
493 1648 671 1724 (Psal.
701 1668 813 1720 xvr,
846 1651 1262 1723 15);placuitei
1288 1651 1391 1706 hoc
1412 1650 1623 1716 ordine,
1727 1646 1925 1702 divina:
1974 1648 2376 1704 collocutionis.
2416 1645 2573 1704 Unde
2628 1647 2812 1704 futura
2851 1648 2936 1704 eis
2984 1647 3146 1719 quasi
3195 1648 3312 1719 jam

107 1741 416 1797 dissolutionis
436 1757 554 1798 suae
580 1748 797 1813 tempus
819 1736 1083 1797 revelare.
1100 1738 1351 1808 Quodam
1372 1740 1628 1807 die,tem-
1664 1802 1698 1813 __
1730 1738 2002 1809 praeterita
2027 1755 2259 1795 narrans
2276 1737 2588 1806 :Noveritis,
2608 1740 2908 1807 asserebat,
2932 1740 3078 1810 quod
3104 1741 3318 1813 absque

1731 1830 1899 1886 dubio
1945 1830 2000 1886 in
2046 1831 2247 1902 quibus
2292 1846 2439 1887 nunc
2489 1832 2647 1887 vobis
2693 1847 2960 1887 onerosus
3006 1832 3204 1900 existo,
3233 1825 3323 1889 vel

1729 1922 2010 1980 fastidium
2049 1938 2275 1996 genero,
2310 1937 2529 1979 summo
2551 1938 2614 1979 ea
2644 1922 2798 1979 vobis
2829 1923 3180 1998 quandoque,
3205 1942 3319 1981 non
3406 1968 3409 1971 ι

1727 2024 1911 2072 tamen
1969 2013 2219 2071 eﬂ'ectum
2273 2016 2563 2084 habituris,
2626 2014 2809 2091 futura
2869 2017 3161 2074 desiderio.
3201 2017 3315 2089 Ego

1727 2111 1865 2164 enim
1882 2110 2002 2180 jam
2027 2109 2249 2177 delibor,
2282 2119 2333 2164 et
2379 2120 2583 2181 tempus
2621 2108 2958 2164 resolutionis
2995 2127 3123 2167 mete
3149 2112 3327 2171 instat,

1731 2197 1821 2278 (II
1849 2196 1990 2259 Tim.
2026 2220 2101 2271 tv,
2136 2202 2213 2275 6).
2259 2201 2387 2260 Haec
2420 2202 2628 2259 idcirco
2655 2218 2765 2258 non
2789 2205 3170 2274 praetereunda
3208 2220 3317 2275 pu-

1728 2296 1862 2364 tavi,
1904 2308 1981 2352 ne
2030 2297 2313 2353 incassum
2366 2296 2581 2366 prolata
2634 2294 2755 2351 haec
2810 2296 3320 2352 verbacredantur

1729 2390 1969 2445 hominis
1999 2388 2116 2455 Dei,
2143 2388 2273 2444 dum
2309 2403 2472 2444 omne
2501 2387 2651 2460 quod
2683 2387 2906 2443 locutus
2949 2397 3035 2444 est
3066 2388 3316 2453 verbum,

1730 2491 1825 2538 aut
1865 2482 2167 2553 impletum,
2208 2490 2304 2537 aut
2340 2481 2396 2536 in
2428 2480 2614 2537 futuro
2652 2496 2762 2537 non
2812 2480 3160 2553 ambigamus
3210 2479 3319 2535 im~

1730 2579 2007 2652 plendum.
2102 2566 2108 2587 τ

1746 2721 1753 2729 .
1800 2672 1889 2727 55.
1920 2670 2072 2727 Licet
2123 2675 2304 2728 autem
2350 2668 2470 2743 jam
2520 2665 2773 2727 ultimam
2821 2668 3045 2727 duceret
3075 2677 3319 2736 aetatem,

1731 2764 2042 2820 nullatenus
2065 2772 2248 2820 tamen
2276 2763 2543 2835 propositi
2574 2761 2661 2820 sui
2678 2776 2883 2833 passus
2924 2769 3012 2818 est
3035 2761 3329 2823 inﬁrmare,

1732 2857 2007 2929 rigorem,
2058 2854 2431 2928 indulgentius
2484 2854 2759 2921 vivendo,
2808 2853 3000 2910 labore
3055 2852 3333 2909 remisso..

96 2934 343 2992 mansionis
382 2937 568 2994 locum
611 2937 874 2993 divinitus
900 2953 1023 2992 esse
1052 2936 1427 3008 praenuntians
1461 2936 1632 2991 desti-
1732 2942 2003 3021 Exiguum
2029 2949 2230 3022 quippe
2266 2946 2555 3020 reputabat
2589 2945 2883 3018 prasentis
2930 2945 3191 3016 temporis
3239 2944 3323 3000 ia-

95 3026 483 3097 natuszuem,
529 3028 806 3099 inquiens,
847 3036 1057 3099 quanto
1097 3027 1401 3083 studiosius
1442 3042 1507 3083 ac
1535 3043 1631 3084 ve-

1739 3042 1943 3110 borem,
2000 3042 2070 3098 ad
2130 3022 2539 3113 superventurte
2606 3039 2792 3111 gloria:
2853 3036 3321 3113 recompensatio-

96 3116 270 3171 uastius
300 3120 676 3186 exornaveris,
717 3127 870 3174 tanto
903 3118 1206 3189 jucundius
1229 3134 1293 3173 ac
1328 3117 1547 3175 felicius
1576 3120 1630 3174 in
1660 3159 1702 3219 Ο
1734 3156 1880 3195 nem
1923 3137 2265 3210 Quapropter
2312 3152 2415 3191 nec
2466 3134 2866 3208 10mm.“an
2912 3132 3193 3202 temporis,
3220 3146 3325 3188 nec

93 3211 384 3280 perceptione
414 3213 513 3267 illo
557 3210 785 3267 frueris.
828 3206 1040 3266 Taliter
1071 3210 1326 3282 angelico
1372 3210 1537 3267 aifatu
1566 3212 1633 3266 de

1739 3206 2113 3289 difﬁcultatem
2147 3206 2482 3286 causabatur
2508 3206 2747 3294 laboris;
2797 3224 2892 3284 sed
2917 3224 3102 3297 potius
3136 3224 3329 3280 omni-.

94 3304 301 3366 Ρθτθηηίε
336 3305 525 3377 gloria?
574 3303 834 3360 ἷεὶίοίῑεηθ
876 3304 1268 3396 εφῐηιηοηίξιιεν
1311 3304 1592 3396 γθνίΒίῙὲηε
1615 3346 1632 3371 ν
1735 3325 1914 3381 modis
1958 3338 2239 3396 apponens
2268 3321 2443 3377 labori
2476 3320 2740 3385 laborem,
2766 3318 3070 3391 angelicam
3090 3316 3319 3388 exsequi

93 3401 294 3450 “orsum
326 3397 662 3468 quib“5dam
701 3396 884 3452 Visum
913 3395 1118 3451 indicat
1148 3393 1433 3463 fratribus,
1463 3395 1633 3452 λάων
1736 3393 2010 3474 studebat
2031 3393 2498 3472 exhortationem.
2542 3414 2614 3468 At
2663 3427 2815 3479 vero,
2849 3411 3171 3466 imminente
3204 3409 3321 3480 jam

94 3491 211 3583 ctens
255 3491 439 3559 procul
502 3490 674 3546 dubio
719 3503 779 3545 se
824 3488 1155 3559 quantocius
1198 3486 1631 3545 dissolvendum.

1739 3511 1857 3583 ejus
1882 3509 2232 3581 migratione,
2259 3486 2355 3563 ubi
2383 3522 2444 3563 se
2463 3505 2637 3563 sensit
2669 3512 2891 3576 repente
2918 3503 3128 3559 viribus
3163 3501 3325 3558 desti-

94 3570 213 3633 Unde
245 3582 378 3638 miro
408 3583 581 3639 m°d°
622 3582 808 3637 animo
833 3580 1191 3647 θ⁰¹¹⁸ίθτ¹¹³¹ίν
1225 3588 1433 3673 αἴροιεν
1474 3578 1636 3651 cuius
1736 3570 1840 3670 tui,
1904 3570 2514 3673 iniirmitategravari,
2584 3605 2872 3655 evocatum
2931 3593 3325 3652 rcverendissi-

92 3681 262 3741 semper
281 3674 496 3733 fuerant
539 3675 805 3747 beneﬁcia
848 3673 1072 3745 pietatis
1110 3674 1339 3744 experti,
1373 3672 1440 3730 de
1490 3672 1636 3729 illius
1737 3711 1889 3753 mum
1947 3695 2199 3751 abbatem
2260 3672 2502 3749 έωηοωί
2559 3690 2704 3747 beati
2770 3687 3122 3745 panmeonis
3174 3701 3324 3741 num

92 3766 247 3821 merito
290 3771 595 3828 amissione
642 3767 977 3825 intolerabili
1008 3760 1437 3839 torquebantur
1501 3766 1638 3821 ami-

1739 3789 1894 3864 tyris,
1927 3788 2148 3845 nomine
2167 3785 2585 3851 Herimannum,
2612 3783 2780 3839 totius
2802 3779 3107 3838 honestatis
3129 3786 3185 3834 et
3199 3776 3326 3833 reli-

90 3860 249 3918 ctione.
271 3863 472 3922 Verum
497 3867 706 3922 certius
726 3866 858 3921 hinc
878 3864 1137 3937 colligere
1162 3863 1464 3934 cupientes,
1491 3861 1638 3918 diem
1739 3860 2156 3953 g'ionis'vimm,
2196 3876 2300 3933 οιεί
2337 3873 2537 3933 sacrati
2565 3888 2628 3930 se
2660 3872 2789 3928 ςεοίι
2820 3872 3033 3944 liquore
3054 3869 3324 3945 'pei-ungi,
3360 3950 3365 3953 Ι

1738 3972 1935 4031 Paucis
1954 3973 2152 4029 dehinc
2166 3970 2397 4028 evolutis
2408 3964 2961 4038 diebus,primolucis
2979 3962 3326 4035 crepusculo,

1739 4066 1954 4123 decimo
1979 4063 2248 4119 Kalendas
2269 4060 2416 4126 Maii,
2448 4059 2594 4115 viam
2617 4052 2891 4137 universae
2912 4055 3094 4111 carnis
3116 4054 3332 4126 ingrcs-

1741 4174 1839 4216 sus
1860 4157 2014 4223 obiit,
2054 4164 2109 4210 et
2148 4153 2405 4226 gaudium
2448 4148 2665 4225 Domini
2692 4147 2775 4203 sui
2818 4144 2946 4202 felix
2989 4144 3218 4199 feliciter
3242 4144 3328 4197 in-

1741 4253 1944 4309 troivit.
1990 4249 2208 4305 Floruit
2251 4254 2434 4303 autem
2469 4242 2807 4314 temporibus
2842 4238 3067 4297 secundi
3105 4237 3352 4310 Henrici.

90 4328 279 4403 sionem,
323 4354 446 4409 qua:
490 4346 605 4393 tam
651 4335 933 4392 evidenter
960 4341 1014 4389 et
1043 4334 1149 4389 viri
1184 4330 1276 4388 Dei
1317 4332 1639 4389 dissolutio-

1742 4343 2111 4416 impcratoris,
2157 4339 2254 4412 qui
2292 4336 2687 4405 monarohiam~
2712 4330 2865 4404 regni
2916 4327 3332 4398 obtinuitpost

88 4436 202 4490 nem,
224 4437 274 4482 et
300 4431 584 4486 caslcstem
606 4428 658 4485 ei
682 4426 987 4499 designavit
1020 4424 1386 4480 mansionem.

1742 4436 2025 4493 decessum
2074 4432 2220 4489 tertii
2266 4428 2510 4495 Ottonis,
2558 4436 2802 4505 tempore
2839 4421 2984 4478 beati
3022 4417 3288 4476 Heriberti
3311 4458 3329 4481 ,

140 4519 214 4576 54.
231 4521 328 4580 Per
348 4526 677 4581 continuum
701 4522 885 4592 itaqde
907 4518 1054 4575 ilhus
1081 4518 1212 4574 anni
1241 4520 1500 4590 spatium,
1527 4533 1637 4573 non

1744 4538 1947 4588 sanctae
1990 4525 2340 4584 Coloniensis
2366 4513 3072 4588 Ecclesirearchiepiscopi,
3104 4521 3160 4568 et
3194 4511 3334 4566 vixit

88 4600 288 4682 segniter
312 4617 663 4683 dormiendo,
693 4614 790 4672 sed
825 4614 1051 4670 solerter
1072 4612 1235 4668 bonis
1257 4612 1517 4683 operibus
1558 4611 1639 4665 in-

1744 4638 1920 4695 usque
1949 4621 2021 4678 ad
2052 4618 2391 4677 tricesimum
2418 4615 2640 4671 tertium
2656 4625 2875 4693 vannum
2904 4607 3083 4679 qua.ti
3114 4603 3331 4661 llcmici

87 4704 340 4776 τίὲίίλῐὶάο,
370 4709 599 4765 Domini
627 4707 714 4764 Sni
751 4707 1044 4763 adventum
1074 4705 1448 4776 θ-ἵεβθοῑειὶκηο
1476 4712 1642 4774 atque
1745 4714 2125 4787 imperatoris,
2173 4704 2333 4782 cujus
2360 4717 2515 4787 pater
2554 4704 2767 4762 exstitit
2799 4702 2994 4758 tertius
3037 4697 3327 4755 Henricus.

86 4802 325 4857 conservis
386 4804 512 4860 suis
552 4803 819 4859 talentum
878 4797 985 4855 sibi
1033 4794 1303 4855 creditum
1359 4797 1639 4868 erogabat.

1744 4825 1881 4865 avus
1916 4809 2214 4878 imperator
2254 4802 2562 4859 Conradus.
2616 4797 2859 4853 Transiit
2901 4804 3084 4851 autem
3138 4793 3333 4865 plenus

88 4883 228 4947 Tanta
254 4904 437 4952 autem
463 4896 551 4951 vis
600 4891 770 4950 divini
809 4892 1015 4949 amoris
1046 4906 1142 4948 cor
1171 4888 1292 4960 ejus
1320 4898 1639 4961 penetrave-

1743 4903 1957 4958 dierum
1976 4936 1995 4966 ν
2020 4899 2378 4966 omniumque
2410 4892 2744 4965 profectibus
2781 4901 3009 4959 operum
3035 4886 3329 4947 bonorum,

106 1847 204 1903 pore
229 1833 525 1900 meridiano,
557 1848 658 1905 pro
704 1833 1124 1901 consuetudine,
1154 1833 1267 1900 illo,
1302 1848 1412 1889 non
1438 1832 1628 1904 jacen—
1663 1802 1700 1858 ῃ

105 1924 254 1988 do,sed
272 1926 495 1981 sedendo
516 1925 844 1992 dormiente,
862 1920 1307 1996 speciosissimus
1327 1942 1424 1996 per
1445 1925 1625 1980 visum

101 2012 267 2082 juvenis
293 2017 337 2072 ei
361 2018 555 2084 astitit,
593 2028 647 2072 et
675 2024 734 2072 ut
771 2033 829 2073 se
856 2018 1186 2089 quantocius
1215 2018 1370 2090 sequi
1401 2016 1628 2074 festina-

101 2114 175 2173 ret,
192 2108 460 2164 admonuit.
486 2107 593 2177 Qui
617 2109 910 2165 comitatus
932 2118 1175 2177 euntem,
1195 2099 1440 2182 tingclico
1459 2109 1641 2167 ductu'

103 2198 152 2252 ad
166 2200 260 2256 loca
276 2202 582 2272 perducitur
604 2201 1002 2270 amoenissima,
1028 2204 1179 2258 omni
1209 2203 1422 2259 decoris
1451 2203 1629 2259 varie-

101 2286 180 2347 tate
197 2294 471 2362 vernantia,
498 2294 916 2365 incomparabili
943 2292 1085 2350 lucis
1113 2294 1400 2366 splendore
1420 2295 1629 2351 mican-

100 2383 172 2449 tia,
206 2387 349 2442 totius
392 2376 557 2443 etiam
611 2386 900 2443 suavitatis
959 2387 1128 2442 odore
1171 2386 1491 2442 redolentia.
1550 2386 1627 2441 lbi

97 2479 283 2534 ostensis
330 2479 402 2534 illi
455 2479 805 2535 diversarum
855 2479 1184 2535 habitaculis
1237 2479 1626 2546 mansionum,

100 2568 292 2627 ﬁdelibus
319 2573 579 2629 nimirum
618 2586 650 2628 a
687 2571 917 2626 Domino
944 2567 1372 2643 promissurum,
1405 2571 1628 2627 tandem

98 2658 137 2713 in
154 2662 389 2730 quoddam
408 2664 568 2718 illum
595 2661 823 2733 angelus
843 2658 1056 2734 magnae
1079 2662 1385 2717 venustatis
1416 2670 1471 2718 et
1496 2678 1628 2734 pro-

97 2753 286 2810 ueritatis
314 2755 614 2812 introduxit
655 2754 968 2822 aedilicium,
1002 2754 1163 2826 cujus
1192 2755 1343 2811 intus
1388 2764 1443 2810 et
1478 2765 1631 2813 extra

96 2844 390 2915 contemplari
436 2846 669 2917 jubetur
700 2844 989 2916 diligenter
1021 2855 1317 2911 ornatum;
1348 2844 1497 2899 hunc
1526 2844 1632 2900 sibi

89 3952 285 4028 signant,
315 3978 439 4018 eum
465 3976 597 4019 cum
627 3961 841 4016 visione
884 3967 1140 4015 notantes
1166 3978 1178 4012 :
1203 3974 1367 4029 quem
1395 3957 1525 4012 anni
1552 3971 1639 4010 re-

88 4052 236 4108 voluto
261 4054 466 4111 circulo
498 4056 621 4126 ipsa
645 4054 732 4110 die
762 4053 946 4110 carnis
967 4052 1105 4109 solvi
1133 4050 1361 4122 contigit
1389 4057 1641 4121 ergastu-

88 4141 145 4213 Ιο,
171 4164 265 4218 quo
287 4152 508 4209 coalitus
539 4150 589 4207 ei
619 4149 796 4205 fuerat
822 4148 969 4204 visio
1015 4147 1221 4203 oblata.
1257 4144 1413 4201 Unde
1444 4144 1638 4216 patuit,

88 4252 173 4293 non
198 4243 596 4311 phantasticam
626 4243 961 4305 illusionem,
995 4240 1092 4295 sed
1120 4254 1306 4295 veram
1350 4236 1522 4293 fuisse
1548 4237 1638 4292 vi-

85 4990 169 5048 m,
191 4988 428 5043 utetiam
461 4988 514 5043 si
539 4987 709 5042 nollet
738 4986 807 5043 de
832 4984 945 5040 Deo
977 4984 1150 5056 loqui,
1184 4983 1346 5038 silere
1374 4998 1486 5036 non
1517 4996 1647 5051 pos-

87 5081 166 5124 set.
193 5072 435 5148 Cumque
481 5077 539 5133 id
582 5076 745 5133 solito
792 5075 1088 5131 instantius
1135 5083 1298 5143 atque
1347 5069 1646 5128 ferventius

84 5178 252 5234 ageret,
272 5169 511 5241 proinde
532 5169 779 5226 nonnulli
807 5175 1092 5240 cmperunt
1123 5163 1391 5232 fastidire,
1433 5165 1647 5220 minus-

85 5270 170 5325 que
204 5260 434 5319 libenter
479 5261 690 5319 audire.
736 5260 895 5328 Quod
934 5260 1024 5316 ille
1051 5258 1414 5331 perpendens,
1450 5272 1560 5313 non
1587 5272 1647 5312 se

84 5364 107 5401 ³
136 5351 264 5412 bona
293 5357 580 5414 subtraxit
605 5353 939 5421 intentione;
975 5352 1071 5410 sed
1099 5353 1286 5407 volens
1323 5365 1419 5407 eos
1443 5349 1643 5419 resipi-

86 5457 229 5514 scere,
254 5451 389 5507 illud
418 5449 669 5522 Apostoli
698 5449 890 5504 crebra
933 5445 1239 5503 inculcahat
1284 5443 1643 5514 repetitione:

87 5538 246 5599 Filioli
294 5548 420 5613 mei,
461 5538 596 5617 quo;
644 5549 841 5598 iterum
894 5538 1350 5612 parturio,donec
1389 5538 1648 5609 formetur

84 5631 300 5696 Christus
327 5643 386 5696 in
416 5642 569 5696 vobis
594 5636 738 5709 (cat.
768 5654 843 5705 ιν,
878 5638 987 5709 19).
1026 5622 1154 5692 Huic
1180 5636 1382 5707 quippe
1410 5635 1645 5702 dicebat,

1746 5011 1892 5051 anno
1915 4991 2205 5048 millesimo
2235 4986 2592 5059 nonagesimo
2620 4983 2798 5055 primo
2829 4979 3124 5036 Dominicm
3147 4977 3331 5034 lucar-

1747 5087 2006 5143 nationis.
2051 5083 2223 5154 Cujus
2268 5081 2419 5136 obitu
2468 5071 2747 5147 comperto
2796 5074 3169 5147 Herimannus
3196 5071 3335 5145 (2⁸2),

1753 5187 1881 5241 tunc
1910 5174 2173 5246 temporis
2200 5170 2647 5242 archiepiscopus
2668 5164 3032 5233 Coloniensis,
3060 5161 3337 5239 exsequiis

1753 5273 1873 5344 ejus
1896 5282 2240 5340 summopere
2266 5274 2522 5336 satagens
2544 5261 2850 5318 devotionis
2879 5260 3203 5332 obsequium
3229 5258 3336 5311 im-

1751 5361 2006 5433 pendere,
2030 5359 2095 5415 ad
2112 5355 2481 5427 sepeliendum
2493 5369 2620 5409 eum
2643 5353 2870 5408 devotus
2890 5349 3149 5407 occurrit.
3164 5346 3338 5418 Cujus

1752 5453 2002 5523 exemplo
2020 5451 2405 5522 religiosorum
2418 5447 2661 5502 virorum
2685 5446 2849 5501 etiam
2863 5443 3021 5499 turba
3043 5438 3334 5504 conﬂuxit;

1752 5546 1895 5601 inter
1924 5559 2062 5616 quos
2086 5541 2341 5614 praecipui
2371 5548 2426 5596 et
2454 5539 2781 5595 illustriores
2807 5535 3148 5592 habebantur
3167 5531 3340 5585 abba-

1754 5646 1857 5701 tes,
1896 5632 2261 5689 Herimannus
2286 5630 2558 5693 videlicet,
2588 5644 2753 5699 supra
2784 5624 3069 5682 memorati
3100 5618 3335 5677 coenooii

140 5798 243 5871 (ἥ)
276 5799 459 5874 Hujus
490 5800 699 5858 scilicet
746 5797 987 5855 nominis
1032 5796 1100 5852 Ill
1136 5796 1230 5869 qui
1258 5795 1476 5854 Sevvino
1517 5793 1782 5852 successit
1809 5805 1955 5847 anno
1988 5771 2117 5845 tos'o
2141 5787 2207 5843 ad
2238 5750 2391 5842 “>99.
