3878 6310
549 343 649 398 m
1305 329 1365 384 Β.
1406 321 1824 386 WOLPHELMI
1859 318 2151 376 ABBATIS
2188 312 2859 373 BltU-NWILLERENSIS
2892 309 3074 370 vm.
3670 325 3742 382 is:

551 451 742 510 Sancti
764 445 1135 513 Pantaleonis,
1177 453 1232 500 et
1264 439 1645 513 Reginhardus
1677 437 1834 493 bonae
1861 431 2142 489 memoria:
2171 438 2214 498 Α
2241 430 2357 500 jam
2391 429 2628 484 reditum
2651 430 2701 484 ei
2741 429 3098 500 persuaderet
3150 428 3394 498 animus,
3432 436 3743 497 comitantibus

553 542 996 618 Sigebergensls;
1021 539 1115 611 qui
1147 536 1362 607 utrique
1383 533 1649 588 famulum
1677 528 1893 585 Domini
1921 541 2140 585 summo
2243 537 2428 578 secum
2455 521 2591 577 viris
2612 522 2856 578 honestis
2881 537 2946 576 ac
2974 521 3264 593 religiosis,
3295 524 3394 578 iter
3411 536 3487 580 est
3505 544 3741 600 aggressus.

554 614 773 708 semper
805 635 1026 690 coluere
1063 630 1246 688 studio
1299 627 1539 700 pietatis.
1585 623 1831 694 Expletis
1863 623 2049 693 itaque
2073 620 2142 675 ab
2243 614 2489 686 Cumque
2511 615 2578 670 ad
2600 630 2752 671 mare
2780 616 3175 685 pervenissent,
3200 617 3389 687 piratis
3414 619 3743 692 insidiantibus,

557 729 970 800 archiepisc0po
1001 741 1100 796 pro
1143 722 1264 793 ejus
1301 718 1610 777 veneranda
1641 716 1909 804 memoria
1946 715 2144 770 missa-

558 837 681 878 rum
725 817 1030 885 solemniis,
1056 815 1151 872 ubi
1194 821 1609 872 sacrosanctum
1631 809 2022 880 corpusculum
2046 809 2143 863 de-

558 914 688 985 poni
719 911 903 968 debuit
924 910 980 964 in
1007 895 1342 980 sepulcrum,
1364 904 1631 962 accedens
1651 918 1748 974 per
1774 918 1856 971 se,
1885 902 2145 957 amictum

558 1005 762 1062 amovit
812 1019 922 1074 quo
945 1018 1101 1058 sacer
1135 1002 1256 1072 ejus
1298 999 1580 1054 velabatur
1601 998 1855 1066 aspectus
1879 1013 1894 1050 :
1920 1003 1976 1050 et
1998 1009 2145 1061 ecce,

563 1099 763 1153 mirum
807 1097 956 1152 dictu
991 1097 1005 1149 !
1048 1109 1176 1150 cum
1209 1100 1356 1149 esset
1388 1091 1500 1162 jam
1547 1089 1840 1146 triduanus
1872 1096 2146 1156 mortuus,

559 1190 814 1262 apparuit
843 1204 954 1244 non
995 1186 1239 1244 defuncti
1265 1199 1417 1240 more
1443 1183 1711 1254 pallidus,
1744 1182 1838 1238 sed
1865 1197 2028 1236 roseo
2057 1195 2152 1237 co-

563 1284 679 1340 lore
719 1281 996 1354 perfusus,
1054 1279 1229 1352 gratia
1272 1278 1488 1350 plenus,
1539 1284 1596 1332 et
1632 1275 1801 1331 veluti
1857 1273 2151 1331 roscidulis

558 1375 735 1448 guttis
782 1375 983 1431 sudore
1019 1386 1342 1441 respersus;
1375 1383 1486 1439 quo
1515 1367 1778 1440 praeclaro
1817 1366 1940 1422 viso
1983 1367 2153 1422 mira-

563 1466 709 1531 culo,
736 1465 983 1536 plerique
1009 1461 1204 1517 ﬂevere
1230 1474 1340 1531 prae
1365 1459 1585 1535 gaudio.
1624 1457 1704 1512 Ad
1733 1457 2154 1513 circumstantes

561 1571 695 1612 vero
720 1569 1022 1611 conversus
1065 1552 1396 1622 cpiscopus:
1426 1549 1532 1616 En,
1574 1548 1770 1620 inquit,
1809 1547 1998 1604 Patres
2019 1547 2154 1603 dile-

565 1647 822 1713 ctissimi,
867 1660 1034 1716 quam
1077 1644 1306 1699 devotus
1334 1643 1426 1700 hic
1465 1641 1632 1697 fuerit
1676 1640 1894 1696 Domini
1937 1655 2152 1710 servus,

563 1757 730 1812 quem
757 1747 909 1795 tanta
936 1754 1001 1794 ac
1024 1737 1152 1793 talis
1188 1735 1535 1812 commendat
1555 1735 1728 1807 gratia
1753 1734 1960 1790 vultus.
1997 1731 2094 1789 His
2122 1749 2156 1789 a

565 1797 799 1904 praesule
845 1831 1118 1901 peroratis
1140 1871 1153 1896 ,
1207 1797 1362 1884 οιιῐηἮ
1377 1827 1556 1883 debita
1595 1827 1946 1883 veneratione
1995 1841 2160 1883 secus

561 1926 712 1980 beati
758 1923 904 1978 Petri
953 1921 1184 1993 apostoli
1214 1921 1384 1975 altare
1411 1920 1667 1975 decenter
1704 1919 1938 1974 traditur
1971 1919 2154 1990 sepul-

565 2027 724 2073 turae.
751 2015 830 2072 lbi
851 2014 1279 2086 suffragantibus
1307 2013 1522 2068 meritis
1551 2011 1693 2083 ejus,
1726 2011 1968 2067 ﬁdelium
1997 2027 2161 2068 exau-

564 2111 792 2165 diuntur
816 2117 964 2174 vota,
1003 2107 1236 2162 inﬁrmis
1275 2105 1664 2176 impenduntur
1687 2103 1982 2171 beneﬁcia,
2019 2120 2160 2176 prae-

568 2210 747 2257 stante
776 2199 1011 2254 Domino
1057 2205 1251 2254 nostro
1299 2196 1430 2252 Jesu
1463 2195 1705 2265 Christo,
1756 2197 1845 2252 cui
1881 2213 1990 2253 una
2033 2213 2161 2252 cum

566 2292 728 2347 Patre
753 2301 809 2346 et
835 2289 1044 2362 Spiritu
1073 2297 1265 2346 sancto
1294 2298 1377 2345 est
1403 2289 1602 2356 honor,
1630 2297 1874 2360 potestas
1903 2298 1961 2345 et
1988 2289 2160 2362 gloria

565 2401 670 2456 per
703 2383 915 2439 inﬁnita
953 2383 1155 2440 saecula
1182 2381 1528 2438 saeculorum.
1555 2380 1752 2438 Amen.

641 2475 730 2532 36.
772 2475 962 2546 Itaque
1007 2475 1176 2531 veluti
1221 2489 1423 2547 magno
1459 2474 1599 2531 mari
1629 2489 1855 2530 emenso
1878 2474 2166 2545 praesentis

574 2569 821 2627 historia:
845 2568 1061 2640 pelago,
1095 2568 1209 2639 jam
1231 2567 1392 2639 quasi
1433 2567 1588 2624 littus
1612 2577 1901 2625 cernentes
1923 2568 2165 2639 respira-

571 2679 718 2729 mus,
763 2662 896 2717 dum
924 2661 1173 2731 quaedam
1225 2661 1403 2716 solum
1435 2661 1503 2716 de
1529 2660 1813 2716 miraculis
1857 2660 1979 2731 ejus
2023 2659 2166 2716 refe—

565 2753 739 2809 renda
769 2767 1058 2823 superesse
1087 2752 1356 2808 videmus.
1404 2751 1772 2824 Satagendum
1807 2761 1892 2809 est
1925 2768 2056 2825 ergo
2106 2761 2169 2809 ut

568 2855 788 2917 portum
809 2855 1116 2913 teneamus,
1136 2860 1361 2901 cursum
1383 2861 1862 2912 consummemus;
1883 2846 2168 2917 quoniam,

571 2938 734 2994 sicuti
762 2938 942 2993 solent
969 2938 1140 2993 solem
1176 2938 1450 2993 obducere
1492 2937 1689 3004 nubes,
1729 2938 1811 2993 sic
1838 2938 1999 3009 pigri,
2024 2938 2170 2996 desi-

574 3035 782 3103 desque
812 3033 1131 3103 scriptores,
1171 3031 1388 3086 utilium
1438 3045 1626 3086 rerum
1669 3046 1812 3101 saepe
1843 3031 2171 3089 subtrahunt

2243 716 2300 764 et
2321 708 2409 764 die
2455 716 2730 780 noctuque
2768 709 2938 764 maris
2984 709 3166 765 sinum
3205 714 3600 782 occupantibus,
3626 716 3745 774 ferme

2244 819 2341 874 per
2370 803 2488 859 dies
2530 818 2724 858 novem
2772 805 3074 876 negabatur
3125 805 3407 862 transitus.
3461 806 3596 864 Unde
3631 812 3745 866 nimia

2247 895 2430 952 cordis
2457 895 2785 952 contritione
2823 913 3017 954 omnes
3058 898 3262 970 pariter
3297 899 3505 969 amicti,
3543 910 3743 976 utpropi-

2250 988 2360 1044 tius
2385 988 2576 1045 adesse
2605 989 2922 1062 dignaretur
2951 989 3217 1046 Dominus
3240 1007 3300 1046 se
3327 991 3682 1062 invocantibus,
3701 1000 3751 1051 in-

2250 1080 2400 1137 timis
2429 1081 2791 1152 precabantur
2817 1083 3144 1138 visceribus.
3181 1082 3290 1140 Nec
3326 1085 3526 1140 distulit
3552 1089 3654 1156 pius
3681 1090 3752 1143 Do-

2250 1174 2436 1229 minus
2462 1189 2686 1229 suorum
2710 1183 2835 1228 vota
2865 1173 3135 1243 ﬁdelium,
3158 1175 3372 1231 concite
3396 1175 3644 1248 largiendo
3662 1181 3752 1235 sub-

2252 1265 2476 1324 sidium.
2524 1265 2692 1323 Adest
2731 1283 2972 1338 namque
3016 1268 3279 1339 pratdicto
3323 1267 3474 1324 fratri
3515 1271 3605 1326 sub
3630 1273 3754 1327 nouis

2254 1359 2472 1416 silentio
2495 1359 2686 1415 beatus
2708 1358 3087 1431 Wolphelmus
3124 1370 3207 1416 ter
3231 1362 3430 1427 visum,
3454 1361 3502 1416 in
3531 1365 3757 1419 crastinum

2250 1448 2452 1521 jubens
2475 1449 2779 1505 accelerare
2801 1450 3119 1518 transitum,
3139 1466 3288 1506 mare
3308 1460 3569 1522 pacatum,
3584 1453 3757 1506 hostium

2255 1544 2587 1600 denuntians
2609 1545 2869 1616 impetum
2894 1542 3250 1600 refrenatum.
3283 1543 3340 1600 In
3373 1545 3656 1602 memoriam
3673 1564 3758 1600 vero

2258 1652 2373 1694 sua:
2403 1637 2762 1704 liberationis,
2793 1645 2876 1693 ter
2915 1637 3085 1693 ternis
3112 1637 3341 1707 psalmis
3380 1639 3548 1694 cultor
3578 1638 3758 1694 illesan-

2259 1739 2360 1786 cta:
2388 1728 2694 1798 Trinitatis,
2731 1728 2966 1785 Domino
3009 1738 3137 1785 vota
3167 1730 3407 1800 persolvi
3442 1731 3595 1800 jussit
3617 1732 3759 1803 jubila-

2259 1823 2446 1880 tionis.
2473 1821 2677 1878 Taliter
2707 1822 2954 1879 hostium
2997 1822 3213 1878 sublata
3243 1821 3556 1892 formidine,
3580 1840 3666 1879 non
3683 1841 3762 1878 mo-

2258 1915 2443 1972 dicum
2475 1915 2736 1988 gaudium
2772 1931 3058 1986 sumpsere
3095 1931 3163 1971 ex
3185 1915 3370 1971 divina
3406 1916 3708 1982 revelatione,
3730 1927 3764 1971 et

2259 2007 2490 2064 marinis
2534 2023 2594 2064 se
2632 2007 2742 2063 laeti
2791 2007 3047 2079 ingerunt
3090 2005 3370 2075 fluetibus,
3395 2009 3574 2078 piratis
3606 2007 3766 2062 minimc

2252 2114 2459 2170 nocere
2487 2097 2816 2153 valentibus.
2861 2096 2976 2153 Hoc
3010 2097 3202 2153 ordine
3249 2113 3347 2168 per
3373 2097 3512 2154 servi
3535 2097 3610 2153 sui
3632 2097 3766 2152 merita

2261 2192 2331 2248 ab
2376 2191 2792 2248 imminentibus
2835 2191 3108 2246 malorum
3147 2189 3408 2261 procellis
3447 2191 3596 2257 eruti,
3633 2189 3767 2245 divina

2259 2284 2467 2356 gratias
2489 2291 2659 2356 agunt
2681 2283 3014 2341 liberationi.
3040 2282 3198 2351 Quod
3218 2292 3274 2339 et
3300 2283 3376 2338 ab
3402 2284 3516 2355 ipso
3542 2282 3691 2348 fratre,
3707 2281 3769 2351 qui

2261 2377 2508 2447 pertulit,
2530 2376 2874 2448 agnovimus,
2901 2375 3045 2432 ﬁdeli
3075 2377 3394 2433 narratione
3416 2376 3681 2432 retulimus.

2336 2467 2427 2523 '58.
2466 2467 2672 2524 Eodem
2705 2477 2949 2540 tempore
2982 2469 3213 2525 claudus
3251 2469 3498 2540 quidam,
3527 2467 3768 2523 Willeman-

2265 2575 2374 2616 nus
2398 2557 2641 2629 nomine,
2667 2576 2735 2616 ex
2776 2559 2904 2616 villa
2946 2561 3070 2617 loco
3107 2561 3529 2618 Brunwilerensi
3565 2560 3770 2628 conliga,

2266 2651 2511 2708 Polheim
2557 2652 2812 2709 videlicet
2857 2663 3170 2726 nuncupata
3194 2696 3209 2722 ,
3241 2655 3471 2710 obtentu
3509 2654 3634 2710 beati
3669 2649 3772 2704 Wol-

2267 2745 2496 2818 phelmi,
2516 2745 2609 2801 diu
2633 2755 2827 2818 negata
2851 2747 3225 2803 membrorum
3246 2749 3456 2819 recepit
3475 2746 3641 2803 oﬂicia.
3667 2743 3773 2797 Tem-

2267 2850 2402 2907 pore
2425 2836 2626 2908 quippe
2647 2837 3134 2910 quadragesimali,
3158 2838 3226 2895 ad
3250 2840 3437 2896 locum
3475 2839 3697 2896 accedens
3715 2851 3773 2890 sc-

2269 2929 2466 2999 pulcri,
2503 2945 2614 3001 quo
2648 2930 2842 2986 salutis
2865 2932 3080 2988 arderet
3112 2933 3410 3002 desiderio,
3432 2932 3598 2990 cordis
3622 2944 3773 3002 prome-

2271 3021 2365 3077 bat
2404 3021 2609 3093 gemitu
2639 3041 2652 3077 :
2680 3038 2792 3094 quo
2843 3024 3038 3082 salutis
3067 3025 3376 3082 ducebatur
3409 3025 3616 3098 gemitu,
3652 3021 3777 3078 cordis

575 3099 943 3195 cognitiones:
996 3123 1392 3195 Aggrediamur
1428 3122 1612 3193 itaque
1657 3099 1862 3178 referre
1903 3123 2170 3178 miracula
2197 3099 2420 3200 C'illius
2445 3116 2759 3174 declarabat
2781 3117 3021 3175 afﬂictio.
3046 3117 3290 3190 Denique
3323 3121 3396 3175 ad
3421 3119 3579 3174 Deum
3615 3127 3700 3171 tota
3721 3115 3775 3167 in.

576 3232 702 3288 quae
743 3223 871 3288 post
919 3215 1132 3271 obitum
1163 3217 1284 3286 ejus
1337 3215 1520 3270 divina
1562 3231 1660 3285 per
1687 3231 1813 3270 eum
1845 3225 1973 3271 sunt
2027 3216 2169 3271 cele-

576 3309 736 3366 brata
780 3299 1000 3364 virtute.
1051 3306 1113 3362 ln
1160 3308 1436 3364 territorio
1479 3307 1924 3365 Brunwillcrensi
1974 3310 2169 3366 mulier

579 3401 854 3473 quaedam,
891 3399 1112 3456 Wazela
1136 3401 1376 3467 nomine,
1406 3401 1536 3456 dum
1565 3401 1802 3471 quadam
1823 3401 1911 3457 die
1939 3402 2006 3457 ad
2032 3418 2171 3472 opus

579 3493 921 3550 consedisset
964 3493 1168 3559 textile,
1198 3501 1310 3547 tam
1337 3491 1546 3548 crudeli
1587 3508 1654 3548 ex
1686 3492 1986 3564 improviso
2014 3501 2171 3550 utra-

579 3599 816 3656 rumque
843 3599 1106 3639 manuum
1138 3583 1376 3655 torqueri
1409 3585 1574 3655 coepit
1610 3585 1932 3653 vexatione,
1974 3595 2035 3642 ut
2062 3587 2174 3641 cla-

582 3692 740 3732 more
768 3674 902 3732 dirae
920 3677 1073 3733 vocis
1118 3676 1268 3732 cives
1308 3687 1598 3748 cogeretur
1633 3678 1835 3735 excire.
1886 3677 1967 3734 Ex
2017 3679 2175 3750 cujus

585 3768 926 3824 immanitate
967 3767 1174 3824 doloris
1198 3810 1214 3835 ,
1255 3769 1523 3841 paralysis
1567 3769 1804 3826 obnoxia
1850 3771 2176 3827 credebatur

585 3859 849 3931 passioni.
894 3858 1091 3916 Subito
1130 3875 1368 3932 namque
1411 3859 1549 3917 adeo
1592 3861 1804 3919 inutilis
1846 3871 1932 3920 est
1965 3865 2177 3920 reddita

587 3955 877 4021 manibus,
907 3961 968 4009 ut
996 3953 1066 4009 ad
1095 3953 1276 4011 nullos
1315 3969 1409 4011 eas
1452 3955 1683 4010 valuerit
1715 3970 1852 4011 usus
1881 3956 2174 4027 applicare.

587 4045 710 4113 Quo
739 4047 912 4118 magis
955 4047 1239 4118 magisque
1280 4046 1688 4119 ingravescente
1715 4048 1927 4116 morbo,
1959 4065 2072 4120 pra:
2094 4049 2178 4104 ni-

590 4140 702 4194 mia
727 4138 936 4196 doloris
977 4141 1306 4196 contritione
1348 4141 1490 4197 inter
1519 4157 1718 4199 manus
1754 4144 2053 4200 tenentium
2081 4145 2180 4200 ob-

589 4232 870 4300 dormivit,
914 4242 970 4288 et
1011 4233 1329 4304 hujusmodi
1371 4234 1511 4292 lenis
1540 4235 1692 4292 vocis
1715 4251 1915 4292 sonum
1946 4235 2182 4293 dulciter

588 4324 769 4380 audit:
794 4323 936 4392 Quid
964 4341 1161 4397 sopore
1186 4326 1544 4397 deprimeris?
1569 4327 1626 4382 Si
1645 4329 1902 4399 praesenti
1923 4329 2183 4400 passione

2271 3209 2512 3265 tentione
2535 3224 2856 3278 conversus,
2885 3211 3208 3282 lacrymosis
3229 3213 3551 3284 precabatur
3579 3206 3777 3280 suspiriis,

2271 3308 2334 3356 ut
2353 3301 2496 3356 servi
2526 3302 2613 3358 sui
2658 3303 2870 3360 meritis
2899 3302 3221 3375 sospitatem
3249 3313 3551 3362 mereretur
3590 3304 3635 3357 in
3664 3314 3779 3354 mem-

2273 3392 2406 3448 bris.
2432 3390 2545 3449 Nec
2575 3410 2700 3466 spes
2739 3393 2950 3466 fefellit,
2979 3396 3071 3453 cui
3100 3397 3236 3454 ﬁdes
3263 3398 3656 3454 incitamentum
3686 3405 3777 3462 pm-

2273 3483 2411 3538 buit.
2441 3483 2618 3540 Citius
2645 3486 2792 3542 enim
2819 3487 2968 3544 dictu
3012 3488 3233 3558 claruit,
3269 3489 3437 3561 cujus
3455 3485 3713 3544 sanctitatis
3727 3479 3781 3533 ττι

2276 3574 2457 3630 meriti
2486 3574 2570 3630 vir
2598 3576 2792 3633 beatus
2807 3579 3099 3636 exstiterit.
3155 3577 3402 3650 Repente
3428 3581 3566 3636 enim
3594 3577 3670 3632 diu
3691 3587 3780 3628 ain-

2276 3665 2438 3722 tracti
2489 3681 2550 3723 se
2590 3679 2872 3740 coeperunt
2909 3671 3204 3728 extendere
3256 3674 3455 3742 nervi,
3498 3682 3550 3729 et
3593 3682 3782 3726 venarum

2278 3770 2492 3817 meatus
2519 3761 2700 3819 vitalis
2742 3765 3028 3838 sanguinis
3047 3766 3326 3824 inlusione
3355 3767 3578 3839 repleri,
3602 3772 3647 3819 et
3667 3775 3780 3817 inem-

2279 3853 2377 3908 bra
2400 3853 2554 3925 prius
2584 3868 2939 3927 praemortua,
2962 3858 3018 3913 in
3038 3859 3333 3929 pristinum
3365 3861 3596 3933 vigorem
3618 3851 3782 3912 resumi-

2279 3945 2421 4013 Quid
2455 3947 2673 4021 longius
2697 3951 2911 4006 morer?
2951 3949 3207 4008 Sentiens
3243 3953 3414 4009 homo
3444 3951 3658 4008 divinam
3681 3948 3719 4000 in
3746 3955 3782 3995 se

2281 4041 2493 4111 operari
2521 4043 2800 4112 virtutem,
2834 4045 2982 4101 lento
3022 4046 3315 4103 conamine
3347 4059 3621 4118 assurgere
3639 4043 3784 4098 nitcnS.

2282 4149 2598 4205 quanquam
2629 4137 2808 4192 adhuc
2837 4145 3062 4193 nutante
3085 4153 3279 4208 gressu
3304 4180 3324 4204 ,
3343 4139 3401 4193 in
3430 4138 3587 4210 pedes
3609 4127 3782 4190 constitit

2283 4234 2338 4279 et
2357 4241 2480 4295 quae
2519 4226 2664 4282 circa
2704 4243 2764 4284 se
2791 4237 2913 4285 acta
2959 4227 3179 4284 fuerant
3225 4230 3583 4300 praesentibus
3629 4223 3784 4279 fideliter

2283 4317 2561 4374 disseruit.
2594 4319 2840 4387 Quorum
2856 4323 3107 4378 manibus
3129 4332 3490 4391 sustentatus,
3511 4334 3560 4379 et
3578 4323 3666 4377 buc
3687 4317 3785 4371 illuc

588 4433 777 4473 carere
820 4418 1080 4484 volueris,
1140 4435 1304 4491 surge
1335 4420 1614 4487 velocius,
1637 4429 1691 4476 et
1735 4437 1864 4478 cum
1909 4422 2186 4480 oblatione
2285 4426 2392 4480 (ille
2415 4411 2702 4480 deductus.
2736 4423 2798 4468 ιιι
2850 4431 2941 4470 res
2971 4415 3210 4471 ίιιηοιιιὶι
3247 4415 3536 4484 fratribus.
3579 4407 3786 4482 malum

585 4509 730 4565 cerei
753 4509 958 4564 domini
983 4507 1311 4581 Wolphelmi
1332 4512 1477 4567 adito
1499 4513 1832 4583 sepulcrum.
1859 4514 2010 4572 Illius
2030 4517 2174 4572 enim
2208 4507 2256 4568 Ι)
2281 4501 2534 4557 laudatur
2557 4514 2610 4558 εἴ
2631 4503 2749 4574 81οΓ
2751 4503 2964 4560 meatu“
2985 4505 3150 4575 Deus,
3179 4508 3276 4577 qui
3304 4508 3360 4562 ίη
3391 4507 3588 4563 smmis
3606 4505 3697 4559 suis
3717 4496 3784 4550 mi'

582 4602 800 4658 [meritis
824 4618 884 4658 es
906 4603 1108 4674 gaudio
1135 4603 1372 4674 potitura
1414 4604 1628 4660 salutis.
1666 4604 1819 4673 Quae,
1853 4607 2023 4663 alacri
2049 4609 2174 4678 ﬁde,

581 4703 950 4765 promptaque
971 4693 1280 4762 devotione,
1302 4695 1515 4766 iubenti
1546 4705 1802 4770 satagens
1823 4699 2063 4768 obedire,
2088 4717 2177 4756 ar-

589 4788 749 4843 dente
777 4786 1095 4858 sepulcrum
1127 4785 1316 4842 invisit
1335 4803 1510 4857 cereo,
1538 4804 1640 4844 nec
1663 4789 1806 4844 beati
1838 4790 2017 4848 Patris
2041 4791 2181 4847 difi-

591 4879 727 4936 dens
751 4880 983 4948 meritis,
1016 4895 1118 4937 nec
1155 4881 1316 4938 dictis
1338 4881 1558 4939 credere
1584 4894 1838 4941 cunctata
1881 4887 2177 4943 mouentis.

592 4970 726 5037 Quae
747 4972 852 5028 ubi
867 4973 935 5028 ad
959 4973 1266 5029 orationem
1284 4976 1593 5046 procubuit,
1617 4986 1740 5048 post
1765 4979 2021 5048 pusillum
2046 4995 2180 5036 sana

592 5065 852 5131 surrexit,
881 5075 955 5132 et,
997 5066 1200 5137 gratias
1235 5083 1404 5140 agens
1431 5067 1573 5138 Deo,
1602 5086 1794 5142 sospes
1830 5087 1895 5128 ac
1935 5073 2058 5128 laeta
2094 5088 2182 5129 re—

585 5154 782 5210 cessit.

666 5249 756 5305 ‘57.
799 5249 992 5308 Frater
1031 5253 1254 5324 quidam
1299 5269 1364 5310 ex
1414 5255 1666 5311 coenobio
1710 5257 2136 5314 Brunwilerensi
2162 5302 2184 5328 ,

589 5341 914 5401 Heribertus
943 5347 1183 5414 nomine,
1208 5357 1330 5418 post
1352 5349 1558 5404 obitum
1589 5349 1731 5405 beati
1760 5349 2092 5421 Wolphelmi
2123 5353 2180 5407 in

592 5434 821 5491 Daciam
853 5435 966 5509 (23)
1011 5434 1572 5508 provinciam‘fuerat
1623 5442 1981 5497 transmissus
2005 5484 2020 5509 ,
2053 5457 2180 5498 eum

596 5528 719 5584 aliis
743 5529 1092 5600 quibusdam,
1124 5530 1402 5602 religionis
1429 5533 1746 5589 monasticae
1770 5534 1963 5606 gratia,
1995 5533 2182 5589 fratri-

597 5621 721 5677 bus.
765 5620 866 5678 Ubi
899 5639 1024 5681 cum
1070 5624 1464 5695 aliquantisper
1511 5635 1884 5684 commoratus
1927 5635 2103 5694 esset,
2130 5637 2184 5684 et

668 5777 782 5849 (25)
825 5778 1052 5836 Daniam
1079 5781 1463 5851 interpretatur
1496 5778 1899 5837 llenschcnius.

2278 4593 2468 4649 rabilis
2495 4604 2579 4651 est
2599 4595 2774 4666 (Psal.
2798 4613 2928 4664 Lvn,
2957 4597 3046 4668 56)
3070 4607 3126 4653 et
3152 4599 3430 4669 gloriosus
3447 4598 3600 4672 (Dan.
3630 4611 3694 4660 Ill,
3711 4588 3787 4646 52).

2277 4685 2488 4742 faciens
2517 4688 2787 4744 mirabilia
2803 4691 2953 4745 solus
2977 4690 3152 4761 (Psal.
3177 4709 3329 4760 Lxxr,
3359 4692 3472 4765 18).
3504 4692 3579 4747 Ad
3601 4686 3784 4744 indicium

2278 4795 2412 4836 vero
2438 4780 2572 4835 tanti
2599 4782 2875 4850 miraculi,
2909 4784 3287 4840 sustentatorii
3323 4785 3474 4840 illius
3498 4781 3656 4840 baculi
3679 4789 3787 4845 sul"ff

2282 4873 2595 4943 sepulcrum
2626 4874 2929 4930 beatissimi
2975 4875 3078 4930 viri
3109 4877 3285 4932 multo
3325 4884 3569 4947 tempore
3609 4879 3788 4927 mansere

2284 4967 2560 5038 suspensi.

2355 5062 2444 5116 59.
2481 5060 2607 5117 Alio
2651 5060 2822 5118 ferme
2868 5072 3114 5134 tempore
3171 5063 3303 5120 huic
3349 5062 3608 5120 miraculo
3655 5051 3786 5110 πάδη

2283 5155 2591 5222 consimile,
2623 5155 2770 5226 quod
2799 5156 3019 5228 quando
3046 5158 3350 5229 qualiterve
3387 5158 3459 5213 sit
3479 5147 3790 5214 factuinJil‘si

2284 5247 2510 5303 referre.
2545 5247 2620 5304 De
2653 5250 2779 5305 villa
2816 5249 3278 5318 Geroldesbovcn,
3314 5252 3514 5305 mulier
3539 5239 3791 5304 omniums

2284 5355 2565 5404 contracta
2594 5347 2663 5402 ad
2686 5362 2829 5418 saepe
2855 5359 3218 5405 memoratum
3260 5350 3449 5405 locum
3488 5348 3556 5404 ab
3572 5341 3790 5401 amicisesl

2289 5443 2540 5498 deducta.
2593 5439 2720 5497 Haec
2769 5443 2957 5498 sedulo
2999 5442 3201 5498 ibidem
3262 5442 3530 5498 incubans
3577 5433 3788 5509 precibus.

2290 5540 2474 5611 templi
2499 5539 2685 5594 limina
2708 5538 3354 5611 frcquentabatattentius
3373 5559 3387 5594 ε
3405 5539 3650 5595 existente
3668 5538 3792 5588 aut?!“

2291 5632 2662 5688 sacratissima
2711 5633 2853 5689 beati
2899 5631 3044 5689 Petri
3089 5633 3463 5706 apostolorum
3495 5625 3718 5702 principis
3739 5635 3790 5670 se-
