3828 6308
524 328 633 386 447
970 354 977 359 -
1715 312 2113 379 ΕΚΚΕΗΑΒΒΙ

527 443 851 509 insectatur,
882 442 1063 511 ipsum
1106 446 1367 507 tanquam
1409 434 1848 500 bazresiarcham,
1897 440 2117 504 aposta-

528 543 663 600 taiu,
712 532 1019 588 animarum
1051 537 1453 599 persecutorem
1494 527 1751 582 omnibus
1775 523 2121 580 contumeliis

524 627 754 697 dignum
803 624 1001 687 habet,
1047 621 1276 691 ejusque
1321 618 1561 681 fautores
1609 617 1822 674 ardenti
1870 632 2123 674 sermone

531 714 871 787 perstringit.
920 710 1275 767 Ekkebardus
1323 719 1457 766 tunc
1501 707 1687 766 Ottoni
1712 707 2117 779 Bambergensi,

526 807 627 878 qui
656 807 769 878 regi
792 803 995 875 juniori
1044 817 1104 858 se
1150 802 1452 869 addixerat,
1482 801 1729 857 adhaesit.
1775 799 1948 868 Quem
1976 814 2121 855 anno

531 896 670 953 1106
720 911 845 952 cum
895 894 1018 949 aliis
1067 892 1212 965 regis
1238 892 1433 963 legatis
1480 891 1714 947 Romam
1743 891 1975 947 missum
2007 889 2119 963 (92)

524 988 819 1044 comitatus
872 1001 996 1043 esse
1049 985 1264 1041 videtur
1288 1026 1304 1054 ,
1346 993 1497 1041 certe
1552 984 1683 1040 anui
1731 983 1840 1039 line
1888 981 2122 1039 concilio

529 1078 825 1134 Guastallis
870 1077 1058 1133 habito
1100 1076 1277 1133 adfuit
1325 1076 1462 1147 (9'5).
1510 1074 1608 1130 His
1665 1072 2026 1145 temporibus,
2062 1081 2124 1128 ut

526 1183 695 1238 supra
740 1168 997 1235 vidimus,
1041 1168 1214 1223 abbas
1261 1167 1594 1222 constitutus
1626 1174 1712 1222 est
1742 1164 2119 1237 Uraugiensis,

522 1269 579 1316 et
634 1260 890 1330 deinceps
946 1275 1061 1315 non
1116 1260 1295 1315 solum
1347 1259 1606 1330 episcopo
1657 1257 1753 1314 sed
1786 1256 1953 1312 etiam
2007 1256 2120 1328 regi

523 1349 783 1407 Ileinrico
806 1349 852 1405 γ
885 1350 1263 1407 familiaritate
1308 1351 1639 1422 coniunctus
1685 1348 1858 1405 fuisse
1885 1348 2117 1404 videtur.

595 1440 813 1497 Etenim
844 1457 940 1496 rex
987 1456 1055 1497 eo
1105 1449 1350 1512 tempore
1403 1455 1515 1512 quo
1565 1441 1784 1512 nuptias
1830 1455 1958 1496 cum
2011 1439 2121 1495 tilia

523 1534 669 1606 regis
696 1534 910 1605 Anglici
931 1534 1310 1591 celebraturus
1350 1542 1469 1591 erat
1501 1533 1825 1589 Ekkebardo
1863 1533 2124 1604 praecepit

525 1632 586 1679 ut
634 1624 1028 1695 imperatorum
1084 1623 1379 1681 Historiam
1415 1626 1530 1680 sive
1569 1624 1885 1681 Chronicou
1930 1625 2055 1681 inde
2089 1640 2121 1681 a

524 1714 709 1770 Caroli
762 1713 942 1786 Magni
982 1717 1320 1787 temporibus
1361 1732 1536 1787 usque
1587 1716 1657 1773 ad
1703 1732 1861 1773 suam
1906 1726 2119 1772 aetatem

518 1814 896 1876 .compou’erct.
923 1805 998 1862 De
1019 1823 1130 1878 quo
1156 1807 1334 1878 ipsum
1363 1809 1657 1864 audiamus
1692 1797 1994 1875 anetorem,
2026 1808 2122 1880 qui

522 1896 669 1952 libro
694 1897 837 1952 lianc
864 1899 1127 1969 praemisit
1150 1886 1522 1971 praefationem
1554 1919 1568 1954 :

602 2004 803 2044 INCIPIT
841 2005 1111 2047 PROLOGUS
1146 2007 1440 2055 SEQUENTIS
1476 2008 1724 2048 CHRONICI
1766 1993 1783 2025 ⁸
1822 2008 2027 2050 (IPSIUS.

600 2078 901 2146 Quamlibet
935 2098 1044 2137 rem
1100 2081 1367 2152 publicam
1405 2091 1633 2137 testatur
1665 2081 1874 2138 Tullius
1917 2083 2122 2155 felicem

528 2171 665 2241 fore,
701 2172 749 2225 si
788 2171 866 2226 rel
895 2190 928 2227 a
966 2174 1295 2242 sapientibus
1335 2185 1574 2246 regatur,
1610 2186 1702 2229 aut
1742 2192 1829 2230 eos
1875 2176 1965 2247 qui
2002 2192 2123 2230 eam

516 2263 761 2319 .retrerint
794 2264 1004 2319 studere
1030 2266 1302 2337 contingat
1338 2267 1639 2337 sapientiw,
1671 2268 1783 2321 sine
1815 2282 1921 2337 qua
1950 2267 2122 2338 ipsam

530 2352 902 2423 fortitudinem
932 2364 1141 2409 constat
1168 2372 1331 2427 usque
1357 2356 1426 2411 ad
1451 2372 1637 2411 nomen
1669 2356 1982 2412 temeritatis
2026 2356 2121 2411 de-

530 2461 797 2516 generare.
837 2445 950 2501 Nos
977 2447 1142 2518 igitur
1164 2448 1464 2519 impensius
1501 2450 1707 2505 ueteris
1748 2449 1989 2521 gentibus
2026 2449 2122 2504 de-

527 2535 708 2591 bemus
736 2539 941 2608 gratias
964 2537 1077 2593 Deo
1106 2540 1320 2610 referre,
1349 2542 1621 2612 quoniam,
1651 2541 1848 2596 sedatis
1876 2541 2122 2613 procellis

526 2628 715 2700 quibus
759 2629 1015 2686 hactenus
1057 2632 1464 2703 quatiebantur,
1515 2635 1754 2705 princeps
1786 2651 1994 2705 magna:
2029 2651 2122 2689 sa-

522 2720 738 2790 pientia:
788 2738 1081 2795 magnaque
1120 2723 1323 2794 pollens
1356 2725 1672 2780 strenuitate
1713 2724 1784 2778 ad
1826 2710 2124 2796 gubernan-

526 2810 654 2865 dum
693 2811 992 2867 Romanum
1029 2814 1315 2885 imperium
1352 2816 1589 2884 emicuit,
1631 2816 1717 2870 cui
1746 2815 1846 2870 Dei
1888 2816 2123 2887 disposi-

530 2903 672 2958 tione
694 2904 965 2959 unirersus
996 2905 1139 2961 orbis
1169 2916 1279 2961 tam
1308 2906 1579 2962 Romanus
1609 2924 1769 2978 quam
1805 2907 2121 2962 Teutonicas

531 2992 725 3062 gaudet
776 2995 921 3048 omni
970 2994 1091 3050 nisu
1141 2995 1499 3067 applaudere,
1558 2996 1799 3051 uidelicet
1859 2996 2122 3054 Henricus

528 3077 745 3145 quintus
769 3094 859 3132 rea:
880 3087 928 3133 et
956 3088 1177 3149 quartus
1200 3080 1509 3151 imperator,
1532 3082 1614 3135 uir
1633 3082 1953 3151 compositus
1981 3083 2123 3136 mul-

533 3167 705 3232 tiplici
736 3169 947 3235 virtute,
989 3170 1140 3239 feros:
1178 3170 1234 3224 in
1268 3169 1433 3239 bello,
1479 3172 1600 3243 pius
1639 3180 1689 3227 et
1729 3181 2032 3227 mansuetus
2066 3174 2123 3228 in

528 3273 678 3327 pace.
728 3256 1072 3331 Cum'igitur
1119 3261 1230 3333 ipse
1278 3260 1603 3332 resplendeat
1649 3262 1789 3318 velut
1839 3280 2123 3320 coruscans

531 3347 728 3418 lucifer
753 3349 1029 3420 splendore
1051 3354 1308 3424 sapientie
1331 3362 1381 3409 et
1412 3354 1646 3410 redoleat
1673 3357 1818 3412 omni
1846 3357 1967 3413 boni
1997 3358 2125 3415 odo-

537 3441 613 3493 ris
647 3442 930 3510 suavitate,
966 3443 1216 3516 dignatus
1241 3455 1319 3501 est
1343 3456 1537 3504 nostra:
1561 3449 1817 3519 parvitati
1860 3451 2126 3523 precipere

517 3541 595 3609 .ut
631 3533 853 3605 colligat.
879 3535 983 3591 sibi
1014 3537 1319 3594 chronicum
1353 3556 1484 3612 opus
1512 3558 1545 3594 a
1581 3541 1899 3612 temporibus
1933 3542 2124 3599 Karoli

536 3622 725 3696 Magni
754 3642 915 3698 usque
942 3628 1012 3682 ad
1038 3646 1136 3684 sua
1167 3638 1434 3702 tempora,
1472 3633 1726 3688 servando
1772 3632 1961 3706 ubique
1992 3637 2125 3691 veri-

537 3722 702 3769 tatem
729 3717 952 3773 istorite.
983 3717 1139 3785 Quod
1173 3736 1303 3792 opus
1341 3723 1567 3794 recipere
1603 3740 1723 3778 cum
1755 3734 1939 3780 nostra
1971 3743 2125 3781 recu-

535 3816 681 3862 suret
732 3808 1036 3880 imperitia,
1093 3829 1187 3868 nos
1237 3822 1411 3869 tamen
1457 3817 1713 3887 compulit
1758 3817 2012 3873 deducere
2057 3819 2127 3873 ad

536 3898 770 3971 aliquem
797 3902 1044 3972 eﬂ'ectum
1070 3921 1169 3959 sua
1197 3907 1490 3963 auctoritas
1520 3917 1571 3963 et
1599 3908 1969 3965 benivolentia.
2010 3909 2128 3965 Ha-

536 3997 623 4047 bes
648 3994 835 4066 igitur,
869 3997 1197 4054 serenissime
1225 4000 1535 4071 imperator,
1567 4002 1992 4059 amministrante
2031 4020 2126 4058 ca-

444 4152 453 4169 .
536 4083 698 4140 ritate
740 4086 1044 4142 chronicum
1095 4105 1223 4161 Opus
1247 4131 1263 4159 ,
1312 4101 1615 4163 excerptum
1663 4109 1768 4148 non
1814 4102 2018 4162 nostra,
2050 4104 2128 4150 set

535 4186 765 4234 veterum
775 4179 1290 4255 chronographorum
1306 4185 1325 4216 ’
1340 4183 1393 4226 bi
1406 4196 1428 4224 ³
1448 4186 1786 4255 auctoritate,
1800 4187 2007 4242 utinam
2025 4204 2130 4244 non

512 4272 833 4357 indignum,
873 4291 936 4331 ne
976 4276 1156 4331 dicam
1196 4277 1363 4333 oculis
1401 4280 1783 4350 imperatoriis,
1827 4287 1904 4334 set
1943 4279 2129 4334 saltim

535 4365 769 4419 minimis
788 4364 1070 4422 lectoribus
1097 4377 1202 4424 tua:
1223 4370 1406 4425 curiae.
1434 4369 1565 4426 Cum
1588 4371 1754 4443 igitur
1775 4377 1885 4424 tota
1905 4371 2128 4428 intentio

533 4455 692 4526 hujus
719 4457 845 4513 libri
868 4468 979 4512 tam
1001 4459 1227 4514 Romani
1250 4463 1458 4532 imperii
1485 4479 1644 4533 quam
1674 4461 1947 4517 Teutonici
1977 4463 2121 4535 regni

533 4546 796 4603 deserviat
825 4550 1033 4620 honori,
1077 4569 1300 4625 quorum
1329 4571 1608 4627 regnorum
1650 4555 1952 4626 conjunctio
1991 4558 2127 4628 cepit

520 4632 571 4695 ἀ
616 4639 819 4697 Karolo
867 4641 1236 4716 Francigcna,
1278 4648 1633 4702 necessarium
1677 4648 1968 4715 duximus,
2017 4658 2126 4703 tam

520 4730 884 4790 nobilissima:
919 4737 1111 4807 gentis,
1154 4754 1253 4810 que
1293 4737 1490 4794 habilis
1530 4741 1742 4795 inventa
1777 4749 1856 4795 est
1898 4741 1968 4795 ad
2002 4758 2129 4812 pro-

533 4823 791 4878 creandos
826 4825 1069 4881 dominos
1096 4826 1351 4884 Romamn
1379 4831 1646 4901 potentiw,
1683 4829 1850 4886 altius
1871 4833 2128 4904 originem

536 4924 782 4983 repetere,
807 4926 857 4971 et
881 4919 959 4972 sic
986 4935 1079 4990 per
1104 4921 1490 4992 antiquissima:
1510 4922 1802 4978 nobilitatis
1830 4926 2127 4996 generatio-

535 5020 625 5059 nes
658 5023 822 5081 usque
854 5009 926 5064 ad
961 5011 1184 5066 eundem
1224 5010 1488 5069 Karolum
1529 5017 1834 5071 narratione
1875 5017 2121 5085 deducta,

519 5094 767 5171 .qualiter
792 5099 904 5170 ipse
929 5111 1220 5171 capesseret
1252 5120 1360 5158 rem
1387 5105 1657 5177 publicam
1688 5106 2030 5179 labefactant,
2071 5117 2124 5164 et

613 5304 631 5335 '
669 5303 831 5360 chon.
868 5270 987 5361 cod.
1062 5308 1083 5339 ¹
1119 5308 1293 5365 Chon.
1326 5313 1442 5367 cod.

609 5467 725 5540 (92)
765 5467 932 5540 Infra,
960 5472 1064 5527 col.
1102 5471 1258 5531 1001.

607 5533 721 5609 (95)
761 5533 881 5597 Col.
919 5533 1084 5601 1015.

631 5610 723 5669 91)
760 5611 879 5667 Col.
914 5613 1036 5669 7l5.

629 5676 722 5737 953
760 5683 1020 5762 415996,
1053 5676 1232 5762 κίρσοι,
1262 5687 1622 5762 φιιοιρρ.
1653 5694 1835 5762 ea“;

1869 5707 1919 5747 a.
1958 5682 2117 5762 l086,

515 5763 591 5839 in.
616 5755 663 5819 ’ς
697 5770 746 5810 a.
787 5755 937 5824 1095,
968 5762 1090 5826 n.‘;
1128 5773 1178 5815 a.
1216 5760 1369 5828 1102,
1405 5765 1522 5829 n.‘;
1554 5755 1692 5829 2‘20,

2151 313 2619 374 URAUGIENSIS
3656 327 3729 387 us

2147 439 2192 497 Α
2219 432 2452 503 qualiter
2478 435 2668 489 deinde
2695 433 2990 490 Romanum
3014 436 3298 508 imperium
3335 454 3425 509 per
3454 445 3730 500 successiones
3783 495 3787 498 .

2222 541 2403 595 regum
2432 526 2589 580 istius
2616 528 2784 598 gentis
2813 527 3253 585 ercellentissime
3280 530 3641 607 gubernaretur,
3673 553 3731 589 re-

2220 617 2351 671 teris
2375 616 2638 672 chronicis
2668 618 3014 681 relationibus
3054 620 3306 688 exclusis,
3349 624 3629 691 competenti
3656 625 3732 679 ire-

2221 709 2383 783 t'itate
2408 726 2571 780 usque
2602 710 2674 764 ad
2707 710 2819 766 haec
2858 720 3094 782 tempora
3118 713 3371 782 digerere.
3402 712 3596 768 Primus
3616 715 3732 786 igitur

2219 801 2356 856 liber
2409 802 2473 856 ab
2533 803 2736 873 origine
2795 801 3129 858 Francorum
3182 820 3277 874 per
3326 821 3534 876 regnum
3562 805 3731 874 ejusdem

2221 893 2390 962 gentis
2421 900 2655 963 tempora
2680 892 2958 949 discurrit.
3000 892 3274 950 Secundus
3314 894 3446 949 liber
3483 894 3542 949 ab
3575 896 3730 966 imperis

2219 982 2413 1039 Karoli
2444 982 2628 1054 Magni
2657 993 2968 1039 cunctorum
2994 1002 3357 1040 successorum
3401 986 3510 1055 ejus
3546 988 3731 1057 regimine

2222 1084 2472 1146 actusque
2502 1076 2727 1131 breviter
2749 1086 2907 1148 atque
2931 1093 3096 1133 annos
3117 1076 3364 1133 includit.
3399 1075 3593 1131 Tercius
3610 1088 3732 1131 utris

2220 1166 2354 1221 liber
2394 1167 2602 1221 orditur
2645 1174 2767 1221 acta
2801 1176 2959 1239 atque
2992 1170 3197 1240 agenda
3230 1168 3389 1238 hujus
3425 1168 3581 1237 quinti
3613 1168 3731 1222 Hein-

2215 1243 2355 1325 ‘rici;
2389 1276 2488 1330 que
2523 1260 2732 1313 utinam
2769 1275 2873 1314 non
2911 1270 3121 1331 possent
3167 1260 3440 1314 terminari
3477 1259 3629 1330 aliqua
3649 1261 3732 1330 ﬁne,

2221 1359 2315 1405 aut
2344 1348 2533 1405 saltem
2576 1351 2923 1405 terminentur
2958 1360 3075 1422 post
3112 1351 3284 1405 multa
3322 1350 3575 1405 curricula
3614 1368 3732 1405 uso-

2222 1457 2361 1507 rum,
2392 1442 2446 1494 in
2474 1440 2610 1495 bona
2635 1450 2685 1496 et
2712 1440 2821 1496 Deo
2850 1442 2976 1497 bene
3005 1441 3328 1512 complacita
3352 1442 3619 1497 senectute!
3645 1460 3661 1494 ι

2292 1531 2488 1602 Incipit
2518 1532 2732 1604 primus
2758 1532 2916 1601 liber,
2948 1542 3011 1589 ut
3045 1549 3213 1604 supra
3242 1534 3529 1600 indicatur,
3561 1534 3732 1604 capitulo

2221 1620 2301 1677 De
2336 1623 2539 1694 origine
2585 1621 2950 1692 Francorum,
2996 1612 3177 1680 verbis
3217 1608 3732 1695 {Francorumku

2221 1715 2441 1769 exordia
2476 1714 2553 1770 De
2591 1702 2817 1787 antiqua
2859 1714 3212 1786 Trojanorum
3254 1717 3492 1787 prodiere
3532 1717 3730 1786 prosapie.

2156 1788 2198 1842 Β
2227 1804 2392 1874 Nam,
2429 1815 2535 1862 etc.
2565 1805 2699 1878 (94).
2737 1806 2872 1862 Tam
2906 1808 3023 1864 haec
3056 1823 3222 1879 quam
3265 1808 3732 1889 sequentiaplerum.

2224 1913 2331 1969 que
2377 1913 2505 1953 cum
2548 1896 2856 1954 Ekkeliardi
2890 1899 3166 1955 Chronico
3214 1899 3293 1954 ita
3346 1898 3663 1964 conveniunt,
3696 1906 3733 1952 ut

2223 1989 2475 2046 eumdem
2511 1999 2815 2058 auctorem,
2859 1990 2986 2047 licet
3015 2007 3168 2046 more
3200 2006 3304 2047 suo
3335 1990 3733 2052 nomeu'tacueit,

2220 2070 2408 2139 Statim
2443 2097 2729 2153 agnoscas.
2766 2081 2991 2139 Accedit
3029 2081 3178 2154 quod
3218 2082 3393 2138 codex
3422 2081 3596 2137 unicus
3622 2079 3732 2136 char-

2224 2182 2335 2230 tam
2383 2189 2603 2245 quoque
2643 2172 2889 2230 continet
2929 2173 2997 2241 ad
3045 2174 3445 2230 monasterium
3479 2169 3735 2242 Uraugiense

2223 2264 2582 2337 spectantem,
2613 2265 2762 2336 quod
2787 2264 3024 2336 denique
3049 2274 3242 2323 auctor
3263 2264 3335 2319 ad
3360 2263 3636 2319 Chronicou
3652 2271 3733 2315 ante

2224 2357 2487 2429 scriptum
2513 2357 2715 2413 diserte
2736 2365 2996 2428 provocat
3020 2356 3155 2429 (95).
3178 2387 3205 2396 —
3263 2353 3441 2426 Hujus
3467 2354 3577 2408 libri
3597 2361 3732 2417 textus,

2224 2465 2387 2522 quem
2414 2447 2479 2504 C.
2516 2447 2817 2515 nominavi,
2842 2448 3099 2519 quamvis
3125 2464 3191 2504 ex
3218 2447 3392 2519 priori
3416 2444 3652 2501 Chronico
3670 2443 3731 2497 de-

2223 2549 2498 2612 sumptus,
2535 2555 2598 2596 ex
2638 2540 2871 2612 singulis
2911 2540 3032 2610 ejus
3073 2539 3348 2609 capitibus
3381 2536 3731 2598 consarcinatus,

2225 2634 2498 2691 interdum
2544 2645 2726 2691 tamen
2769 2635 2840 2690 ab
2882 2635 2978 2689 illo
3018 2634 3238 2690 recedit.
3280 2632 3522 2688 Primum
3559 2630 3731 2686 enimet

2227 2726 2494 2799 Sigeberti
2523 2726 2933 2783 Gemblacensis
2973 2724 3250 2782 Chronica
3297 2724 3602 2796 quamplura
3630 2736 3732 2776 me

2223 2820 2325 2889 dit,
2356 2819 2557 2891 quibus
2585 2835 2744 2876 suam
2772 2819 3053 2891 ampliavit
3085 2820 3480 2884 narrationem,
3514 2825 3621 2871 tunc
3652 2812 3733 2868 inde

2225 2927 2258 2969 a
2297 2912 2477 2968 medio
2504 2912 2705 2968 saeculo
2738 2928 2819 2979 ιι,
2863 2919 3074 2968 mutato
3102 2926 3290 2966 rerum
3322 2917 3488 2976 statu,
3520 2906 3732 2963 historiam

2225 3005 2389 3061 etiam
2433 3004 2754 3061 mutandam
2797 3003 2973 3060 duxit.
3022 3002 3316 3060 Heinricus
3363 3002 3574 3075 quintus
3615 2998 3734 3070 patris

2225 3112 2418 3153 manes
2450 3097 2761 3167 placaverat
2789 3111 3088 3168 pacemque
3106 3096 3261 3151 inter
3285 3093 3570 3151 Ecclesium
3602 3099 3645 3147 et
3666 3090 3731 3142 in-

2225 3189 2463 3261 perium,
2495 3188 2835 3260 expeditione
2881 3187 3123 3244 Romana
3153 3186 3330 3253 linita,
3362 3185 3638 3242 felicissima
3656 3189 3731 3237 sta-

2225 3281 2413 3338 bilisse
2452 3280 2557 3338 sibi
2590 3280 2742 3337 visus
2785 3288 2888 3335 est.
2926 3278 3051 3335 Ideo
3084 3278 3250 3334 etiam
3284 3277 3611 3334 Ekkehardns
3635 3286 3733 3327 nunc

2225 3372 2412 3429 omnia
2438 3371 2631 3431 vitavit
2665 3387 2789 3442 quae
2828 3370 3068 3442 antiquae
3095 3370 3388 3426 discordia:
3419 3384 3641 3425 renovare
3666 3378 3730 3435 po-

2225 3472 2407 3520 terant
2433 3462 2976 3534 memoriam,'eaque
3000 3461 3269 3535 mitigavit
3300 3478 3425 3533 quae
3470 3460 3620 3532 primo
3640 3456 3731 3510 libro

2225 3565 2417 3614 contra
2458 3555 2782 3624 Ecclesiam,
2824 3564 3016 3628 postea
3055 3562 3267 3611 mutata
3312 3551 3566 3610 sententia
3599 3556 3730 3604 contra

2225 3646 2541 3705 Heinricum
2572 3646 2641 3702 IV
2681 3648 3067 3720 imperatorem
3104 3647 3336 3718 ejusque
3370 3644 3590 3701 asseclss
3620 3637 3731 3695 nimis

2224 3742 2421 3800 acerbe
2456 3742 2752 3813 scripserat
2790 3741 2925 3814 (96).
2970 3740 3027 3799 ld
3071 3739 3219 3797 enim
3253 3739 3481 3804 studuit,
3523 3745 3575 3791 ut
3605 3744 3730 3788 rerum

2220 3841 2506 3909 gestarum
2540 3831 2833 3904 imaginem
2872 3833 3036 3887 talem
3081 3830 3342 3889 Hcinrico
3382 3828 3570 3902 juniori
3607 3821 3710 3896 porri

2226 3934 2398 4000 geret,
2422 3939 2546 3997 quae
2575 3924 2707 3980 nulli
2738 3924 2879 3995 parti
2910 3923 3116 3979 faveret
3141 3939 3323 3995 neque
3345 3922 3635 3993 cujusquam
3651 3911 3729 3968 ani-

2226 4032 2381 4072 mum
2403 4015 2675 4073 oﬂ‘endcre
2704 4023 2905 4086 posset.
2946 4014 3067 4082 Quo
3110 4015 3380 4071 adductus
3409 4022 3508 4081 est,
3539 4019 3586 4066 ut
3613 4018 3729 4063 anno-

2227 4122 2352 4163 rum
2384 4105 2523 4162 ll05
2553 4114 2610 4161 et
2640 4104 2775 4160 1106
2802 4103 3100 4161 Historiam
3133 4120 3334 4161 novam
3363 4103 3615 4166 scriberet,
3642 4111 3729 4151 ωη-

2229 4198 2699 4269 tinuationemque
2756 4198 2980 4255 adderet
3036 4197 3232 4255 eodem
3296 4198 3477 4254 animo
3531 4207 3655 4265 aaquo
3693 4195 3729 4240 ει

2229 4288 2511 4345 moderato
2545 4287 2871 4345 confectam.

2299 4380 2529 4438 Exstant
2579 4395 2711 4436 vero
2756 4389 3019 4451 praeterea
3065 4378 3187 4435 dure
3232 4377 3488 4435 Cbronici
3526 4371 3728 4430 Ekkehar—

2154 4475 2200 4535 D
2224 4473 2374 4531 diani
2396 4473 2764 4541 recensiones,
2790 4487 2913 4543 quae
2932 4487 3058 4528 cum
3082 4469 3144 4527 C.
3171 4470 3227 4525 in
3251 4469 3438 4526 multis
3457 4462 3726 4524 conveniunt.

2227 4567 2481 4641 quamvis
2515 4567 2572 4622 in
2619 4567 2742 4623 aliis
2778 4574 2889 4622 tam
2926 4564 2996 4620 ab
3032 4565 3139 4620 hoc
3173 4579 3340 4635 quam
3385 4579 3417 4618 a
3458 4555 3604 4632 priori
3626 4560 3724 4608 textu

2227 4661 2500 4717 recedant.
2547 4657 2791 4729 Utraque
2834 4656 3241 4728 praefationem,
3293 4669 3437 4710 anno
3481 4648 3598 4707 1106
3631 4657 3726 4715 ρη-

2227 4752 2476 4817 missam,
2519 4749 2775 4806 Heinrico
2803 4747 3008 4820 juniori
3041 4747 3329 4813 directam,
3373 4742 3588 4807 exhibet,
3627 4743 3728 4790 ιιιη·

2226 4857 2335 4916 que
2387 4850 2594 4897 textum
2648 4840 2767 4896 sine
2818 4853 3090 4895 annorum
3140 4837 3342 4893 tabulis
3393 4835 3622 4905 scriptum
3665 4820 3726 4878 sel

2228 4930 2418 4988 multis
2450 4929 2820 4988 additionibus
2843 4945 2909 4985 ex
2937 4927 3217 5001 Sigebcrto
3240 4925 3529 4998 desumptis
3550 4928 3725 4977 auctum.

2226 5021 2464 5093 denique
2511 5020 2883 5077 narrationem
2934 5035 3208 5076 annorum
3258 5017 3393 5074 1070
3436 5031 3545 5087 sqq.
3586 5006 3727 5082 prem

2229 5111 2504 5168 interdum
2535 5110 2727 5167 eodem
2765 5110 2928 5166 modo
2962 5115 3229 5164 mutatam
3271 5122 3384 5178 quo
3423 5104 3482 5163 C.
3522 5102 3632 5158 Cum
3657 5094 3726 5149 hoc

1820 5240 2052 5297 νΑιυιΕ
2092 5241 2501 5303 LECTIONES.

2039 5383 2270 5444 NOTAE.

2297 5481 2411 5556 (96)
2887 5482 3114 5556 "'.i-_a'
3163 5476 3331 5556 .1080!
3375 5494 3429 5556 η’

2121 5542 2144 5556 ,ν
2297 5481 2411 5556 (96)
2450 5480 2535 5539 Cf.
2579 5498 2630 5537 a.
2680 5479 2841 5547 1072,
2887 5482 3011 5544 n.‘;
3048 5495 3114 5563 .a.
3163 5476 3331 5562 1080,
3375 5474 3722 5603 πηθὲὅηεδεπξξιξ

2143 5584 2187 5610 μ
2224 5567 2447 5645 me;
2472 5553 2622 5645 130.5-
2645 5560 2698 5645 (ξι
2723 5551 2979 5645 1229-:
2998 5549 3286 5645 “mare
3308 5548 3527 5645 rei--.
3557 5543 3722 5645 ὶιέῑ...

2228 5640 2279 5681 a.
2311 5624 2470 5693 1085,
2503 5625 2624 5689 η.⁶;
2659 5639 2709 5679 a.
2761 5621 2921 5689 1084,
2953 5637 3004 5678 a.
3039 5621 3198 5693 1085,
3235 5609 3347 5677 ιιι
3380 5618 3529 5677 etiam
3557 5609 3722 5669 ierim

2226 5702 2442 5752 errores
2460 5692 2695 5753 'sustulit
2724 5694 2796 5766 (a.
2830 5693 2986 5760 l076,
3024 5692 3197 5765 1089).
