  <div class='ocr_page' id='page_1' title='image "/cluster/home/n/w/nwhite01/storage/ocr_20150623/154/hvd.32044015473820/230.png"; bbox 0 0 3828 6308; ppageno 0'>
   <div class='ocr_carea' id='block_1_1' title="bbox 69 343 2092 423">
    <p class='ocr_par' dir='ltr' id='par_1_1' title="bbox 69 343 2092 423">
     <span class='ocr_line' id='line_1_1' title="bbox 69 343 2092 423; baseline -0.003 -16"><span class='ocrx_word' id='word_1_1' title='bbox 69 367 145 423; x_wconf 66' lang='grc' dir='ltr'>αθ</span> <span class='ocrx_word' id='word_1_2' title='bbox 1153 344 1522 403; x_wconf 77' lang='lat' dir='ltr'><strong>CHRONICA.</strong></span> <span class='ocrx_word' id='word_1_3' title='bbox 1564 377 1634 387; x_wconf 90' lang='lat'><strong>-—</strong></span> <span class='ocrx_word' id='word_1_4' title='bbox 1670 343 2092 401; x_wconf 76' lang='lat' dir='ltr'><strong>PRO(EMIUM.</strong></span> 
     </span>
    </p>
   </div>
   <div class='ocr_carea' id='block_1_2' title="bbox 3163 345 3268 402">
    <p class='ocr_par' dir='ltr' id='par_1_2' title="bbox 3163 345 3268 402">
     <span class='ocr_line' id='line_1_2' title="bbox 3163 345 3268 402; baseline -0.019 0"><span class='ocrx_word' id='word_1_5' title='bbox 3163 345 3268 402; x_wconf 67' lang='grc'><strong>436</strong></span> 
     </span>
    </p>
   </div>
   <div class='ocr_carea' id='block_1_3' title="bbox 69 453 3267 538">
    <p class='ocr_par' dir='ltr' id='par_1_3' title="bbox 69 453 3267 538">
     <span class='ocr_line' id='line_1_3' title="bbox 69 453 3267 538; baseline 0 -22"><span class='ocrx_word' id='word_1_6' title='bbox 69 490 162 531; x_wconf 66' lang='grc' dir='ltr'><strong>γεω</strong></span> <span class='ocrx_word' id='word_1_7' title='bbox 189 471 244 526; x_wconf 74' lang='lat' dir='ltr'><strong>iis</strong></span> <span class='ocrx_word' id='word_1_8' title='bbox 279 461 606 538; x_wconf 86' lang='lat' dir='ltr'><strong>potissimum</strong></span> <span class='ocrx_word' id='word_1_9' title='bbox 648 461 786 516; x_wconf 89' lang='lat' dir='ltr'><strong>locis</strong></span> <span class='ocrx_word' id='word_1_10' title='bbox 833 457 1320 524; x_wconf 72' lang='lat' dir='ltr'><strong>animadvertatur,</strong></span> <span class='ocrx_word' id='word_1_11' title='bbox 1369 457 1570 526; x_wconf 86' lang='lat' dir='ltr'><strong>quibus</strong></span> <span class='ocrx_word' id='word_1_12' title='bbox 1599 463 1653 522; x_wconf 75' lang='grc' dir='ltr'><strong>Α</strong></span> <span class='ocrx_word' id='word_1_13' title='bbox 1678 457 1814 512; x_wconf 86' lang='lat' dir='ltr'><strong>Ecce</strong></span> <span class='ocrx_word' id='word_1_14' title='bbox 1832 459 1972 512; x_wconf 87' lang='lat' dir='ltr'><strong>enim</strong></span> <span class='ocrx_word' id='word_1_15' title='bbox 1992 453 2815 526; x_wconf 50' lang='lat' dir='ltr'><strong>diversorum‘chronografo‘rum</strong></span> <span class='ocrx_word' id='word_1_16' title='bbox 2836 458 2995 513; x_wconf 80' lang='lat' dir='ltr'><strong>series</strong></span> <span class='ocrx_word' id='word_1_17' title='bbox 3019 458 3086 513; x_wconf 89' lang='lat' dir='ltr'><strong>ab</strong></span> <span class='ocrx_word' id='word_1_18' title='bbox 3107 476 3267 516; x_wconf 77' lang='lat' dir='ltr'><strong>caror-</strong></span> 
     </span>
    </p>
   </div>
   <div class='ocr_carea' id='block_1_4' title="bbox 64 549 1574 625">
    <p class='ocr_par' dir='ltr' id='par_1_4' title="bbox 64 549 1574 625">
     <span class='ocr_line' id='line_1_4' title="bbox 64 549 1574 625; baseline -0.011 -5"><span class='ocrx_word' id='word_1_19' title='bbox 64 567 183 622; x_wconf 78' lang='lat' dir='ltr'><strong>vcrba</strong></span> <span class='ocrx_word' id='word_1_20' title='bbox 217 558 465 616; x_wconf 82' lang='lat' dir='ltr'><strong>acerbiora</strong></span> <span class='ocrx_word' id='word_1_21' title='bbox 500 569 628 625; x_wconf 73' lang='lat' dir='ltr'><strong>erga</strong></span> <span class='ocrx_word' id='word_1_22' title='bbox 663 552 959 608; x_wconf 77' lang='lat' dir='ltr'><strong>Ecclesium</strong></span> <span class='ocrx_word' id='word_1_23' title='bbox 1006 565 1283 620; x_wconf 86' lang='lat' dir='ltr'><strong>papasque</strong></span> <span class='ocrx_word' id='word_1_24' title='bbox 1328 549 1574 620; x_wconf 79' lang='lat' dir='ltr'><strong>mitigata</strong></span> 
     </span>
    </p>
   </div>
   <div class='ocr_carea' id='block_1_5' title="bbox 66 640 1597 721">
    <p class='ocr_par' dir='ltr' id='par_1_5' title="bbox 66 640 1597 721">
     <span class='ocr_line' id='line_1_5' title="bbox 66 640 1597 721; baseline -0.014 -7"><span class='ocrx_word' id='word_1_25' title='bbox 66 665 174 721; x_wconf 84' lang='lat' dir='ltr'><strong>sunt,</strong></span> <span class='ocrx_word' id='word_1_26' title='bbox 199 667 284 707; x_wconf 87' lang='lat' dir='ltr'><strong>nec</strong></span> <span class='ocrx_word' id='word_1_27' title='bbox 309 646 501 720; x_wconf 86' lang='lat' dir='ltr'><strong>pariter</strong></span> <span class='ocrx_word' id='word_1_28' title='bbox 526 645 619 700; x_wconf 92' lang='lat' dir='ltr'><strong>ubi</strong></span> <span class='ocrx_word' id='word_1_29' title='bbox 649 645 704 698; x_wconf 91' lang='lat' dir='ltr'><strong>in</strong></span> <span class='ocrx_word' id='word_1_30' title='bbox 740 642 1053 698; x_wconf 87' lang='lat' dir='ltr'><strong>Heiuricum</strong></span> <span class='ocrx_word' id='word_1_31' title='bbox 1085 640 1151 694; x_wconf 85' lang='lat' dir='ltr'><strong>IV</strong></span> <span class='ocrx_word' id='word_1_32' title='bbox 1182 649 1374 695; x_wconf 79' lang='lat' dir='ltr'><strong>auctor</strong></span> <span class='ocrx_word' id='word_1_33' title='bbox 1419 641 1597 695; x_wconf 87' lang='lat' dir='ltr'><strong>inve-&#39;</strong></span> 
     </span>
    </p>
   </div>
   <div class='ocr_carea' id='block_1_6' title="bbox 63 732 1573 806">
    <p class='ocr_par' dir='ltr' id='par_1_6' title="bbox 63 732 1573 806">
     <span class='ocr_line' id='line_1_6' title="bbox 63 732 1573 806; baseline -0.01 -3"><span class='ocrx_word' id='word_1_34' title='bbox 63 758 149 804; x_wconf 86' lang='lat' dir='ltr'><strong>ctus</strong></span> <span class='ocrx_word' id='word_1_35' title='bbox 189 751 316 806; x_wconf 87' lang='lat' dir='ltr'><strong>erat,</strong></span> <span class='ocrx_word' id='word_1_36' title='bbox 361 754 482 794; x_wconf 92' lang='lat' dir='ltr'><strong>cum</strong></span> <span class='ocrx_word' id='word_1_37' title='bbox 529 744 753 792; x_wconf 84' lang='lat' dir='ltr'><strong>econtra</strong></span> <span class='ocrx_word' id='word_1_38' title='bbox 807 751 858 790; x_wconf 91' lang='lat' dir='ltr'><strong>a.</strong></span> <span class='ocrx_word' id='word_1_39' title='bbox 917 733 1056 788; x_wconf 94' lang='grc'>1106</span> <span class='ocrx_word' id='word_1_40' title='bbox 1108 733 1336 789; x_wconf 85' lang='lat' dir='ltr'><strong>historia</strong></span> <span class='ocrx_word' id='word_1_41' title='bbox 1387 732 1573 788; x_wconf 89' lang='lat' dir='ltr'><strong>animo</strong></span> 
     </span>
    </p>
   </div>
   <div class='ocr_carea' id='block_1_7' title="bbox 62 823 1571 898">
    <p class='ocr_par' dir='ltr' id='par_1_7' title="bbox 62 823 1571 898">
     <span class='ocr_line' id='line_1_7' title="bbox 62 823 1571 898; baseline -0.012 -5"><span class='ocrx_word' id='word_1_42' title='bbox 62 834 346 893; x_wconf 85' lang='lat' dir='ltr'><strong>hostilissimo</strong></span> <span class='ocrx_word' id='word_1_43' title='bbox 384 829 580 898; x_wconf 88' lang='lat' dir='ltr'><strong>scripta</strong></span> <span class='ocrx_word' id='word_1_44' title='bbox 608 828 699 882; x_wconf 89' lang='lat' dir='ltr'><strong>hic</strong></span> <span class='ocrx_word' id='word_1_45' title='bbox 725 826 1026 882; x_wconf 88' lang='lat' dir='ltr'><strong>retineatur</strong></span> <span class='ocrx_word' id='word_1_46' title='bbox 1051 843 1063 878; x_wconf 88' lang='lat'><strong>:</strong></span> <span class='ocrx_word' id='word_1_47' title='bbox 1091 823 1322 879; x_wconf 80' lang='lat' dir='ltr'><strong>fortasse</strong></span> <span class='ocrx_word' id='word_1_48' title='bbox 1352 823 1453 878; x_wconf 89' lang='lat' dir='ltr'><strong>bas</strong></span> <span class='ocrx_word' id='word_1_49' title='bbox 1480 838 1571 877; x_wconf 90' lang='lat' dir='ltr'><strong>re-</strong></span> 
     </span>
    </p>
   </div>
   <div class='ocr_carea' id='block_1_8' title="bbox 60 913 1571 988">
    <p class='ocr_par' dir='ltr' id='par_1_8' title="bbox 60 913 1571 988">
     <span class='ocr_line' id='line_1_8' title="bbox 60 913 1571 988; baseline -0.012 -3"><span class='ocrx_word' id='word_1_50' title='bbox 60 927 285 985; x_wconf 84' lang='lat' dir='ltr'><strong>censiones</strong></span> <span class='ocrx_word' id='word_1_51' title='bbox 310 921 529 977; x_wconf 82' lang='lat' dir='ltr'><strong>historia</strong></span> <span class='ocrx_word' id='word_1_52' title='bbox 559 918 620 974; x_wconf 88' lang='lat' dir='ltr'><strong>C.</strong></span> <span class='ocrx_word' id='word_1_53' title='bbox 655 917 1015 988; x_wconf 86' lang='lat' dir='ltr'><strong>antiquiores,</strong></span> <span class='ocrx_word' id='word_1_54' title='bbox 1049 917 1162 970; x_wconf 89' lang='lat' dir='ltr'><strong>imo</strong></span> <span class='ocrx_word' id='word_1_55' title='bbox 1189 917 1304 985; x_wconf 90' lang='lat' dir='ltr'><strong>jam</strong></span> <span class='ocrx_word' id='word_1_56' title='bbox 1333 929 1385 969; x_wconf 91' lang='lat' dir='ltr'><strong>a.</strong></span> <span class='ocrx_word' id='word_1_57' title='bbox 1433 913 1571 968; x_wconf 88' lang='grc'>1106</span> 
     </span>
    </p>
   </div>
   <div class='ocr_carea' id='block_1_9' title="bbox 58 1005 1572 1081">
    <p class='ocr_par' dir='ltr' id='par_1_9' title="bbox 58 1005 1572 1081">
     <span class='ocr_line' id='line_1_9' title="bbox 58 1005 1572 1081; baseline -0.008 -9"><span class='ocrx_word' id='word_1_58' title='bbox 58 1022 117 1076; x_wconf 80' lang='lat' dir='ltr'><strong>vel</strong></span> <span class='ocrx_word' id='word_1_59' title='bbox 144 1017 254 1073; x_wconf 82' lang='grc'>1107</span> <span class='ocrx_word' id='word_1_60' title='bbox 279 1029 375 1069; x_wconf 84' lang='lat' dir='ltr'><strong>una</strong></span> <span class='ocrx_word' id='word_1_61' title='bbox 402 1027 528 1067; x_wconf 90' lang='lat' dir='ltr'><strong>cum</strong></span> <span class='ocrx_word' id='word_1_62' title='bbox 558 1009 876 1081; x_wconf 67' lang='lat' dir='ltr'><strong>praefatione</strong></span> <span class='ocrx_word' id='word_1_63' title='bbox 907 1008 996 1062; x_wconf 87' lang='lat' dir='ltr'><strong>illa</strong></span> <span class='ocrx_word' id='word_1_64' title='bbox 1033 1008 1262 1078; x_wconf 90' lang='lat' dir='ltr'><strong>ejusque</strong></span> <span class='ocrx_word' id='word_1_65' title='bbox 1288 1005 1416 1060; x_wconf 91' lang='lat' dir='ltr'><strong>auni</strong></span> <span class='ocrx_word' id='word_1_66' title='bbox 1443 1021 1572 1060; x_wconf 83' lang='lat' dir='ltr'><strong>nar-</strong></span> 
     </span>
    </p>
   </div>
   <div class='ocr_carea' id='block_1_10' title="bbox 58 1096 1573 1173">
    <p class='ocr_par' dir='ltr' id='par_1_10' title="bbox 58 1096 1573 1173">
     <span class='ocr_line' id='line_1_10' title="bbox 58 1096 1573 1173; baseline -0.011 -6"><span class='ocrx_word' id='word_1_67' title='bbox 58 1112 216 1167; x_wconf 82' lang='lat' dir='ltr'><strong>ratione</strong></span> <span class='ocrx_word' id='word_1_68' title='bbox 253 1103 513 1162; x_wconf 79' lang='lat' dir='ltr'><strong>confectas</strong></span> <span class='ocrx_word' id='word_1_69' title='bbox 546 1102 776 1173; x_wconf 89' lang='lat' dir='ltr'><strong>putaris.</strong></span> <span class='ocrx_word' id='word_1_70' title='bbox 814 1099 918 1155; x_wconf 85' lang='lat' dir='ltr'><strong>Cui</strong></span> <span class='ocrx_word' id='word_1_71' title='bbox 963 1115 1065 1154; x_wconf 91' lang='lat' dir='ltr'><strong>nec</strong></span> <span class='ocrx_word' id='word_1_72' title='bbox 1111 1099 1228 1168; x_wconf 89' lang='lat' dir='ltr'><strong>ipse</strong></span> <span class='ocrx_word' id='word_1_73' title='bbox 1267 1096 1573 1166; x_wconf 78' lang='lat' dir='ltr'><strong>relragarer</strong></span> 
     </span>
    </p>
   </div>
   <div class='ocr_carea' id='block_1_11' title="bbox 55 1187 1571 1266">
    <p class='ocr_par' dir='ltr' id='par_1_11' title="bbox 55 1187 1571 1266">
     <span class='ocr_line' id='line_1_11' title="bbox 55 1187 1571 1266; baseline -0.013 -7"><span class='ocrx_word' id='word_1_74' title='bbox 55 1201 295 1266; x_wconf 66' lang='lat' dir='ltr'><strong>sententiae,</strong></span> <span class='ocrx_word' id='word_1_75' title='bbox 328 1197 429 1251; x_wconf 89' lang='lat' dir='ltr'><strong>uisi</strong></span> <span class='ocrx_word' id='word_1_76' title='bbox 456 1193 722 1266; x_wconf 76' lang='lat' dir='ltr'><strong>Sigeberti</strong></span> <span class='ocrx_word' id='word_1_77' title='bbox 747 1191 1063 1248; x_wconf 86' lang='lat' dir='ltr'><strong>Chronicon</strong></span> <span class='ocrx_word' id='word_1_78' title='bbox 1096 1204 1146 1245; x_wconf 89' lang='lat' dir='ltr'><strong>a.</strong></span> <span class='ocrx_word' id='word_1_79' title='bbox 1183 1189 1403 1243; x_wconf 89' lang='lat' dir='ltr'><strong>demum</strong></span> <span class='ocrx_word' id='word_1_80' title='bbox 1434 1187 1571 1242; x_wconf 77' lang='lat' dir='ltr'><strong>lll2</strong></span> 
     </span>
    </p>
   </div>
   <div class='ocr_carea' id='block_1_12' title="bbox 56 1279 1572 1354">
    <p class='ocr_par' dir='ltr' id='par_1_12' title="bbox 56 1279 1572 1354">
     <span class='ocr_line' id='line_1_12' title="bbox 56 1279 1572 1354; baseline -0.011 -6"><span class='ocrx_word' id='word_1_81' title='bbox 56 1295 216 1348; x_wconf 86' lang='lat' dir='ltr'><strong>ﬁnitum</strong></span> <span class='ocrx_word' id='word_1_82' title='bbox 242 1297 372 1346; x_wconf 85' lang='lat' dir='ltr'><strong>esset</strong></span> <span class='ocrx_word' id='word_1_83' title='bbox 398 1295 453 1343; x_wconf 89' lang='lat' dir='ltr'><strong>et</strong></span> <span class='ocrx_word' id='word_1_84' title='bbox 487 1287 594 1342; x_wconf 89' lang='lat' dir='ltr'><strong>nisi</strong></span> <span class='ocrx_word' id='word_1_85' title='bbox 620 1294 910 1354; x_wconf 85' lang='lat' dir='ltr'><strong>utramque</strong></span> <span class='ocrx_word' id='word_1_86' title='bbox 935 1279 1309 1338; x_wconf 83' lang='lat' dir='ltr'><strong>recensionem</strong></span> <span class='ocrx_word' id='word_1_87' title='bbox 1337 1280 1393 1334; x_wconf 91' lang='lat' dir='ltr'><strong>in</strong></span> <span class='ocrx_word' id='word_1_88' title='bbox 1421 1279 1572 1334; x_wconf 83' lang='lat' dir='ltr'><strong>codi-</strong></span> 
     </span>
    </p>
   </div>
   <div class='ocr_carea' id='block_1_13' title="bbox 55 1369 1570 1453">
    <p class='ocr_par' dir='ltr' id='par_1_13' title="bbox 55 1369 1570 1453">
     <span class='ocr_line' id='line_1_13' title="bbox 55 1369 1570 1453; baseline -0.011 -12"><span class='ocrx_word' id='word_1_89' title='bbox 55 1388 168 1442; x_wconf 87' lang='lat' dir='ltr'><strong>cibus</strong></span> <span class='ocrx_word' id='word_1_90' title='bbox 188 1397 341 1453; x_wconf 87' lang='lat' dir='ltr'><strong>usque</strong></span> <span class='ocrx_word' id='word_1_91' title='bbox 365 1381 429 1435; x_wconf 90' lang='lat' dir='ltr'><strong>ad</strong></span> <span class='ocrx_word' id='word_1_92' title='bbox 461 1395 512 1434; x_wconf 91' lang='lat' dir='ltr'><strong>a.</strong></span> <span class='ocrx_word' id='word_1_93' title='bbox 547 1378 689 1432; x_wconf 74' lang='grc'>1125</span> <span class='ocrx_word' id='word_1_94' title='bbox 717 1377 1091 1432; x_wconf 88' lang='lat' dir='ltr'><strong>continuatam</strong></span> <span class='ocrx_word' id='word_1_95' title='bbox 1119 1372 1432 1443; x_wconf 86' lang='lat' dir='ltr'><strong>reperirem.</strong></span> <span class='ocrx_word' id='word_1_96' title='bbox 1479 1369 1570 1425; x_wconf 89' lang='lat' dir='ltr'><strong>Si-</strong></span> 
     </span>
    </p>
   </div>
   <div class='ocr_carea' id='block_1_14' title="bbox 54 1461 1566 1548">
    <p class='ocr_par' dir='ltr' id='par_1_14' title="bbox 54 1461 1566 1548">
     <span class='ocr_line' id='line_1_14' title="bbox 54 1461 1566 1548; baseline -0.011 -19"><span class='ocrx_word' id='word_1_97' title='bbox 54 1477 244 1548; x_wconf 76' lang='lat' dir='ltr'><strong>gebertus</strong></span> <span class='ocrx_word' id='word_1_98' title='bbox 253 1471 458 1542; x_wconf 87' lang='lat' dir='ltr'><strong>quidem</strong></span> <span class='ocrx_word' id='word_1_99' title='bbox 476 1469 588 1540; x_wconf 90' lang='lat' dir='ltr'><strong>jam</strong></span> <span class='ocrx_word' id='word_1_100' title='bbox 613 1477 772 1523; x_wconf 90' lang='lat' dir='ltr'><strong>antea</strong></span> <span class='ocrx_word' id='word_1_101' title='bbox 786 1482 927 1537; x_wconf 91' lang='lat' dir='ltr'><strong>opus</strong></span> <span class='ocrx_word' id='word_1_102' title='bbox 938 1466 1178 1520; x_wconf 88' lang='lat' dir='ltr'><strong>edidisse</strong></span> <span class='ocrx_word' id='word_1_103' title='bbox 1191 1471 1416 1534; x_wconf 88' lang='lat' dir='ltr'><strong>putatur</strong></span> <span class='ocrx_word' id='word_1_104' title='bbox 1429 1461 1566 1533; x_wconf 88' lang='lat'><strong>(97),</strong></span> 
     </span>
    </p>
   </div>
   <div class='ocr_carea' id='block_1_15' title="bbox 53 1554 1570 1626">
    <p class='ocr_par' dir='ltr' id='par_1_15' title="bbox 53 1554 1570 1626">
     <span class='ocr_line' id='line_1_15' title="bbox 53 1554 1570 1626; baseline -0.007 -7"><span class='ocrx_word' id='word_1_105' title='bbox 53 1565 212 1619; x_wconf 76' lang='lat' dir='ltr'><strong>cidices</strong></span> <span class='ocrx_word' id='word_1_106' title='bbox 229 1570 396 1616; x_wconf 87' lang='lat' dir='ltr'><strong>autem</strong></span> <span class='ocrx_word' id='word_1_107' title='bbox 425 1560 592 1614; x_wconf 88' lang='lat' dir='ltr'><strong>etiam</strong></span> <span class='ocrx_word' id='word_1_108' title='bbox 628 1559 683 1612; x_wconf 88' lang='lat' dir='ltr'><strong>in</strong></span> <span class='ocrx_word' id='word_1_109' title='bbox 713 1558 836 1612; x_wconf 88' lang='lat' dir='ltr'><strong>aliis</strong></span> <span class='ocrx_word' id='word_1_110' title='bbox 865 1571 896 1612; x_wconf 90' lang='lat' dir='ltr'><strong>a</strong></span> <span class='ocrx_word' id='word_1_111' title='bbox 924 1557 1183 1626; x_wconf 62' lang='lat' dir='ltr'><strong>primaeva</strong></span> <span class='ocrx_word' id='word_1_112' title='bbox 1214 1554 1390 1609; x_wconf 83' lang='lat' dir='ltr'><strong>forma</strong></span> <span class='ocrx_word' id='word_1_113' title='bbox 1419 1567 1570 1609; x_wconf 88' lang='lat' dir='ltr'><strong>rece-</strong></span> 
     </span>
    </p>
   </div>
   <div class='ocr_carea' id='block_1_16' title="bbox 53 1646 1567 1722">
    <p class='ocr_par' dir='ltr' id='par_1_16' title="bbox 53 1646 1567 1722">
     <span class='ocr_line' id='line_1_16' title="bbox 53 1646 1567 1722; baseline -0.005 -15"><span class='ocrx_word' id='word_1_114' title='bbox 53 1654 142 1708; x_wconf 81' lang='lat' dir='ltr'><strong>dere</strong></span> <span class='ocrx_word' id='word_1_115' title='bbox 164 1662 300 1722; x_wconf 85' lang='lat' dir='ltr'><strong>atque</strong></span> <span class='ocrx_word' id='word_1_116' title='bbox 330 1649 640 1704; x_wconf 89' lang='lat' dir='ltr'><strong>Chronicon</strong></span> <span class='ocrx_word' id='word_1_117' title='bbox 668 1655 855 1719; x_wconf 90' lang='lat' dir='ltr'><strong>postea</strong></span> <span class='ocrx_word' id='word_1_118' title='bbox 884 1648 954 1702; x_wconf 88' lang='lat' dir='ltr'><strong>ab</strong></span> <span class='ocrx_word' id='word_1_119' title='bbox 985 1656 1208 1702; x_wconf 87' lang='lat' dir='ltr'><strong>auctore</strong></span> <span class='ocrx_word' id='word_1_120' title='bbox 1235 1646 1310 1700; x_wconf 87' lang='lat' dir='ltr'><strong>ita</strong></span> <span class='ocrx_word' id='word_1_121' title='bbox 1340 1659 1567 1714; x_wconf 91' lang='lat' dir='ltr'><strong>compo-</strong></span> 
     </span>
    </p>
   </div>
   <div class='ocr_carea' id='block_1_17' title="bbox 52 1735 1565 1803">
    <p class='ocr_par' dir='ltr' id='par_1_17' title="bbox 52 1735 1565 1803">
     <span class='ocr_line' id='line_1_17' title="bbox 52 1735 1565 1803; baseline -0.004 -6"><span class='ocrx_word' id='word_1_122' title='bbox 52 1745 171 1798; x_wconf 86' lang='lat' dir='ltr'><strong>situm</strong></span> <span class='ocrx_word' id='word_1_123' title='bbox 206 1743 462 1797; x_wconf 89' lang='lat' dir='ltr'><strong>continere</strong></span> <span class='ocrx_word' id='word_1_124' title='bbox 509 1740 782 1795; x_wconf 87' lang='lat' dir='ltr'><strong>videntur.</strong></span> <span class='ocrx_word' id='word_1_125' title='bbox 815 1769 885 1778; x_wconf 97' lang='lat'><strong>—</strong></span> <span class='ocrx_word' id='word_1_126' title='bbox 917 1735 1024 1793; x_wconf 90' lang='lat' dir='ltr'><strong>Sed</strong></span> <span class='ocrx_word' id='word_1_127' title='bbox 1051 1737 1404 1794; x_wconf 89' lang='lat' dir='ltr'><strong>recensiones</strong></span> <span class='ocrx_word' id='word_1_128' title='bbox 1461 1736 1565 1803; x_wconf 65' lang='lat' dir='ltr'><strong>hae,</strong></span> 
     </span>
    </p>
   </div>
   <div class='ocr_carea' id='block_1_18' title="bbox 51 1829 1568 1903">
    <p class='ocr_par' dir='ltr' id='par_1_18' title="bbox 51 1829 1568 1903">
     <span class='ocr_line' id='line_1_18' title="bbox 51 1829 1568 1903; baseline -0.003 -16"><span class='ocrx_word' id='word_1_129' title='bbox 51 1833 239 1903; x_wconf 79' lang='lat' dir='ltr'><strong>quamvis</strong></span> <span class='ocrx_word' id='word_1_130' title='bbox 278 1834 410 1888; x_wconf 87' lang='lat' dir='ltr'><strong>inter</strong></span> <span class='ocrx_word' id='word_1_131' title='bbox 457 1847 519 1888; x_wconf 90' lang='lat' dir='ltr'><strong>se</strong></span> <span class='ocrx_word' id='word_1_132' title='bbox 575 1832 630 1886; x_wconf 94' lang='lat' dir='ltr'><strong>in</strong></span> <span class='ocrx_word' id='word_1_133' title='bbox 687 1831 966 1902; x_wconf 85' lang='lat' dir='ltr'><strong>plerisque</strong></span> <span class='ocrx_word' id='word_1_134' title='bbox 1018 1829 1388 1896; x_wconf 86' lang='lat' dir='ltr'><strong>conveniant,</strong></span> <span class='ocrx_word' id='word_1_135' title='bbox 1439 1835 1568 1882; x_wconf 86' lang='lat' dir='ltr'><strong>sunt</strong></span> 
     </span>
    </p>
   </div>
   <div class='ocr_carea' id='block_1_19' title="bbox 53 1918 1564 1993">
    <p class='ocr_par' dir='ltr' id='par_1_19' title="bbox 53 1918 1564 1993">
     <span class='ocr_line' id='line_1_19' title="bbox 53 1918 1564 1993; baseline -0.003 -17"><span class='ocrx_word' id='word_1_136' title='bbox 53 1932 184 1976; x_wconf 81' lang='lat' dir='ltr'><strong>tamen</strong></span> <span class='ocrx_word' id='word_1_137' title='bbox 212 1923 257 1976; x_wconf 89' lang='lat' dir='ltr'><strong>in</strong></span> <span class='ocrx_word' id='word_1_138' title='bbox 291 1923 486 1993; x_wconf 91' lang='lat' dir='ltr'><strong>quibus</strong></span> <span class='ocrx_word' id='word_1_139' title='bbox 535 1921 809 1978; x_wconf 67' lang='lat' dir='ltr'><strong>differant.</strong></span> <span class='ocrx_word' id='word_1_140' title='bbox 857 1921 1047 1988; x_wconf 81' lang='lat' dir='ltr'><strong>Prior,</strong></span> <span class='ocrx_word' id='word_1_141' title='bbox 1098 1935 1265 1992; x_wconf 88' lang='lat' dir='ltr'><strong>quam</strong></span> <span class='ocrx_word' id='word_1_142' title='bbox 1310 1919 1381 1974; x_wconf 85' lang='lat' dir='ltr'><strong>D.</strong></span> <span class='ocrx_word' id='word_1_143' title='bbox 1431 1918 1564 1985; x_wconf 82' lang='lat' dir='ltr'><strong>dixi,</strong></span> 
     </span>
    </p>
   </div>
   <div class='ocr_carea' id='block_1_20' title="bbox 49 2006 1567 2082">
    <p class='ocr_par' dir='ltr' id='par_1_20' title="bbox 49 2006 1567 2082">
     <span class='ocr_line' id='line_1_20' title="bbox 49 2006 1567 2082; baseline -0.003 -16"><span class='ocrx_word' id='word_1_144' title='bbox 49 2011 291 2068; x_wconf 84' lang='lat' dir='ltr'><strong>Chronicon</strong></span> <span class='ocrx_word' id='word_1_145' title='bbox 314 2028 362 2066; x_wconf 91' lang='lat' dir='ltr'><strong>a.</strong></span> <span class='ocrx_word' id='word_1_146' title='bbox 396 2011 535 2066; x_wconf 84' lang='lat' dir='ltr'><strong>l099</strong></span> <span class='ocrx_word' id='word_1_147' title='bbox 561 2020 900 2082; x_wconf 88' lang='lat' dir='ltr'><strong>susceptum,</strong></span> <span class='ocrx_word' id='word_1_148' title='bbox 934 2025 987 2066; x_wconf 91' lang='lat' dir='ltr'><strong>a.</strong></span> <span class='ocrx_word' id='word_1_149' title='bbox 1023 2009 1162 2064; x_wconf 87' lang='grc'>1106</span> <span class='ocrx_word' id='word_1_150' title='bbox 1193 2008 1408 2064; x_wconf 79' lang='lat' dir='ltr'><strong>(initum</strong></span> <span class='ocrx_word' id='word_1_151' title='bbox 1438 2006 1567 2062; x_wconf 81' lang='lat' dir='ltr'><strong>lun-</strong></span> 
     </span>
    </p>
   </div>
   <div class='ocr_carea' id='block_1_21' title="bbox 46 2099 1566 2174">
    <p class='ocr_par' dir='ltr' id='par_1_21' title="bbox 46 2099 1566 2174">
     <span class='ocr_line' id='line_1_21' title="bbox 46 2099 1566 2174; baseline -0.001 -17"><span class='ocrx_word' id='word_1_152' title='bbox 46 2104 240 2159; x_wconf 78' lang='lat' dir='ltr'><strong>damento</strong></span> <span class='ocrx_word' id='word_1_153' title='bbox 254 2103 415 2174; x_wconf 84' lang='lat' dir='ltr'><strong>ponit,</strong></span> <span class='ocrx_word' id='word_1_154' title='bbox 437 2103 535 2159; x_wconf 91' lang='lat' dir='ltr'><strong>sed</strong></span> <span class='ocrx_word' id='word_1_155' title='bbox 565 2103 700 2159; x_wconf 90' lang='lat' dir='ltr'><strong>locis</strong></span> <span class='ocrx_word' id='word_1_156' title='bbox 725 2102 1120 2174; x_wconf 81' lang='lat' dir='ltr'><strong>Sigebertianis</strong></span> <span class='ocrx_word' id='word_1_157' title='bbox 1143 2099 1566 2173; x_wconf 89' lang='lat' dir='ltr'><strong>quamplurimis</strong></span> 
     </span>
    </p>
   </div>
   <div class='ocr_carea' id='block_1_22' title="bbox 47 2192 1562 2267">
    <p class='ocr_par' dir='ltr' id='par_1_22' title="bbox 47 2192 1562 2267">
     <span class='ocr_line' id='line_1_22' title="bbox 47 2192 1562 2267; baseline -0.001 -19"><span class='ocrx_word' id='word_1_158' title='bbox 47 2197 228 2264; x_wconf 81' lang='lat' dir='ltr'><strong>ampliat.</strong></span> <span class='ocrx_word' id='word_1_159' title='bbox 246 2194 528 2252; x_wconf 81' lang='lat' dir='ltr'><strong>Historiam</strong></span> <span class='ocrx_word' id='word_1_160' title='bbox 547 2195 672 2250; x_wconf 89' lang='lat' dir='ltr'><strong>belli</strong></span> <span class='ocrx_word' id='word_1_161' title='bbox 694 2195 1172 2267; x_wconf 82' lang='lat' dir='ltr'><strong>Hierosolymitani</strong></span> <span class='ocrx_word' id='word_1_162' title='bbox 1203 2210 1254 2249; x_wconf 90' lang='lat' dir='ltr'><strong>a.</strong></span> <span class='ocrx_word' id='word_1_163' title='bbox 1280 2192 1419 2248; x_wconf 89' lang='grc'>1099</span> <span class='ocrx_word' id='word_1_164' title='bbox 1440 2208 1562 2263; x_wconf 88' lang='lat' dir='ltr'><strong>sqq.</strong></span> 
     </span>
    </p>
   </div>
   <div class='ocr_carea' id='block_1_23' title="bbox 47 2285 1564 2359">
    <p class='ocr_par' dir='ltr' id='par_1_23' title="bbox 47 2285 1564 2359">
     <span class='ocr_line' id='line_1_23' title="bbox 47 2285 1564 2359; baseline -0.001 -17"><span class='ocrx_word' id='word_1_165' title='bbox 47 2292 192 2344; x_wconf 87' lang='lat' dir='ltr'><strong>omittit</strong></span> <span class='ocrx_word' id='word_1_166' title='bbox 210 2291 328 2346; x_wconf 89' lang='lat' dir='ltr'><strong>et-in</strong></span> <span class='ocrx_word' id='word_1_167' title='bbox 361 2290 524 2346; x_wconf 82' lang='lat' dir='ltr'><strong>tinem</strong></span> <span class='ocrx_word' id='word_1_168' title='bbox 555 2289 854 2346; x_wconf 83' lang='lat' dir='ltr'><strong>voluminis</strong></span> <span class='ocrx_word' id='word_1_169' title='bbox 882 2288 1080 2359; x_wconf 88' lang='lat' dir='ltr'><strong>rejicit,</strong></span> <span class='ocrx_word' id='word_1_170' title='bbox 1122 2303 1174 2342; x_wconf 91' lang='lat' dir='ltr'><strong>a.</strong></span> <span class='ocrx_word' id='word_1_171' title='bbox 1220 2285 1359 2340; x_wconf 88' lang='grc'>1106</span> <span class='ocrx_word' id='word_1_172' title='bbox 1401 2286 1564 2341; x_wconf 91' lang='lat' dir='ltr'><strong>modo</strong></span> 
     </span>
    </p>
   </div>
   <div class='ocr_carea' id='block_1_24' title="bbox 47 2375 1560 2453">
    <p class='ocr_par' dir='ltr' id='par_1_24' title="bbox 47 2375 1560 2453">
     <span class='ocr_line' id='line_1_24' title="bbox 47 2375 1560 2453; baseline -0.005 -17"><span class='ocrx_word' id='word_1_173' title='bbox 47 2384 176 2452; x_wconf 72' lang='lat' dir='ltr'><strong>pergit</strong></span> <span class='ocrx_word' id='word_1_174' title='bbox 207 2384 546 2453; x_wconf 83' lang='lat' dir='ltr'><strong>supradicto,</strong></span> <span class='ocrx_word' id='word_1_175' title='bbox 579 2382 951 2437; x_wconf 78' lang='lat' dir='ltr'><strong>narrationem</strong></span> <span class='ocrx_word' id='word_1_176' title='bbox 995 2393 1128 2434; x_wconf 89' lang='lat' dir='ltr'><strong>vero</strong></span> <span class='ocrx_word' id='word_1_177' title='bbox 1173 2392 1349 2447; x_wconf 89' lang='lat' dir='ltr'><strong>usque</strong></span> <span class='ocrx_word' id='word_1_178' title='bbox 1393 2375 1460 2430; x_wconf 91' lang='lat' dir='ltr'><strong>ad</strong></span> <span class='ocrx_word' id='word_1_179' title='bbox 1507 2391 1560 2430; x_wconf 88' lang='lat' dir='ltr'><strong>a.</strong></span> 
     </span>
    </p>
   </div>
   <div class='ocr_carea' id='block_1_25' title="bbox 48 2466 1562 2539">
    <p class='ocr_par' dir='ltr' id='par_1_25' title="bbox 48 2466 1562 2539">
     <span class='ocr_line' id='line_1_25' title="bbox 48 2466 1562 2539; baseline -0.003 -15"><span class='ocrx_word' id='word_1_180' title='bbox 48 2472 145 2527; x_wconf 69' lang='grc'>1125</span> <span class='ocrx_word' id='word_1_181' title='bbox 171 2474 443 2529; x_wconf 84' lang='lat' dir='ltr'><strong>continuat.</strong></span> <span class='ocrx_word' id='word_1_182' title='bbox 493 2474 698 2539; x_wconf 82' lang='lat' dir='ltr'><strong>Altera,</strong></span> <span class='ocrx_word' id='word_1_183' title='bbox 740 2471 806 2526; x_wconf 85' lang='lat' dir='ltr'><strong>E.</strong></span> <span class='ocrx_word' id='word_1_184' title='bbox 853 2472 1017 2536; x_wconf 88' lang='lat' dir='ltr'><strong>dicta,</strong></span> <span class='ocrx_word' id='word_1_185' title='bbox 1061 2478 1115 2525; x_wconf 88' lang='lat' dir='ltr'><strong>et</strong></span> <span class='ocrx_word' id='word_1_186' title='bbox 1156 2469 1274 2538; x_wconf 88' lang='lat' dir='ltr'><strong>ipsa</strong></span> <span class='ocrx_word' id='word_1_187' title='bbox 1317 2466 1562 2537; x_wconf 74' lang='lat' dir='ltr'><strong>primaevi</strong></span> 
     </span>
    </p>
   </div>
   <div class='ocr_carea' id='block_1_26' title="bbox 48 2556 1562 2634">
    <p class='ocr_par' dir='ltr' id='par_1_26' title="bbox 48 2556 1562 2634">
     <span class='ocr_line' id='line_1_26' title="bbox 48 2556 1562 2634; baseline -0.002 -20"><span class='ocrx_word' id='word_1_188' title='bbox 48 2570 176 2617; x_wconf 77' lang='lat' dir='ltr'><strong>textus</strong></span> <span class='ocrx_word' id='word_1_189' title='bbox 192 2565 394 2634; x_wconf 77' lang='lat' dir='ltr'><strong>vestigia</strong></span> <span class='ocrx_word' id='word_1_190' title='bbox 420 2563 641 2634; x_wconf 81' lang='lat' dir='ltr'><strong>premit,</strong></span> <span class='ocrx_word' id='word_1_191' title='bbox 671 2561 1045 2633; x_wconf 78' lang='lat' dir='ltr'><strong>Sigebertiana</strong></span> <span class='ocrx_word' id='word_1_192' title='bbox 1075 2559 1268 2614; x_wconf 85' lang='lat' dir='ltr'><strong>eadem</strong></span> <span class='ocrx_word' id='word_1_193' title='bbox 1297 2556 1413 2612; x_wconf 77' lang='lat' dir='ltr'><strong>fere</strong></span> <span class='ocrx_word' id='word_1_194' title='bbox 1439 2571 1562 2626; x_wconf 74' lang='lat' dir='ltr'><strong>quae</strong></span> 
     </span>
    </p>
   </div>
   <div class='ocr_carea' id='block_1_27' title="bbox 49 2643 1561 2720">
    <p class='ocr_par' dir='ltr' id='par_1_27' title="bbox 49 2643 1561 2720">
     <span class='ocr_line' id='line_1_27' title="bbox 49 2643 1561 2720; baseline 0.001 -23"><span class='ocrx_word' id='word_1_195' title='bbox 49 2644 96 2698; x_wconf 83' lang='grc' dir='ltr'><strong>Ι).</strong></span> <span class='ocrx_word' id='word_1_196' title='bbox 116 2647 244 2702; x_wconf 83' lang='lat' dir='ltr'><strong>habet</strong></span> <span class='ocrx_word' id='word_1_197' title='bbox 263 2648 579 2720; x_wconf 76' lang='lat' dir='ltr'><strong>fragmenta,</strong></span> <span class='ocrx_word' id='word_1_198' title='bbox 603 2647 842 2717; x_wconf 85' lang='lat' dir='ltr'><strong>majores</strong></span> <span class='ocrx_word' id='word_1_199' title='bbox 867 2653 1046 2700; x_wconf 85' lang='lat' dir='ltr'><strong>tamen</strong></span> <span class='ocrx_word' id='word_1_200' title='bbox 1074 2645 1197 2700; x_wconf 87' lang='lat' dir='ltr'><strong>illas</strong></span> <span class='ocrx_word' id='word_1_201' title='bbox 1217 2643 1561 2698; x_wconf 87' lang='lat' dir='ltr'><strong>narrationes</strong></span> 
     </span>
    </p>
   </div>
   <div class='ocr_carea' id='block_1_28' title="bbox 47 2735 1562 2811">
    <p class='ocr_par' dir='ltr' id='par_1_28' title="bbox 47 2735 1562 2811">
     <span class='ocr_line' id='line_1_28' title="bbox 47 2735 1562 2811; baseline 0.001 -23"><span class='ocrx_word' id='word_1_202' title='bbox 47 2735 100 2790; x_wconf 85' lang='lat' dir='ltr'><strong>De</strong></span> <span class='ocrx_word' id='word_1_203' title='bbox 118 2739 307 2796; x_wconf 88' lang='lat' dir='ltr'><strong>historia</strong></span> <span class='ocrx_word' id='word_1_204' title='bbox 331 2739 624 2796; x_wconf 76' lang='lat' dir='ltr'><strong>Alexandri</strong></span> <span class='ocrx_word' id='word_1_205' title='bbox 651 2738 786 2811; x_wconf 89' lang='lat'><strong>(98),</strong></span> <span class='ocrx_word' id='word_1_206' title='bbox 819 2737 1157 2793; x_wconf 83' lang='lat' dir='ltr'><strong>Francorum</strong></span> <span class='ocrx_word' id='word_1_207' title='bbox 1184 2735 1320 2807; x_wconf 89' lang='lat'><strong>(99),</strong></span> <span class='ocrx_word' id='word_1_208' title='bbox 1353 2735 1562 2790; x_wconf 82' lang='lat' dir='ltr'><strong>Gotho-</strong></span> 
     </span>
    </p>
   </div>
   <div class='ocr_carea' id='block_1_29' title="bbox 47 2827 1561 2904">
    <p class='ocr_par' dir='ltr' id='par_1_29' title="bbox 47 2827 1561 2904">
     <span class='ocr_line' id='line_1_29' title="bbox 47 2827 1561 2904; baseline 0 -22"><span class='ocrx_word' id='word_1_209' title='bbox 47 2844 157 2897; x_wconf 85' lang='lat' dir='ltr'><strong>rum,</strong></span> <span class='ocrx_word' id='word_1_210' title='bbox 195 2830 681 2904; x_wconf 68' lang='lat' dir='ltr'><strong>Langobardorum,</strong></span> <span class='ocrx_word' id='word_1_211' title='bbox 728 2830 912 2886; x_wconf 88' lang='lat' dir='ltr'><strong>Caroli</strong></span> <span class='ocrx_word' id='word_1_212' title='bbox 948 2828 1128 2900; x_wconf 77' lang='lat' dir='ltr'><strong>Magni</strong></span> <span class='ocrx_word' id='word_1_213' title='bbox 1171 2827 1561 2896; x_wconf 78' lang='lat' dir='ltr'><strong>Saxonumque</strong></span> 
     </span>
    </p>
   </div>
   <div class='ocr_carea' id='block_1_30' title="bbox 45 2918 1558 2995">
    <p class='ocr_par' dir='ltr' id='par_1_30' title="bbox 45 2918 1558 2995">
     <span class='ocr_line' id='line_1_30' title="bbox 45 2918 1558 2995; baseline 0.001 -23"><span class='ocrx_word' id='word_1_214' title='bbox 45 2923 193 2977; x_wconf 86' lang='lat' dir='ltr'><strong>omittit</strong></span> <span class='ocrx_word' id='word_1_215' title='bbox 229 2924 362 2995; x_wconf 87' lang='lat' dir='ltr'><strong>(l00)</strong></span> <span class='ocrx_word' id='word_1_216' title='bbox 385 2968 401 2991; x_wconf 90' lang='lat'><strong>,</strong></span> <span class='ocrx_word' id='word_1_217' title='bbox 452 2941 558 2981; x_wconf 90' lang='lat' dir='ltr'><strong>nec</strong></span> <span class='ocrx_word' id='word_1_218' title='bbox 608 2938 718 2978; x_wconf 87' lang='lat' dir='ltr'><strong>non</strong></span> <span class='ocrx_word' id='word_1_219' title='bbox 753 2921 1114 2994; x_wconf 85' lang='lat' dir='ltr'><strong>expeditionis</strong></span> <span class='ocrx_word' id='word_1_220' title='bbox 1161 2918 1558 2977; x_wconf 77' lang='lat' dir='ltr'><strong>cruciferorum</strong></span> 
     </span>
    </p>
   </div>
   <div class='ocr_carea' id='block_1_31' title="bbox 47 3011 1558 3086">
    <p class='ocr_par' dir='ltr' id='par_1_31' title="bbox 47 3011 1558 3086">
     <span class='ocr_line' id='line_1_31' title="bbox 47 3011 1558 3086; baseline 0 -20"><span class='ocrx_word' id='word_1_221' title='bbox 47 3011 272 3072; x_wconf 82' lang='lat' dir='ltr'><strong>Historiam</strong></span> <span class='ocrx_word' id='word_1_222' title='bbox 302 3035 328 3073; x_wconf 91' lang='lat' dir='ltr'><strong>a</strong></span> <span class='ocrx_word' id='word_1_223' title='bbox 353 3017 630 3074; x_wconf 86' lang='lat' dir='ltr'><strong>Chronico</strong></span> <span class='ocrx_word' id='word_1_224' title='bbox 676 3016 914 3073; x_wconf 85' lang='lat' dir='ltr'><strong>secernit</strong></span> <span class='ocrx_word' id='word_1_225' title='bbox 945 3023 1001 3072; x_wconf 89' lang='lat' dir='ltr'><strong>et</strong></span> <span class='ocrx_word' id='word_1_226' title='bbox 1026 3015 1083 3070; x_wconf 91' lang='lat' dir='ltr'><strong>in</strong></span> <span class='ocrx_word' id='word_1_227' title='bbox 1113 3013 1406 3086; x_wconf 79' lang='lat' dir='ltr'><strong>singularis</strong></span> <span class='ocrx_word' id='word_1_228' title='bbox 1431 3011 1558 3067; x_wconf 87' lang='lat' dir='ltr'><strong>libri</strong></span> 
     </span>
    </p>
   </div>
   <div class='ocr_carea' id='block_1_32' title="bbox 45 3103 1554 3182">
    <p class='ocr_par' dir='ltr' id='par_1_32' title="bbox 45 3103 1554 3182">
     <span class='ocr_line' id='line_1_32' title="bbox 45 3103 1554 3182; baseline 0.001 -26"><span class='ocrx_word' id='word_1_229' title='bbox 45 3103 217 3162; x_wconf 78' lang='lat' dir='ltr'><strong>formam</strong></span> <span class='ocrx_word' id='word_1_230' title='bbox 247 3109 447 3182; x_wconf 81' lang='lat' dir='ltr'><strong>redigit,</strong></span> <span class='ocrx_word' id='word_1_231' title='bbox 489 3109 586 3180; x_wconf 90' lang='lat' dir='ltr'><strong>qui</strong></span> <span class='ocrx_word' id='word_1_232' title='bbox 628 3107 1046 3179; x_wconf 79' lang='lat' dir='ltr'><strong>Hierosolymita</strong></span> <span class='ocrx_word' id='word_1_233' title='bbox 1077 3105 1231 3177; x_wconf 91' lang='lat' dir='ltr'><strong>(ideo</strong></span> <span class='ocrx_word' id='word_1_234' title='bbox 1280 3103 1355 3158; x_wconf 86' lang='grc' dir='ltr'><strong>Η.</strong></span> <span class='ocrx_word' id='word_1_235' title='bbox 1407 3103 1554 3158; x_wconf 90' lang='lat' dir='ltr'><strong>indi-</strong></span> 
     </span>
    </p>
   </div>
   <div class='ocr_carea' id='block_1_33' title="bbox 43 3196 1555 3272">
    <p class='ocr_par' dir='ltr' id='par_1_33' title="bbox 43 3196 1555 3272">
     <span class='ocr_line' id='line_1_33' title="bbox 43 3196 1555 3272; baseline 0 -21"><span class='ocrx_word' id='word_1_236' title='bbox 43 3200 178 3268; x_wconf 78' lang='lat' dir='ltr'><strong>catus)</strong></span> <span class='ocrx_word' id='word_1_237' title='bbox 208 3201 484 3272; x_wconf 78' lang='lat' dir='ltr'><strong>inscriptus</strong></span> <span class='ocrx_word' id='word_1_238' title='bbox 525 3211 580 3257; x_wconf 87' lang='lat' dir='ltr'><strong>et</strong></span> <span class='ocrx_word' id='word_1_239' title='bbox 623 3201 978 3256; x_wconf 84' lang='lat' dir='ltr'><strong>Erkemberto</strong></span> <span class='ocrx_word' id='word_1_240' title='bbox 1019 3197 1202 3254; x_wconf 90' lang='lat' dir='ltr'><strong>abbati</strong></span> <span class='ocrx_word' id='word_1_241' title='bbox 1236 3196 1555 3252; x_wconf 90' lang='lat' dir='ltr'><strong>Corbeiensi</strong></span> 
     </span>
    </p>
   </div>
   <div class='ocr_carea' id='block_1_34' title="bbox 42 3289 1560 3362">
    <p class='ocr_par' dir='ltr' id='par_1_34' title="bbox 42 3289 1560 3362">
     <span class='ocr_line' id='line_1_34' title="bbox 42 3289 1560 3362; baseline 0.003 -23"><span class='ocrx_word' id='word_1_242' title='bbox 42 3289 258 3347; x_wconf 81' lang='lat' dir='ltr'><strong>dedicatus</strong></span> <span class='ocrx_word' id='word_1_243' title='bbox 275 3303 352 3349; x_wconf 88' lang='lat' dir='ltr'><strong>est</strong></span> <span class='ocrx_word' id='word_1_244' title='bbox 376 3294 559 3362; x_wconf 89' lang='grc'><strong>(101)..</strong></span> <span class='ocrx_word' id='word_1_245' title='bbox 582 3293 768 3349; x_wconf 89' lang='lat' dir='ltr'><strong>Eidem</strong></span> <span class='ocrx_word' id='word_1_246' title='bbox 794 3291 1106 3346; x_wconf 89' lang='lat' dir='ltr'><strong>Chronicon</strong></span> <span class='ocrx_word' id='word_1_247' title='bbox 1132 3304 1352 3361; x_wconf 87' lang='lat' dir='ltr'><strong>quoque</strong></span> <span class='ocrx_word' id='word_1_248' title='bbox 1378 3297 1560 3344; x_wconf 89' lang='lat' dir='ltr'><strong>trans-</strong></span> 
     </span>
    </p>
   </div>
   <div class='ocr_carea' id='block_1_35' title="bbox 45 3381 1240 3456">
    <p class='ocr_par' dir='ltr' id='par_1_35' title="bbox 45 3381 1240 3456">
     <span class='ocr_line' id='line_1_35' title="bbox 45 3381 1240 3456; baseline 0.011 -26"><span class='ocrx_word' id='word_1_249' title='bbox 45 3382 166 3446; x_wconf 83' lang='lat' dir='ltr'><strong>misit,</strong></span> <span class='ocrx_word' id='word_1_250' title='bbox 194 3385 282 3439; x_wconf 88' lang='lat' dir='ltr'><strong>hac</strong></span> <span class='ocrx_word' id='word_1_251' title='bbox 306 3386 536 3456; x_wconf 88' lang='lat' dir='ltr'><strong>epistola</strong></span> <span class='ocrx_word' id='word_1_252' title='bbox 565 3385 708 3440; x_wconf 90' lang='lat' dir='ltr'><strong>libro</strong></span> <span class='ocrx_word' id='word_1_253' title='bbox 736 3383 1017 3455; x_wconf 68' lang='lat' dir='ltr'><strong>prmmissa</strong></span> <span class='ocrx_word' id='word_1_254' title='bbox 1047 3381 1196 3454; x_wconf 75' lang='grc'>(102)</span> <span class='ocrx_word' id='word_1_255' title='bbox 1223 3399 1240 3436; x_wconf 72' lang='grc' dir='ltr'><em>τ</em></span> 
     </span>
    </p>
   </div>
   <div class='ocr_carea' id='block_1_36' title="bbox 499 3491 1031 3533">
    <p class='ocr_par' dir='ltr' id='par_1_36' title="bbox 499 3491 1031 3533">
     <span class='ocr_line' id='line_1_36' title="bbox 499 3491 1031 3533; baseline -0.006 0"><span class='ocrx_word' id='word_1_256' title='bbox 499 3493 700 3533; x_wconf 73' lang='lat' dir='ltr'><strong>INCIPIT</strong></span> <span class='ocrx_word' id='word_1_257' title='bbox 738 3491 1031 3532; x_wconf 75' lang='lat' dir='ltr'><strong>PROLOGUS.</strong></span> 
     </span>
    </p>
   </div>
   <div class='ocr_carea' id='block_1_37' title="bbox 91 3559 1562 3637">
    <p class='ocr_par' dir='ltr' id='par_1_37' title="bbox 91 3559 1562 3637">
     <span class='ocr_line' id='line_1_37' title="bbox 91 3559 1562 3637; baseline -0.001 -22"><span class='ocrx_word' id='word_1_258' title='bbox 91 3560 250 3618; x_wconf 80' lang='lat' dir='ltr'><strong>Christi</strong></span> <span class='ocrx_word' id='word_1_259' title='bbox 273 3567 491 3635; x_wconf 72' lang='lat' dir='ltr'><strong>familia:</strong></span> <span class='ocrx_word' id='word_1_260' title='bbox 521 3567 670 3637; x_wconf 83' lang='lat' dir='ltr'><strong>fideli</strong></span> <span class='ocrx_word' id='word_1_261' title='bbox 698 3565 1047 3636; x_wconf 76' lang='lat' dir='ltr'><strong>prudentique</strong></span> <span class='ocrx_word' id='word_1_262' title='bbox 1081 3561 1436 3632; x_wconf 76' lang='lat' dir='ltr'><strong>dispensatori</strong></span> <span class='ocrx_word' id='word_1_263' title='bbox 1459 3559 1562 3615; x_wconf 85' lang='lat' dir='ltr'><strong>Er-</strong></span> 
     </span>
    </p>
   </div>
   <div class='ocr_carea' id='block_1_38' title="bbox 41 3649 1561 3729">
    <p class='ocr_par' dir='ltr' id='par_1_38' title="bbox 41 3649 1561 3729">
     <span class='ocr_line' id='line_1_38' title="bbox 41 3649 1561 3729; baseline 0.003 -27"><span class='ocrx_word' id='word_1_264' title='bbox 41 3649 239 3710; x_wconf 79' lang='lat' dir='ltr'><strong>lemberto</strong></span> <span class='ocrx_word' id='word_1_265' title='bbox 261 3675 449 3714; x_wconf 83' lang='lat' dir='ltr'><strong>necnon</strong></span> <span class='ocrx_word' id='word_1_266' title='bbox 492 3660 666 3714; x_wconf 86' lang='lat' dir='ltr'><strong>eidem</strong></span> <span class='ocrx_word' id='word_1_267' title='bbox 709 3659 942 3729; x_wconf 78' lang='lat' dir='ltr'><strong>formoso</strong></span> <span class='ocrx_word' id='word_1_268' title='bbox 981 3656 1146 3726; x_wconf 90' lang='lat' dir='ltr'><strong>gregi,</strong></span> <span class='ocrx_word' id='word_1_269' title='bbox 1179 3655 1274 3708; x_wconf 89' lang='lat' dir='ltr'><strong>sub</strong></span> <span class='ocrx_word' id='word_1_270' title='bbox 1312 3663 1422 3708; x_wconf 90' lang='lat' dir='ltr'><strong>tam</strong></span> <span class='ocrx_word' id='word_1_271' title='bbox 1453 3652 1561 3707; x_wconf 75' lang='lat' dir='ltr'><strong>ele-</strong></span> 
     </span>
    </p>
   </div>
   <div class='ocr_carea' id='block_1_39' title="bbox 42 3744 1562 3818">
    <p class='ocr_par' dir='ltr' id='par_1_39' title="bbox 42 3744 1562 3818">
     <span class='ocr_line' id='line_1_39' title="bbox 42 3744 1562 3818; baseline 0.005 -25"><span class='ocrx_word' id='word_1_272' title='bbox 42 3753 154 3810; x_wconf 78' lang='lat' dir='ltr'><strong>gante</strong></span> <span class='ocrx_word' id='word_1_273' title='bbox 185 3762 373 3815; x_wconf 78' lang='lat' dir='ltr'><strong>pastore</strong></span> <span class='ocrx_word' id='word_1_274' title='bbox 411 3751 618 3806; x_wconf 78' lang='lat' dir='ltr'><strong>Christi</strong></span> <span class='ocrx_word' id='word_1_275' title='bbox 649 3750 932 3805; x_wconf 86' lang='lat' dir='ltr'><strong>martirum</strong></span> <span class='ocrx_word' id='word_1_276' title='bbox 963 3745 1218 3818; x_wconf 79' lang='lat' dir='ltr'><strong>Stephani</strong></span> <span class='ocrx_word' id='word_1_277' title='bbox 1252 3755 1408 3818; x_wconf 83' lang='lat' dir='ltr'><strong>atque</strong></span> <span class='ocrx_word' id='word_1_278' title='bbox 1454 3744 1562 3800; x_wconf 84' lang='lat' dir='ltr'><strong>Viti</strong></span> 
     </span>
    </p>
   </div>
   <div class='ocr_carea' id='block_1_40' title="bbox 39 3837 1562 3913">
    <p class='ocr_par' dir='ltr' id='par_1_40' title="bbox 39 3837 1562 3913">
     <span class='ocr_line' id='line_1_40' title="bbox 39 3837 1562 3913; baseline 0.005 -30"><span class='ocrx_word' id='word_1_279' title='bbox 39 3837 229 3893; x_wconf 74' lang='lat' dir='ltr'><strong>excubias</strong></span> <span class='ocrx_word' id='word_1_280' title='bbox 265 3842 577 3910; x_wconf 84' lang='lat' dir='ltr'><strong>celebranti,</strong></span> <span class='ocrx_word' id='word_1_281' title='bbox 618 3843 788 3913; x_wconf 81' lang='lat' dir='ltr'><strong>frater</strong></span> <span class='ocrx_word' id='word_1_282' title='bbox 828 3838 1170 3894; x_wconf 81' lang='lat' dir='ltr'><strong>Eltkeltardus</strong></span> <span class='ocrx_word' id='word_1_283' title='bbox 1209 3854 1328 3892; x_wconf 88' lang='lat' dir='ltr'><strong>cum</strong></span> <span class='ocrx_word' id='word_1_284' title='bbox 1375 3837 1562 3892; x_wconf 84' lang='lat' dir='ltr'><strong>ceteris</strong></span> 
     </span>
    </p>
   </div>
   <div class='ocr_carea' id='block_1_41' title="bbox 41 3927 1565 4004">
    <p class='ocr_par' dir='ltr' id='par_1_41' title="bbox 41 3927 1565 4004">
     <span class='ocr_line' id='line_1_41' title="bbox 41 3927 1565 4004; baseline 0.004 -30"><span class='ocrx_word' id='word_1_285' title='bbox 41 3929 168 3980; x_wconf 77' lang='lat' dir='ltr'><strong>sancti</strong></span> <span class='ocrx_word' id='word_1_286' title='bbox 186 3927 436 3987; x_wconf 84' lang='lat' dir='ltr'><strong>Laurentii</strong></span> <span class='ocrx_word' id='word_1_287' title='bbox 458 3932 804 4004; x_wconf 81' lang='lat' dir='ltr'><strong>pauperibus,</strong></span> <span class='ocrx_word' id='word_1_288' title='bbox 833 3931 882 3986; x_wconf 87' lang='lat' dir='ltr'><strong>si</strong></span> <span class='ocrx_word' id='word_1_289' title='bbox 907 3931 1034 4002; x_wconf 88' lang='lat' dir='ltr'><strong>quid</strong></span> <span class='ocrx_word' id='word_1_290' title='bbox 1062 3929 1201 3984; x_wconf 84' lang='lat' dir='ltr'><strong>valet</strong></span> <span class='ocrx_word' id='word_1_291' title='bbox 1237 3929 1438 3984; x_wconf 87' lang='lat' dir='ltr'><strong>caritas</strong></span> <span class='ocrx_word' id='word_1_292' title='bbox 1459 3944 1565 3981; x_wconf 90' lang='lat' dir='ltr'><strong>non</strong></span> 
     </span>
    </p>
   </div>
   <div class='ocr_carea' id='block_1_42' title="bbox 39 4012 1565 4094">
    <p class='ocr_par' dir='ltr' id='par_1_42' title="bbox 39 4012 1565 4094">
     <span class='ocr_line' id='line_1_42' title="bbox 39 4012 1565 4094; baseline 0.005 -28"><span class='ocrx_word' id='word_1_293' title='bbox 39 4012 130 4079; x_wconf 72' lang='lat' dir='ltr'><strong>fcta</strong></span> <span class='ocrx_word' id='word_1_294' title='bbox 159 4023 298 4076; x_wconf 84' lang='lat' dir='ltr'><strong>tantis</strong></span> <span class='ocrx_word' id='word_1_295' title='bbox 328 4041 510 4093; x_wconf 84' lang='lat' dir='ltr'><strong>pressa</strong></span> <span class='ocrx_word' id='word_1_296' title='bbox 553 4023 890 4094; x_wconf 86' lang='lat' dir='ltr'><strong>ponderibus.</strong></span> <span class='ocrx_word' id='word_1_297' title='bbox 929 4021 1036 4089; x_wconf 88' lang='lat' dir='ltr'><strong>En,</strong></span> <span class='ocrx_word' id='word_1_298' title='bbox 1071 4021 1298 4076; x_wconf 78' lang='lat' dir='ltr'><strong>sarcinis</strong></span> <span class='ocrx_word' id='word_1_299' title='bbox 1335 4020 1565 4090; x_wconf 82' lang='lat' dir='ltr'><strong>propriis</strong></span> 
     </span>
    </p>
   </div>
   <div class='ocr_carea' id='block_1_43' title="bbox 42 4109 1566 4186">
    <p class='ocr_par' dir='ltr' id='par_1_43' title="bbox 42 4109 1566 4186">
     <span class='ocr_line' id='line_1_43' title="bbox 42 4109 1566 4186; baseline 0.007 -30"><span class='ocrx_word' id='word_1_300' title='bbox 42 4109 167 4162; x_wconf 76' lang='lat' dir='ltr'><strong>media</strong></span> <span class='ocrx_word' id='word_1_301' title='bbox 189 4113 382 4168; x_wconf 87' lang='lat' dir='ltr'><strong>interim</strong></span> <span class='ocrx_word' id='word_1_302' title='bbox 410 4117 498 4170; x_wconf 77' lang='lat' dir='ltr'><strong>ria</strong></span> <span class='ocrx_word' id='word_1_303' title='bbox 527 4116 748 4182; x_wconf 79' lang='lat' dir='ltr'><strong>relictis,</strong></span> <span class='ocrx_word' id='word_1_304' title='bbox 776 4115 1084 4186; x_wconf 84' lang='lat' dir='ltr'><strong>impositum</strong></span> <span class='ocrx_word' id='word_1_305' title='bbox 1107 4111 1256 4167; x_wconf 86' lang='lat' dir='ltr'><strong>nobis</strong></span> <span class='ocrx_word' id='word_1_306' title='bbox 1283 4112 1348 4167; x_wconf 89' lang='lat' dir='ltr'><strong>ab</strong></span> <span class='ocrx_word' id='word_1_307' title='bbox 1380 4120 1566 4166; x_wconf 89' lang='lat' dir='ltr'><strong>aucto-</strong></span> 
     </span>
    </p>
   </div>
   <div class='ocr_carea' id='block_1_44' title="bbox 42 4197 1562 4278">
    <p class='ocr_par' dir='ltr' id='par_1_44' title="bbox 42 4197 1562 4278">
     <span class='ocr_line' id='line_1_44' title="bbox 42 4197 1562 4278; baseline 0.008 -33"><span class='ocrx_word' id='word_1_308' title='bbox 42 4197 158 4253; x_wconf 84' lang='lat' dir='ltr'><strong>ritate</strong></span> <span class='ocrx_word' id='word_1_309' title='bbox 202 4215 358 4260; x_wconf 79' lang='lat' dir='ltr'><strong>restra</strong></span> <span class='ocrx_word' id='word_1_310' title='bbox 402 4208 606 4278; x_wconf 86' lang='lat' dir='ltr'><strong>grande</strong></span> <span class='ocrx_word' id='word_1_311' title='bbox 654 4207 894 4262; x_wconf 81' lang='lat' dir='ltr'><strong>videlicet</strong></span> <span class='ocrx_word' id='word_1_312' title='bbox 949 4223 1081 4262; x_wconf 84' lang='lat' dir='ltr'><strong>onus</strong></span> <span class='ocrx_word' id='word_1_313' title='bbox 1104 4247 1121 4274; x_wconf 96' lang='lat'><strong>,</strong></span> <span class='ocrx_word' id='word_1_314' title='bbox 1182 4204 1294 4260; x_wconf 88' lang='lat' dir='ltr'><strong>Deo</strong></span> <span class='ocrx_word' id='word_1_315' title='bbox 1336 4204 1562 4277; x_wconf 86' lang='lat' dir='ltr'><strong>gratias,</strong></span> 
     </span>
    </p>
   </div>
   <div class='ocr_carea' id='block_1_45' title="bbox 41 4285 1564 4371">
    <p class='ocr_par' dir='ltr' id='par_1_45' title="bbox 41 4285 1564 4371">
     <span class='ocr_line' id='line_1_45' title="bbox 41 4285 1564 4371; baseline 0.005 -29"><span class='ocrx_word' id='word_1_316' title='bbox 41 4285 200 4346; x_wconf 83' lang='lat' dir='ltr'><strong>Christo</strong></span> <span class='ocrx_word' id='word_1_317' title='bbox 218 4295 422 4352; x_wconf 86' lang='lat' dir='ltr'><strong>laudes!</strong></span> <span class='ocrx_word' id='word_1_318' title='bbox 451 4299 524 4353; x_wconf 91' lang='lat' dir='ltr'><strong>ad</strong></span> <span class='ocrx_word' id='word_1_319' title='bbox 557 4308 751 4352; x_wconf 90' lang='lat' dir='ltr'><strong>metam</strong></span> <span class='ocrx_word' id='word_1_320' title='bbox 780 4316 944 4371; x_wconf 88' lang='lat' dir='ltr'><strong>usque</strong></span> <span class='ocrx_word' id='word_1_321' title='bbox 967 4297 1276 4364; x_wconf 85' lang='lat' dir='ltr'><strong>detulimus,</strong></span> <span class='ocrx_word' id='word_1_322' title='bbox 1308 4296 1410 4352; x_wconf 90' lang='lat' dir='ltr'><strong>soli</strong></span> <span class='ocrx_word' id='word_1_323' title='bbox 1443 4305 1564 4350; x_wconf 89' lang='lat' dir='ltr'><strong>tan-</strong></span> 
     </span>
    </p>
   </div>
   <div class='ocr_carea' id='block_1_46' title="bbox 42 4383 1565 4460">
    <p class='ocr_par' dir='ltr' id='par_1_46' title="bbox 42 4383 1565 4460">
     <span class='ocr_line' id='line_1_46' title="bbox 42 4383 1565 4460; baseline 0.003 -26"><span class='ocrx_word' id='word_1_324' title='bbox 42 4383 119 4430; x_wconf 76' lang='lat' dir='ltr'><strong>lum</strong></span> <span class='ocrx_word' id='word_1_325' title='bbox 154 4385 349 4440; x_wconf 86' lang='lat' dir='ltr'><strong>caritati</strong></span> <span class='ocrx_word' id='word_1_326' title='bbox 375 4403 588 4460; x_wconf 81' lang='lat' dir='ltr'><strong>—qute</strong></span> <span class='ocrx_word' id='word_1_327' title='bbox 626 4404 746 4442; x_wconf 90' lang='lat' dir='ltr'><strong>cum</strong></span> <span class='ocrx_word' id='word_1_328' title='bbox 788 4387 930 4443; x_wconf 84' lang='lat' dir='ltr'><strong>Deus</strong></span> <span class='ocrx_word' id='word_1_329' title='bbox 966 4388 1066 4454; x_wconf 91' lang='lat' dir='ltr'><strong>sit,</strong></span> <span class='ocrx_word' id='word_1_330' title='bbox 1113 4386 1278 4442; x_wconf 85' lang='lat' dir='ltr'><strong>nichil</strong></span> <span class='ocrx_word' id='word_1_331' title='bbox 1313 4385 1565 4439; x_wconf 87' lang='lat' dir='ltr'><strong>nimirum</strong></span> 
     </span>
    </p>
   </div>
   <div class='ocr_carea' id='block_1_47' title="bbox 1674 548 3267 621">
    <p class='ocr_par' dir='ltr' id='par_1_47' title="bbox 1674 548 3267 621">
     <span class='ocr_line' id='line_1_47' title="bbox 1674 548 3267 621; baseline 0.004 -19"><span class='ocrx_word' id='word_1_332' title='bbox 1674 549 1764 602; x_wconf 89' lang='lat' dir='ltr'><strong>dio</strong></span> <span class='ocrx_word' id='word_1_333' title='bbox 1796 549 1980 602; x_wconf 87' lang='lat' dir='ltr'><strong>mundi</strong></span> <span class='ocrx_word' id='word_1_334' title='bbox 2009 548 2290 602; x_wconf 82' lang='lat' dir='ltr'><strong>breuiando</strong></span> <span class='ocrx_word' id='word_1_335' title='bbox 2327 548 2600 614; x_wconf 81' lang='lat' dir='ltr'><strong>decursus,</strong></span> <span class='ocrx_word' id='word_1_336' title='bbox 2647 557 2946 603; x_wconf 87' lang='lat' dir='ltr'><strong>nostrorum</strong></span> <span class='ocrx_word' id='word_1_337' title='bbox 2976 559 3267 621; x_wconf 86' lang='lat' dir='ltr'><strong>temporum</strong></span> 
     </span>
    </p>
   </div>
   <div class='ocr_carea' id='block_1_48' title="bbox 1673 640 3263 714">
    <p class='ocr_par' dir='ltr' id='par_1_48' title="bbox 1673 640 3263 714">
     <span class='ocr_line' id='line_1_48' title="bbox 1673 640 3263 714; baseline 0.004 -20"><span class='ocrx_word' id='word_1_338' title='bbox 1673 640 1875 710; x_wconf 87' lang='lat' dir='ltr'><strong>fecibus</strong></span> <span class='ocrx_word' id='word_1_339' title='bbox 1911 640 2084 694; x_wconf 89' lang='lat' dir='ltr'><strong>eciam</strong></span> <span class='ocrx_word' id='word_1_340' title='bbox 2126 656 2219 710; x_wconf 87' lang='lat' dir='ltr'><strong>per</strong></span> <span class='ocrx_word' id='word_1_341' title='bbox 2254 640 2427 694; x_wconf 86' lang='lat' dir='ltr'><strong>nostri</strong></span> <span class='ocrx_word' id='word_1_342' title='bbox 2465 640 2580 694; x_wconf 90' lang='lat' dir='ltr'><strong>stili</strong></span> <span class='ocrx_word' id='word_1_343' title='bbox 2621 641 2974 711; x_wconf 78' lang='lat' dir='ltr'><strong>supplevimus</strong></span> <span class='ocrx_word' id='word_1_344' title='bbox 3016 645 3263 714; x_wconf 72' lang='lat' dir='ltr'><strong>officium,</strong></span> 
     </span>
    </p>
   </div>
   <div class='ocr_carea' id='block_1_49' title="bbox 1671 726 3267 808">
    <p class='ocr_par' dir='ltr' id='par_1_49' title="bbox 1671 726 3267 808">
     <span class='ocr_line' id='line_1_49' title="bbox 1671 726 3267 808; baseline 0.006 -25"><span class='ocrx_word' id='word_1_345' title='bbox 1671 746 1764 800; x_wconf 87' lang='lat' dir='ltr'><strong>per</strong></span> <span class='ocrx_word' id='word_1_346' title='bbox 1783 731 1878 784; x_wconf 83' lang='lat' dir='ltr'><strong>hoc</strong></span> <span class='ocrx_word' id='word_1_347' title='bbox 1899 733 2071 802; x_wconf 87' lang='lat' dir='ltr'><strong>ipsum</strong></span> <span class='ocrx_word' id='word_1_348' title='bbox 2091 733 2320 802; x_wconf 89' lang='lat' dir='ltr'><strong>precepti</strong></span> <span class='ocrx_word' id='word_1_349' title='bbox 2343 733 2502 786; x_wconf 87' lang='lat' dir='ltr'><strong>vestri</strong></span> <span class='ocrx_word' id='word_1_350' title='bbox 2523 741 2660 799; x_wconf 80' lang='lat' dir='ltr'><strong>voto,</strong></span> <span class='ocrx_word' id='word_1_351' title='bbox 2690 735 2928 803; x_wconf 86' lang='lat' dir='ltr'><strong>quamvis</strong></span> <span class='ocrx_word' id='word_1_352' title='bbox 2952 752 3054 789; x_wconf 89' lang='lat' dir='ltr'><strong>non</strong></span> <span class='ocrx_word' id='word_1_353' title='bbox 3074 726 3267 808; x_wconf 79' lang='lat' dir='ltr'><strong>absque</strong></span> 
     </span>
    </p>
   </div>
   <div class='ocr_carea' id='block_1_50' title="bbox 1673 822 3260 896">
    <p class='ocr_par' dir='ltr' id='par_1_50' title="bbox 1673 822 3260 896">
     <span class='ocr_line' id='line_1_50' title="bbox 1673 822 3260 896; baseline 0.006 -22"><span class='ocrx_word' id='word_1_354' title='bbox 1673 822 1833 891; x_wconf 72' lang='lat' dir='ltr'><strong>famen</strong></span> <span class='ocrx_word' id='word_1_355' title='bbox 1862 830 2056 877; x_wconf 83' lang='lat' dir='ltr'><strong>nostra:</strong></span> <span class='ocrx_word' id='word_1_356' title='bbox 2083 823 2340 893; x_wconf 87' lang='lat' dir='ltr'><strong>periculo,</strong></span> <span class='ocrx_word' id='word_1_357' title='bbox 2373 823 2600 878; x_wconf 81' lang='lat' dir='ltr'><strong>volentes</strong></span> <span class='ocrx_word' id='word_1_358' title='bbox 2616 824 2735 892; x_wconf 84' lang='lat' dir='ltr'><strong>jam</strong></span> <span class='ocrx_word' id='word_1_359' title='bbox 2766 841 2877 878; x_wconf 86' lang='lat' dir='ltr'><strong>esse</strong></span> <span class='ocrx_word' id='word_1_360' title='bbox 2901 827 3260 896; x_wconf 82' lang='lat' dir='ltr'><strong>satisfactum.</strong></span> 
     </span>
    </p>
   </div>
   <div class='ocr_carea' id='block_1_51' title="bbox 1674 913 3266 991">
    <p class='ocr_par' dir='ltr' id='par_1_51' title="bbox 1674 913 3266 991">
     <span class='ocr_line' id='line_1_51' title="bbox 1674 913 3266 991; baseline 0.005 -24"><span class='ocrx_word' id='word_1_361' title='bbox 1674 913 1853 986; x_wconf 85' lang='lat' dir='ltr'><strong>Igitur</strong></span> <span class='ocrx_word' id='word_1_362' title='bbox 1888 915 1952 968; x_wconf 91' lang='lat' dir='ltr'><strong>ob</strong></span> <span class='ocrx_word' id='word_1_363' title='bbox 1991 915 2204 985; x_wconf 84' lang='lat' dir='ltr'><strong>fastidii</strong></span> <span class='ocrx_word' id='word_1_364' title='bbox 2248 914 2539 969; x_wconf 69' lang='lat' dir='ltr'><strong>remedium</strong></span> <span class='ocrx_word' id='word_1_365' title='bbox 2563 917 2584 948; x_wconf 83' lang='grc'>⁸</span> <span class='ocrx_word' id='word_1_366' title='bbox 2625 917 2658 971; x_wconf 85' lang='grc'><strong>5</strong></span> <span class='ocrx_word' id='word_1_367' title='bbox 2692 916 2888 971; x_wconf 86' lang='lat' dir='ltr'><strong>libellis</strong></span> <span class='ocrx_word' id='word_1_368' title='bbox 2924 936 3052 988; x_wconf 89' lang='lat' dir='ltr'><strong>opus</strong></span> <span class='ocrx_word' id='word_1_369' title='bbox 3091 921 3266 991; x_wconf 87' lang='lat' dir='ltr'><strong>ipsum</strong></span> 
     </span>
    </p>
   </div>
   <div class='ocr_carea' id='block_1_52' title="bbox 1671 1005 3281 1076">
    <p class='ocr_par' dir='ltr' id='par_1_52' title="bbox 1671 1005 3281 1076">
     <span class='ocr_line' id='line_1_52' title="bbox 1671 1005 3281 1076; baseline 0.004 -18"><span class='ocrx_word' id='word_1_370' title='bbox 1671 1005 2044 1076; x_wconf 84' lang='lat' dir='ltr'><strong>distinguitur.</strong></span> <span class='ocrx_word' id='word_1_371' title='bbox 2069 1005 2288 1058; x_wconf 87' lang='lat' dir='ltr'><strong>Primus</strong></span> <span class='ocrx_word' id='word_1_372' title='bbox 2310 1023 2342 1058; x_wconf 91' lang='lat' dir='ltr'><strong>a</strong></span> <span class='ocrx_word' id='word_1_373' title='bbox 2364 1007 2665 1061; x_wconf 88' lang='lat' dir='ltr'><strong>conditione</strong></span> <span class='ocrx_word' id='word_1_374' title='bbox 2685 1007 2832 1062; x_wconf 88' lang='lat' dir='ltr'><strong>urbis</strong></span> <span class='ocrx_word' id='word_1_375' title='bbox 2861 1007 3061 1076; x_wconf 72' lang='lat' dir='ltr'><strong>Romen,</strong></span> <span class='ocrx_word' id='word_1_376' title='bbox 3078 1027 3281 1065; x_wconf 36' lang='lat' dir='ltr'><strong>secant</strong></span> 
     </span>
    </p>
   </div>
   <div class='ocr_carea' id='block_1_53' title="bbox 1671 1089 3264 1167">
    <p class='ocr_par' dir='ltr' id='par_1_53' title="bbox 1671 1089 3264 1167">
     <span class='ocr_line' id='line_1_53' title="bbox 1671 1089 3264 1167; baseline 0.006 -25"><span class='ocrx_word' id='word_1_377' title='bbox 1671 1090 1770 1143; x_wconf 85' lang='lat' dir='ltr'><strong>dus</strong></span> <span class='ocrx_word' id='word_1_378' title='bbox 1794 1089 1996 1144; x_wconf 81' lang='lat' dir='ltr'><strong>Christi</strong></span> <span class='ocrx_word' id='word_1_379' title='bbox 2018 1091 2318 1157; x_wconf 85' lang='lat' dir='ltr'><strong>natiritate,</strong></span> <span class='ocrx_word' id='word_1_380' title='bbox 2349 1093 2544 1145; x_wconf 86' lang='lat' dir='ltr'><strong>tercius</strong></span> <span class='ocrx_word' id='word_1_381' title='bbox 2565 1093 2784 1163; x_wconf 89' lang='lat' dir='ltr'><strong>imperio</strong></span> <span class='ocrx_word' id='word_1_382' title='bbox 2806 1093 3020 1162; x_wconf 87' lang='lat' dir='ltr'><strong>Karoli,</strong></span> <span class='ocrx_word' id='word_1_383' title='bbox 3041 1107 3264 1167; x_wconf 84' lang='lat' dir='ltr'><strong>quartus</strong></span> 
     </span>
    </p>
   </div>
   <div class='ocr_carea' id='block_1_54' title="bbox 1669 1182 3264 1260">
    <p class='ocr_par' dir='ltr' id='par_1_54' title="bbox 1669 1182 3264 1260">
     <span class='ocr_line' id='line_1_54' title="bbox 1669 1182 3264 1260; baseline 0.005 -24"><span class='ocrx_word' id='word_1_384' title='bbox 1669 1182 1820 1236; x_wconf 87' lang='lat' dir='ltr'><strong>illius</strong></span> <span class='ocrx_word' id='word_1_385' title='bbox 1855 1183 1945 1253; x_wconf 89' lang='lat' dir='ltr'><strong>qui</strong></span> <span class='ocrx_word' id='word_1_386' title='bbox 1975 1183 2148 1236; x_wconf 82' lang='lat' dir='ltr'><strong>adhuc</strong></span> <span class='ocrx_word' id='word_1_387' title='bbox 2178 1193 2413 1253; x_wconf 85' lang='lat' dir='ltr'><strong>superest</strong></span> <span class='ocrx_word' id='word_1_388' title='bbox 2440 1191 2492 1237; x_wconf 88' lang='lat' dir='ltr'><strong>et</strong></span> <span class='ocrx_word' id='word_1_389' title='bbox 2520 1185 2735 1254; x_wconf 85' lang='lat' dir='ltr'><strong>quintus</strong></span> <span class='ocrx_word' id='word_1_390' title='bbox 2777 1185 3064 1242; x_wconf 78' lang='lat' dir='ltr'><strong>Heinricus</strong></span> <span class='ocrx_word' id='word_1_391' title='bbox 3094 1191 3264 1260; x_wconf 86' lang='lat' dir='ltr'><strong>impe—</strong></span> 
     </span>
    </p>
   </div>
   <div class='ocr_carea' id='block_1_55' title="bbox 1670 1273 3264 1346">
    <p class='ocr_par' dir='ltr' id='par_1_55' title="bbox 1670 1273 3264 1346">
     <span class='ocr_line' id='line_1_55' title="bbox 1670 1273 3264 1346; baseline 0.005 -18"><span class='ocrx_word' id='word_1_392' title='bbox 1670 1282 1820 1330; x_wconf 89' lang='lat' dir='ltr'><strong>rator</strong></span> <span class='ocrx_word' id='word_1_393' title='bbox 1846 1273 2145 1346; x_wconf 84' lang='lat' dir='ltr'><strong>appellatus</strong></span> <span class='ocrx_word' id='word_1_394' title='bbox 2175 1283 2274 1342; x_wconf 90' lang='lat' dir='ltr'><strong>est,</strong></span> <span class='ocrx_word' id='word_1_395' title='bbox 2309 1276 2646 1330; x_wconf 88' lang='lat' dir='ltr'><strong>terminatur.</strong></span> <span class='ocrx_word' id='word_1_396' title='bbox 2685 1277 2854 1346; x_wconf 78' lang='lat' dir='ltr'><strong>Cuius</strong></span> <span class='ocrx_word' id='word_1_397' title='bbox 2884 1280 3024 1334; x_wconf 87' lang='lat' dir='ltr'><strong>enim</strong></span> <span class='ocrx_word' id='word_1_398' title='bbox 3062 1283 3264 1336; x_wconf 84' lang='lat' dir='ltr'><strong>nomini</strong></span> 
     </span>
    </p>
   </div>
   <div class='ocr_carea' id='block_1_56' title="bbox 1668 1365 3264 1444">
    <p class='ocr_par' dir='ltr' id='par_1_56' title="bbox 1668 1365 3264 1444">
     <span class='ocr_line' id='line_1_56' title="bbox 1668 1365 3264 1444; baseline 0.004 -24"><span class='ocrx_word' id='word_1_399' title='bbox 1668 1367 1910 1438; x_wconf 88' lang='lat' dir='ltr'><strong>quintum</strong></span> <span class='ocrx_word' id='word_1_400' title='bbox 1945 1367 2233 1438; x_wconf 86' lang='lat' dir='ltr'><strong>incongrue</strong></span> <span class='ocrx_word' id='word_1_401' title='bbox 2269 1365 2465 1422; x_wconf 87' lang='lat' dir='ltr'><strong>librum</strong></span> <span class='ocrx_word' id='word_1_402' title='bbox 2505 1368 2772 1423; x_wconf 57' lang='lat' dir='ltr'><strong>videbatur</strong></span> <span class='ocrx_word' id='word_1_403' title='bbox 2825 1371 3066 1438; x_wconf 82' lang='lat' dir='ltr'><strong>inscribi,</strong></span> <span class='ocrx_word' id='word_1_404' title='bbox 3112 1390 3264 1444; x_wconf 83' lang='lat' dir='ltr'><strong>quem</strong></span> 
     </span>
    </p>
   </div>
   <div class='ocr_carea' id='block_1_57' title="bbox 1669 1457 3264 1530">
    <p class='ocr_par' dir='ltr' id='par_1_57' title="bbox 1669 1457 3264 1530">
     <span class='ocr_line' id='line_1_57' title="bbox 1669 1457 3264 1530; baseline 0.003 -18"><span class='ocrx_word' id='word_1_405' title='bbox 1669 1459 1740 1512; x_wconf 89' lang='lat' dir='ltr'><strong>ad</strong></span> <span class='ocrx_word' id='word_1_406' title='bbox 1785 1457 2072 1512; x_wconf 88' lang='lat' dir='ltr'><strong>arbitrium</strong></span> <span class='ocrx_word' id='word_1_407' title='bbox 2116 1458 2532 1529; x_wconf 82' lang='lat' dir='ltr'><strong>uniuscujusque</strong></span> <span class='ocrx_word' id='word_1_408' title='bbox 2571 1459 2847 1530; x_wconf 75' lang='lat' dir='ltr'><strong>scriptoris</strong></span> <span class='ocrx_word' id='word_1_409' title='bbox 2892 1463 3264 1517; x_wconf 83' lang='lat' dir='ltr'><strong>constituimus</strong></span> 
     </span>
    </p>
   </div>
   <div class='ocr_carea' id='block_1_58' title="bbox 1668 1549 3262 1620">
    <p class='ocr_par' dir='ltr' id='par_1_58' title="bbox 1668 1549 3262 1620">
     <span class='ocr_line' id='line_1_58' title="bbox 1668 1549 3262 1620; baseline 0.003 -18"><span class='ocrx_word' id='word_1_410' title='bbox 1668 1550 1834 1620; x_wconf 82' lang='lat' dir='ltr'><strong>ﬁniri.</strong></span> <span class='ocrx_word' id='word_1_411' title='bbox 1878 1549 2202 1604; x_wconf 84' lang='lat' dir='ltr'><strong>Addidimus</strong></span> <span class='ocrx_word' id='word_1_412' title='bbox 2249 1566 2453 1620; x_wconf 89' lang='lat' dir='ltr'><strong>quoque</strong></span> <span class='ocrx_word' id='word_1_413' title='bbox 2496 1551 2554 1604; x_wconf 89' lang='lat' dir='ltr'><strong>in</strong></span> <span class='ocrx_word' id='word_1_414' title='bbox 2600 1551 2706 1620; x_wconf 79' lang='lat' dir='ltr'><strong>ﬁne</strong></span> <span class='ocrx_word' id='word_1_415' title='bbox 2749 1551 2978 1610; x_wconf 74' lang='lat' dir='ltr'><strong>scedula:</strong></span> <span class='ocrx_word' id='word_1_416' title='bbox 3023 1552 3262 1607; x_wconf 87' lang='lat' dir='ltr'><strong>libellum</strong></span> 
     </span>
    </p>
   </div>
   <div class='ocr_carea' id='block_1_59' title="bbox 1667 1639 3264 1713">
    <p class='ocr_par' dir='ltr' id='par_1_59' title="bbox 1667 1639 3264 1713">
     <span class='ocr_line' id='line_1_59' title="bbox 1667 1639 3264 1713; baseline 0.003 -19"><span class='ocrx_word' id='word_1_417' title='bbox 1667 1657 1820 1712; x_wconf 83' lang='lat' dir='ltr'><strong>quem</strong></span> <span class='ocrx_word' id='word_1_418' title='bbox 1842 1639 2300 1696; x_wconf 85' lang='lat' dir='ltr'><strong>Jlterosolimitam</strong></span> <span class='ocrx_word' id='word_1_419' title='bbox 2321 1642 2570 1709; x_wconf 88' lang='lat' dir='ltr'><strong>dicimus,</strong></span> <span class='ocrx_word' id='word_1_420' title='bbox 2593 1655 2643 1697; x_wconf 89' lang='lat' dir='ltr'><strong>et</strong></span> <span class='ocrx_word' id='word_1_421' title='bbox 2665 1644 3100 1713; x_wconf 87' lang='lat' dir='ltr'><strong>perigrinationis</strong></span> <span class='ocrx_word' id='word_1_422' title='bbox 3138 1646 3264 1699; x_wconf 83' lang='lat' dir='ltr'><strong>tibi-</strong></span> 
     </span>
    </p>
   </div>
   <div class='ocr_carea' id='block_1_60' title="bbox 1668 1732 3266 1806">
    <p class='ocr_par' dir='ltr' id='par_1_60' title="bbox 1668 1732 3266 1806">
     <span class='ocr_line' id='line_1_60' title="bbox 1668 1732 3266 1806; baseline 0.003 -20"><span class='ocrx_word' id='word_1_423' title='bbox 1668 1741 1793 1798; x_wconf 87' lang='lat' dir='ltr'><strong>met,</strong></span> <span class='ocrx_word' id='word_1_424' title='bbox 1830 1750 1861 1787; x_wconf 89' lang='grc' dir='ltr'><em>ο</em></span> <span class='ocrx_word' id='word_1_425' title='bbox 1890 1732 2058 1788; x_wconf 90' lang='lat' dir='ltr'><strong>Pater</strong></span> <span class='ocrx_word' id='word_1_426' title='bbox 2084 1734 2394 1801; x_wconf 83' lang='lat' dir='ltr'><strong>venerande,</strong></span> <span class='ocrx_word' id='word_1_427' title='bbox 2427 1733 2545 1804; x_wconf 87' lang='lat' dir='ltr'><strong>jam</strong></span> <span class='ocrx_word' id='word_1_428' title='bbox 2579 1735 2834 1789; x_wconf 84' lang='lat' dir='ltr'><strong>divinitus</strong></span> <span class='ocrx_word' id='word_1_429' title='bbox 2872 1736 3149 1806; x_wconf 76' lang='lat' dir='ltr'><strong>inspirata:</strong></span> <span class='ocrx_word' id='word_1_430' title='bbox 3187 1738 3266 1792; x_wconf 77' lang='lat' dir='ltr'><strong>le-</strong></span> 
     </span>
    </p>
   </div>
   <div class='ocr_carea' id='block_1_61' title="bbox 1668 1826 3262 1898">
    <p class='ocr_par' dir='ltr' id='par_1_61' title="bbox 1668 1826 3262 1898">
     <span class='ocr_line' id='line_1_61' title="bbox 1668 1826 3262 1898; baseline 0.004 -20"><span class='ocrx_word' id='word_1_431' title='bbox 1668 1841 1854 1879; x_wconf 76' lang='lat' dir='ltr'><strong>nomen</strong></span> <span class='ocrx_word' id='word_1_432' title='bbox 1897 1826 2128 1896; x_wconf 87' lang='lat' dir='ltr'><strong>speciale</strong></span> <span class='ocrx_word' id='word_1_433' title='bbox 2166 1827 2407 1896; x_wconf 89' lang='lat' dir='ltr'><strong>futurum</strong></span> <span class='ocrx_word' id='word_1_434' title='bbox 2445 1842 2550 1880; x_wconf 88' lang='lat' dir='ltr'><strong>non</strong></span> <span class='ocrx_word' id='word_1_435' title='bbox 2586 1827 2924 1898; x_wconf 90' lang='lat' dir='ltr'><strong>ambigimus.</strong></span> <span class='ocrx_word' id='word_1_436' title='bbox 2971 1828 3144 1884; x_wconf 88' lang='lat' dir='ltr'><strong>Unum</strong></span> <span class='ocrx_word' id='word_1_437' title='bbox 3183 1841 3262 1884; x_wconf 84' lang='lat' dir='ltr'><strong>est</strong></span> 
     </span>
    </p>
   </div>
   <div class='ocr_carea' id='block_1_62' title="bbox 1666 1918 3260 1991">
    <p class='ocr_par' dir='ltr' id='par_1_62' title="bbox 1666 1918 3260 1991">
     <span class='ocr_line' id='line_1_62' title="bbox 1666 1918 3260 1991; baseline 0.002 -19"><span class='ocrx_word' id='word_1_438' title='bbox 1666 1933 1787 1988; x_wconf 91' lang='lat' dir='ltr'><strong>ergo</strong></span> <span class='ocrx_word' id='word_1_439' title='bbox 1835 1918 1974 1988; x_wconf 87' lang='lat' dir='ltr'><strong>quod</strong></span> <span class='ocrx_word' id='word_1_440' title='bbox 2021 1920 2156 1972; x_wconf 81' lang='lat' dir='ltr'><strong>votis</strong></span> <span class='ocrx_word' id='word_1_441' title='bbox 2205 1919 2447 1973; x_wconf 87' lang='lat' dir='ltr'><strong>omnibus</strong></span> <span class='ocrx_word' id='word_1_442' title='bbox 2489 1928 2800 1989; x_wconf 76' lang='lat' dir='ltr'><strong>exoptamus</strong></span> <span class='ocrx_word' id='word_1_443' title='bbox 2824 1961 2840 1986; x_wconf 93' lang='lat'><strong>,</strong></span> <span class='ocrx_word' id='word_1_444' title='bbox 2903 1921 3042 1991; x_wconf 85' lang='lat' dir='ltr'><strong>quod</strong></span> <span class='ocrx_word' id='word_1_445' title='bbox 3091 1924 3260 1976; x_wconf 82' lang='lat' dir='ltr'><strong>eciam</strong></span> 
     </span>
    </p>
   </div>
   <div class='ocr_carea' id='block_1_63' title="bbox 1666 2008 3263 2083">
    <p class='ocr_par' dir='ltr' id='par_1_63' title="bbox 1666 2008 3263 2083">
     <span class='ocr_line' id='line_1_63' title="bbox 1666 2008 3263 2083; baseline 0.003 -20"><span class='ocrx_word' id='word_1_446' title='bbox 1666 2009 1835 2063; x_wconf 89' lang='lat' dir='ltr'><strong>nostri</strong></span> <span class='ocrx_word' id='word_1_447' title='bbox 1860 2008 2062 2064; x_wconf 86' lang='lat' dir='ltr'><strong>laboris</strong></span> <span class='ocrx_word' id='word_1_448' title='bbox 2089 2011 2621 2081; x_wconf 87' lang='lat' dir='ltr'><strong>recompensationem</strong></span> <span class='ocrx_word' id='word_1_449' title='bbox 2651 2028 2978 2083; x_wconf 88' lang='lat' dir='ltr'><strong>summopere</strong></span> <span class='ocrx_word' id='word_1_450' title='bbox 3019 2014 3263 2083; x_wconf 78' lang='lat' dir='ltr'><strong>postula-</strong></span> 
     </span>
    </p>
   </div>
   <div class='ocr_carea' id='block_1_64' title="bbox 1665 2102 3257 2174">
    <p class='ocr_par' dir='ltr' id='par_1_64' title="bbox 1665 2102 3257 2174">
     <span class='ocr_line' id='line_1_64' title="bbox 1665 2102 3257 2174; baseline 0.003 -19"><span class='ocrx_word' id='word_1_451' title='bbox 1665 2117 1803 2169; x_wconf 87' lang='lat' dir='ltr'><strong>mus,</strong></span> <span class='ocrx_word' id='word_1_452' title='bbox 1832 2102 2083 2172; x_wconf 84' lang='lat' dir='ltr'><strong>quatinus</strong></span> <span class='ocrx_word' id='word_1_453' title='bbox 2113 2102 2352 2156; x_wconf 84' lang='lat' dir='ltr'><strong>volumen</strong></span> <span class='ocrx_word' id='word_1_454' title='bbox 2378 2119 2588 2174; x_wconf 87' lang='lat' dir='ltr'><strong>presens</strong></span> <span class='ocrx_word' id='word_1_455' title='bbox 2625 2113 2820 2158; x_wconf 63' lang='lat' dir='ltr'><strong>nostra</strong></span> <span class='ocrx_word' id='word_1_456' title='bbox 2847 2106 3117 2159; x_wconf 85' lang='lat' dir='ltr'><strong>servitutis</strong></span> <span class='ocrx_word' id='word_1_457' title='bbox 3160 2107 3257 2160; x_wconf 89' lang='lat' dir='ltr'><strong>de-</strong></span> 
     </span>
    </p>
   </div>
   <div class='ocr_carea' id='block_1_65' title="bbox 1665 2193 3258 2268">
    <p class='ocr_par' dir='ltr' id='par_1_65' title="bbox 1665 2193 3258 2268">
     <span class='ocr_line' id='line_1_65' title="bbox 1665 2193 3258 2268; baseline 0.003 -22"><span class='ocrx_word' id='word_1_458' title='bbox 1665 2193 1834 2247; x_wconf 89' lang='lat' dir='ltr'><strong>bitum</strong></span> <span class='ocrx_word' id='word_1_459' title='bbox 1872 2195 1930 2248; x_wconf 90' lang='lat' dir='ltr'><strong>in</strong></span> <span class='ocrx_word' id='word_1_460' title='bbox 1967 2193 2180 2248; x_wconf 87' lang='lat' dir='ltr'><strong>cenobio</strong></span> <span class='ocrx_word' id='word_1_461' title='bbox 2208 2193 2512 2250; x_wconf 87' lang='lat' dir='ltr'><strong>Corbeiensi</strong></span> <span class='ocrx_word' id='word_1_462' title='bbox 2555 2196 2934 2267; x_wconf 85' lang='lat' dir='ltr'><strong>perpetualiter</strong></span> <span class='ocrx_word' id='word_1_463' title='bbox 2971 2199 3258 2268; x_wconf 81' lang='lat' dir='ltr'><strong>persolvat,</strong></span> 
     </span>
    </p>
   </div>
   <div class='ocr_carea' id='block_1_66' title="bbox 1664 2289 3262 2362">
    <p class='ocr_par' dir='ltr' id='par_1_66' title="bbox 1664 2289 3262 2362">
     <span class='ocr_line' id='line_1_66' title="bbox 1664 2289 3262 2362; baseline 0.004 -22"><span class='ocrx_word' id='word_1_464' title='bbox 1664 2302 1728 2340; x_wconf 88' lang='lat' dir='ltr'><strong>ac</strong></span> <span class='ocrx_word' id='word_1_465' title='bbox 1757 2295 2018 2342; x_wconf 77' lang='lat' dir='ltr'><strong>renovata:</strong></span> <span class='ocrx_word' id='word_1_466' title='bbox 2043 2304 2137 2358; x_wconf 89' lang='lat' dir='ltr'><strong>per</strong></span> <span class='ocrx_word' id='word_1_467' title='bbox 2155 2304 2212 2342; x_wconf 91' lang='lat' dir='ltr'><strong>se</strong></span> <span class='ocrx_word' id='word_1_468' title='bbox 2235 2289 2479 2358; x_wconf 75' lang='lat' dir='ltr'><strong>pristinw</strong></span> <span class='ocrx_word' id='word_1_469' title='bbox 2506 2290 2798 2355; x_wconf 86' lang='lat' dir='ltr'><strong>societatis,</strong></span> <span class='ocrx_word' id='word_1_470' title='bbox 2829 2308 2986 2362; x_wconf 82' lang='lat' dir='ltr'><strong>quant</strong></span> <span class='ocrx_word' id='word_1_471' title='bbox 3014 2292 3109 2345; x_wconf 88' lang='lat' dir='ltr'><strong>sub</strong></span> <span class='ocrx_word' id='word_1_472' title='bbox 3134 2309 3262 2346; x_wconf 87' lang='lat' dir='ltr'><strong>san-</strong></span> 
     </span>
    </p>
   </div>
   <div class='ocr_carea' id='block_1_67' title="bbox 1663 2377 3258 2448">
    <p class='ocr_par' dir='ltr' id='par_1_67' title="bbox 1663 2377 3258 2448">
     <span class='ocr_line' id='line_1_67' title="bbox 1663 2377 3258 2448; baseline 0.003 -18"><span class='ocrx_word' id='word_1_473' title='bbox 1663 2385 1763 2432; x_wconf 76' lang='lat' dir='ltr'><strong>cta:</strong></span> <span class='ocrx_word' id='word_1_474' title='bbox 1788 2379 2056 2432; x_wconf 70' lang='lat' dir='ltr'><strong>memerita</strong></span> <span class='ocrx_word' id='word_1_475' title='bbox 2087 2387 2337 2448; x_wconf 88' lang='lat' dir='ltr'><strong>patreque</strong></span> <span class='ocrx_word' id='word_1_476' title='bbox 2364 2377 2713 2432; x_wconf 85' lang='lat' dir='ltr'><strong>dilectissimo</strong></span> <span class='ocrx_word' id='word_1_477' title='bbox 2751 2379 3084 2435; x_wconf 80' lang='lat' dir='ltr'><strong>Marcwardo</strong></span> <span class='ocrx_word' id='word_1_478' title='bbox 3128 2399 3258 2434; x_wconf 90' lang='lat' dir='ltr'><strong>con-</strong></span> 
     </span>
    </p>
   </div>
   <div class='ocr_carea' id='block_1_68' title="bbox 1662 2469 3257 2536">
    <p class='ocr_par' dir='ltr' id='par_1_68' title="bbox 1662 2469 3257 2536">
     <span class='ocr_line' id='line_1_68' title="bbox 1662 2469 3257 2536; baseline 0.003 -14"><span class='ocrx_word' id='word_1_479' title='bbox 1662 2469 1829 2523; x_wconf 89' lang='lat' dir='ltr'><strong>secuti</strong></span> <span class='ocrx_word' id='word_1_480' title='bbox 1873 2486 2085 2536; x_wconf 87' lang='lat' dir='ltr'><strong>sumus,</strong></span> <span class='ocrx_word' id='word_1_481' title='bbox 2135 2470 2515 2523; x_wconf 86' lang='lat' dir='ltr'><strong>monimentum</strong></span> <span class='ocrx_word' id='word_1_482' title='bbox 2544 2471 2602 2524; x_wconf 90' lang='lat' dir='ltr'><strong>in</strong></span> <span class='ocrx_word' id='word_1_483' title='bbox 2637 2474 2871 2526; x_wconf 87' lang='lat' dir='ltr'><strong>armario</strong></span> <span class='ocrx_word' id='word_1_484' title='bbox 2914 2474 3088 2527; x_wconf 87' lang='lat' dir='ltr'><strong>sancti</strong></span> <span class='ocrx_word' id='word_1_485' title='bbox 3149 2473 3257 2528; x_wconf 82' lang='lat' dir='ltr'><strong>Viti</strong></span> 
     </span>
    </p>
   </div>
   <div class='ocr_carea' id='block_1_69' title="bbox 1660 2560 3254 2633">
    <p class='ocr_par' dir='ltr' id='par_1_69' title="bbox 1660 2560 3254 2633">
     <span class='ocr_line' id='line_1_69' title="bbox 1660 2560 3254 2633; baseline 0.003 -20"><span class='ocrx_word' id='word_1_486' title='bbox 1660 2575 1757 2630; x_wconf 86' lang='lat' dir='ltr'><strong>pro</strong></span> <span class='ocrx_word' id='word_1_487' title='bbox 1795 2560 2114 2630; x_wconf 85' lang='lat' dir='ltr'><strong>pauperibus</strong></span> <span class='ocrx_word' id='word_1_488' title='bbox 2160 2562 2334 2614; x_wconf 84' lang='lat' dir='ltr'><strong>sancti</strong></span> <span class='ocrx_word' id='word_1_489' title='bbox 2373 2560 2652 2615; x_wconf 86' lang='lat' dir='ltr'><strong>Laurentii</strong></span> <span class='ocrx_word' id='word_1_490' title='bbox 2696 2564 2920 2632; x_wconf 87' lang='lat' dir='ltr'><strong>posteris</strong></span> <span class='ocrx_word' id='word_1_491' title='bbox 2956 2564 3254 2633; x_wconf 78' lang='lat' dir='ltr'><strong>pretendat.</strong></span> 
     </span>
    </p>
   </div>
   <div class='ocr_carea' id='block_1_70' title="bbox 1659 2651 3256 2724">
    <p class='ocr_par' dir='ltr' id='par_1_70' title="bbox 1659 2651 3256 2724">
     <span class='ocr_line' id='line_1_70' title="bbox 1659 2651 3256 2724; baseline 0.003 -20"><span class='ocrx_word' id='word_1_492' title='bbox 1659 2651 1744 2704; x_wconf 81' lang='lat' dir='ltr'><strong>Ad</strong></span> <span class='ocrx_word' id='word_1_493' title='bbox 1788 2651 1919 2717; x_wconf 67' lang='lat' dir='ltr'><strong>Iratc,</strong></span> <span class='ocrx_word' id='word_1_494' title='bbox 1971 2651 2134 2704; x_wconf 88' lang='lat' dir='ltr'><strong>nimio</strong></span> <span class='ocrx_word' id='word_1_495' title='bbox 2173 2668 2264 2705; x_wconf 88' lang='lat' dir='ltr'><strong>nec</strong></span> <span class='ocrx_word' id='word_1_496' title='bbox 2307 2652 2576 2704; x_wconf 89' lang='lat' dir='ltr'><strong>immerito</strong></span> <span class='ocrx_word' id='word_1_497' title='bbox 2615 2668 2742 2724; x_wconf 89' lang='lat' dir='ltr'><strong>erga</strong></span> <span class='ocrx_word' id='word_1_498' title='bbox 2787 2655 3128 2708; x_wconf 76' lang='lat' dir='ltr'><strong>reverentiam</strong></span> <span class='ocrx_word' id='word_1_499' title='bbox 3171 2673 3256 2709; x_wconf 83' lang='lat' dir='ltr'><strong>re-</strong></span> 
     </span>
    </p>
   </div>
   <div class='ocr_carea' id='block_1_71' title="bbox 1660 2741 3255 2811">
    <p class='ocr_par' dir='ltr' id='par_1_71' title="bbox 1660 2741 3255 2811">
     <span class='ocr_line' id='line_1_71' title="bbox 1660 2741 3255 2811; baseline 0.003 -17"><span class='ocrx_word' id='word_1_500' title='bbox 1660 2749 1830 2794; x_wconf 85' lang='lat' dir='ltr'><strong>stram</strong></span> <span class='ocrx_word' id='word_1_501' title='bbox 1855 2741 1876 2771; x_wconf 72' lang='lat'><strong>&quot;</strong></span> <span class='ocrx_word' id='word_1_502' title='bbox 1909 2741 2161 2811; x_wconf 73' lang='lat' dir='ltr'><strong>ferventes</strong></span> <span class='ocrx_word' id='word_1_503' title='bbox 2193 2741 2387 2810; x_wconf 78' lang='lat' dir='ltr'><strong>affectu</strong></span> <span class='ocrx_word' id='word_1_504' title='bbox 2421 2742 2685 2808; x_wconf 87' lang='lat' dir='ltr'><strong>caritatis,</strong></span> <span class='ocrx_word' id='word_1_505' title='bbox 2732 2743 3024 2797; x_wconf 71' lang='lat' dir='ltr'><strong>direximus</strong></span> <span class='ocrx_word' id='word_1_506' title='bbox 3058 2745 3255 2798; x_wconf 87' lang='lat' dir='ltr'><strong>unani-</strong></span> 
     </span>
    </p>
   </div>
   <div class='ocr_carea' id='block_1_72' title="bbox 1660 2832 3253 2902">
    <p class='ocr_par' dir='ltr' id='par_1_72' title="bbox 1660 2832 3253 2902">
     <span class='ocr_line' id='line_1_72' title="bbox 1660 2832 3253 2902; baseline 0.004 -18"><span class='ocrx_word' id='word_1_507' title='bbox 1660 2846 1794 2884; x_wconf 87' lang='lat' dir='ltr'><strong>mem</strong></span> <span class='ocrx_word' id='word_1_508' title='bbox 1825 2841 2062 2886; x_wconf 85' lang='lat' dir='ltr'><strong>nostrum</strong></span> <span class='ocrx_word' id='word_1_509' title='bbox 2104 2832 2348 2902; x_wconf 77' lang='lat' dir='ltr'><strong>vobisque</strong></span> <span class='ocrx_word' id='word_1_510' title='bbox 2386 2849 2480 2902; x_wconf 89' lang='lat' dir='ltr'><strong>per</strong></span> <span class='ocrx_word' id='word_1_511' title='bbox 2519 2833 2699 2886; x_wconf 90' lang='lat' dir='ltr'><strong>omnia</strong></span> <span class='ocrx_word' id='word_1_512' title='bbox 2740 2833 3114 2888; x_wconf 85' lang='lat' dir='ltr'><strong>nicltilominus</strong></span> <span class='ocrx_word' id='word_1_513' title='bbox 3158 2835 3253 2890; x_wconf 88' lang='lat' dir='ltr'><strong>de-</strong></span> 
     </span>
    </p>
   </div>
   <div class='ocr_carea' id='block_1_73' title="bbox 1659 2922 3256 2998">
    <p class='ocr_par' dir='ltr' id='par_1_73' title="bbox 1659 2922 3256 2998">
     <span class='ocr_line' id='line_1_73' title="bbox 1659 2922 3256 2998; baseline 0.004 -21"><span class='ocrx_word' id='word_1_514' title='bbox 1659 2931 1836 2977; x_wconf 82' lang='lat' dir='ltr'><strong>votum</strong></span> <span class='ocrx_word' id='word_1_515' title='bbox 1866 2922 2038 2990; x_wconf 82' lang='lat' dir='ltr'><strong>Amel,</strong></span> <span class='ocrx_word' id='word_1_516' title='bbox 2069 2924 2302 2994; x_wconf 88' lang='lat' dir='ltr'><strong>priorem</strong></span> <span class='ocrx_word' id='word_1_517' title='bbox 2342 2933 2538 2980; x_wconf 66' lang='lat' dir='ltr'><strong>nostra!</strong></span> <span class='ocrx_word' id='word_1_518' title='bbox 2581 2925 3024 2996; x_wconf 84' lang='lat' dir='ltr'><strong>congregationis,</strong></span> <span class='ocrx_word' id='word_1_519' title='bbox 3073 2929 3164 2998; x_wconf 88' lang='lat' dir='ltr'><strong>qui</strong></span> <span class='ocrx_word' id='word_1_520' title='bbox 3204 2937 3256 2984; x_wconf 88' lang='lat' dir='ltr'><strong>et</strong></span> 
     </span>
    </p>
   </div>
   <div class='ocr_carea' id='block_1_74' title="bbox 1661 3014 3250 3090">
    <p class='ocr_par' dir='ltr' id='par_1_74' title="bbox 1661 3014 3250 3090">
     <span class='ocr_line' id='line_1_74' title="bbox 1661 3014 3250 3090; baseline 0.003 -21"><span class='ocrx_word' id='word_1_521' title='bbox 1661 3015 1778 3083; x_wconf 90' lang='lat' dir='ltr'><strong>tibi,</strong></span> <span class='ocrx_word' id='word_1_522' title='bbox 1805 3025 1984 3087; x_wconf 88' lang='lat' dir='ltr'><strong>pater,</strong></span> <span class='ocrx_word' id='word_1_523' title='bbox 2025 3016 2096 3069; x_wconf 87' lang='lat' dir='ltr'><strong>ad</strong></span> <span class='ocrx_word' id='word_1_524' title='bbox 2132 3016 2357 3088; x_wconf 80' lang='lat' dir='ltr'><strong>uestigia</strong></span> <span class='ocrx_word' id='word_1_525' title='bbox 2405 3014 2701 3071; x_wconf 82' lang='lat' dir='ltr'><strong>Saluatoris</strong></span> <span class='ocrx_word' id='word_1_526' title='bbox 2741 3017 2993 3086; x_wconf 87' lang='lat' dir='ltr'><strong>tendenti,</strong></span> <span class='ocrx_word' id='word_1_527' title='bbox 3033 3036 3250 3090; x_wconf 90' lang='lat' dir='ltr'><strong>presen-</strong></span> 
     </span>
    </p>
   </div>
   <div class='ocr_carea' id='block_1_75' title="bbox 1660 3107 3257 3180">
    <p class='ocr_par' dir='ltr' id='par_1_75' title="bbox 1660 3107 3257 3180">
     <span class='ocr_line' id='line_1_75' title="bbox 1660 3107 3257 3180; baseline 0.004 -20"><span class='ocrx_word' id='word_1_528' title='bbox 1660 3107 1864 3162; x_wconf 89' lang='lat' dir='ltr'><strong>tialiter</strong></span> <span class='ocrx_word' id='word_1_529' title='bbox 1913 3117 2095 3162; x_wconf 87' lang='lat' dir='ltr'><strong>nostra</strong></span> <span class='ocrx_word' id='word_1_530' title='bbox 2145 3108 2253 3162; x_wconf 79' lang='lat' dir='ltr'><strong>vice</strong></span> <span class='ocrx_word' id='word_1_531' title='bbox 2295 3109 2544 3163; x_wconf 87' lang='lat' dir='ltr'><strong>intimum</strong></span> <span class='ocrx_word' id='word_1_532' title='bbox 2595 3109 2708 3163; x_wconf 85' lang='lat' dir='ltr'><strong>vale</strong></span> <span class='ocrx_word' id='word_1_533' title='bbox 2752 3111 2959 3180; x_wconf 81' lang='lat' dir='ltr'><strong>faciat,</strong></span> <span class='ocrx_word' id='word_1_534' title='bbox 3011 3129 3075 3165; x_wconf 90' lang='lat' dir='ltr'><strong>ac</strong></span> <span class='ocrx_word' id='word_1_535' title='bbox 3117 3113 3257 3166; x_wconf 89' lang='lat' dir='ltr'><strong>inter</strong></span> 
     </span>
    </p>
   </div>
   <div class='ocr_carea' id='block_1_76' title="bbox 1659 3201 3259 3272">
    <p class='ocr_par' dir='ltr' id='par_1_76' title="bbox 1659 3201 3259 3272">
     <span class='ocr_line' id='line_1_76' title="bbox 1659 3201 3259 3272; baseline 0.004 -20"><span class='ocrx_word' id='word_1_536' title='bbox 1659 3206 1939 3270; x_wconf 87' lang='lat' dir='ltr'><strong>utramque</strong></span> <span class='ocrx_word' id='word_1_537' title='bbox 1993 3201 2451 3272; x_wconf 86' lang='lat' dir='ltr'><strong>congregationem</strong></span> <span class='ocrx_word' id='word_1_538' title='bbox 2505 3202 2767 3255; x_wconf 87' lang='lat' dir='ltr'><strong>mediator</strong></span> <span class='ocrx_word' id='word_1_539' title='bbox 2825 3204 3136 3258; x_wconf 87' lang='lat' dir='ltr'><strong>notissimus</strong></span> <span class='ocrx_word' id='word_1_540' title='bbox 3193 3222 3259 3258; x_wconf 86' lang='lat' dir='ltr'><strong>ac</strong></span> 
     </span>
    </p>
   </div>
   <div class='ocr_carea' id='block_1_77' title="bbox 1662 3289 3256 3360">
    <p class='ocr_par' dir='ltr' id='par_1_77' title="bbox 1662 3289 3256 3360">
     <span class='ocr_line' id='line_1_77' title="bbox 1662 3289 3256 3360; baseline 0.004 -18"><span class='ocrx_word' id='word_1_541' title='bbox 1662 3289 1810 3342; x_wconf 87' lang='lat' dir='ltr'><strong>testis</strong></span> <span class='ocrx_word' id='word_1_542' title='bbox 1837 3289 2072 3359; x_wconf 78' lang='lat' dir='ltr'><strong>ydoneus</strong></span> <span class='ocrx_word' id='word_1_543' title='bbox 2099 3298 2298 3360; x_wconf 69' lang='lat' dir='ltr'><strong>aptatae</strong></span> <span class='ocrx_word' id='word_1_544' title='bbox 2339 3291 2698 3360; x_wconf 89' lang='lat' dir='ltr'><strong>fraternitatis</strong></span> <span class='ocrx_word' id='word_1_545' title='bbox 2728 3301 2924 3346; x_wconf 80' lang='lat' dir='ltr'><strong>nostra:</strong></span> <span class='ocrx_word' id='word_1_546' title='bbox 2970 3309 3060 3347; x_wconf 90' lang='lat' dir='ltr'><strong>ore</strong></span> <span class='ocrx_word' id='word_1_547' title='bbox 3089 3295 3159 3347; x_wconf 86' lang='lat' dir='ltr'><strong>ad</strong></span> <span class='ocrx_word' id='word_1_548' title='bbox 3199 3312 3256 3348; x_wconf 88' lang='lat' dir='ltr'><strong>os</strong></span> 
     </span>
    </p>
   </div>
   <div class='ocr_carea' id='block_1_78' title="bbox 1661 3381 3254 3454">
    <p class='ocr_par' dir='ltr' id='par_1_78' title="bbox 1661 3381 3254 3454">
     <span class='ocr_line' id='line_1_78' title="bbox 1661 3381 3254 3454; baseline 0.002 -20"><span class='ocrx_word' id='word_1_549' title='bbox 1661 3381 1976 3450; x_wconf 82' lang='lat' dir='ltr'><strong>conﬁrmare</strong></span> <span class='ocrx_word' id='word_1_550' title='bbox 2019 3383 2276 3452; x_wconf 74' lang='lat' dir='ltr'><strong>sufficiat,</strong></span> <span class='ocrx_word' id='word_1_551' title='bbox 2317 3392 2366 3436; x_wconf 92' lang='lat' dir='ltr'><strong>et</strong></span> <span class='ocrx_word' id='word_1_552' title='bbox 2401 3383 2449 3436; x_wconf 89' lang='lat' dir='ltr'><strong>si</strong></span> <span class='ocrx_word' id='word_1_553' title='bbox 2485 3399 2590 3454; x_wconf 85' lang='lat' dir='ltr'><strong>qua</strong></span> <span class='ocrx_word' id='word_1_554' title='bbox 2631 3392 2755 3436; x_wconf 86' lang='lat' dir='ltr'><strong>sunt</strong></span> <span class='ocrx_word' id='word_1_555' title='bbox 2795 3383 2966 3438; x_wconf 90' lang='lat' dir='ltr'><strong>literis</strong></span> <span class='ocrx_word' id='word_1_556' title='bbox 2997 3385 3254 3454; x_wconf 84' lang='lat' dir='ltr'><strong>neglecta,</strong></span> 
     </span>
    </p>
   </div>
   <div class='ocr_carea' id='block_1_79' title="bbox 1660 3471 3259 3547">
    <p class='ocr_par' dir='ltr' id='par_1_79' title="bbox 1660 3471 3259 3547">
     <span class='ocr_line' id='line_1_79' title="bbox 1660 3471 3259 3547; baseline 0.004 -22"><span class='ocrx_word' id='word_1_557' title='bbox 1660 3471 1782 3526; x_wconf 84' lang='lat' dir='ltr'><strong>hinc</strong></span> <span class='ocrx_word' id='word_1_558' title='bbox 1810 3473 1934 3527; x_wconf 89' lang='lat' dir='ltr'><strong>inde</strong></span> <span class='ocrx_word' id='word_1_559' title='bbox 1961 3489 2211 3544; x_wconf 86' lang='lat' dir='ltr'><strong>responsa</strong></span> <span class='ocrx_word' id='word_1_560' title='bbox 2241 3474 2557 3544; x_wconf 90' lang='lat' dir='ltr'><strong>subinferat.</strong></span> <span class='ocrx_word' id='word_1_561' title='bbox 2605 3474 2791 3529; x_wconf 85' lang='lat' dir='ltr'><strong>Valere</strong></span> <span class='ocrx_word' id='word_1_562' title='bbox 2821 3493 2909 3529; x_wconf 79' lang='lat' dir='ltr'><strong>vos</strong></span> <span class='ocrx_word' id='word_1_563' title='bbox 2940 3477 3025 3530; x_wconf 81' lang='lat' dir='ltr'><strong>hic</strong></span> <span class='ocrx_word' id='word_1_564' title='bbox 3054 3493 3259 3547; x_wconf 78' lang='lat' dir='ltr'><strong>semper</strong></span> 
     </span>
    </p>
   </div>
   <div class='ocr_carea' id='block_1_80' title="bbox 1660 3562 3262 3632">
    <p class='ocr_par' dir='ltr' id='par_1_80' title="bbox 1660 3562 3262 3632">
     <span class='ocr_line' id='line_1_80' title="bbox 1660 3562 3262 3632; baseline 0.004 -16"><span class='ocrx_word' id='word_1_565' title='bbox 1660 3569 1712 3616; x_wconf 90' lang='lat' dir='ltr'><strong>et</strong></span> <span class='ocrx_word' id='word_1_566' title='bbox 1741 3562 1797 3617; x_wconf 90' lang='lat' dir='ltr'><strong>in</strong></span> <span class='ocrx_word' id='word_1_567' title='bbox 1837 3571 2093 3618; x_wconf 72' lang='lat' dir='ltr'><strong>wternum</strong></span> <span class='ocrx_word' id='word_1_568' title='bbox 2133 3565 2328 3632; x_wconf 81' lang='lat' dir='ltr'><strong>vivere,</strong></span> <span class='ocrx_word' id='word_1_569' title='bbox 2376 3580 2469 3620; x_wconf 88' lang='lat' dir='ltr'><strong>nos</strong></span> <span class='ocrx_word' id='word_1_570' title='bbox 2491 3581 2724 3620; x_wconf 84' lang='lat' dir='ltr'><strong>oramus</strong></span> <span class='ocrx_word' id='word_1_571' title='bbox 2759 3567 3034 3621; x_wconf 88' lang='lat' dir='ltr'><strong>unanimes</strong></span> <span class='ocrx_word' id='word_1_572' title='bbox 3065 3577 3115 3622; x_wconf 91' lang='lat' dir='ltr'><strong>et</strong></span> <span class='ocrx_word' id='word_1_573' title='bbox 3145 3569 3262 3623; x_wconf 83' lang='lat' dir='ltr'><strong>sine</strong></span> 
     </span>
    </p>
   </div>
   <div class='ocr_carea' id='block_1_81' title="bbox 1662 3654 2072 3712">
    <p class='ocr_par' dir='ltr' id='par_1_81' title="bbox 1662 3654 2072 3712">
     <span class='ocr_line' id='line_1_81' title="bbox 1662 3654 2072 3712; baseline 0.01 -4"><span class='ocrx_word' id='word_1_574' title='bbox 1662 3654 2072 3712; x_wconf 86' lang='lat' dir='ltr'><strong>intermissione.</strong></span> 
     </span>
    </p>
   </div>
   <div class='ocr_carea' id='block_1_82' title="bbox 1734 3831 3244 3910">
    <p class='ocr_par' dir='ltr' id='par_1_82' title="bbox 1734 3831 3244 3910">
     <span class='ocr_line' id='line_1_82' title="bbox 1734 3831 3244 3910; baseline 0.006 -23"><span class='ocrx_word' id='word_1_575' title='bbox 1734 3831 1910 3899; x_wconf 86' lang='lat' dir='ltr'><strong>Quam</strong></span> <span class='ocrx_word' id='word_1_576' title='bbox 1945 3842 2091 3905; x_wconf 89' lang='lat' dir='ltr'><strong>patet</strong></span> <span class='ocrx_word' id='word_1_577' title='bbox 2123 3835 2406 3906; x_wconf 87' lang='lat' dir='ltr'><strong>epistolam</strong></span> <span class='ocrx_word' id='word_1_578' title='bbox 2435 3835 2672 3894; x_wconf 85' lang='lat' dir='ltr'><strong>Henrico</strong></span> <span class='ocrx_word' id='word_1_579' title='bbox 2704 3837 2743 3893; x_wconf 88' lang='lat' dir='ltr'><strong>V</strong></span> <span class='ocrx_word' id='word_1_580' title='bbox 2774 3839 3078 3910; x_wconf 89' lang='lat' dir='ltr'><strong>imperante</strong></span> <span class='ocrx_word' id='word_1_581' title='bbox 3099 3841 3244 3896; x_wconf 84' lang='lat' dir='ltr'><strong>scri-</strong></span> 
     </span>
    </p>
   </div>
   <div class='ocr_carea' id='block_1_83' title="bbox 1664 3929 3255 3998">
    <p class='ocr_par' dir='ltr' id='par_1_83' title="bbox 1664 3929 3255 3998">
     <span class='ocr_line' id='line_1_83' title="bbox 1664 3929 3255 3998; baseline 0.006 -18"><span class='ocrx_word' id='word_1_582' title='bbox 1664 3933 1814 3996; x_wconf 89' lang='lat' dir='ltr'><strong>ptam</strong></span> <span class='ocrx_word' id='word_1_583' title='bbox 1837 3941 1982 3994; x_wconf 90' lang='lat' dir='ltr'><strong>esse,</strong></span> <span class='ocrx_word' id='word_1_584' title='bbox 2012 3935 2306 3998; x_wconf 85' lang='lat' dir='ltr'><strong>antequam</strong></span> <span class='ocrx_word' id='word_1_585' title='bbox 2335 3929 2726 3988; x_wconf 86' lang='lat' dir='ltr'><strong>Erkembertus</strong></span> <span class='ocrx_word' id='word_1_586' title='bbox 2755 3933 2926 3989; x_wconf 88' lang='lat' dir='ltr'><strong>abbas</strong></span> <span class='ocrx_word' id='word_1_587' title='bbox 2948 3933 3002 3988; x_wconf 91' lang='lat' dir='ltr'><strong>in</strong></span> <span class='ocrx_word' id='word_1_588' title='bbox 3027 3933 3255 3990; x_wconf 88' lang='lat' dir='ltr'><strong>Terram</strong></span> 
     </span>
    </p>
   </div>
   <div class='ocr_carea' id='block_1_84' title="bbox 1668 4017 3260 4099">
    <p class='ocr_par' dir='ltr' id='par_1_84' title="bbox 1668 4017 3260 4099">
     <span class='ocr_line' id='line_1_84' title="bbox 1668 4017 3260 4099; baseline 0.005 -27"><span class='ocrx_word' id='word_1_589' title='bbox 1668 4017 1925 4073; x_wconf 89' lang='lat' dir='ltr'><strong>Sanctam</strong></span> <span class='ocrx_word' id='word_1_590' title='bbox 1973 4017 2252 4089; x_wconf 78' lang='lat' dir='ltr'><strong>profectus</strong></span> <span class='ocrx_word' id='word_1_591' title='bbox 2315 4022 2386 4077; x_wconf 87' lang='lat' dir='ltr'><strong>sit</strong></span> <span class='ocrx_word' id='word_1_592' title='bbox 2438 4023 2608 4094; x_wconf 91' lang='grc'>(105),</span> <span class='ocrx_word' id='word_1_593' title='bbox 2654 4025 2797 4078; x_wconf 90' lang='lat' dir='ltr'><strong>inter</strong></span> <span class='ocrx_word' id='word_1_594' title='bbox 2842 4041 3050 4081; x_wconf 89' lang='lat' dir='ltr'><strong>annum</strong></span> <span class='ocrx_word' id='word_1_595' title='bbox 3090 4027 3260 4099; x_wconf 86' lang='lat' dir='ltr'><strong>igitur</strong></span> 
     </span>
    </p>
   </div>
   <div class='ocr_carea' id='block_1_85' title="bbox 1667 4110 3253 4188">
    <p class='ocr_par' dir='ltr' id='par_1_85' title="bbox 1667 4110 3253 4188">
     <span class='ocr_line' id='line_1_85' title="bbox 1667 4110 3253 4188; baseline 0.006 -24"><span class='ocrx_word' id='word_1_596' title='bbox 1667 4110 1827 4177; x_wconf 70' lang='grc' dir='ltr'><strong>11η,</strong></span> <span class='ocrx_word' id='word_1_597' title='bbox 1859 4126 1970 4180; x_wconf 91' lang='lat' dir='ltr'><strong>quo</strong></span> <span class='ocrx_word' id='word_1_598' title='bbox 2021 4111 2114 4166; x_wconf 89' lang='lat' dir='ltr'><strong>ille</strong></span> <span class='ocrx_word' id='word_1_599' title='bbox 2163 4113 2376 4182; x_wconf 89' lang='lat' dir='ltr'><strong>imperii</strong></span> <span class='ocrx_word' id='word_1_600' title='bbox 2405 4129 2668 4169; x_wconf 86' lang='lat' dir='ltr'><strong>coronam</strong></span> <span class='ocrx_word' id='word_1_601' title='bbox 2717 4118 2977 4188; x_wconf 88' lang='lat' dir='ltr'><strong>suscepit,</strong></span> <span class='ocrx_word' id='word_1_602' title='bbox 3014 4127 3069 4174; x_wconf 88' lang='lat' dir='ltr'><strong>et</strong></span> <span class='ocrx_word' id='word_1_603' title='bbox 3092 4120 3253 4186; x_wconf 84' lang='grc'>1117,</span> 
     </span>
    </p>
   </div>
   <div class='ocr_carea' id='block_1_86' title="bbox 1666 4203 3262 4277">
    <p class='ocr_par' dir='ltr' id='par_1_86' title="bbox 1666 4203 3262 4277">
     <span class='ocr_line' id='line_1_86' title="bbox 1666 4203 3262 4277; baseline 0.006 -21"><span class='ocrx_word' id='word_1_604' title='bbox 1666 4217 1778 4272; x_wconf 91' lang='lat' dir='ltr'><strong>quo</strong></span> <span class='ocrx_word' id='word_1_605' title='bbox 1812 4203 1902 4257; x_wconf 89' lang='lat' dir='ltr'><strong>hic</strong></span> <span class='ocrx_word' id='word_1_606' title='bbox 1949 4203 2054 4258; x_wconf 85' lang='lat' dir='ltr'><strong>iter</strong></span> <span class='ocrx_word' id='word_1_607' title='bbox 2079 4213 2372 4260; x_wconf 84' lang='lat' dir='ltr'><strong>exsecutus</strong></span> <span class='ocrx_word' id='word_1_608' title='bbox 2415 4214 2499 4260; x_wconf 89' lang='lat' dir='ltr'><strong>est</strong></span> <span class='ocrx_word' id='word_1_609' title='bbox 2540 4207 2710 4277; x_wconf 71' lang='grc'>(164).</span> <span class='ocrx_word' id='word_1_610' title='bbox 2748 4205 3121 4266; x_wconf 86' lang='lat' dir='ltr'><strong>Nihilominus</strong></span> <span class='ocrx_word' id='word_1_611' title='bbox 3164 4227 3262 4265; x_wconf 81' lang='lat' dir='ltr'><strong>co—</strong></span> 
     </span>
    </p>
   </div>
   <div class='ocr_carea' id='block_1_87' title="bbox 1666 4293 3256 4369">
    <p class='ocr_par' dir='ltr' id='par_1_87' title="bbox 1666 4293 3256 4369">
     <span class='ocr_line' id='line_1_87' title="bbox 1666 4293 3256 4369; baseline 0.005 -20"><span class='ocrx_word' id='word_1_612' title='bbox 1666 4295 1834 4360; x_wconf 87' lang='lat' dir='ltr'><strong>dices,</strong></span> <span class='ocrx_word' id='word_1_613' title='bbox 1868 4293 2070 4365; x_wconf 90' lang='lat' dir='ltr'><strong>quibus</strong></span> <span class='ocrx_word' id='word_1_614' title='bbox 2103 4295 2414 4351; x_wconf 82' lang='lat' dir='ltr'><strong>Chronicon</strong></span> <span class='ocrx_word' id='word_1_615' title='bbox 2445 4313 2570 4352; x_wconf 92' lang='lat' dir='ltr'><strong>cum</strong></span> <span class='ocrx_word' id='word_1_616' title='bbox 2602 4299 2704 4354; x_wconf 91' lang='lat' dir='ltr'><strong>hac</strong></span> <span class='ocrx_word' id='word_1_617' title='bbox 2730 4300 2961 4369; x_wconf 90' lang='lat' dir='ltr'><strong>epistola</strong></span> <span class='ocrx_word' id='word_1_618' title='bbox 2988 4310 3044 4356; x_wconf 90' lang='lat' dir='ltr'><strong>et</strong></span> <span class='ocrx_word' id='word_1_619' title='bbox 3068 4300 3256 4356; x_wconf 49' lang='lat' dir='ltr'><strong>Hiero-</strong></span> 
     </span>
    </p>
   </div>
   <div class='ocr_carea' id='block_1_88' title="bbox 1668 4387 3260 4462">
    <p class='ocr_par' dir='ltr' id='par_1_88' title="bbox 1668 4387 3260 4462">
     <span class='ocr_line' id='line_1_88' title="bbox 1668 4387 3260 4462; baseline 0.003 -18"><span class='ocrx_word' id='word_1_620' title='bbox 1668 4388 1917 4461; x_wconf 79' lang='lat' dir='ltr'><strong>solymita</strong></span> <span class='ocrx_word' id='word_1_621' title='bbox 1952 4387 2284 4454; x_wconf 88' lang='lat' dir='ltr'><strong>continetur,</strong></span> <span class='ocrx_word' id='word_1_622' title='bbox 2317 4389 2369 4443; x_wconf 91' lang='lat' dir='ltr'><strong>id</strong></span> <span class='ocrx_word' id='word_1_623' title='bbox 2401 4389 2646 4460; x_wconf 79' lang='lat' dir='ltr'><strong>praebent</strong></span> <span class='ocrx_word' id='word_1_624' title='bbox 2690 4407 2867 4462; x_wconf 90' lang='lat' dir='ltr'><strong>usque</strong></span> <span class='ocrx_word' id='word_1_625' title='bbox 2909 4394 2976 4448; x_wconf 90' lang='lat' dir='ltr'><strong>ad</strong></span> <span class='ocrx_word' id='word_1_626' title='bbox 3009 4409 3060 4448; x_wconf 91' lang='lat' dir='ltr'><strong>a.</strong></span> <span class='ocrx_word' id='word_1_627' title='bbox 3116 4394 3260 4448; x_wconf 70' lang='lat'><strong>“‘25</strong></span> 
     </span>
    </p>
   </div>
   <div class='ocr_carea' id='block_1_89' title="bbox 41 4473 3255 4555">
    <p class='ocr_par' dir='ltr' id='par_1_89' title="bbox 41 4473 3255 4555">
     <span class='ocr_line' id='line_1_89' title="bbox 41 4473 3255 4555; baseline 0.004 -28"><span class='ocrx_word' id='word_1_628' title='bbox 41 4473 170 4537; x_wconf 65' lang='lat' dir='ltr'><strong>utqui!</strong></span> <span class='ocrx_word' id='word_1_629' title='bbox 210 4479 462 4549; x_wconf 85' lang='lat' dir='ltr'><strong>utrimque</strong></span> <span class='ocrx_word' id='word_1_630' title='bbox 495 4510 566 4519; x_wconf 89' lang='lat'><strong>—</strong></span> <span class='ocrx_word' id='word_1_631' title='bbox 597 4479 754 4550; x_wconf 87' lang='lat' dir='ltr'><strong>digne</strong></span> <span class='ocrx_word' id='word_1_632' title='bbox 797 4477 1176 4545; x_wconf 87' lang='lat' dir='ltr'><strong>asscribentes,</strong></span> <span class='ocrx_word' id='word_1_633' title='bbox 1226 4475 1365 4547; x_wconf 87' lang='lat' dir='ltr'><strong>quod</strong></span> <span class='ocrx_word' id='word_1_634' title='bbox 1385 4517 1400 4542; x_wconf 92' lang='lat'><strong>,</strong></span> <span class='ocrx_word' id='word_1_635' title='bbox 1450 4475 1566 4544; x_wconf 79' lang='lat' dir='ltr'><strong>ipsa</strong></span> <span class='ocrx_word' id='word_1_636' title='bbox 1595 4493 1644 4553; x_wconf 80' lang='grc' dir='ltr'>υ</span> <span class='ocrx_word' id='word_1_637' title='bbox 1669 4480 1982 4547; x_wconf 87' lang='lat' dir='ltr'><strong>deductum,</strong></span> <span class='ocrx_word' id='word_1_638' title='bbox 2011 4497 2190 4552; x_wconf 89' lang='lat' dir='ltr'><strong>neque</strong></span> <span class='ocrx_word' id='word_1_639' title='bbox 2233 4481 2477 4553; x_wconf 87' lang='lat' dir='ltr'><strong>quinque</strong></span> <span class='ocrx_word' id='word_1_640' title='bbox 2502 4483 2674 4540; x_wconf 87' lang='lat' dir='ltr'><strong>libros</strong></span> <span class='ocrx_word' id='word_1_641' title='bbox 2707 4483 2760 4538; x_wconf 88' lang='lat' dir='ltr'><strong>in</strong></span> <span class='ocrx_word' id='word_1_642' title='bbox 2792 4484 3115 4555; x_wconf 63' lang='lat' dir='ltr'><strong>prmfatione</strong></span> <span class='ocrx_word' id='word_1_643' title='bbox 3169 4487 3255 4540; x_wconf 86' lang='lat' dir='ltr'><strong>in-</strong></span> 
     </span>
    </p>
   </div>
   <div class='ocr_carea' id='block_1_90' title="bbox 42 4568 1560 4642">
    <p class='ocr_par' dir='ltr' id='par_1_90' title="bbox 42 4568 1560 4642">
     <span class='ocr_line' id='line_1_90' title="bbox 42 4568 1560 4642; baseline 0.009 -33"><span class='ocrx_word' id='word_1_644' title='bbox 42 4575 203 4618; x_wconf 83' lang='lat' dir='ltr'><strong>mauum</strong></span> <span class='ocrx_word' id='word_1_645' title='bbox 243 4584 438 4635; x_wconf 84' lang='lat' dir='ltr'><strong>semper</strong></span> <span class='ocrx_word' id='word_1_646' title='bbox 474 4573 793 4642; x_wconf 87' lang='lat' dir='ltr'><strong>porrigente,</strong></span> <span class='ocrx_word' id='word_1_647' title='bbox 843 4578 994 4624; x_wconf 83' lang='lat' dir='ltr'><strong>tanta</strong></span> <span class='ocrx_word' id='word_1_648' title='bbox 1040 4568 1243 4623; x_wconf 89' lang='lat' dir='ltr'><strong>tantilli</strong></span> <span class='ocrx_word' id='word_1_649' title='bbox 1274 4568 1560 4638; x_wconf 86' lang='lat' dir='ltr'><strong>potuimus.</strong></span> 
     </span>
    </p>
   </div>
   <div class='ocr_carea' id='block_1_91' title="bbox 1674 4569 3260 4650">
    <p class='ocr_par' dir='ltr' id='par_1_91' title="bbox 1674 4569 3260 4650">
     <span class='ocr_line' id='line_1_91' title="bbox 1674 4569 3260 4650; baseline 0.006 -26"><span class='ocrx_word' id='word_1_650' title='bbox 1674 4569 1885 4627; x_wconf 86' lang='lat' dir='ltr'><strong>dicatos</strong></span> <span class='ocrx_word' id='word_1_651' title='bbox 1904 4579 1958 4627; x_wconf 89' lang='lat' dir='ltr'><strong>et</strong></span> <span class='ocrx_word' id='word_1_652' title='bbox 1985 4572 2055 4629; x_wconf 89' lang='lat' dir='ltr'><strong>ab</strong></span> <span class='ocrx_word' id='word_1_653' title='bbox 2074 4573 2356 4631; x_wconf 86' lang='lat' dir='ltr'><strong>Helmoldo</strong></span> <span class='ocrx_word' id='word_1_654' title='bbox 2379 4575 2435 4630; x_wconf 90' lang='lat' dir='ltr'><strong>in</strong></span> <span class='ocrx_word' id='word_1_655' title='bbox 2463 4591 2566 4632; x_wconf 92' lang='lat' dir='ltr'><strong>suo</strong></span> <span class='ocrx_word' id='word_1_656' title='bbox 2586 4577 2882 4649; x_wconf 80' lang='lat' dir='ltr'><strong>exemplari</strong></span> <span class='ocrx_word' id='word_1_657' title='bbox 2909 4579 3078 4634; x_wconf 84' lang='lat' dir='ltr'><strong>lectos</strong></span> <span class='ocrx_word' id='word_1_658' title='bbox 3107 4578 3260 4650; x_wconf 78' lang='grc'>(105)</span> 
     </span>
    </p>
   </div>
   <div class='ocr_carea' id='block_1_92' title="bbox 1237 4657 1908 4719">
    <p class='ocr_par' dir='ltr' id='par_1_92' title="bbox 1237 4657 1908 4719">
     <span class='ocr_line' id='line_1_92' title="bbox 1237 4657 1908 4719; baseline 0.01 -7"><span class='ocrx_word' id='word_1_659' title='bbox 1237 4657 1469 4713; x_wconf 61' lang='lat' dir='ltr'><strong>VARUS</strong></span> <span class='ocrx_word' id='word_1_660' title='bbox 1511 4659 1908 4719; x_wconf 81' lang='lat' dir='ltr'><strong>LECTIONES.</strong></span> 
     </span>
    </p>
   </div>
   <div class='ocr_carea' id='block_1_93' title="bbox 92 4747 1546 4812">
    <p class='ocr_par' dir='ltr' id='par_1_93' title="bbox 92 4747 1546 4812">
     <span class='ocr_line' id='line_1_93' title="bbox 92 4747 1546 4812; baseline 0.001 -8"><span class='ocrx_word' id='word_1_661' title='bbox 92 4747 108 4776; x_wconf 90' lang='grc'>³</span> <span class='ocrx_word' id='word_1_662' title='bbox 127 4766 253 4808; x_wconf 82' lang='lat' dir='ltr'><strong>reme</strong></span> <span class='ocrx_word' id='word_1_663' title='bbox 279 4764 325 4809; x_wconf 89' lang='lat' dir='ltr'><strong>et</strong></span> <span class='ocrx_word' id='word_1_664' title='bbox 351 4757 527 4812; x_wconf 88' lang='lat' dir='ltr'><strong>rimus</strong></span> <span class='ocrx_word' id='word_1_665' title='bbox 550 4757 604 4810; x_wconf 91' lang='lat' dir='ltr'><strong>in</strong></span> <span class='ocrx_word' id='word_1_666' title='bbox 635 4757 813 4811; x_wconf 83' lang='lat' dir='ltr'><strong>codice</strong></span> <span class='ocrx_word' id='word_1_667' title='bbox 838 4754 1030 4810; x_wconf 87' lang='lat' dir='ltr'><strong>deleta.</strong></span> <span class='ocrx_word' id='word_1_668' title='bbox 1105 4752 1128 4785; x_wconf 73' lang='grc'><strong>’⁵</strong></span> <span class='ocrx_word' id='word_1_669' title='bbox 1157 4759 1401 4807; x_wconf 86' lang='lat' dir='ltr'><strong>nostram</strong></span> <span class='ocrx_word' id='word_1_670' title='bbox 1431 4750 1546 4805; x_wconf 90' lang='lat' dir='ltr'><strong>cod.</strong></span> 
     </span>
    </p>
   </div>
   <div class='ocr_carea' id='block_1_94' title="bbox 1519 4840 1748 4899">
    <p class='ocr_par' dir='ltr' id='par_1_94' title="bbox 1519 4840 1748 4899">
     <span class='ocr_line' id='line_1_94' title="bbox 1519 4840 1748 4899; baseline 0.009 -3"><span class='ocrx_word' id='word_1_671' title='bbox 1519 4840 1748 4899; x_wconf 70' lang='lat' dir='ltr'><strong>NOTAE.</strong></span> 
     </span>
    </p>
   </div>
   <div class='ocr_carea' id='block_1_95' title="bbox 89 4930 1559 5008">
    <p class='ocr_par' dir='ltr' id='par_1_95' title="bbox 89 4930 1559 5008">
     <span class='ocr_line' id='line_1_95' title="bbox 89 4930 1559 5008; baseline -0.001 -18"><span class='ocrx_word' id='word_1_672' title='bbox 89 4930 179 5008; x_wconf 66' lang='lat'><strong>(97)</strong></span> <span class='ocrx_word' id='word_1_673' title='bbox 195 4933 274 5008; x_wconf 73' lang='lat' dir='ltr'><strong>Ci.</strong></span> <span class='ocrx_word' id='word_1_674' title='bbox 300 4953 421 5008; x_wconf 64' lang='lat' dir='ltr'><strong>quae</strong></span> <span class='ocrx_word' id='word_1_675' title='bbox 440 4937 816 4993; x_wconf 87' lang='lat' dir='ltr'><strong>Bethmannus</strong></span> <span class='ocrx_word' id='word_1_676' title='bbox 830 4943 1014 5008; x_wconf 67' lang='lat' dir='ltr'><strong>noster</strong></span> <span class='ocrx_word' id='word_1_677' title='bbox 1035 4949 1264 5008; x_wconf 60' lang='lat' dir='ltr'><strong>procem.</strong></span> <span class='ocrx_word' id='word_1_678' title='bbox 1285 4935 1352 5008; x_wconf 62' lang='lat' dir='ltr'><strong>ad</strong></span> <span class='ocrx_word' id='word_1_679' title='bbox 1377 4933 1559 5008; x_wconf 79' lang='lat' dir='ltr'><strong>Sigeb.</strong></span> 
     </span>
    </p>
   </div>
   <div class='ocr_carea' id='block_1_96' title="bbox 38 4998 1563 5076">
    <p class='ocr_par' dir='ltr' id='par_1_96' title="bbox 38 4998 1563 5076">
     <span class='ocr_line' id='line_1_96' title="bbox 38 4998 1563 5076; baseline 0.003 -23"><span class='ocrx_word' id='word_1_680' title='bbox 38 4998 406 5076; x_wconf 39' lang='lat' dir='ltr'><strong>diduntur-rte</strong></span> <span class='ocrx_word' id='word_1_681' title='bbox 436 5024 549 5064; x_wconf 90' lang='lat' dir='ltr'><strong>non</strong></span> <span class='ocrx_word' id='word_1_682' title='bbox 591 5023 642 5062; x_wconf 86' lang='lat' dir='ltr'><strong>a.</strong></span> <span class='ocrx_word' id='word_1_683' title='bbox 693 5009 851 5070; x_wconf 87' lang='grc'>1105,</span> <span class='ocrx_word' id='word_1_684' title='bbox 897 4998 1250 5060; x_wconf 73' lang='lat' dir='ltr'><strong>Ekkeliardus</strong></span> <span class='ocrx_word' id='word_1_685' title='bbox 1295 4998 1563 5076; x_wconf 67' lang='lat' dir='ltr'><strong>Sigeberti</strong></span> 
     </span>
    </p>
   </div>
   <div class='ocr_carea' id='block_1_97' title="bbox 39 5067 1562 5146">
    <p class='ocr_par' dir='ltr' id='par_1_97' title="bbox 39 5067 1562 5146">
     <span class='ocr_line' id='line_1_97' title="bbox 39 5067 1562 5146; baseline 0.003 -20"><span class='ocrx_word' id='word_1_686' title='bbox 39 5067 258 5146; x_wconf 79' lang='lat' dir='ltr'><strong>Chronico</strong></span> <span class='ocrx_word' id='word_1_687' title='bbox 286 5094 418 5135; x_wconf 90' lang='lat' dir='ltr'><strong>usus</strong></span> <span class='ocrx_word' id='word_1_688' title='bbox 451 5088 557 5145; x_wconf 85' lang='lat' dir='ltr'><strong>est,</strong></span> <span class='ocrx_word' id='word_1_689' title='bbox 594 5079 686 5134; x_wconf 88' lang='lat' dir='ltr'><strong>sed</strong></span> <span class='ocrx_word' id='word_1_690' title='bbox 718 5093 770 5132; x_wconf 92' lang='lat' dir='ltr'><strong>a.</strong></span> <span class='ocrx_word' id='word_1_691' title='bbox 811 5067 948 5131; x_wconf 68' lang='lat'><strong>{106</strong></span> <span class='ocrx_word' id='word_1_692' title='bbox 978 5076 1061 5131; x_wconf 89' lang='lat' dir='ltr'><strong>vel</strong></span> <span class='ocrx_word' id='word_1_693' title='bbox 1106 5067 1384 5145; x_wconf 52' lang='lat' dir='ltr'><strong>sequenti}</strong></span> <span class='ocrx_word' id='word_1_694' title='bbox 1416 5077 1562 5146; x_wconf 83' lang='lat' dir='ltr'><strong>quod</strong></span> 
     </span>
    </p>
   </div>
   <div class='ocr_carea' id='block_1_98' title="bbox 39 5145 1313 5218">
    <p class='ocr_par' dir='ltr' id='par_1_98' title="bbox 39 5145 1313 5218">
     <span class='ocr_line' id='line_1_98' title="bbox 39 5145 1313 5218; baseline -0.002 -18"><span class='ocrx_word' id='word_1_695' title='bbox 39 5145 349 5218; x_wconf 23' lang='lat' dir='ltr'><strong>cutuiis‘qua:</strong></span> <span class='ocrx_word' id='word_1_696' title='bbox 373 5167 430 5204; x_wconf 91' lang='lat' dir='ltr'><strong>n.</strong></span> <span class='ocrx_word' id='word_1_697' title='bbox 457 5150 549 5204; x_wconf 76' lang='grc'><strong>47·</strong></span> <span class='ocrx_word' id='word_1_698' title='bbox 578 5149 785 5204; x_wconf 87' lang='lat' dir='ltr'><strong>notavit</strong></span> <span class='ocrx_word' id='word_1_699' title='bbox 813 5148 1014 5217; x_wconf 88' lang='lat' dir='ltr'><strong>optime</strong></span> <span class='ocrx_word' id='word_1_700' title='bbox 1041 5147 1313 5218; x_wconf 61' lang='lat' dir='ltr'><strong>convenit.</strong></span> 
     </span>
    </p>
   </div>
   <div class='ocr_carea' id='block_1_99' title="bbox 91 5214 1562 5288">
    <p class='ocr_par' dir='ltr' id='par_1_99' title="bbox 91 5214 1562 5288">
     <span class='ocr_line' id='line_1_99' title="bbox 91 5214 1562 5288; baseline 0.001 -21"><span class='ocrx_word' id='word_1_701' title='bbox 91 5214 187 5288; x_wconf 84' lang='lat'><strong>(98)</strong></span> <span class='ocrx_word' id='word_1_702' title='bbox 209 5214 393 5288; x_wconf 81' lang='lat' dir='ltr'><strong>Omnia</strong></span> <span class='ocrx_word' id='word_1_703' title='bbox 449 5221 576 5275; x_wconf 90' lang='lat' dir='ltr'><strong>inde</strong></span> <span class='ocrx_word' id='word_1_704' title='bbox 631 5235 662 5275; x_wconf 91' lang='lat' dir='ltr'><strong>a</strong></span> <span class='ocrx_word' id='word_1_705' title='bbox 721 5214 903 5274; x_wconf 74' lang='lat' dir='ltr'><strong>verbis</strong></span> <span class='ocrx_word' id='word_1_706' title='bbox 960 5217 1084 5288; x_wconf 87' lang='lat' dir='ltr'><strong>(col.</strong></span> <span class='ocrx_word' id='word_1_707' title='bbox 1118 5215 1246 5286; x_wconf 84' lang='lat'><strong>565)</strong></span> <span class='ocrx_word' id='word_1_708' title='bbox 1284 5215 1388 5270; x_wconf 89' lang='lat' dir='ltr'><strong>Sed</strong></span> <span class='ocrx_word' id='word_1_709' title='bbox 1433 5217 1562 5288; x_wconf 81' lang='lat' dir='ltr'><strong>quia</strong></span> 
     </span>
    </p>
   </div>
   <div class='ocr_carea' id='block_1_100' title="bbox 39 5281 1573 5362">
    <p class='ocr_par' dir='ltr' id='par_1_100' title="bbox 39 5281 1573 5362">
     <span class='ocr_line' id='line_1_100' title="bbox 39 5281 1573 5362; baseline 0.005 -29"><span class='ocrx_word' id='word_1_710' title='bbox 39 5281 142 5362; x_wconf 61' lang='lat' dir='ltr'><strong>talem</strong></span> <span class='ocrx_word' id='word_1_711' title='bbox 161 5281 444 5345; x_wconf 69' lang='lat' dir='ltr'><strong>Alexander</strong></span> <span class='ocrx_word' id='word_1_712' title='bbox 467 5293 780 5362; x_wconf 86' lang='lat' dir='ltr'><strong>—quinque</strong></span> <span class='ocrx_word' id='word_1_713' title='bbox 813 5281 995 5361; x_wconf 81' lang='lat' dir='ltr'><strong>postea</strong></span> <span class='ocrx_word' id='word_1_714' title='bbox 1031 5281 1266 5359; x_wconf 81' lang='lat' dir='ltr'><strong>regnavit</strong></span> <span class='ocrx_word' id='word_1_715' title='bbox 1291 5287 1418 5360; x_wconf 89' lang='lat' dir='ltr'><strong>(col.</strong></span> <span class='ocrx_word' id='word_1_716' title='bbox 1443 5281 1573 5353; x_wconf 78' lang='grc'>602,</span> 
     </span>
    </p>
   </div>
   <div class='ocr_carea' id='block_1_101' title="bbox 37 5350 210 5414">
    <p class='ocr_par' dir='ltr' id='par_1_101' title="bbox 37 5350 210 5414">
     <span class='ocr_line' id='line_1_101' title="bbox 37 5350 210 5414; baseline 0.04 -7"><span class='ocrx_word' id='word_1_717' title='bbox 37 5350 210 5414; x_wconf 78' lang='lat' dir='ltr'><strong>desunt.</strong></span> 
     </span>
    </p>
   </div>
   <div class='ocr_carea' id='block_1_102' title="bbox 78 5425 1573 5501">
    <p class='ocr_par' dir='ltr' id='par_1_102' title="bbox 78 5425 1573 5501">
     <span class='ocr_line' id='line_1_102' title="bbox 78 5425 1573 5501; baseline -0.005 -12"><span class='ocrx_word' id='word_1_718' title='bbox 78 5425 263 5501; x_wconf 15' lang='lat' dir='ltr'><strong>,(99)Aa.</strong></span> <span class='ocrx_word' id='word_1_719' title='bbox 308 5432 447 5500; x_wconf 86' lang='lat'><strong>566;</strong></span> <span class='ocrx_word' id='word_1_720' title='bbox 508 5433 611 5487; x_wconf 90' lang='lat' dir='ltr'><strong>col.</strong></span> <span class='ocrx_word' id='word_1_721' title='bbox 667 5432 790 5497; x_wconf 71' lang='lat'><strong>715,</strong></span> <span class='ocrx_word' id='word_1_722' title='bbox 837 5431 962 5496; x_wconf 72' lang='lat'><strong>725,</strong></span> <span class='ocrx_word' id='word_1_723' title='bbox 1010 5429 1135 5496; x_wconf 87' lang='lat'><strong>788,</strong></span> <span class='ocrx_word' id='word_1_724' title='bbox 1177 5428 1304 5494; x_wconf 70' lang='grc'>844,</span> <span class='ocrx_word' id='word_1_725' title='bbox 1339 5428 1466 5501; x_wconf 67' lang='lat'><strong>882.</strong></span> <span class='ocrx_word' id='word_1_726' title='bbox 1502 5458 1573 5501; x_wconf 75' lang='lat'><strong>—_—-</strong></span> 
     </span>
    </p>
   </div>
   <div class='ocr_carea' id='block_1_103' title="bbox 1743 4935 3258 5008">
    <p class='ocr_par' dir='ltr' id='par_1_103' title="bbox 1743 4935 3258 5008">
     <span class='ocr_line' id='line_1_103' title="bbox 1743 4935 3258 5008; baseline 0 -17"><span class='ocrx_word' id='word_1_727' title='bbox 1743 4937 1891 5008; x_wconf 84' lang='lat' dir='ltr'><strong>(l0l)</strong></span> <span class='ocrx_word' id='word_1_728' title='bbox 1931 4936 2106 5008; x_wconf 83' lang='lat' dir='ltr'><strong>Hujus</strong></span> <span class='ocrx_word' id='word_1_729' title='bbox 2146 4938 2224 4993; x_wconf 87' lang='lat' dir='ltr'><strong>rei</strong></span> <span class='ocrx_word' id='word_1_730' title='bbox 2270 4948 2600 4996; x_wconf 76' lang='lat' dir='ltr'><strong>mentsonem</strong></span> <span class='ocrx_word' id='word_1_731' title='bbox 2645 4939 2857 4996; x_wconf 84' lang='lat' dir='ltr'><strong>faciunt</strong></span> <span class='ocrx_word' id='word_1_732' title='bbox 2898 4941 3134 4995; x_wconf 83' lang='lat' dir='ltr'><strong>Annales</strong></span> <span class='ocrx_word' id='word_1_733' title='bbox 3180 4935 3258 4997; x_wconf 75' lang='lat' dir='ltr'><strong>illi</strong></span> 
     </span>
    </p>
   </div>
   <div class='ocr_carea' id='block_1_104' title="bbox 1669 5007 3182 5082">
    <p class='ocr_par' dir='ltr' id='par_1_104' title="bbox 1669 5007 3182 5082">
     <span class='ocr_line' id='line_1_104' title="bbox 1669 5007 3182 5082; baseline 0.005 -20"><span class='ocrx_word' id='word_1_734' title='bbox 1669 5007 2027 5082; x_wconf 68' lang='lat' dir='ltr'><strong>Corbeienses</strong></span> <span class='ocrx_word' id='word_1_735' title='bbox 2061 5009 2240 5064; x_wconf 61' lang='lat' dir='ltr'><strong>dubiae</strong></span> <span class='ocrx_word' id='word_1_736' title='bbox 2271 5009 2392 5064; x_wconf 88' lang='lat' dir='ltr'><strong>ﬁdei</strong></span> <span class='ocrx_word' id='word_1_737' title='bbox 2414 5013 2571 5082; x_wconf 76' lang='lat' dir='ltr'><strong>apud</strong></span> <span class='ocrx_word' id='word_1_738' title='bbox 2595 5011 2839 5068; x_wconf 87' lang='lat' dir='ltr'><strong>Leibnitz</strong></span> <span class='ocrx_word' id='word_1_739' title='bbox 2869 5011 2931 5077; x_wconf 89' lang='lat' dir='ltr'><strong>ll,</strong></span> <span class='ocrx_word' id='word_1_740' title='bbox 2977 5028 3030 5082; x_wconf 90' lang='lat' dir='ltr'><strong>p.</strong></span> <span class='ocrx_word' id='word_1_741' title='bbox 3059 5012 3182 5069; x_wconf 82' lang='grc'>506.</span> 
     </span>
    </p>
   </div>
   <div class='ocr_carea' id='block_1_105' title="bbox 1741 5078 3258 5165">
    <p class='ocr_par' dir='ltr' id='par_1_105' title="bbox 1741 5078 3258 5165">
     <span class='ocr_line' id='line_1_105' title="bbox 1741 5078 3258 5165; baseline 0.002 -3"><span class='ocrx_word' id='word_1_742' title='bbox 1741 5079 1888 5165; x_wconf 60' lang='grc' dir='ltr'>(1οῇ</span> <span class='ocrx_word' id='word_1_743' title='bbox 1925 5078 2078 5165; x_wconf 54' lang='lat' dir='ltr'><strong>Edita</strong></span> <span class='ocrx_word' id='word_1_744' title='bbox 2110 5089 2289 5165; x_wconf 52' lang='grc' dir='ltr'><strong>θείνεῖξ</strong></span> <span class='ocrx_word' id='word_1_745' title='bbox 2325 5078 2522 5165; x_wconf 59' lang='grc' dir='ltr'><strong>εοςιίές,</strong></span> <span class='ocrx_word' id='word_1_746' title='bbox 2545 5080 2862 5165; x_wconf 65' lang='grc' dir='ltr'><strong>Ρίιτίεὲεῑιεί.</strong></span> <span class='ocrx_word' id='word_1_747' title='bbox 2886 5078 3008 5165; x_wconf 50' lang='lat' dir='ltr'><strong>(Ei)</strong></span> <span class='ocrx_word' id='word_1_748' title='bbox 3046 5085 3258 5165; x_wconf 49' lang='lat' dir='ltr'><strong>aiter-</strong></span> 
     </span>
    </p>
   </div>
   <div class='ocr_carea' id='block_1_106' title="bbox 1668 5149 3258 5223">
    <p class='ocr_par' dir='ltr' id='par_1_106' title="bbox 1668 5149 3258 5223">
     <span class='ocr_line' id='line_1_106' title="bbox 1668 5149 3258 5223; baseline 0.004 -19"><span class='ocrx_word' id='word_1_749' title='bbox 1668 5151 1816 5223; x_wconf 65' lang='lat' dir='ltr'><strong>tertio</strong></span> <span class='ocrx_word' id='word_1_750' title='bbox 1844 5149 1983 5223; x_wconf 59' lang='grc' dir='ltr'><strong>(1911ἶ</strong></span> <span class='ocrx_word' id='word_1_751' title='bbox 2010 5149 2080 5223; x_wconf 75' lang='lat' dir='ltr'><strong>_V,</strong></span> <span class='ocrx_word' id='word_1_752' title='bbox 2111 5167 2174 5223; x_wconf 93' lang='lat' dir='ltr'><strong>p_._</strong></span> <span class='ocrx_word' id='word_1_753' title='bbox 2195 5152 2326 5218; x_wconf 80' lang='lat' dir='ltr'><strong>5H;</strong></span> <span class='ocrx_word' id='word_1_754' title='bbox 2353 5159 2416 5223; x_wconf 81' lang='lat' dir='ltr'><strong>et</strong></span> <span class='ocrx_word' id='word_1_755' title='bbox 2442 5149 2809 5210; x_wconf 74' lang='lat' dir='ltr'><strong>(Esterreich.</strong></span> <span class='ocrx_word' id='word_1_756' title='bbox 2834 5149 3053 5211; x_wconf 73' lang='lat' dir='ltr'><strong>Archiv.</strong></span> <span class='ocrx_word' id='word_1_757' title='bbox 3085 5155 3212 5212; x_wconf 87' lang='grc'>1851</span> <span class='ocrx_word' id='word_1_758' title='bbox 3237 5175 3258 5223; x_wconf 83' lang='grc'><strong>;</strong></span> 
     </span>
    </p>
   </div>
   <div class='ocr_carea' id='block_1_107' title="bbox 1671 5218 2399 5292">
    <p class='ocr_par' dir='ltr' id='par_1_107' title="bbox 1671 5218 2399 5292">
     <span class='ocr_line' id='line_1_107' title="bbox 1671 5218 2399 5292; baseline 0.003 -18"><span class='ocrx_word' id='word_1_759' title='bbox 1671 5218 2195 5292; x_wconf 58' lang='lat' dir='ltr'><strong>Urkundenblath,</strong></span> <span class='ocrx_word' id='word_1_760' title='bbox 2227 5236 2279 5292; x_wconf 93' lang='lat' dir='ltr'><strong>p.</strong></span> <span class='ocrx_word' id='word_1_761' title='bbox 2313 5222 2399 5276; x_wconf 89' lang='grc'><strong>17.</strong></span> 
     </span>
    </p>
   </div>
   <div class='ocr_carea' id='block_1_108' title="bbox 1773 5291 2649 5364">
    <p class='ocr_par' dir='ltr' id='par_1_108' title="bbox 1773 5291 2649 5364">
     <span class='ocr_line' id='line_1_108' title="bbox 1773 5291 2649 5364; baseline 0.005 -19"><span class='ocrx_word' id='word_1_762' title='bbox 1773 5291 1894 5364; x_wconf 82' lang='grc'>105)</span> <span class='ocrx_word' id='word_1_763' title='bbox 1929 5291 2014 5364; x_wconf 77' lang='lat' dir='ltr'><strong>Cf.</strong></span> <span class='ocrx_word' id='word_1_764' title='bbox 2047 5291 2404 5364; x_wconf 63' lang='lat' dir='ltr'><strong>HigroSolym.</strong></span> <span class='ocrx_word' id='word_1_765' title='bbox 2443 5309 2495 5364; x_wconf 92' lang='lat' dir='ltr'><strong>p.</strong></span> <span class='ocrx_word' id='word_1_766' title='bbox 2521 5293 2649 5349; x_wconf 75' lang='grc'>265.</span> 
     </span>
    </p>
   </div>
   <div class='ocr_carea' id='block_1_109' title="bbox 1775 5361 2514 5433">
    <p class='ocr_par' dir='ltr' id='par_1_109' title="bbox 1775 5361 2514 5433">
     <span class='ocr_line' id='line_1_109' title="bbox 1775 5361 2514 5433; baseline 0.003 -17"><span class='ocrx_word' id='word_1_767' title='bbox 1775 5362 1895 5433; x_wconf 72' lang='grc'>101)</span> <span class='ocrx_word' id='word_1_768' title='bbox 1918 5362 2062 5433; x_wconf 81' lang='lat' dir='ltr'><strong>Ann.</strong></span> <span class='ocrx_word' id='word_1_769' title='bbox 2089 5361 2332 5419; x_wconf 84' lang='lat' dir='ltr'><strong>Hildesli.</strong></span> <span class='ocrx_word' id='word_1_770' title='bbox 2373 5365 2427 5419; x_wconf 92' lang='lat' dir='ltr'><strong>h.</strong></span> <span class='ocrx_word' id='word_1_771' title='bbox 2446 5361 2514 5420; x_wconf 57' lang='lat' dir='ltr'><strong>&#39;a.</strong></span> 
     </span>
    </p>
   </div>
   <div class='ocr_carea' id='block_1_110' title="bbox 1775 5432 3282 5505">
    <p class='ocr_par' dir='ltr' id='par_1_110' title="bbox 1775 5432 3282 5505">
     <span class='ocr_line' id='line_1_110' title="bbox 1775 5432 3282 5505; baseline 0.006 -19"><span class='ocrx_word' id='word_1_772' title='bbox 1775 5432 2000 5505; x_wconf 49' lang='lat'><strong>105)}.</strong></span> <span class='ocrx_word' id='word_1_773' title='bbox 2039 5437 2220 5489; x_wconf 90' lang='lat' dir='ltr'><strong>locum</strong></span> <span class='ocrx_word' id='word_1_774' title='bbox 2270 5451 2433 5505; x_wconf 87' lang='lat' dir='ltr'><strong>supra</strong></span> <span class='ocrx_word' id='word_1_775' title='bbox 2463 5437 2686 5502; x_wconf 79' lang='lat' dir='ltr'><strong>allatum</strong></span> <span class='ocrx_word' id='word_1_776' title='bbox 2718 5433 2783 5503; x_wconf 83' lang='lat' dir='ltr'><strong>ll,</strong></span> <span class='ocrx_word' id='word_1_777' title='bbox 2813 5433 2887 5490; x_wconf 64' lang='lat'><strong>40</strong></span> <span class='ocrx_word' id='word_1_778' title='bbox 2918 5455 2930 5490; x_wconf 90' lang='lat'>:</span> <span class='ocrx_word' id='word_1_779' title='bbox 2961 5437 3066 5502; x_wconf 80' lang='lat' dir='ltr'><strong>Qui</strong></span> <span class='ocrx_word' id='word_1_780' title='bbox 3102 5435 3282 5495; x_wconf 70' lang='lat' dir='ltr'><strong>actus&quot;</strong></span> 
     </span>
    </p>
   </div>
   <div class='ocr_carea' id='block_1_111' title="bbox 20 5486 3256 5577">
    <p class='ocr_par' dir='ltr' id='par_1_111' title="bbox 20 5486 3256 5577">
     <span class='ocr_line' id='line_1_111' title="bbox 20 5486 3256 5577; baseline 0.003 -22"><span class='ocrx_word' id='word_1_781' title='bbox 20 5486 245 5577; x_wconf 57' lang='grc' dir='ltr'><strong>’ξῖίέαξὶίω</strong></span> <span class='ocrx_word' id='word_1_782' title='bbox 266 5486 562 5577; x_wconf 73' lang='lat' dir='ltr'><strong>Alexandri</strong></span> <span class='ocrx_word' id='word_1_783' title='bbox 582 5486 882 5577; x_wconf 57' lang='lat' dir='ltr'><strong>Gothorum</strong></span> <span class='ocrx_word' id='word_1_784' title='bbox 901 5486 1302 5577; x_wconf 69' lang='lat' dir='ltr'><strong>_$axonu_mqué</strong></span> <span class='ocrx_word' id='word_1_785' title='bbox 1325 5500 1487 5554; x_wconf 79' lang='lat' dir='ltr'><strong>etiam</strong></span> <span class='ocrx_word' id='word_1_786' title='bbox 1519 5499 1572 5577; x_wconf 64' lang='lat' dir='ltr'><strong>i!)</strong></span> <span class='ocrx_word' id='word_1_787' title='bbox 1673 5486 2634 5577; x_wconf 25' lang='lat' dir='ltr'><strong>eorum&#39;(Heinriciﬂpattd&#39;svetmlilii)</strong></span> <span class='ocrx_word' id='word_1_788' title='bbox 2685 5515 2738 5561; x_wconf 91' lang='lat' dir='ltr'><strong>et</strong></span> <span class='ocrx_word' id='word_1_789' title='bbox 2769 5486 3061 5562; x_wconf 49' lang='lat' dir='ltr'><strong>&#39;terminitm</strong></span> <span class='ocrx_word' id='word_1_790' title='bbox 3114 5521 3186 5563; x_wconf 85' lang='lat' dir='ltr'><strong>set</strong></span> 
     </span>
    </p>
   </div>
   <div class='ocr_carea' id='block_1_112' title="bbox 40 5568 3258 5649">
    <p class='ocr_par' dir='ltr' id='par_1_112' title="bbox 40 5568 3258 5649">
     <span class='ocr_line' id='line_1_112' title="bbox 40 5568 3258 5649; baseline 0.002 -21"><span class='ocrx_word' id='word_1_791' title='bbox 40 5568 261 5649; x_wconf 48' lang='grc' dir='ltr'><strong>[πωρίναο</strong></span> <span class='ocrx_word' id='word_1_792' title='bbox 315 5574 652 5629; x_wconf 87' lang='lat' dir='ltr'><strong>recensionis</strong></span> <span class='ocrx_word' id='word_1_793' title='bbox 816 5573 1003 5649; x_wconf 81' lang='lat' dir='ltr'><strong>codice</strong></span> <span class='ocrx_word' id='word_1_794' title='bbox 1034 5568 1252 5649; x_wconf 69' lang='lat' dir='ltr'><strong>omissa:</strong></span> <span class='ocrx_word' id='word_1_795' title='bbox 1279 5579 1444 5649; x_wconf 54' lang='lat' dir='ltr'><strong>sunt,</strong></span> <span class='ocrx_word' id='word_1_796' title='bbox 1477 5571 1573 5624; x_wconf 85' lang='lat' dir='ltr'><strong>sed</strong></span> <span class='ocrx_word' id='word_1_797' title='bbox 1675 5578 1863 5649; x_wconf 78' lang='lat' dir='ltr'><strong>sumtis</strong></span> <span class='ocrx_word' id='word_1_798' title='bbox 1884 5568 2254 5649; x_wconf 55' lang='lat' dir='ltr'><strong>liuiusplenius</strong></span> <span class='ocrx_word' id='word_1_799' title='bbox 2278 5593 2427 5631; x_wconf 87' lang='lat' dir='ltr'><strong>nosse</strong></span> <span class='ocrx_word' id='word_1_800' title='bbox 2446 5568 2884 5649; x_wconf 70' lang='lat' dir='ltr'><strong>desidératJegat</strong></span> <span class='ocrx_word' id='word_1_801' title='bbox 2909 5579 3258 5634; x_wconf 81' lang='lat' dir='ltr'><strong>historiarum</strong></span> 
     </span>
    </p>
   </div>
   <div class='ocr_carea' id='block_1_113' title="bbox 42 5641 1393 5714">
    <p class='ocr_par' dir='ltr' id='par_1_113' title="bbox 42 5641 1393 5714">
     <span class='ocr_line' id='line_1_113' title="bbox 42 5641 1393 5714; baseline 0.002 -22"><span class='ocrx_word' id='word_1_802' title='bbox 42 5642 343 5714; x_wconf 31' lang='lat' dir='ltr'><strong>iniungitde</strong></span> <span class='ocrx_word' id='word_1_803' title='bbox 377 5660 546 5698; x_wconf 92' lang='lat' dir='ltr'><strong>manu</strong></span> <span class='ocrx_word' id='word_1_804' title='bbox 573 5643 861 5714; x_wconf 63' lang='lat' dir='ltr'><strong>suppletae;</strong></span> <span class='ocrx_word' id='word_1_805' title='bbox 894 5661 951 5706; x_wconf 86' lang='lat' dir='ltr'><strong>v._</strong></span> <span class='ocrx_word' id='word_1_806' title='bbox 991 5642 1150 5708; x_wconf 83' lang='lat' dir='ltr'><strong>infra,</strong></span> <span class='ocrx_word' id='word_1_807' title='bbox 1182 5658 1237 5695; x_wconf 83' lang='grc' dir='ltr'><strong>η.</strong></span> <span class='ocrx_word' id='word_1_808' title='bbox 1272 5641 1393 5696; x_wconf 89' lang='grc'><strong>168.</strong></span> 
     </span>
    </p>
   </div>
   <div class='ocr_carea' id='block_1_114' title="bbox 1678 5645 3257 5728">
    <p class='ocr_par' dir='ltr' id='par_1_114' title="bbox 1678 5645 3257 5728">
     <span class='ocr_line' id='line_1_114' title="bbox 1678 5645 3257 5728; baseline 0.003 -30"><span class='ocrx_word' id='word_1_809' title='bbox 1678 5647 1930 5728; x_wconf 72' lang='lat' dir='ltr'><strong>magistri</strong></span> <span class='ocrx_word' id='word_1_810' title='bbox 1956 5645 2471 5728; x_wconf 54' lang='lat' dir='ltr'><strong>Eggihardilibrust</strong></span> <span class='ocrx_word' id='word_1_811' title='bbox 2499 5649 2762 5728; x_wconf 72' lang='lat' dir='ltr'><strong>quintum,</strong></span> <span class='ocrx_word' id='word_1_812' title='bbox 2784 5645 2935 5728; x_wconf 77' lang='lat' dir='ltr'><strong>quem</strong></span> <span class='ocrx_word' id='word_1_813' title='bbox 2958 5652 3028 5728; x_wconf 82' lang='lat' dir='ltr'><strong>ad</strong></span> <span class='ocrx_word' id='word_1_814' title='bbox 3059 5650 3257 5728; x_wconf 75' lang='lat' dir='ltr'><strong>Hemi-</strong></span> 
     </span>
    </p>
   </div>
   <div class='ocr_carea' id='block_1_115' title="bbox 93 5704 3263 5792">
    <p class='ocr_par' dir='ltr' id='par_1_115' title="bbox 93 5704 3263 5792">
     <span class='ocr_line' id='line_1_115' title="bbox 93 5704 3263 5792; baseline 0 -19"><span class='ocrx_word' id='word_1_815' title='bbox 93 5704 215 5792; x_wconf 46' lang='grc' dir='ltr'>(Ιῇ99)</span> <span class='ocrx_word' id='word_1_816' title='bbox 249 5709 510 5770; x_wconf 67' lang='lat' dir='ltr'><strong>Praeterea</strong></span> <span class='ocrx_word' id='word_1_817' title='bbox 568 5704 743 5772; x_wconf 60' lang='lat' dir='ltr'><strong>locu&#39;m</strong></span> <span class='ocrx_word' id='word_1_818' title='bbox 789 5704 915 5786; x_wconf 80' lang='lat' dir='ltr'><strong>(col.</strong></span> <span class='ocrx_word' id='word_1_819' title='bbox 945 5704 1076 5784; x_wconf 85' lang='grc'>668)</span> <span class='ocrx_word' id='word_1_820' title='bbox 1127 5704 1194 5769; x_wconf 83' lang='lat' dir='ltr'><strong>de</strong></span> <span class='ocrx_word' id='word_1_821' title='bbox 1231 5711 1576 5770; x_wconf 80' lang='lat' dir='ltr'><strong>successione</strong></span> <span class='ocrx_word' id='word_1_822' title='bbox 1677 5704 1794 5772; x_wconf 66' lang='lat' dir='ltr'><strong>cum</strong></span> <span class='ocrx_word' id='word_1_823' title='bbox 1808 5704 2073 5785; x_wconf 54' lang='lat' dir='ltr'><strong>jttnioreiit</strong></span> <span class='ocrx_word' id='word_1_824' title='bbox 2099 5719 2422 5789; x_wconf 83' lang='lat' dir='ltr'><strong>describens,</strong></span> <span class='ocrx_word' id='word_1_825' title='bbox 2447 5704 2582 5775; x_wconf 71' lang='lat' dir='ltr'><strong>bona</strong></span> <span class='ocrx_word' id='word_1_826' title='bbox 2603 5721 2715 5792; x_wconf 85' lang='lat' dir='ltr'><strong>ejus</strong></span> <span class='ocrx_word' id='word_1_827' title='bbox 2739 5704 3068 5790; x_wconf 70' lang='lat' dir='ltr'><strong>amplissima</strong></span> <span class='ocrx_word' id='word_1_828' title='bbox 3092 5704 3263 5775; x_wconf 73' lang='lat' dir='ltr'><strong>laude</strong></span> 
     </span>
    </p>
   </div>
   <div class='ocr_carea' id='block_1_116' title="bbox 41 5778 324 5838">
    <p class='ocr_par' dir='ltr' id='par_1_116' title="bbox 41 5778 324 5838">
     <span class='ocr_line' id='line_1_116' title="bbox 41 5778 324 5838; baseline 0.004 -2"><span class='ocrx_word' id='word_1_829' title='bbox 41 5778 324 5838; x_wconf 74' lang='lat' dir='ltr'><strong>Pontiﬁcum.</strong></span> 
     </span>
    </p>
   </div>
  </div>
