3828 6308
540 339 645 396 459

1702 336 2101 392 EKKEIIARDI
2141 335 2608 395 URAUGIENSIS
3709 340 3785 394 ιω

540 448 795 507 nensium
827 462 856 498 θ
882 446 1119 504 Cratone
1141 446 1304 519 Mylio
1357 462 1407 502 a.
1458 447 1592 503 1557
1636 447 1837 514 collati,
1890 448 2030 503 alius
2072 448 2126 502 in
2157 454 2203 516 Α
2231 450 2564 506 tinuationes
2588 446 2816 519 subjeci,
2847 447 3039 519 quales
3062 447 3115 502 in
3148 446 3430 504 codicibus
3472 445 3565 514 6.,
3612 444 3697 511 0.,
3734 445 3782 501 Ε·

539 542 780 599 editione
804 555 855 597 a.
883 539 1024 596 1569
1049 540 1363 595 adornanda
1395 540 1688 596 adhibitus.

617 634 820 690 Ultimo
846 633 972 688 loco
1010 632 1228 688 codices
1258 631 1575 686 nominandi
1622 639 1769 699 sunt,
1808 631 2009 701 quibus
2051 631 2136 687 hi-

544 726 732 782 storiae
766 725 872 780 illa:
899 724 1209 792 Alexandri,
1252 723 1581 791 Gothorum,
1626 723 2133 795 Langobardorum,

451 890 459 896 .
547 817 829 873 Saxonum
873 816 1051 888 iisque
1093 817 1382 888 conjuncta
1413 816 1537 872 Vita
1581 815 1896 871 Mahthildis
1938 815 2138 887 regina:

544 909 802 980 leguntur
847 927 860 963 :
912 907 1729 981 Vaticanus-‘Guelferbytanus,
1785 907 2138 965 Monacenses

544 1002 676 1067 duo,
720 999 1162 1072 Wirzburgensis
1212 1001 1382 1072 (178).
1444 999 1655 1068 Quibus
1709 999 1920 1056 accedit
1956 999 2137 1070 regius

544 1092 873 1150 Parisiensis
894 1110 950 1147 n.
982 1093 1117 1148 6181
1148 1093 1325 1164 (Colb.
1359 1093 1521 1163 5909)
1550 1095 1753 1160 chart.,
1800 1109 1847 1149 s.
1897 1109 1987 1160 xv,
2027 1108 2137 1163 quo

544 1186 790 1243 historiae
844 1186 1180 1243 Francorum
1207 1229 1224 1255 ,
1264 1186 1569 1242 Gothorum
1595 1229 1610 1255 ,
1650 1186 2136 1259 Langobardorum

541 1281 915 1338 continentur.
956 1279 1015 1335 In
1054 1280 1178 1335 aliis
1207 1280 1442 1351 denique
1475 1281 1631 1336 libris
1673 1296 1807 1336 mss.
1850 1280 1967 1336 sola
2014 1280 2139 1337 Ale-

540 1374 737 1429 xandri
767 1373 948 1445 Magni
981 1373 1211 1429 historia
1247 1373 1520 1429 invenitur
1553 1393 1566 1428 :
1599 1389 1648 1429 e.
1683 1390 1765 1445 gr.
1800 1372 2135 1441 Monacensi,

539 1465 945 1522 llannoverano
967 1466 1136 1536 (179),
1151 1465 1534 1522 Weimariensi
1553 1466 1722 1538 (180),
1735 1465 1946 1521 lenensi
1966 1466 2134 1536 (181).

614 1560 712 1615 His
735 1560 997 1616 subsidiis
1033 1559 1326 1615 uberrimis
1350 1576 1481 1615 usus
1517 1560 1573 1614 id
1599 1560 1705 1630 egi,
1732 1569 1792 1613 ut
1810 1559 1989 1629 primo
2012 1559 2139 1614 loco

543 1652 856 1711 Chronicon
892 1670 943 1709 a.
973 1653 1109 1708 1106
1148 1654 1458 1709 absolutum
1488 1670 1553 1709 ex
1590 1654 1779 1709 codice
1802 1654 2140 1724 autographa

546 1760 716 1814 quam
746 1743 1063 1799 ﬁdelissime
1088 1744 1326 1810 ederem,
1354 1759 1545 1800 omnes
1581 1758 1711 1800 vero
1741 1744 2135 1810 correctiones,

2238 542 2315 614 (et
2340 542 2433 613 B‘)
2467 549 2704 609 exstant,
2745 541 3103 612 diversosque
3127 549 3329 609 textus,
3368 539 3465 595 ubi
3488 539 3659 611 potui,
3682 539 3784 594 inte-

2235 649 2364 705 gros
2389 634 2608 702 retinui,
2651 634 2855 690 leviora
2888 634 3089 706 quibus
3114 634 3255 689 inter
3280 649 3341 689 se
3365 631 3623 688 differunt
3647 643 3723 686 aut
3745 632 3782 686 in

2236 725 2484 797 margine
2513 734 2609 781 aut
2641 725 2698 781 in
2723 727 2871 782 notis
2893 727 3070 781 attuli.
3114 724 3319 781 Ultimo
3346 725 3472 780 10co
3518 721 3783 795 Hierosoly-

2237 817 2448 885 mitam,
2493 817 2609 889 jam
2657 826 2690 873 a
2731 816 2999 873 Ma‘rtenio
3038 817 3265 886 editum,
3306 816 3571 872 recudere
3609 817 3782 887 quidem

2237 909 2411 977 nolui,
2442 910 2642 980 quippe
2666 909 2763 981 qui
2797 926 2921 966 cum
2951 909 3228 966 Chronico
3257 908 3585 979 plerumque
3611 907 3672 962 ad
3699 923 3786 961 ver-

2237 1002 2368 1057 bum
2390 1004 2695 1070 conveniat,
2723 1002 3096 1073 prazfationem
3129 1018 3259 1058 vero
3288 1003 3569 1073 ﬁnemque
3598 1016 3710 1057 cum
3728 1000 3785 1054 le-

2239 1095 2485 1151 ctoribus
2513 1097 2969 1152 communicanda
3004 1096 3192 1152 curavi
3221 1095 3457 1165 librique
3495 1091 3713 1148 formam
3731 1110 3787 1147 or-

2238 1187 2530 1259 dinemque
2553 1197 2809 1245 accurate
2828 1189 3065 1245 indicavi
3100 1187 3272 1261 (182).
3292 1219 3366 1229 —
3383 1184 3541 1241 Hanc
3565 1201 3684 1241 vero
3704 1184 3787 1238 Ek-

2239 1280 2466 1336 kchardi
2504 1281 2822 1350 editionem,
2848 1281 2917 1337 ad
2945 1297 3111 1352 quam
3140 1281 3259 1353 jam
3281 1287 3408 1335 ante
3434 1282 3630 1334 navem
3656 1284 3790 1331 annos

2239 1371 2486 1440 Hauniac,
2537 1383 2726 1445 postea
2783 1374 3020 1455 Berolini
3058 1378 3156 1430 me
3207 1371 3443 1439 accinxi,
3500 1369 3791 1425 Hannoverze

2239 1483 2337 1537 per
2361 1467 2546 1538 plures
2587 1474 2762 1522 annos
2806 1468 3203 1533 continuatam,
3233 1463 3530 1536 praecipuis
3558 1461 3791 1519 codicibus

2240 1559 2440 1630 partim
2464 1576 2529 1615 eo
2551 1560 2893 1615 transmissis
2915 1560 3115 1631 partim
3138 1559 3194 1613 in
3218 1556 3511 1614 itineribus
3527 1553 3790 1623 exscriptis.

2242 1651 2466 1706 nuncin
2496 1652 2671 1722 patria
2700 1651 2930 1706 feliciter
2962 1668 3049 1708 me
3093 1650 3415 1717 absolvisse,
3457 1663 3572 1704 non
3609 1662 3790 1719 possunt

2243 1743 2376 1814 Quin
2400 1744 2557 1798 valde
2578 1744 2865 1813 gaudeam.

546 1836 879 1892 mutationes
922 1846 977 1892 et
1015 1837 1341 1905 additiones,
1384 1853 1523 1908 quas
1564 1836 1920 1893 Ekkehardus
1954 1845 2143 1907 postea
2175 1829 2220 1891 Β
2321 1835 2526 1891 Dabam
2555 1834 2711 1892 Kilize
2738 1836 2825 1891 die
2853 1836 3142 1893 Paschatis
3170 1833 3412 1892 $1813.

547 1930 744 1988 fecisse
779 1931 1137 2004 dignoscitur,
1181 1940 1435 1988 accurate
1469 1930 1788 1987 indicarem.
1832 1929 1985 1986 Tunc
2017 1944 2146 1986 con-

3453 1924 3522 1981 G.
3550 1923 3742 1979 Wurz.

2102 2030 2332 2102 ΝΟΤᾸΞ.

551 2139 813 2216 memoria
844 2159 895 2231 1,
938 2158 1220 2231 Dalburgii
1270 2160 1428 2227 1840,
1472 2161 1549 2226 4ο,
1599 2174 1653 2229 p.
1699 2158 1752 2230 7)
1795 2167 1849 2214 et
1903 2139 2136 2214 fortasse

549 2241 736 2301 postea
768 2233 821 2285 in
854 2230 1363 2301 Ileidelbergetiscni
1404 2232 1637 2287 devenit.

646 2302 768 2373 178)
807 2301 882 2373 De
903 2298 1450 2373 quibusc‘f.Archiv.
1479 2302 1591 2369 Vll,
1614 2318 1668 2373 p.
1694 2298 1958 2356 486-189.

651 2372 775 2512 179;
814 2372 1018 2427 Archiv
1055 2372 1159 2440 vn,
1192 2390 1247 2443 p.
1282 2373 1564 2442 490,491.
1620 2372 1623 2373 ί
1724 2388 1729 2395 ·

651 2443 748 2497 180
803 2442 880 2498 1b.
916 2443 1053 2510 Vlll,
1083 2460 1137 2512 p.
1167 2444 1292 2500 692.

646 2442 769 2514 180)
803 2442 880 2514 1b.
916 2443 1053 2510 Vlll,
1083 2460 1137 2514 p.
1167 2442 1292 2500 692.

650 2513 770 2585 181)
809 2513 885 2570 Ib.
911 2531 966 2587 p.
1002 2513 1125 2571 698.

2318 2162 2466 2238 (182)
2504 2164 2717 2238 Scripsi
2741 2180 2792 2219 a».
2822 2163 2957 2219 1856
2984 2163 3433 2238 dissertationem
3463 2159 3791 2238 inauguralem

2247 2234 2333 2288 De
2350 2234 2608 2305 ὁΕΙηὌηίεἱ
2638 2234 3023 2305 ίυνδρενσοηεὶε
3054 2238 3228 2306 prima
3253 2244 3426 2306 parte,
3462 2234 3580 2306 ejus
3603 2240 3791 2306 auctore.

2251 2302 2485 2388 [antibus
2512 2317 2560 2362 et
2586 2308 2725 2377 apud
2757 2302 2992 2388 postrema
3019 2302 3359 2388 auctoritate,
3383 2302 3547 2388 cujus
3565 2302 3790 2388 specimen

2194 2396 2200 2403 ·
2248 2373 2323 2431 ibi
2351 2373 2677 2450 impressum
2708 2373 2811 2433 est.
2851 2374 2930 2450 Ex
2954 2385 3069 2450 'qu'a
3098 2379 3363 2434 nonnulla
3396 2373 3564 2432 etiam
3606 2373 3654 2426 in
3688 2373 3792 2427 hanc

2246 2447 2620 2518 praefationem
2645 2449 2918 2505 transtuli.

596 2635 709 2675 με,
3285 2635 3292 2641 .
3424 2635 3431 2644 .

1017 2772 1939 2903 CHBONICON
2033 2767 3387 2904 WIBZIBURGENSE

1519 2985 1870 3056 AUCTORE,
1913 2985 2006 3043 UT
2045 2984 2377 3058 VIDETUR,
2418 2985 2867 3047 EKKEHARDO.

1978 3104 2301 3121 —

639 3217 746 3274 Sex
804 3216 999 3273 diebus
1060 3224 1247 3271 rerum
1304 3214 1613 3269 creaturam
1658 3208 1808 3269 Deus
1873 3210 2150 3268 formavit.
2181 3223 2228 3286 α
2330 3212 2420 3268 55.
2462 3210 2697 3283 Eclipsis
2733 3213 2867 3271 solis
2888 3212 3031 3271 facta
3056 3225 3157 3273 est.

552 3308 1460 3367 Primo............

626 3401 726 3475 (Η.
762 3400 848 3473 S.)
878 3400 1031 3475 [185]
1050 3401 1213 3457 Anno
1231 3400 1302 3456 42
1321 3397 1607 3456 Octaviani
1623 3398 1856 3471 Augusti
1890 3397 2147 3466 Caesaris,

554 3507 618 3548 ex
663 3507 776 3563 quo
807 3500 991 3547 autem
1029 3490 1298 3564 Egyptus
1343 3490 1398 3545 in
1449 3489 1788 3560 provinciam
1822 3488 2044 3545 redacta
2068 3497 2152 3545 est

560 3593 615 3639 et
634 3582 926 3655 Cleopatra
954 3599 1079 3640 cum
1125 3582 1363 3638 Antonio
1405 3582 1549 3638 victa
1576 3582 1647 3637 29
1676 3596 1843 3649 anno,
1897 3582 1967 3638 ab
2004 3579 2152 3637 Urbe

557 3694 691 3734 vero
722 3678 939 3735 condita
991 3677 1117 3746 752,
1156 3676 1466 3747 olimpiadis
1491 3675 1595 3731 190
1625 3676 1679 3743 5,
1711 3690 1856 3731 anno
1892 3676 2151 3731 dominus

562 3778 752 3826 noster
773 3770 973 3826 Jhesns
994 3768 1260 3827 Christus
1290 3772 1345 3825 in
1369 3770 1675 3826 Betheleem
1708 3769 1862 3826 Judaa
1882 3770 2149 3837 nascitur,

554 3861 849 3918 transactis
905 3862 975 3917 ab
1024 3861 1180 3917 initio
1235 3861 1426 3917 mundi
1476 3861 1779 3917 secundum
1826 3860 2150 3916 Hebraicam

554 3954 843 4010 veritatem
908 3953 1070 4011 annis
1125 3954 1269 4011 5512
1294 3996 1310 4023 ,
1387 3955 1692 4010 secundum
1756 3952 1823 4008 70
1884 3953 2151 4024 interpre-

559 4055 644 4105 tes
666 4047 827 4105 5199.

626 4138 790 4196 Anno
816 4140 1067 4211 ejusdem
1102 4140 1230 4196 45⁸·

633 4231 793 4289 Anno
834 4235 925 4289 M.
979 4233 1260 4306 Augustus
1304 4232 1596 4306 Tyberium
1638 4243 1692 4288 et
1740 4233 2036 4305 Agrippam
2095 4234 2149 4288 in

562 4325 706 4382 filios
735 4327 1031 4397 adoptavit.
1059 4324 1301 4383 Herodes
1328 4325 1567 4381 infantes
1600 4324 1825 4381 occidit.

630 4417 721 4473 45.
761 4414 932 4475 Judas
966 4418 1208 4475 Calileus
1252 4416 1321 4474 ad
1378 4418 1753 4475 rebellandum
1802 4415 2007 4474 Judeos
2052 4433 2148 4474 co-

559 4510 830 4565 hortatur.

630 4601 720 4657 46.
762 4601 990 4658 Asinius
1014 4599 1191 4659 Pollio
1216 4608 1405 4657 orator
1430 4599 1685 4655 moritur.

632 4694 723 4749 47.
767 4693 1009 4751 Herodes
1034 4710 1128 4750 rex
1159 4692 1345 4749 Judeae
1373 4707 1576 4765 magno
1606 4692 1855 4749 cruciatu
1885 4693 2145 4761 moritur;

526 4852 533 4859 ἢ
559 4802 662 4856 pro
686 4802 798 4857 quo
822 4787 1125 4843 Archelaus
1151 4786 1401 4859 regnavit
1421 4802 1551 4841 ann.
1580 4786 1633 4841 9.

631 4879 721 4934 48.
762 4879 958 4936 Fames
982 4895 1179 4952 magna
1211 4878 1402 4935 Roma:
1423 4878 1567 4936 facta
1587 4888 1690 4936 est.

632 4972 720 5027 50.
764 4970 1031 5045 Tyberius
1055 4987 1226 5029 caesar
1268 4968 1548 5030 Dalmatas
1598 4972 1988 5046 Sarmatasque
2019 4974 2150 5032 sub-

559 5068 689 5141 egit.

638 5161 727 5216 55.
769 5158 893 5215 Jani
916 5168 1085 5231 portae
1116 5161 1182 5215 12
1201 5174 1377 5216 annos
1397 5159 1513 5232 jam
1550 5159 1620 5217 ab
1666 5159 1914 5230 Augusto
1944 5158 2149 5215 clausa:

442 5248 447 5253 ’
563 5250 908 5321 aperiuntur.

2321 3305 2409 3360 56.
2452 3305 2754 3364 Archelaus
2794 3308 2849 3363 in
2895 3307 3162 3365 Viennam
3190 3309 3383 3367 Gallia:
3407 3312 3597 3368 urbem
3636 3313 3696 3368 ab
3716 3314 3792 3365 Au-

2255 3407 2417 3469 gusto
2440 3399 2735 3471 relegatur,
2762 3408 2815 3456 et
2840 3400 3011 3457 Judea
3039 3404 3333 3460 tetrarchis
3363 3406 3722 3460 committitur.

2324 3486 2421 3564 (H.
2463 3492 2738 3567 R.)‘[184]
2773 3493 3076 3566 Postquam
3138 3495 3475 3554 Octavianus
3540 3501 3698 3554 victor
3745 3497 3791 3551 ab

2252 3585 2464 3641 oriente
2490 3584 2723 3642 Romam
2761 3587 2946 3655 rediit,
2973 3597 3105 3646 tunc
3126 3591 3371 3661 primum
3399 3592 3671 3664 Augustus
3696 3606 3787 3645 coa—

2252 3679 2543 3746 salutatur,
2573 3695 2641 3734 eo
2667 3680 2813 3750 quod
2840 3682 3118 3751 publicam
3154 3700 3267 3738 rem
3307 3687 3557 3751 auxerit,
3580 3700 3722 3755 quam
3745 3698 3787 3733 cx

2249 3787 2318 3828 eo
2348 3772 2419 3826 41
2444 3787 2620 3827 annos
2650 3774 2802 3828 solus
2849 3773 3120 3844 obtinuit;
3167 3785 3328 3832 antea
3362 3779 3509 3833 enim
3560 3779 3619 3832 l2
3659 3790 3789 3830 annos

2250 3872 2377 3919 cum
2400 3863 2641 3920 Antonio
2668 3874 2721 3921 et
2744 3864 2949 3937 Lepido
2975 3869 3246 3939 regnavit.
3282 3868 3464 3941 Hujus
3509 3865 3789 3941 temporﬂtu

2250 3957 2339 4012 die
2364 3957 2531 4011 natali
2571 3958 2789 4013 Domini
2834 3966 2989 4016 trans
3022 3959 3277 4033 Tyberim
3312 3963 3382 4018 de
3406 3962 3628 4019 taberna
3670 3957 3789 4015 meri—

2253 4049 2391 4104 toria
2418 4048 2543 4105 fons
2580 4051 2687 4106 olei
2736 4066 2832 4121 per
2862 4060 3037 4108 totum
3059 4053 3207 4109 diem
3250 4070 3284 4110 e
3331 4065 3478 4111 terra
3525 4054 3686 4111 fluxit.
3722 4049 3791 4104 llic

2251 4157 2377 4212 erga
2415 4142 2562 4197 cives
2597 4143 3080 4211 clementissimus,
3115 4145 3172 4200 in
3201 4148 3413 4202 amicos
3454 4148 3592 4203 tidus
3628 4143 3786 4203 extitit;

2252 4226 2487 4305 quarum
2510 4236 2772 4306 praecipui
2798 4245 2953 4292 erant
2996 4236 3251 4296 Mcccnas
3279 4240 3353 4295 ob
3386 4239 3786 4297 taciturnitatem.

2251 4326 2489 4398 Agrippa
2514 4324 2585 4383 ob
2619 4330 2944 4385 modestiam
2992 4329 3308 4402 laborisque
3332 4334 3671 4403 pacientiam.
3693 4329 3789 4383 Dili—

2254 4419 2412 4490 gebat
2446 4430 2706 4491 praeterea
2748 4420 3033 4494 Virgilium
3062 4423 3435 4497 Flaccumque
3459 4435 3658 4498 poetas,
3687 4422 3789 4477 libr-

2246 4512 2465 4567 ralibus
2514 4513 2709 4570 studiis
2758 4522 2971 4571 tantum
3019 4515 3365 4585 incumbens,
3406 4528 3469 4573 ut
3512 4517 3683 4574 nullus
3705 4514 3790 4567 dies

2174 4582 2229 4645 Ῑ)
2252 4605 2547 4673 laberetur,
2577 4607 2712 4677 quin
2755 4608 2978 4680 legeret,
3021 4609 3308 4678 scriberet,
3338 4582 3685 4675 declamaret;
3713 4607 3789 4661 ἱειο

2255 4698 2498 4769 glorians
2519 4699 2703 4756 dicto:
2742 4698 2936 4755 Urbem
2985 4700 3288 4757 latericiam
3334 4702 3558 4774 repperi,
3604 4700 3787 4768 relinqvo

2255 4807 2649 4858 marmoream;
2677 4800 2792 4848 toto
2838 4807 3072 4864 corpore
3111 4794 3361 4866 pulcher,
3390 4796 3484 4851 sed
3533 4793 3668 4849 oculi
3688 4790 3789 4859 sint

2253 4890 2315 4938 ut
2349 4883 2786 4942 clarissimorum
2807 4886 3064 4959 syderum
3095 4888 3262 4945 acies.
3294 4887 3343 4942 A
3362 4888 3521 4959 cujus
3552 4886 3679 4943 facie
3693 4884 3787 4937 dum

2253 4976 2479 5047 quidam
2506 4978 2666 5035 miles
2693 4987 2964 5036 averteret
2984 4981 3197 5048 oculos,
3232 4982 3598 5052 interrogatus
3614 4992 3699 5034 cur
3714 4974 3787 5027 1W

2253 5067 2485 5135 faceret,
2533 5069 2818 5139 respondit
2850 5088 2863 5123 :
2902 5069 3046 5136 Quia
3082 5070 3263 5125 lumen
3307 5070 3579 5125 oculorum
3620 5076 3781 5121 tuom

2256 5159 2393 5230 ferre
2424 5178 2528 5216 non
2553 5179 2787 5232 possum.
2820 5160 2969 5217 Obiit
3015 5176 3164 5219 anno
3192 5163 3369 5219 aetatis
3413 5177 3529 5218 suae
3559 5161 3641 5227 75,
3669 5152 3781 5225 τεμί

2255 5269 2387 5308 vero
2422 5254 2513 5320 56,
2538 5255 2596 5310 in
2617 5254 2819 5326 oppido
2840 5255 3087 5313 Atheuae.
3111 5254 3286 5324 Quem
3308 5264 3583 5311 mortuum
3608 5258 3784 5311 senm!

1842 5372 2079 5441 VARIIE
2119 5384 2527 5443 LECTIONES.

636 5482 658 5514 '
696 5483 877 5536 Annos
919 5496 1109 5537 vacuos
1144 5483 1202 5537 in
1245 5482 1578 5553 sequentibus
1608 5482 1785 5537 omisi.

2056 5590 2290 5655 ΝΟΤιΕ.

636 5715 789 5788 (185)
804 5713 885 5772 Ita
904 5714 1193 5787 Epitomen
1214 5729 1280 5788 ex
1290 5710 1895 5788 HerimanniChronico
1916 5711 2143 5788 factam,

567 5782 785 5861 qualem
807 5805 874 5845 ex
900 5782 1022 5845 cod.
1057 5785 1400 5858 Sangallensi
1417 5782 1913 5846 Sieharduscdidit,
1938 5782 2142 5837 indico.

2331 5710 2479 5782 (181)
2520 5710 2575 5767 id
2609 5720 2693 5768 est
2728 5710 2882 5767 Pauli
2913 5709 3140 5767 Diaconi
3174 5710 3401 5769 Historia
3448 5708 3694 5765 Romam.
