3828 6308
90 364 165 420 161

91 473 243 532 multis
266 469 433 526 modis
475 465 680 524 censuit
707 464 1098 533 decorandum,
1127 467 1315 522 dicens
1339 482 1351 517 :
1387 464 1605 519 Utinam
1629 464 1686 527 Α

89 577 162 623 aut
184 581 273 618 non
297 568 587 616 nasceretur
611 567 706 612 aut
737 575 841 612 non
871 570 1162 613 moreretur
1182 559 1203 613 .'

142 654 381 719 Tiberius,
403 650 681 722 privignus
702 650 958 718 Augusti,
980 650 1228 720 regnavit
1248 664 1378 705 ann.
1407 650 1498 704 25.

142 747 222 819 (Η.
254 745 329 813 8.)
366 744 522 799 Anno
546 742 795 813 ejusdem
843 744 1022 812 primo
1047 740 1289 796 Herodes
1315 741 1606 807 tetrarcha,

86 840 233 912 magni
281 836 501 893 Herodis
563 835 737 902 filius,
797 849 1028 907 regnum
1089 832 1388 888 Judeorum
1438 832 1613 888 tenuit

86 948 188 987 ann.
209 931 291 984 24.

137 1023 182 1075 2.
216 1017 561 1076 Mathematici
584 1016 731 1073 Urbe
766 1016 1062 1086 pelluntur.

139 1113 181 1165 5.
217 1110 388 1165 Livius
443 1109 465 1140 °
515 1107 1004 1179 hystoriographus
1065 1105 1317 1161 moritur.
1378 1103 1610 1163 Ovidius

88 1212 213 1276 poeta
233 1203 281 1256 in
299 1201 457 1257 exilio
484 1200 736 1254 moritur.
1388 1191 1393 1196 ’

138 1295 180 1348 «1.
214 1290 556 1348 Germanicus
580 1305 611 1343 a
635 1287 869 1360 Tyberio
896 1287 1104 1343 missus
1131 1286 1436 1343 Germanos
1455 1285 1605 1344 vicit.

87 1384 320 1439 Tredecim
341 1382 503 1437 urbes
530 1388 845 1436 terrtemotu
873 1388 1219 1436 corruerunt.

139 1476 181 1531 5.
216 1473 559 1530 Germanicus
590 1488 763 1528 caesar
786 1472 1039 1528 moritur.

136 1565 179 1620 6.
210 1564 489 1619 Fenestella
510 1573 670 1634 poeta
702 1563 958 1620 moritur.

138 1657 163 1709 7
212 1655 458 1728 Tyberius
481 1657 687 1712 multos
716 1671 872 1727 reges
901 1655 968 1711 ad
997 1670 1055 1711 se
1075 1664 1298 1711 vocatos
1325 1669 1607 1726 nunquam

86 1749 272 1804 remisit.

138 1841 180 1896 8.
213 1839 488 1896 Theatrum
512 1834 739 1912 Pompei
770 1841 1055 1896 incensum
1093 1849 1194 1896 est;

137 1933 179 1988 9.
212 1930 498 2004 Thyberius
529 1930 769 1988 Drusum
793 1941 1107 1988 consortem
1133 1932 1286 2005 regni
1327 1931 1483 1999 fecit;
1514 1933 1610 2003 qui

89 2025 237 2079 eodem
257 2039 390 2079 anno
410 2039 624 2079 veneno
648 2024 830 2094 periit.

138 2116 209 2170 l2.
239 2114 433 2171 Pilatus
455 2130 663 2186 praeses
682 2114 870 2171 Judea:
890 2131 923 2170 a
953 2114 1186 2187 Tyberio
1216 2116 1468 2171 mittitur.

1634 1802 1683 1863 B

138 2206 207 2261 15.
242 2206 493 2262 Dominus
545 2215 732 2263 noster
775 2205 974 2263 Jliesus
996 2205 1251 2264 Christus
1278 2208 1606 2280 baptizatur,

84 2296 135 2351 30
156 2313 275 2353 anno
294 2299 587 2354 secundum
613 2314 835 2353 carnem
861 2298 1147 2368 incipiens.

139 2388 207 2449 16.
238 2388 502 2449 iobaunes
533 2391 772 2465 baptista
793 2389 1121 2464 idecollatur
1164 2392 1233 2448 ab
1267 2390 1478 2449 Herode
1527 2402 1608 2449 te-

88 2488 277 2542 trarcha.

140 2577 208 2632 l8.
243 2577 495 2634 Dominus
534 2593 735 2649 passus
778 2584 868 2635 est
897 2586 953 2634 et
1000 2578 1322 2634 resurrexit.
1363 2577 1609 2652 Eclypsis

88 2667 189 2723 solis
210 2677 256 2723 et
274 2677 599 2727 terremotus
631 2669 809 2726 factus
837 2682 941 2727 est.

142 2759 210 2812 l9.
242 2759 487 2827 Iacobus,
512 2761 687 2817 frater
708 2760 948 2829 Domini,
970 2759 1462 2820 Jherusalimorum
1494 2763 1608 2834 epi-

88 2862 246 2919 scopus
267 2853 329 2907 ab
347 2854 614 2924 apostolis
636 2853 942 2921 ordinatus,
968 2855 1107 2911 sedit
1130 2870 1261 2911 ann.
1301 2856 1390 2911 50.

141 2941 212 2996 20.
246 2943 439 3000 Pilatus
461 2945 757 3017 imaginem
787 2946 1010 3001 caesaris
1031 2945 1085 3001 in
1107 2949 1310 3018 templo
1338 2956 1604 3018 statuens,

88 3031 331 3092 seditiones
357 3035 548 3103 Judeis
580 3037 853 3093 excitavit.

139 3119 211 3175 21.
247 3121 463 3191 Sejanus
510 3124 806 3196 praefectus
847 3125 1158 3199 Tyberium,
1188 3135 1250 3184 ut
1286 3126 1488 3190 Judeos
1512 3134 1612 3192 de--
1640 3143 1688 3207 ε

89 3208 184 3278 leat,
205 3214 525 3271 cohortatur.
672 3291 679 3297 .

138 3302 211 3358 22.
244 3306 485 3378 Agrippa,
524 3309 673 3364 filius
693 3308 1013 3379 Aristoboli,
1049 3321 1413 3383 cognomento
1450 3313 1617 3372 Hero—

90 3391 188 3460 dcs,
219 3391 467 3454 Herodem
525 3402 860 3456 tetrarcham
911 3410 1169 3472 patruum
1215 3418 1377 3459 suum
1428 3405 1616 3464 Romae

88 3497 323 3553 accusans,
345 3503 377 3544 a
399 3488 638 3560 Tyberio
671 3490 728 3544 in
762 3489 979 3546 vincula
1006 3492 1258 3547 mittitur.

140 3575 213 3632 25.
250 3577 337 3650 (Η.
359 3580 449 3652 R.)
473 3581 746 3654 Tyberius
765 3584 1027 3654 populum
1050 3583 1358 3642 Romanum
1380 3588 1617 3659 graviter

87 3666 265 3735 amixit,
304 3680 355 3726 et
380 3673 497 3742 ipse
548 3687 760 3729 veneno
806 3674 987 3745 periit.
1036 3673 1144 3731 Iste
1179 3677 1308 3748 quia
1353 3677 1615 3737 Claudius

89 3753 303 3826 Tyberius
341 3761 482 3819 Nero
534 3764 818 3821 dicebatur
840 3807 857 3834 ,
905 3782 937 3822 a
979 3766 1320 3838 jocularibus
1366 3769 1616 3829 Biberius

88 3844 202 3905 Mero
218 3852 281 3908 ob
302 3855 654 3912 vinolentiam
698 3859 1044 3929 nominatur;
1091 3860 1227 3917 satis
1274 3863 1514 3932 prudens
1560 3864 1618 3921 in

89 3942 223 3998 armis
244 3946 473 4018 satisque
496 3947 808 4006 fortunatus
832 3960 958 4007 ante
991 3962 1270 4023 sumptum
1301 3950 1627 4025 imperium,

88 4029 255 4091 habens
290 4038 570 4096 scientiam
612 4041 914 4111 literarum,
946 4045 1116 4099 multo
1146 4044 1365 4117 eloquio
1393 4047 1614 4116 clarus;

91 4123 162 4177 sed
207 4125 406 4200 ingenio
446 4133 722 4204 pessimo,
770 4135 1038 4193 simulans
1095 4152 1154 4194 se
1194 4151 1259 4192 ea
1310 4139 1459 4207 velle
1496 4156 1618 4212 quae

89 4216 244 4286 nollet;
272 4238 362 4293 per
384 4242 443 4282 se
466 4227 648 4298 ipsum
675 4228 824 4284 nulla
867 4229 1007 4285 bella
1049 4230 1251 4302 gessit;
1280 4232 1495 4302 publice
1536 4233 1617 4289 rei

89 4318 184 4363 cum
207 4316 455 4374 modestia
497 4318 736 4390 praefuit,
770 4320 907 4376 adeo
949 4331 1008 4377 ut
1049 4322 1380 4393 quibusdam
1426 4325 1617 4394 praesi—

87 4393 212 4458 dibus
230 4407 621 4474 provinciarum
665 4412 867 4468 tributa
898 4429 1095 4486 augere
1141 4415 1446 4472 volentibus
1477 4417 1616 4473 scri-

88 4486 219 4581 heret,
243 4497 361 4553 boni
385 4503 625 4570 pastoris
646 4518 767 4560 esse
793 4505 1016 4561 tondere
1053 4522 1221 4576 pecus
1265 4524 1375 4564 non
1423 4510 1610 4581 deglo-
1639 4510 1690 4571 D

88 4577 208 4651 bere;
234 4590 317 4645 sed
346 4595 609 4663 paulatim
653 4605 895 4650 mutatur
918 4597 971 4651 in
998 4597 1188 4668 pejus;
1230 4616 1357 4654 nam
1391 4610 1445 4656 et
1470 4577 1614 4659 ﬁlios

88 4684 187 4729 suos
210 4680 485 4755 pluresque
543 4687 802 4756 patricios
851 4697 906 4742 et
947 4689 1264 4746 consulares
1308 4692 1610 4762 interfecit;

85 4767 398 4845 resolutisque
445 4779 666 4834 milieiae
698 4780 930 4846 artibus,
978 4780 1236 4838 Armenia
1286 4799 1318 4838 a
1372 4782 1613 4847 Parthis.

86 4850 215 4913 Mesia
235 4863 445 4934 aDacis,
460 4867 743 4926 Pannonia
766 4887 796 4926 a
823 4867 1108 4939 Sarmatis,
1123 4872 1296 4930 Gallia
1319 4891 1349 4930 a
1367 4878 1614 4933 finitimis

86 4951 290 5035 gentibus
313 4958 533 5031 direptae
571 4973 717 5019 sunt.
767 4961 866 5019 Hic
899 4964 975 5019 25‘
1029 4964 1244 5035 imperii
1291 4981 1458 5034 anno,
1488 4979 1614 5024 aela-

86 5034 138 5087 tis
159 5038 230 5107 78,
257 5045 451 5117 ingenti
479 5054 728 5109 omnium
763 5055 960 5126 gaudio
983 5034 1235 5113 mortuus
1258 5066 1337 5112 est
1377 5058 1431 5112 in
1455 5058 1612 5114 Cam—

84 5129 229 5191 pania.

138 5219 218 5287 (Η.
252 5224 305 5281 8.
326 5260 395 5269 -
421 5230 612 5306 Onos.)
651 5235 819 5292 Gaius
843 5237 1092 5311 Caligula
1128 5241 1375 5312 regnavit
1401 5257 1527 5296 ann.
1556 5244 1610 5310 5,

88 5319 262 5371 menses
282 5317 330 5385 ϐ,
354 5318 468 5379 dies
497 5318 551 5378 8.
599 5324 694 5380 Vir
734 5329 1157 5386 scelestissimus
1189 5331 1231 5384 ".
1278 5327 1380 5386 Hic
1427 5333 1611 5387 excla-

86 5411 229 5459 masse
254 5406 416 5466 fertur
447 5431 459 5467 :
498 5411 715 5470 Utinam
739 5418 964 5487 populus
999 5418 1268 5475 Romanus
1298 5439 1460 5475 unam
1495 5440 1610 5476 cer-

88 5490 215 5549 vicem
247 5499 445 5559 haberet
467 5506 490 5558 .'

874 352 1243 409 CHRONICA.
1279 382 1349 392 —
1384 347 1775 407 CHRONICON
1800 324 2415 415 .WIRZIBURGENSE:

3182 358 3283 414 £62

1779 460 1876 533 (Η.
1928 461 2014 534 8.)
2051 464 2209 518 Anno
2267 464 2316 518 1.
2373 461 2612 519 Herodes
2666 465 2901 538 Agrippa
2953 484 3048 526 rex
3099 470 3284 530 Judea:

1711 552 2040 609 constitutus
2061 568 2092 608 a
2112 552 2267 621 Gaio,
2299 554 2543 625 regnavit
2577 570 2704 609 ann.
2740 557 2789 613 7.

1778 642 1833 697 2.
1871 641 2029 699 Judei
2089 644 2234 716 apud
2291 645 2675 702 Alexandriam
2731 649 3124 723 protliguntur;
3187 673 3287 727 pro

1708 734 1909 805 quibus
1936 733 2108 807 Phylo
2150 737 2495 793 clarissimus
2545 738 2567 772 ⁸
2611 740 2845 811 scriptor
2886 746 3031 815 apud
3086 746 3281 807 Gaium

1710 825 2085 897 interpellans,
2112 828 2249 883 nihil
2270 829 2495 898 profuit.

1778 917 1832 973 5.
1874 916 2084 974 Pilatus
2108 934 2168 974 se
2189 920 2370 991 ipsum
2391 921 2683 993 interfecit,
2715 926 2903 984 multis
2922 943 2954 983 a
2976 928 3112 986 Caio
3136 930 3288 988 cala-

1707 1009 1990 1066 mitatibus
2021 1010 2335 1081 obpressus.

1778 1101 1832 1155 4.
1871 1100 2124 1159 Matheus
2148 1104 2490 1176 evangelium
2515 1109 2736 1179 scripsit
2756 1108 3040 1169 Hebraice.
3066 1113 3234 1172 Gaius
3254 1132 3286 1175 a

1708 1192 2112 1262 protectoribus
2140 1195 2260 1251 suis
2280 1197 2549 1253 occiditur
2594 1200 2649 1254 in
2688 1202 2892 1271 palatio
2926 1219 3074 1261 anno
3113 1209 3292 1264 artatis

1707 1281 1802 1351 29,
1865 1285 2018 1355 regni
2073 1302 2205 1342 vero
2257 1288 2312 1343 4.
2372 1288 2471 1361 (Η.
2511 1290 2577 1345 R.
2626 1322 2698 1331 ——
2735 1293 2820 1349 Cf.
2855 1294 2969 1353 Jos.
3028 1297 3107 1353 De
3166 1299 3288 1357 bell.

1706 1370 1838 1427 Iud.
1868 1389 1929 1442 ιι,
1954 1374 2036 1447 8.)
2074 1374 2193 1445 Hic,
2218 1376 2382 1435 Drusi
2408 1388 2463 1435 et
2493 1380 2710 1453 Tyberii
2764 1385 3138 1455 privicnorum
3176 1392 3293 1447 Au-

1706 1464 1854 1535 gusti
1891 1481 2081 1538 nepos,
2130 1469 2590 1529 sceleratissimus
2636 1483 2756 1529 erat
2778 1516 2794 1543 ,
2843 1478 3128 1536 sororibus
3174 1483 3292 1537 suis

1706 1564 1958 1627 stuprum
1990 1560 2268 1617 intulerat.
2300 1560 2541 1620 Herodes
2568 1567 2864 1635 tetrarcha,
2892 1570 2988 1639 qui
3013 1571 3067 1625 in
3091 1571 3293 1629 Johan-

1707 1650 1798 1706 nis
1825 1650 2076 1721 baptistze
2121 1668 2255 1709 nece
2281 1663 2474 1711 auctor
2498 1657 2680 1714 extitit
2706 1668 2762 1715 et
2787 1662 3030 1730 passioni
3075 1662 3294 1719 Domini

1707 1740 1973 1811 interfuit,
1996 1752 2052 1798 et
2075 1744 2192 1815 ipse
2210 1745 2310 1802 Gai
2331 1748 2638 1805 amicieiam
2680 1760 2892 1822 petens,
2929 1764 3156 1824 cogente
3179 1755 3290 1811 He-

1712 1831 1935 1887 rodiade
1976 1831 2209 1890 Romam
2251 1837 2428 1903 venit,
2481 1839 2576 1895 sed
2616 1850 2911 1899 accusatus
2959 1845 3030 1900 ab
3074 1843 3288 1903 Herode

1710 1922 1985 1994 Agrippa,
2037 1926 2336 1983 Aristoboli
2388 1928 2574 1987 fratris
2616 1933 2703 1988 sui
2747 1934 2892 2003 ﬁlio,
2945 1937 3294 1995 tetrarchiam

1710 2016 1966 2085 perdidit,
1991 2027 2047 2073 et
2072 2018 2130 2073 in
2152 2018 2475 2091 Hispaniam
2502 2021 2738 2095 fugiens,
2766 2042 2984 2084 merere
3004 2030 3186 2099 periit.

1784 2107 1882 2179 (H.
1922 2107 2006 2181 8.)
2041 2109 2304 2169 Claudius
2332 2128 2463 2170 ann.
2497 2115 2587 2184 15,
2611 2132 2829 2175 menses
2849 2119 2904 2188 8,
2931 2121 3050 2177 dies
3076 2123 3162 2179 18.

1783 2201 1945 2258 Anno
1970 2202 2136 2274 hujus
2164 2204 2217 2261 1.

1780 2290 1836 2345 2.
1878 2289 2074 2350 Petrus
2105 2293 2339 2353 Romam
2381 2296 2607 2356 veniens
2633 2313 2731 2372 per
2763 2301 2835 2357 25
2870 2318 3044 2359 annos
3084 2304 3297 2375 episco-

1708 2388 1898 2451 patum
1923 2383 2124 2440 ibidem
2149 2386 2343 2443 tenuit.

1779 2473 1834 2527 5.
1875 2472 2096 2532 Primus
2118 2478 2410 2549 episcopus
2429 2480 2775 2540 Anthiochiaa
2808 2483 3049 2544 Evodius
3071 2489 3296 2547 ordina-

1709 2570 1817 2617 tur.
1854 2561 2098 2622 Herodes
2123 2568 2364 2639 Agrippa
2384 2570 2454 2626 ab
2475 2574 2669 2644 angelo
2690 2578 3023 2648 percutitur;
3059 2596 3162 2651 pro
3185 2597 3298 2652 quo

1709 2653 1857 2712 ﬁlius
1882 2657 2003 2725 ejus
2021 2656 2262 2730 Agrippa
2284 2662 2531 2731 regnavit
2549 2679 2678 2721 ann.
2703 2667 2792 2722 26.

1777 2749 1831 2804 4.
1875 2748 2073 2807 Fames
2118 2767 2317 2825 magna
2345 2753 2490 2811 facta
2519 2767 2625 2813 est.
2666 2759 2929 2819 Claudius
2959 2763 3297 2822 Britanniam

1709 2839 1943 2912 subegit.

1781 2933 1837 2989 5.
1876 2931 2030 2989 Nova
2089 2934 2271 2993 insula
2325 2938 2396 2993 50
2444 2940 2743 2999 stadiorum
2811 2944 2867 3000 in
2927 2948 3066 3004 mari
3124 2964 3295 3021 appa-

1707 3025 1835 3082 ruit.

1786 3117 1839 3172 6.
1877 3117 2038 3177 Cives
2089 3120 2324 3178 Romani
2375 3139 2407 3179 a
2463 3123 2694 3183 Claudio
2742 3131 3037 3201 numerati,
3091 3133 3299 3192 inventi

1716 3217 1847 3265 sunt
1882 3210 2213 3279 69,144,000
2243 3215 2288 3269 ’.

1786 3301 1837 3355 7.
1876 3300 2177 3360 Judeorum
2207 3304 2265 3361 in
2292 3306 2570 3366 sedicione
2597 3309 2797 3378 50,000
2820 3323 3084 3372 necantur
3103 3316 3296 3374 diebus

1715 3407 2043 3450 ulmorum.

1788 3486 1841 3541 9.
1883 3485 2149 3565 Claudius
2177 3490 2220 3522 ¹⁰
2248 3488 2453 3549 Judeos
2480 3490 2627 3550 Urbe
2645 3496 2871 3568 expulit.

1787 3577 1874 3633 10.
1915 3568 2107 3653 Magna
2143 3581 2319 3649 fames
2340 3583 2487 3642 facta
2507 3594 2610 3643 est.

1787 3672 1874 3726 11.
1913 3671 2176 3731 Claudius
2197 3675 2434 3733 Felicem
2461 3676 2646 3736 Judete
2674 3691 3086 3752 procuratorem
3109 3685 3255 3744 fecit.

1786 3764 1872 3819 l2.
1918 3763 2107 3822 Simon
2160 3784 2357 3842 magus
2420 3771 2736 3832 simoniacae
2792 3776 3049 3835 hereseos
3104 3792 3297 3839 auctor

1715 3855 1916 3912 extitit.
1962 3855 1977 3867 '

1788 3949 1876 4004 15.
1919 3949 2209 4025 Egyptius
2272 3957 2496 4028 quidam
2551 3960 3029 4035 pseudopropheta
3094 3963 3297 4023 Judeos

1716 4043 2025 4111 complures
2049 4046 2333 4116 seducens,
2368 4065 2399 4105 a
2432 4049 2614 4108 Felice
2641 4054 2990 4124 opprimitur.
3265 4089 3279 4098 ν

1788 4154 1877 4210 14.
1916 4156 2178 4215 Claudius
2216 4161 2452 4217 moritur
2483 4179 2629 4221 anno
2650 4167 2825 4224 atatis
2852 4183 2969 4225 suze
3005 4168 3095 4239 64,
3126 4170 3300 4242 impe-

1716 4242 1785 4299 rii
1820 4245 1908 4300 14.
1940 4244 2041 4302 Hic
2065 4246 2169 4304 fuit
2197 4257 2427 4320 patruus
2452 4253 2731 4325 Caligulae,
2781 4257 2926 4314 filius
2969 4259 3154 4328 Drusi,
3202 4262 3298 4332 qui

1717 4337 1859 4407 apud
1902 4336 2233 4410 Magontiam
2277 4356 2694 4403 monumentum
2730 4349 3110 4421 habet;cujus
3152 4352 3299 4408 Cali-

1717 4430 1845 4500 gula
1871 4446 2041 4502 nepos
2069 4442 2206 4489 erat.
2259 4434 2358 4508 (H.
2387 4435 2454 4492 R.
2500 4467 2569 4478 —-
2602 4436 2794 4511 Osos.)
2837 4435 3012 4513 Hujus
3055 4450 3298 4515 tempore

1715 4520 1889 4579 fames
1910 4525 2150 4581 maxima
2179 4526 2411 4584 Romam
2442 4531 2741 4603 corripuit;
2777 4533 3075 4607 imperator
3106 4536 3299 4592 convi-

1715 4620 1816 4677 ciis
1842 4633 2147 4696 correptus,
2173 4641 2205 4682 a
2238 4629 2442 4699 populo
2483 4627 2842 4689 fracminibus
2879 4633 3035 4705 panis
3068 4631 3299 4705 turpiter

1714 4714 1771 4770 in
1793 4714 1914 4773 foro
1934 4716 2247 4789 infestatus,
2270 4722 2511 4796 aufugit;
2535 4734 2588 4780 et
2614 4740 2824 4781 veneno
2845 4726 3024 4797 periit.

1788 4830 1885 4903 (Η.
1931 4831 2014 4903 8.)
2053 4832 2195 4889 Nero
2230 4851 2357 4890 ann.
2416 4839 2501 4904 15,
2548 4855 2765 4894 menses
2816 4838 2875 4907 7,
2905 4839 3023 4896 dies
3062 4839 3152 4895 28.
3190 4839 3297 4897 Iste

1715 4919 2179 4991 ﬂagitiosissimus
2202 4923 2306 4979 fuit
2335 4926 2390 4979 in
2418 4925 2921 4982 cunctis.ePrimam
2945 4929 3001 4982 in
3026 4927 3296 4985 Christia—

1715 5026 1817 5066 nos
1847 5015 2282 5083 persecutionem
2310 5016 2456 5072 fecit.

1788 5128 1840 5182 1.
1883 5126 2058 5199 Hujus
2086 5146 2230 5186 anno
2257 5131 2450 5187 seditio
2479 5132 2534 5187 in
2566 5131 2802 5190 Cesarea
2833 5143 2954 5191 orta
2979 5144 3085 5205 est,
3110 5138 3295 5207 plures

1713 5216 2012 5276 Judeorum
2043 5223 2294 5292 perdidit.
2321 5223 2515 5280 Festus
2536 5225 2702 5281 Felici
2731 5228 3016 5284 successit.

1784 5334 1838 5388 2.
1879 5333 2084 5391 Paulus
2130 5338 2412 5407 apostolus
2474 5337 2705 5395 Romam
2759 5355 2791 5395 a
2836 5340 3004 5398 Festo
3062 5343 3299 5413 praeside

1715 5423 1969 5482 mittitur.

1785 5517 1838 5570 5.
1880 5515 2173 5590 Hucusque
2194 5490 2394 5576 librum
2440 5521 2676 5578 Actuum
2700 5524 3078 5593 apostolorum
3113 5524 3294 5581 Lucas

1317 5627 1550 5709 vitam:
1589 5629 1989 5688 LECTIONES.

140 5702 157 5732 ⁸
186 5704 373 5772 Luuius
432 5733 480 5772 c.

115 5720 157 5781 ,ν
187 5720 373 5772 Luuius
432 5733 480 5772 c.
593 5720 614 5753 ⁷
673 5721 1082 5781 caelestissimus
1134 5742 1181 5779 c.

87 5771 184 5830 dius
201 5794 240 5832 c.

1294 5723 1316 5757 ⁸
1355 5725 1679 5795 carissimus

1865 5728 1887 5761 ’
1924 5727 2035 5785 LX.
2075 5729 2232 5788 VIIII.

1717 5743 1763 5781 ε.

2334 5732 2396 5788 C.
2448 5733 2559 5790 XL.
2605 5736 2754 5791 milia
2797 5736 2906 5792 ΙΙΙ-Ι.
2963 5754 3008 5792 c.
3106 5737 3151 5772 ⁸ο
3177 5738 3294 5795 cla-
