3828 6308
495 340 604 400 165

1670 322 2070 381 EK'KEHARDI
2107 325 2576 384 URAUGIENSIS
3668 336 3750 393 “il

497 453 832 528 evangelista
859 447 1134 524 perduxit,
1157 443 1528 502 continentem
1571 454 1746 497 annos
1768 455 1800 495 a
1822 440 2091 512 passione
2120 445 2167 506 Α
2268 442 2320 497 7.
2362 442 2631 505 Colossus
2681 452 2900 502 erectus
2937 454 3044 511 est,
3076 444 3287 503 habens
3315 444 3651 504 altitudinem
3675 466 3748 521 pe-

500 548 722 606 Domini
753 546 825 602 26

572 643 626 698 ι.
671 639 880 697 Statius
899 643 1060 708 poeta
1083 632 1269 687 clarus
1292 627 1548 685 habetur.

549 731 816 791 '5.'Nero
858 726 1214 800 Agrippinam
1265 730 1499 777 matrem
1542 733 1701 776 suam
1743 725 1800 773 et
1845 730 2093 773 sororem

502 823 700 881 matris
724 836 837 878 sua
857 814 1134 875 interfecit
1149 822 1215 869 et
1241 809 1526 868 Octaviam
1557 822 1787 864 uxorem
1820 822 2001 863 suam.

576 914 632 971 6.
671 911 817 970 Nero
856 907 1071 966 inﬁnita
1124 903 1346 961 luxuria
1385 909 1443 958 et
1487 898 1712 957 lascivia
1766 897 2094 970 ignaviaque

504 1008 794 1067 bachatur.

578 1098 630 1153 7.
669 1095 931 1161 Iacobus,
964 1090 1146 1147 frater
1193 1086 1446 1153 Domini,
1495 1099 1527 1141 a
1566 1082 1755 1141 Judeis
1790 1082 2092 1156 lapidatur.

505 1190 668 1249 Festo
693 1189 928 1245 Albinus
949 1182 1253 1250 successit;
1281 1180 1412 1236 huic
1439 1177 1657 1234 Florus.

576 1283 632 1340 8.
670 1282 890 1339 Marcus
910 1275 1243 1351 evangelista
1272 1272 1429 1345 apud
1469 1268 1859 1327 Alexandriam
1895 1282 2097 1340 passus

504 1384 593 1434 est

579 1468 635 1525 9.
675 1464 988 1523 Neroniane
1012 1463 1304 1518 "thermas
1337 1457 1553 1515 Nerone
1574 1455 1919 1513 ediﬁcantur.

578 1559 667 1616 10.
691 1557 855 1625 Nero,
878 1564 939 1613 ut
966 1554 1379 1614 similitudinem
1402 1550 1582 1622 Troja
1605 1548 1848 1607 ardentis
1867 1546 2094 1615 videret,

506 1667 765 1726 magnam
786 1659 998 1722 partem
1022 1648 1212 1704 Roma
1232 1645 1491 1702 incendit.

579 1746 668 1801 11.
704 1742 849 1800 Nero
877 1741 1141 1798 Senecam
1167 1739 1494 1812 magistrum
1508 1750 1677 1795 suum
1702 1731 2000 1790 interfecit.

2317 534 2446 590 ’1οἏ

2252 629 2318 684 ’9.
2353 624 2679 686 Pestilentia
2697 629 2892 687 Roma
2913 628 3058 686 facta
3084 639 3260 699 est,et
3283 639 3448 688 terra
3467 641 3643 690 motus
3666 642 3752 692 tres

2180 719 2446 777 civitates
2468 720 2618 792 (ἰὴ)τὶ
2643 722 2932 778 subvertit.

2268 811 2354 867 10.
2398 812 2777 884 Vespasianus
2813 813 3094 885 proﬂuvio
3139 795 3355 872 ventris
3387 815 3446 871 in
3474 815 3601 871 villa
3636 816 3754 873 circa

2198 901 2435 961 Sabinos
2483 905 2622 961 obiit
2671 921 2822 963 anno
2873 908 3053 963 atatis
3084 907 3175 974 69,
3230 908 3452 979 impen'i
3501 908 3560 977 9,
3604 908 3682 965 die
3712 910 3753 965 8.

2196 994 2295 1068 (Ii.
2325 995 2418 1068 R.)
2456 995 2611 1053 Hic-a
2640 996 2877 1054 Claudio
2915 999 2972 1055 in
2996 998 3380 1064 Germaniam,
3403 999 3533 1057 dein
3565 999 3618 1057 in
3645 1000 3756 1059 Brit-

2186 1092 2442 1148 tanniam
2477 1094 2707 1163 missus,
2736 1096 2928 1153 tricies
2954 1106 3009 1154 et
3054 1098 3139 1155 bis
3167 1114 3295 1155 cum
3318 1099 3487 1156 hoste
3529 1100 3756 1169 conﬂixit,

2196 1184 2337 1241 duas
2382 1186 2758 1246 validissimas
2802 1197 3015 1262 gentes,
3044 1191 3116 1247 20
3146 1192 3371 1263 oppida,
3403 1192 3642 1251 insulam
3674 1192 3758 1251 Ve-

2197 1285 2342 1334 ctam
2366 1279 2618 1337 Romano
2656 1281 2891 1354 imperio
2918 1284 3140 1357 adjecit.
3165 1284 3615 1346 Moderatissime
3648 1292 3759 1347 rexit

2197 1370 2515 1443 imperium,
2540 1374 2745 1431 avidus
2774 1384 2958 1432 tamen
2987 1379 3258 1449 pecunia,
3289 1381 3577 1438 nonnullis
3604 1382 3648 1415 ¹⁹
3665 1400 3757 1439 eam

2192 1464 2403 1536 injuste
2425 1466 2652 1523 abstulit
2674 1477 2729 1524 et
2753 1470 3027 1540 pracipue
3047 1471 3420 1545 indigentibus
3445 1474 3616 1531 dedit.
3654 1544 3667 1554 ν

2270 1556 2368 1627 (11.
2412 1557 2498 1629 8.)
2536 1559 2715 1628 Titus,
2760 1560 3088 1633 Vespasiani
3113 1564 3283 1633 ﬁlius,
3306 1581 3491 1623 annos
3533 1567 3592 1635 2,
3641 1582 3759 1624 mea-

2199 1664 2289 1706 ses
2308 1650 2365 1718 2,
2389 1650 2477 1706 vir
2495 1653 2743 1709 omnium
2770 1670 2970 1727 genere
2990 1656 3259 1713 virtutum
3289 1659 3591 1729 mirabilis,
3618 1660 3685 1717 ita
3718 1671 3757 1717 ut

2199 1740 2405 1799 divitia
2427 1753 2482 1799 et
2514 1760 2676 1801 amor
2705 1748 2925 1817 generis
2959 1748 3189 1804 humani
3224 1750 3528 1808 diceretur.

508 1822 518 1831 ’
582 1837 670 1893 12.
709 1835 1084 1907 Vespasianus
1111 1834 1223 1889 dux
1249 1810 1525 1889 exercitus
1547 1829 1814 1885 adversus
1837 1824 2044 1882 Judeos
2065 1837 2096 1878 a
2128 1810 2173 1867 Β
2270 1835 2430 1891 Anno
2476 1837 2631 1909 regni
2662 1810 2751 1894 ειῖί
2784 1839 2836 1907 ί,
2891 1837 3067 1913 Tyms
3113 1843 3563 1916 amphylcatmm
3609 1842 3757 1901 nam

507 1927 726 1987 Nerone
741 1928 996 1984 mittitur.

582 2021 673 2091 15.
709 2018 906 2077 Petrus
949 2025 1005 2075 et
1049 2016 1254 2074 Paulus
1292 2031 1331 2073 a
1362 2013 1580 2073 Nerone
1620 2009 1895 2071 interfecti
1943 2017 2095 2066 sunt.

509 2112 826 2171 Pestilentia
849 2110 994 2169 facta
1013 2116 1117 2169 est.

583 2205 673 2261 14.
713 2202 858 2261 Nero
906 2220 966 2261 se
1000 2202 1183 2274 ipsum
1241 2198 1534 2257 interfecit.
1576 2195 1750 2255 Linus
1796 2193 2019 2267 primus
2062 2208 2098 2249 a

509 2296 676 2353 beato
697 2295 860 2354 Petro
886 2310 1027 2367 papa
1048 2293 1191 2351 sedit
1213 2307 1390 2349 annos
1416 2292 1505 2346 12.
1548 2287 1857 2345 Antiochia
1899 2300 2100 2344 secunv

511 2390 618 2448 dus
645 2389 940 2462 episcopus
964 2387 1210 2460 lgnatius
1232 2384 1541 2442 ordinatur.

585 2478 685 2553 (H.
739 2479 832 2551 Β.)
870 2478 1015 2537 Nero
1072 2477 1381 2535 Romanum
1422 2475 1714 2547 imperium
1772 2469 2101 2530 deformavit

511 2573 772 2630 inusitate
798 2573 1015 2629 luxurie
1061 2580 1522 2642 sumptuumque,
1578 2576 1740 2624 utens
1780 2564 1997 2637 frigidis
2045 2572 2101 2619 et

511 2666 704 2723 calidis
741 2664 998 2738 ungentis
1026 2674 1083 2720 et
1110 2664 1296 2719 aureis
1336 2663 1393 2718 in
1424 2661 1689 2732 piscando
1716 2659 1960 2725 retibus;
1988 2656 2100 2713 sal—

510 2758 649 2815 tavit
669 2758 840 2815 etiam
862 2765 919 2814 et
935 2757 1179 2814 cantavit
1197 2757 1254 2812 in
1278 2770 1473 2824 scena;
1489 2753 1629 2810 nihil
1656 2753 1713 2809 in
1735 2752 1882 2808 bello
1904 2766 2097 2819 ausus,

510 2849 875 2908 Britthaniam
904 2865 1044 2922 pene
1090 2850 1297 2906 amisit.
1334 2847 1520 2904 Hostis
1544 2845 1777 2916 tandem
1824 2860 1855 2901 a
1904 2850 2100 2900 senatu

511 2944 919 3014 pronuntiatus,
942 2958 1068 2998 cum
1098 2941 1167 2998 ad
1191 2957 1390 3013 penam
1420 2946 1771 3011 quereretur,
1819 2944 2013 3007 captus
2046 2944 2102 2991 et

513 3034 731 3105 publice
761 3034 928 3105 virgis
974 3049 1155 3099 cesus,
1177 3049 1208 3087 e
1240 3047 1374 3088 saxo
1400 3030 1774 3102 pracipitatus
1810 3029 1852 3060 “
1895 3037 2007 3095 est;
2046 3035 2103 3083 et

515 3123 731 3194 fugiens
755 3130 952 3194 quarto
973 3124 1043 3178 ab
1062 3122 1208 3180 Urbe
1235 3122 1471 3217 miliario
1496 3121 1562 3217 in
1583 3121 1903 3217 suburbano
1919 3118 2099 3174 liberti
2126 3160 2170 3217 α

518 3216 605 3272 sui
630 3229 691 3274 se
711 3214 985 3272 interfecit
1018 3230 1166 3271 anno
1191 3214 1368 3270 atatis
1409 3215 1499 3282 51,
1530 3213 1767 3285 imperii
1789 3214 1890 3283 14;
1936 3222 2101 3284 atque

517 3308 575 3362 in
604 3322 671 3363 eo
699 3306 883 3363 omnis
908 3306 1143 3378 Augusti
1169 3304 1378 3363 familia
1399 3314 1728 3377 consumpta
1749 3314 1852 3362 est.

587 3397 758 3455 Galba
776 3398 1026 3471 regnavit
1044 3413 1263 3455 menses
1291 3397 1342 3453 7.
1375 3396 1477 3454 Hic
1498 3398 1569 3453 ab
1595 3396 1792 3454 Ottone
1820 3397 2101 3470 jugulatus

517 3491 576 3547 in
599 3490 719 3548 foro
746 3490 954 3558 Roma,
987 3492 1235 3564 sepultus
1258 3500 1342 3547 est
1364 3491 1421 3545 in
1455 3491 1632 3547 hortis
1669 3492 1787 3548 suis
1807 3506 1952 3547 anno
1975 3500 2100 3547 ata-

443 3571 447 3573 d
515 3585 590 3642 tis
617 3585 706 3653 75,
729 3584 819 3641 via
838 3583 1060 3642 Aurelia
1083 3600 1196 3641 non
1214 3585 1378 3658 longe
1402 3584 1472 3640 ab
1495 3582 1664 3640 Urbe.

584 3675 712 3733 Otto
732 3691 952 3733 menses
973 3678 1025 3732 5.
1052 3677 1304 3746 Quicum
1330 3694 1392 3734 se
1416 3694 1445 3732 a
1473 3676 1690 3734 Vitellio
1710 3677 1855 3733 vinci
1869 3678 2094 3745 videret,

416 3778 419 3779 '
516 3777 691 3826 semet
736 3768 1010 3826 interfecit
1040 3770 1186 3842 apud
1225 3770 1534 3827 Betriacum
1583 3770 1750 3827 Italia
1797 3785 1943 3826 anno
1968 3778 2100 3826 ata-

518 3861 587 3917 tis
613 3861 706 3930 58,
741 3861 812 3918 95
848 3861 1064 3932 imperii
1102 3862 1210 3919 die.
1236 3861 1301 3917 Hi
1332 3870 1443 3919 tres
1465 3863 1630 3919 simul
1673 3870 1799 3935 post
1826 3860 2097 3918 Neronem

517 3949 808 4021 imperium
845 3962 1173 4023 rapuerunt,
1201 3953 1370 4010 Galba
1412 3953 1469 4009 in
1520 3951 1783 4026 Hispania
1854 3951 2099 4010 Vitellius

517 4043 575 4097 in
596 4041 909 4113 Germania,
936 4042 1063 4101 Otto
1091 4044 1299 4103 Roma.

588 4132 687 4207 (ῌ.
721 4132 780 4195 S.
817 4167 889 4176 —
923 4135 996 4192 Η.
1018 4136 1175 4193 11.-
1194 4137 1384 4210 Osos.)
1406 4137 1655 4196 Vitellius
1675 4154 1892 4197 menses
1913 4139 1965 4195 8.
1992 4136 2098 4195 Ve-

517 4228 811 4305 spasianus
844 4227 902 4285 in
936 4227 1108 4291 Judea
1145 4247 1418 4305 pugnans,
1442 4232 1741 4305 imperator
1763 4234 1834 4290 ab
1852 4235 2096 4289 exercitu

513 4319 867 4393 constitutus.
894 4320 1143 4379 Vitellius
1167 4333 1360 4395 captus
1402 4340 1435 4381 a
1472 4324 1794 4397 Vespasiani
1842 4327 2096 4395 ducibus,

514 4412 677 4486 cujus
695 4411 920 4469 fratrem
953 4412 1219 4473 Sabinum
1252 4416 1310 4472 in
1330 4415 1601 4487 Capitolio
1621 4418 1892 4487 incendit,
1913 4418 2098 4476 nudus

2200 1928 2532 1998 construxit,
2564 1930 2620 1985 in
2666 1931 2828 2003 cujus
2855 1932 3200 1992 dedicatione
3243 1935 3389 1993 5000
3416 1935 3659 1994 ferarum
3690 1952 3748 1996 oc-

2196 2019 2354 2077 cidit.
2386 2053 2391 2059 η

2269 2113 2324 2169 2.
2367 2113 2465 2187 (Η.
2492 2112 2585 2188 Β.)
2625 2115 2813 2174 Cletus
2835 2133 2975 2190 papa
3006 2120 3284 2179 secundus
3313 2121 3464 2179 sedit
3494 2138 3670 2179 annos
3694 2123 3754 2178 lt

2194 2202 2374 2279 Tytus
2404 2207 2461 2263 in
2488 2208 2683 2265 eadem
2709 2211 2840 2266 villa
2871 2227 2979 2282 qua
3005 2222 3060 2270 ct
3103 2222 3261 2285 pater
3293 2215 3432 2272 obiit
3484 2230 3632 2272 anno
3661 2224 3758 2272 ata-

2198 2296 2273 2354 tis
2296 2298 2389 2367 42,
2411 2300 2627 2372 imperii
2652 2317 2843 2359 mense
2883 2302 2937 2371 8,
2970 2304 3060 2360 die
3091 2304 3184 2361 20.
3216 2304 3319 2363 Hic
3339 2316 3498 2364 tante
3534 2308 3757 2364 bonitatis

2191 2397 2338 2458 erat,
2363 2398 2427 2446 ut
2454 2406 2581 2447 cum
2607 2392 2652 2426 ¹³
2679 2394 2920 2466 quodam
2949 2396 3040 2452 die
3062 2400 3390 2458 recordatus
3410 2411 3565 2459 esset
3590 2402 3642 2457 in
3659 2417 3754 2458 cem

2198 2482 2339 2538 nulli
2380 2498 2440 2539 se
2480 2483 2574 2541 illo
2602 2484 2648 2518 “
2674 2485 2765 2542 die
2805 2488 3102 2560 quicquam
3139 2493 3510 2562 prastitisse,
3554 2495 3753 2550 diceret:

2200 2573 2395 2642 Amici,
2435 2575 2591 2632 hodie
2633 2577 2772 2633 diem
2799 2581 3030 2649 perdidi.
3066 2580 3456 2643 Hicrosolimis
3496 2585 3568 2641 12
3594 2601 3752 2657 propu-

2202 2675 2458 2738 gnatores
2490 2670 2557 2723 12
2578 2671 2792 2742 sagittis
2827 2674 3100 2732 conﬂixit.

2273 2758 2370 2830 (11.
2406 2758 2490 2829 S.)
2520 2761 2887 2834 Domitianus,
2905 2765 3080 2823 frater
3102 2768 3247 2842 Tyti,
3273 2771 3529 2842 regnavit
3553 2787 3671 2827 ann.
3691 2771 3755 2833 l5,

2202 2864 2424 2906 menses
2451 2852 2503 2906 5.
2532 2850 2633 2909 Hie
2658 2853 2900 2912 infectus
2925 2860 3184 2915 Ominibus
3206 2862 3540 2930 sceleribus,
3560 2860 3756 2919 secundo

2203 2944 2556 3012 prosequitur
2585 2946 2937 3004 christianos.

2277 3034 2326 3088 1.
2372 3033 2719 3101 Domitianus
2744 3043 3032 3099 eunuchos
3055 3044 3339 3115 prohibuit
3368 3045 3514 3103 ﬁeri.

2273 3122 2328 3178 2.
2370 3123 2542 3196 Tytus
2570 3125 2714 3183 inter
2732 3130 2866 3187 deos
2890 3131 3112 3189 decreto
3141 3145 3370 3193 senatus
3392 3137 3650 3195 refertur.

2273 3215 2325 3269 5.
2366 3214 2499 3274 Tres
2524 3219 2761 3291 virgines
2794 3222 2968 3280 Vesta
2995 3228 3068 3282 ob
3092 3237 3346 3299 stuprum
3381 3231 3712 3289 damnantur.

2271 3306 2325 3361 4.
2349 3307 2609 3378 Arianus,
2626 3313 2837 3382 primus
2860 3315 3203 3376 Alexandria
3232 3333 3353 3391 post
3365 3321 3610 3381 Marcum
3629 3341 3758 3381 eran-

2201 3403 2448 3475 gclistam
2471 3407 2783 3479 episcopus,
2808 3421 2932 3483 post
2951 3426 3082 3470 ann.
3106 3414 3178 3470 22
3204 3416 3359 3474 obiit.
3386 3418 3499 3475 Pro
3526 3436 3633 3492 quo
3654 3420 3754 3474 Abi-

2198 3496 2309 3553 lius
2333 3499 2475 3554 sedit
2495 3516 2624 3557 ann.
2654 3503 2742 3558 15.

2271 3590 2324 3646 6.
2369 3590 2713 3652 Domitianus
2771 3611 2831 3653 se
2872 3597 3036 3654 deum
3083 3609 3139 3656 et
3192 3601 3480 3659 dominum
3540 3603 3756 3677 appellari

2196 3678 2382 3750 jussit.

2271 3774 2323 3826 9.
2368 3770 2585 3832 Heresis
2619 3775 2901 3834 Manandri
2942 3782 3085 3855 magi
3125 3794 3180 3839 et
3221 3784 3457 3845 aliorum
3499 3788 3757 3843 multorum

2198 3865 2465 3921 exoritur.

2273 3956 2359 4011 10.
2405 3956 2637 4016 Romani
2670 3964 2841 4020 multa
2875 3967 3016 4021 mala
3054 3983 3087 4023 a
3120 3984 3327 4026 casare
3355 3979 3413 4027 et
3446 3972 3518 4030 ab
3548 3972 3758 4028 hostibus

2198 4051 2562 4120 pertulerunt.

2273 4143 2361 4198 11.
2403 4142 2747 4205 Domitianus
2772 4149 2839 4205 de
2859 4148 3021 4208 Dacis
3042 4162 3096 4208 et
3121 4152 3411 4213 Germanis
3433 4158 3727 4230 triumphat.

2274 4237 2360 4293 12.
2402 4238 2656 4297 Clemens
2684 4257 2824 4313 papa
2863 4245 3066 4303 tercius
3104 4248 3244 4304 sedit
3280 4265 3414 4306 ann.
3451 4252 3505 4310 9.
3541 4251 3758 4309 Cornelia

2199 4331 2356 4401 virgo
2385 4329 2621 4389 Vestalis
2648 4335 2720 4391 ob
2743 4344 2994 4406 stuprum
3024 4339 3144 4394 viva
3168 4339 3383 4399 defossa
3405 4355 3510 4400 est.

2272 4422 2360 4477 15.
2402 4421 2746 4483 Domitianus
2776 4429 2978 4486 multos
3009 4432 3274 4488 nobilium
3311 4435 3535 4492 occidit.

515 4519 613 4575 per
634 4501 837 4579 Urbem
861 4506 1077 4576 publice
1100 4508 1358 4575 trahitur,
1382 4508 1570 4564 ﬁmum
1595 4508 1651 4564 in
1666 4524 1730 4566 os
1752 4510 1873 4581 ejus
1885 4513 2093 4581 passim
2127 4510 2172 4565 D
2271 4515 2358 4570 14.
2400 4515 2677 4575 Iohannes
2693 4522 2976 4592 apostolus
2994 4523 3047 4578 in
3075 4523 3338 4582 Pathmos
3372 4527 3606 4585 insulam
3627 4544 3656 4584 a
3676 4527 3757 4580 Do-

512 4596 870 4673 jactaptibus,
884 4598 1211 4671 tandemque
1220 4600 1503 4672 jugulatus
1518 4602 1575 4658 in
1596 4601 1849 4675 Tybcrim
1873 4606 2098 4677 projici-

518 4697 627 4757 tur,
658 4705 805 4745 anno
835 4690 1011 4746 atatis
1038 4690 1130 4760 57,
1158 4708 1347 4749 mense
1382 4693 1595 4766 imperii
1622 4695 1677 4763 8,
1700 4696 1789 4752 die
1822 4698 2021 4768 primo.

587 4780 667 4854 (Η
672 4823 686 4837 .
721 4781 812 4853 Β.)
853 4781 1224 4854 Vespasianus
1245 4799 1421 4842 annos
1442 4786 1497 4854 9,
1521 4802 1739 4845 menses
1756 4788 1842 4856 10,
1864 4789 1983 4846 dies
2007 4791 2094 4859 12,

516 4873 602 4928 vir
625 4873 851 4929 militari
892 4874 1092 4932 virtute
1134 4876 1473 4948 pracipuus,
1506 4878 1739 4937 obscure
1785 4889 1967 4937 tamen
1999 4898 2099 4937 na-

515 4974 625 5022 tus.

588 5053 688 5129 (H,
714 5053 802 5127 S.)
839 5057 1000 5112 Anno
1020 5059 1173 5130 regni
1194 5058 1360 5130 hujus
1390 5062 1442 5129 1,
1468 5061 1624 5120 Titus
1652 5063 1856 5139 Judeos
1886 5065 2099 5122 inenar-

513 5147 675 5204 rabili
695 5146 840 5209 fame
865 5149 1138 5206 cruciatos
1168 5152 1398 5209 obsedit.
1804 5208 1813 5215 .

582 5238 640 5293 2.
680 5230 1017 5296 Hierusalem
1046 5258 1076 5296 a
1105 5241 1229 5299 Tito
1250 5245 1552 5303 destruitur
1577 5264 1724 5305 anno
1776 5265 1806 5305 a
1835 5251 2096 5320 passione

511 5329 729 5387 Domini
759 5330 850 5398 40,
893 5348 925 5388 a
968 5335 1143 5405 prima
1193 5340 1507 5398 conditione
1550 5343 1735 5415 templi
1783 5345 1887 5401 sub
1935 5344 2089 5401 Sales

512 5438 676 5479 mone
702 5423 861 5480 1089.

583 5516 635 5570 5.
674 5512 948 5589 Iosephus
971 5518 1462 5597 hystoriographus
1483 5528 1667 5585 clarus
1691 5529 1943 5587 habetur.

2199 4606 2428 4661 mitiano
2451 4610 2615 4665 exilio
2650 4613 2873 4681 missus,
2896 4616 3245 4689 apocalypsin
3268 4620 3508 4692 scripsit.

2273 4699 2360 4754 15.
2403 4699 2747 4759 Domitianus
2776 4703 3019 4762 Flaviani
3059 4708 3392 4768 Domitillam
3435 4731 3564 4770 cum
3607 4713 3759 4769 multis

2200 4792 2321 4849 aliis
2346 4794 2399 4848 in
2425 4794 2649 4851 exilium
2673 4812 2774 4869 pro
2809 4799 2914 4855 ﬁde
2948 4800 3157 4858 Christi
3178 4805 3458 4877 relegavit.

2272 4884 2360 4939 16.
2403 4883 2500 4957 (Η.
2528 4885 2620 4959 R.)
2645 4886 2990 4948 Domitianus
3026 4909 3151 4949 cum
3183 4897 3355 4952 multa
3386 4898 3527 4953 mala
3551 4896 3755 4953 fecisset.

2201 4976 2496 5032 crudeliter
2522 4994 2552 5033 a
2581 4981 2699 5037 suis
2726 4981 3052 5040 interﬁcitur
3082 5001 3230 5042 anno
3255 4990 3430 5046 atatis
3449 4990 3543 5057 55,
3576 4987 3754 5058 imperii

2201 5070 2288 5125 15.
2319 5069 2417 5127 Hic
2443 5073 2646 5128 nullam
2672 5074 2773 5130 sibi
2819 5076 2927 5132 nisi
2967 5094 3188 5135 auream
3217 5091 3314 5136 aut
3338 5093 3641 5154 argenteam
3666 5090 3754 5135 sta-

2199 5169 2351 5216 tuam
2389 5162 2443 5216 in
2467 5163 2741 5234 Capitolio
2769 5182 2969 5238 passus
2984 5173 3246 5242 estponi;
3274 5173 3633 5229 consobrinos
3649 5183 3753 5228 suos

2198 5253 2489 5311 interfecit.

2272 5349 2369 5421 (H.
2400 5350 2483 5423 S.)
2523 5351 2699 5410 Nerva
2722 5371 2885 5412 senex
2909 5374 3039 5413 ann.
3066 5359 3118 5427 1,
3156 5375 3370 5417 menses
3387 5360 3440 5426 1,
3465 5359 3583 5416 dies
3604 5357 3653 5414 8.
3678 5354 3753 5411 Hic

2195 5443 2436 5515 primum
2477 5447 2656 5504 edicto
2697 5465 2799 5505 suo
2832 5466 3025 5508 omnes
3067 5454 3255 5511 exules
3299 5455 3589 5510 revocavit.
3636 5451 3749 5506 Sano

2197 5544 2319 5593 ctus
2351 5537 2396 5568 ¹⁵
2423 5536 2703 5598 Iohannes
2730 5543 2800 5599 ab
2827 5545 2993 5600 exilio
3021 5545 3259 5615 rediens,
3288 5546 3621 5618 evangelium
3642 5542 3751 5600 scri-

1838 5696 1923 5751 VA
1932 5696 2067 5757 8le
2102 5701 2511 5762 LECTIONES.

581 5789 622 5821 “
652 5790 965 5864 pracipitus
994 5813 1041 5852 ε.
1124 5799 1164 5831 η
1188 5801 1341 5859 nulli’
1371 5821 1419 5859 c.
1501 5805 1543 5839 “
1575 5807 1719 5862 deest
1753 5825 1799 5863 c.
1832 5810 1874 5843 νδ
1898 5811 1989 5869 illa
2012 5831 2149 5871 corr.
2178 5816 2271 5873 illo
2295 5835 2342 5872 ε.
2424 5819 2465 5852 ’⁸
2507 5818 2706 5884 Sancte
2734 5822 2783 5876 1.
