3828 6308
108 376 190 433 .565
862 364 1230 422 CHRONICA.
1267 396 1339 408 -—
1372 365 1764 424 CHRONICON
1804 367 2398 425 WIRZIBURGENSE.

3193 374 3308 430 466'

108 500 204 560 psit.
227 481 381 543 Nerva
426 491 614 540 mor-ao
645 475 926 539 confectas
955 479 1089 540 obiit
1123 494 1267 540 anno
1291 480 1467 543 aetatis
1503 479 1568 540 Ἠ
1602 505 1617 556 ;
1651 493 1701 552 Α
1792 489 1847 543 2.
1889 489 2159 544 Adrianus
2179 479 2378 545 Judeos
2401 482 2597 545 iterum
2622 480 2888 561 proﬂigat.

106 583 442 656 regnavitann.
481 579 531 644 1,
575 577 855 632 mensibus
880 577 934 643 4,
963 576 1155 634 diebus
1185 578 1238 632 8.
1273 576 1368 648 (H.
1399 578 1488 649 Β.)
1517 577 1618 634 Hic

106 677 147 729 in
177 681 356 744 privata
391 669 498 723 vita
531 667 844 723 moderatus
885 682 952 722 ac
977 676 1292 734 strennuus,
1321 667 1631 724 nobilitatis.

104 767 270 829 mediae,
299 776 506 832 operam
541 759 704 814 dante
757 757 1014 813 Petronio
1051 757 1306 827 praefecto
1355 759 1614 828 praetorii,

102 865 200 916 item
242 857 496 922 Paternio,
555 855 903 909 interfectore
945 853 1262 919 Domitiani,
1321 855 1617 925 imperator

98 954 252 1019 factus,
298 949 658 1019 aequissimum
714 963 774 1002 se
825 961 890 1001 ac
935 945 1316 1001 civilissimum
1362 947 1612 1018 praebuit.

98 1047 343 1114 Trajanum
368 1043 420 1097 in
445 1057 670 1114 regnum
701 1040 998 1110 adoptavit.

148 1137 225 1209 (11.
251 1134 325 1206 S.)
349 1133 612 1204 Trajanus
652 1147 848 1206 genere
880 1131 1153 1204 Hispanus
1178 1149 1306 1188 ann.
1343 1134 1430 1202 19,
1460 1148 1612 1188 men-

95 1243 162 1283 ses
181 1228 225 1294 6,
250 1228 355 1282 dies
385 1227 488 1281 15..

147 1321 187 1375 1.
221 1321 362 1374 Anno
389 1318 536 1390 regni
563 1318 810 1389 ejusdem
838 1319 1180 1375 Alexandriae
1205 1318 1379 1374 Cerdo
1407 1319 1610 1377 tercius

96 1413 332 1482 episcopus
356 1411 493 1467 sedit
517 1427 645 1466 ann.
689 1411 772 1465 η.
1114 1415 1117 1417 ’

142 1506 185 1559 2.
215 1503 471 1560 Johannes
495 1506 776 1576 apostolus
797 1505 940 1578 apud
964 1504 1239 1577 Ephesum
1257 1506 1614 1575 obdormivit,

97 1614 206 1654 anno
225 1614 251 1652 a
273 1599 518 1669 passione
539 1597 758 1653 Domini
784 1598 874 1653 68.

142 1691 183 1745 1.
217 1689 524 1746 Eevarestus
550 1704 686 1760 papa
713 1698 943 1760 quartus
973 1691 1260 1746 sedit‘ann.
1286 1690 1339 1745 8'.

143 1781 183 1834 5.
215 1779 462 1850 Trajanus
500 1779 703 1836 multas
729 1788 917 1850 gentes
958 1778 1209 1836 Romano
1235 1780 1468 1850 subjecit
1504 1781 1604 1836 im-

91 1885 221 1941 peric.

139 1964 180 2016 6.
216 1961 689 2034 Symeon,.Cleopae
733 1961 897 2027 filius,
946 1959 1278 2015 lherusaiem
1313 1961 1604 2030 episc0pus

91 2052 366 2124 cruciﬁgitur
388 2067 533 2107 anno
562 2052 735 2106 aetatis
761 2051 878 2105 120.
905 2051 1012 2106 Pro
1033 2066 1143 2122 quo
1168 2049 1356 2107 Justus
1383 2051 1602 2106 ordina-

89 2155 166 2199 tur.
193 2145 406 2218 lgnatius
429 2145 734 2201 Antiochiae
754 2146 1044 2216 episcopus
1068 2144 1250 2201 Romae
1276 2145 1465 2201 bestiis
1493 2153 1602 2200 tra-

89 2236 216 2290 ditur.
251 2236 348 2292 Pro
373 2253 481 2308 quo
504 2235 673 2292 Orion
697 2237 1070 2292 constituitur.

137 2327 178 2382 8.
210 2328 554 2385 Termmotus
587 2330 794 2384 multas
849 2329 1016 2384 urbes
1065 2329 1308 2394 subruit,
1343 2340 1396 2383 et
1433 2343 1602 2384 aurea

87 2421 236 2477 domus
265 2422 506 2479 incendio
539 2422 719 2492 periit.
766 2421 833 2476 Et
873 2420 1176 2476 Pantheum
1226 2419 1452 2476 fulmine
1481 2435 1600 2476 cre-

87 2522 243 2568 matum
274 2522 370 2570 est.

135 2605 175 2660 9.
207 2605 394 2662 Plinius
419 2605 707 2662 Secundus
732 2605 1103 2679 phylosophus
1125 2606 1306 2662 clarus
1326 2620 1434 2677 pro
1453 2606 1598 2662 chri»

85 2697 229 2752 stianis
253 2698 537 2769 Trajanum
576 2699 806 2769 mitigat.

135 2787 200 2842 12.
231 2789 520 2845 Alexander
553 2805 690 2860 papa
715 2789 938 2860 quintus
977 2788 1115 2844 sedit
1135 2804 1262 2844 ann.
1295 2789 1382 2843 10.

131 2880 198 2932 15.
233 2879 434 2936 Primus
473 2888 707 2952 quartus
748 2880 1090 2937 Alexandria:
1133 2881 1422 2953 episcopus
1457 2881 1597 2937 sedit

128 3063 196 3118 11.
226 3064 344 3120 Post
363 3065 584 3122 Justum
609 3065 990 3122 lherusalemte
1009 3066 1321 3137 episcopum
1346 3064 1594 3120 Zacheus

1791 580 1844 635 5.
1890 579 2076 636 Sixtus
2097 596 2236 651 papa
2258 590 2443 637 sextus
2471 582 2610 637 sedit
2642 598 2769 636 ann.
2798 582 2884 636 10.

1787 667 1841 720 4.
1881 665 2245 722 Terraemotus
2274 657 2594 724 factusestf

1789 755 1841 811 5.
1881 755 2155 812 Adrianus
2178 757 2796 830 Atheniensibus-legem
2827 759 2992 814 dedit.

1788 846 1840 900 6.
1883 847 2510 934 Alexandriae'Justinus
2537 850 2825 920 episc0pus
2862 851 2999 906 sedit
3031 867 3158 908 ann.
3199 853 3284 907 11.

1790 937 1840 991 7.
1882 937 2255 995 Hierosolimze
2291 941 2578 1011 episcopus
2620 940 2825 997 Seneca
2856 942 3120 999 decimus.
3161 943 3288 999 Post

1715 1029 1862 1086 hunc
1900 1026 2089 1085 Justus
2116 1030 2458 1087 undecimus.
2515 1031 2718 1088 Deinde
2760 1031 2908 1087 Levi.
2957 1033 3088 1089 Post
3125 1049 3285 1104 quem

1713 1120 1905 1179 Et‘fres.
1934 1122 2130 1179 Postea
2162 1121 2364 1180 Jesses.
2389 1123 2517 1180 Post
2535 1124 2680 1179 hunc
2705 1123 2872 1180 Judas
2899 1125 3139 1196 episcOpi
3165 1127 3284 1181 fue-

1711 1222 1860 1271 runt.

1783 1307 1869 1361 11.
1915 1306 2239 1365 Saturnides
2297 1316 2353 1362 et
2412 1307 2506 1366 alii
2566 1308 2675 1362 duo
2731 1307 2966 1364 heresim
3027 1308 3283 1365 condide-

1709 1407 1858 1452 runt.

1781 1488 1868 1544 12.
1912 1488 2317 1559 Thelesphorus
2345 1505 2483 1561 papa
2519 1489 2658 1544 sedit
2681 1505 2808 1544 ann.
2844 1490 2929 1542 11.

1780 1582 1866 1636 15.
1909 1581 2211 1638 Antiochiae
2240 1582 2592 1637 constituitur
2612 1580 2898 1636 Cornelius
2924 1582 3232 1654 episcopus.

1780 1673 1866 1727 14.
1907 1671 2182 1742 Nicopolis
2207 1681 2263 1728 et
2280 1672 2514 1728 Cesarea
2550 1680 2862 1727 terratmotu
2887 1681 3226 1729 corruerunt.

1779 1765 1866 1820 15.
1911 1763 2194 1834 Templum
2216 1763 2442 1820 Veneris
2466 1763 2652 1819 Romae
2686 1763 2888 1818 factum
2917 1773 3018 1818 est.

1637 1831 1682 1889 Β
1779 1853 1864 1908 17.
1903 1831 2062 1908 Judei
2101 1853 2432 1910 Palestinam
2477 1854 2892 1924 depopulantur.
2945 1853 3280 1908 Alexandria:

1705 1947 1975 2004 Eumenes
2013 1947 2303 2017 episcopus
2330 1946 2470 2002 sedit
2491 1962 2620 2001 ann.
2648 1946 2735 2000 15.

1776 2040 1863 2094 18.
1902 2039 2057 2094 Judei
2087 2040 2300 2110 magnis
2326 2039 2527 2109 ubique
2553 2038 2776 2093 cedibus
2796 2045 3109 2092 enecantur.

1774 2131 1860 2186 19.
1900 2129 2236 2186 Hierusalem
2272 2131 2342 2185 ab
2382 2129 2536 2186 Helio
2567 2128 2802 2184 Adriano
2825 2134 3074 2198 reparata
3095 2133 3197 2192 est,
3224 2134 3277 2179 et

1700 2237 1764 2277 ex
1795 2222 1913 2291 ejus
1944 2223 2164 2277 nomine
2187 2220 2337 2277 Helia
2362 2229 2693 2290 nuncupata.

1770 2314 1858 2368 20.
1898 2313 2116 2370 Primus
2164 2330 2231 2369 ex
2277 2313 2529 2385 gentibus
2575 2311 2945 2367 llierosolimae
2978 2309 3289 2380 episcopus

1701 2405 1916 2462 Marcus
1944 2405 2248 2473 ordinatur,
2289 2420 2416 2460 cum
2455 2403 2570 2476 jam
2603 2401 2915 2474 quindecim
2945 2417 3010 2455 ex
3052 2398 3286 2454 Judaica.

1700 2506 1858 2569 gente
1879 2498 2144 2553 obissent.

1767 2589 1860 2642 21.
1907 2588 2181 2642 Adrianus
2233 2587 2425 2648 morbo
2480 2585 2766 2642 intercutis
2832 2598 2988 2654 aquae
3041 2582 3273 2638 moritur

1698 2678 1874 2749 major
1895 2676 2268 2749 sexagenario.

1767 2769 2039 2826 Antonius
2078 2777 2439 2840 cognomento
2477 2767 2610 2824 Pius
2655 2783 2787 2824 ann.
2833 2767 2925 2835 22,
2972 2781 3188 2822 menses
3216 2767 3270 2820 5.

1697 2860 1803 2916 lste
1829 2862 2068 2916 clemens
2091 2860 2321 2916 dﬁcitur
2341 2859 2673 2914 christianis.

1766 2954 1925 3009 Anno
1945 2953 2098 3025 regni
2129 2953 2294 3023 hujus
2324 2954 2373 3018 1,
2406 2952 2615 3024 Yginus
2644 2966 2784 3022 papa
2826 2949 3090 3021 septimus
3133 2950 3281 3004 sedit

1697 3062 1825 3100 ann.
1848 3045 1902 3100 4.
1929 3043 2249 3100 Valentinus
2269 3052 2324 3099 et
2347 3043 2522 3100 Cerdo
2565 3042 2851 3098 ecclesiam
2881 3041 3062 3097 heresi
3093 3041 3273 3112 impu-

79 3154 196 3210 sedit.
239 3155 356 3213 Post
397 3174 562 3229 quem
617 3158 836 3214 Tobias.
893 3159 1022 3214 Post
1085 3159 1233 3214 hunc
1286 3157 1588 3228 Benjamin.
1621 3168 1666 3231 ρ
1697 3145 1882 3231 893m:

79 3241 231 3303 Deinde
255 3248 548 3306 Johannes.
573 3250 704 3306 Post
733 3268 897 3322 quem
930 3251 1237 3307 Mathatias.
1268 3250 1370 3306 Cui
1403 3265 1592 3307 succe-

76 3335 410 3411 ditPhilippus.

126 3430 193 3486 16.
227 3432 480 3506 Trajanus
520 3435 860 3504 Armeniam,
887 3434 1169 3509 Assyriam
1190 3435 1254 3504 “,
1283 3433 1592 3505 Mesopota-

74 3521 198 3598 miam
225 3528 520 3595 provincias
545 3526 696 3583 fecit.

126 3613 191 3669 18.
232 3615 372 3675 Judei
416 3619 679 3675 commoti
717 3633 944 3690 magnas
981 3619 1141 3675 cedes
1177 3617 1462 3674 hominum
1505 3614 1591 3671 fa-

75 3703 316 3774 ciunt;sed
345 3709 398 3764 in
439 3709 770 3765 Alexandria
809 3710 960 3778 victi,
1002 3710 1071 3764 ab
1098 3709 1351 3764 omnibus
1390 3708 1592 3777 ubique

73 3799 370 3858 trucidantur.
417 3803 785 3860 Termmotus
835 3812 1006 3859 totam
1054 3817 1193 3874 pene
1241 3801 1590 3860 Antiochiam

72 3889 256 3947 subruit.

123 3981 189 4038 19.
224 3981 478 4059 Trajanus
517 3988 789 4060 proﬂuvio
812 3988 1020 4046 ventris
1039 3987 1274 4043 moritur
1295 4003 1440 4042 anno
1462 3997 1590 4042 aeta—

71 4073 119 4128 tis
148 4075 222 4144 61,
259 4095 439 4138 mense
476 4081 536 4149 9,
587 4082 675 4137 die
706 4082 758 4149 «1,
798 4081 1014 4152 imperii
1052 4081 1140 4147 19,
1188 4095 1374 4135 mense
1412 4065 1467 4146 6,
1503 4080 1590 4134 die

72 4163 131 4218 15.
155 4166 294 4228 Solus
312 4174 562 4230 omnium
585 4172 727 4228 infra
752 4171 956 4228 Urbem
978 4173 1222 4243 sepultus
1242 4180 1344 4228 est.
1375 4170 1471 4242 (H.
1497 4171 1586 4242 Β.)

55 4253 169 4312 ‘Ossa
192 4261 298 4331 ejus
333 4266 534 4321 collata
575 4265 631 4320 in
667 4280 864 4320 urnam
905 4280 1148 4331 auream,
1190 4265 1247 4319 in
1296 4264 1414 4319 foro
1439 4265 1590 4334 quod

68 4347 297 4411 aediﬁcavit
346 4359 449 4413 sub
501 4359 758 4414 columna
815 4357 995 4428 posita
1040 4366 1201 4425 sunt;
1254 4357 1413 4427 cujus
1466 4357 1588 4412 alti-

67 4441 163 4497 tudo
182 4445 271 4501 110
290 4451 450 4519 pedes
470 4451 656 4506 habet.
698 4449 874 4520 Hujus
902 4457 1116 4504 tantum
1142 4450 1421 4505 memoriae
1442 4449 1589 4504 dela-

69 4540 151 4588 tum
175 4547 262 4608 est,
296 4551 355 4598 ut
376 4559 556 4614 usque
595 4544 663 4600 ad
701 4552 946 4599 nostram
974 4550 1189 4598 aetatem
1215 4557 1324 4598 non
1353 4543 1509 4597 aliter
1529 4542 1585 4597 in

65 4637 213 4684 senatu
246 4634 580 4706 principibus
609 4636 940 4691 acclametur
968 4635 1010 4667 ⁸⁷
1036 4635 1142 4691 nisi
1171 4651 1184 4688 :
1219 4633 1454 4689 Felicior
1476 4633 1586 4687 Au-

65 4727 196 4787 gusto,
230 4724 405 4780 melior
449 4726 703 4798 Trajano.
751 4727 924 4783 Rome
957 4742 1017 4783 se
1052 4727 1310 4782 omnibus
1335 4726 1583 4797 equalem

64 4812 260 4883 Praebuit,
316 4821 531 4876 nullum
585 4829 900 4876 senatorum
941 4821 1148 4887 ledens,
1195 4819 1270 4875 ita
1317 4827 1379 4875 ut
1433 4820 1583 4874 omni

64 4898 153 4966 eius
183 4916 324 4965 aetate
348 4927 497 4968 unus
540 4920 759 4968 senator
797 4912 868 4968 sit
903 4911 1218 4980 damnatus,
1255 4921 1309 4968 et
1345 4912 1451 4967 hoc
1485 4926 1584 4982 per

63 5004 280 5055 senatum.

115 5087 194 5155 (Η.
220 5091 296 5165 S.)
322 5094 511 5152 Helius
552 5097 832 5154 Adrianus
865 5113 993 5152 ann.
1031 5097 1126 5152 21..
1169 5096 1268 5154 Hic
1306 5114 1402 5167 per
1437 5097 1584 5165 Qua-

61 5174 232 5237 dratum
252 5186 574 5258 discipulum
603 5189 975 5259 apostolorum
1007 5196 1062 5243 et
1082 5189 1371 5244 Aristidem
1403 5190 1580 5244 virum

64 5272 308 5338 sapientem
330 5281 492 5337 libris
515 5282 885 5354 apollogeticis
909 5282 1154 5349 edoctus,
1183 5283 1328 5336 mitis
1356 5282 1582 5337 etlicitur

60 5359 341 5429 chriStianis.

111 5452 284 5516 Annol
317 5467 470 5537 regni
499 5468 585 5525 sui
619 5468 1002 5524 Alexandriam
1029 5467 1302 5524 Adrianus
1349 5468 1579 5538 publicis

59 5552 330 5611 restauravit
349 5560 626 5628 expensis.

1765 3231 1818 3286 6.
1855 3229 1988 3285 Pius
2017 3243 2158 3300 papa
2188 3229 2328 3284 sedit
2356 3244 2494 3283 ann.
2527 3228 2623 3284 15.
2651 3226 2950 3283 Antiochiae
2980 3226 3270 3298 episcOpus

1693 3318 1865 3376 [leros
1898 3320 2267 3376 constituitur.

1763 3391 1815 3445 8.
1858 3390 2200 3446 Alexandriae
2224 3390 2440 3444 Marcus
2469 3390 2758 3460 episcopus
2781 3387 2920 3445 sedit
2946 3403 3074 3442 ann.
3109 3385 3197 3440 1θ.

1767 3482 1852 3538 19.
1889 3480 2233 3538 Alexandriae
2253 3480 2524 3536 Caeladion
2545 3481 2834 3552 episcopus
2861 3479 2998 3535 sedit
3023 3492 3150 3532 ann.
3178 3477 3264 3532 14.

1759 3573 1848 3627 21.
1888 3573 2149 3629 Anicetus
2177 3588 2316 3643 papa
2350 3571 2594 3627 decimus
2623 3571 2762 3628 sedit
2793 3585 2920 3625 ann.
2948 3570 3034 3623 11.
3071 3567 3263 3623 Hlero-
3373 3567 3375 3570 ⁴

1691 3665 1898 3722 solima:
1920 3665 2219 3722 Cassianus
2241 3665 2530 3735 episcopus
2548 3663 2851 3729 ordinatur,
2883 3661 3129 3725 Publius,
3154 3659 3269 3715 Ma-

1691 3757 1891 3822 ximus,
1922 3755 2204 3824 Julianus,
2234 3755 2462 3824 Gainus,
2504 3754 2826 3828 Symachus,
2861 3753 3051 3820 Gaius,
3089 3751 3266 3807 Julia-

1690 3863 1826 3916 nus,
1839 3847 2054 3919 Capito.

1759 3941 1849 3996 25.
1889 3940 2159 3998 Antonius
2190 3939 2320 3996 Pius
2350 3941 2494 4012 apud
2537 3939 2763 3995 Lorium
2795 3937 2942 3995 obiit
2979 3937 3046 3989 7.7
3090 3937 3274 3992 aetatis

1690 4047 1856 4087 anno.

1759 4145 1975 4202 Marcus
2017 4144 2287 4200 Antonius
2318 4144 2492 4200 Verus
2531 4160 2657 4200 cum
2707 4142 2874 4198 fratre
2913 4141 3082 4197 Lucio
3103 4140 3266 4198 Com-

1689 4234 1852 4291 modo
1873 4234 2093 4289 Aurelio
2117 4247 2244 4288 ann.
2274 4234 2360 4300 19,
2379 4248 2564 4289 mense
2590 4234 2640 4287 1.
2667 4231 2732 4286 Hi
2757 4246 2914 4302 acquo
2938 4231 3061 4301 jure
3089 4229 3264 4286 admi-

1689 4326 2058 4383 nistraverunt
2081 4324 2390 4394 imperium.

1758 4417 1930 4489 Regni
1959 4416 2045 4472 sui
2072 4432 2217 4472 anno
2241 4417 2289 4470 1.
2316 4416 2371 4470 2.
2400 4416 2452 4470 5.
2479 4416 2534 4470 4.

1617 4515 1666 4576 D
1762 4509 2010 4566 Seleucia
2033 4517 2187 4580 capta
2213 4516 2298 4564 est
2317 4524 2348 4564 a
2375 4506 2658 4564 Romanis.
2691 4503 2936 4561 Caesares
2961 4503 3026 4559 de
3048 4501 3265 4558 Parthis

1692 4601 2046 4672 triumphant.

1761 4693 1815 4748 6.
1857 4692 1952 4765 (H.
1991 4691 2076 4765 S.)
2105 4690 2258 4746 Multi
2301 4701 2614 4749 sanctorum
2662 4689 2762 4745 sub
2802 4688 2889 4743 his
2925 4686 3264 4758 principibus

1690 4793 2041 4840 coronantur.
2092 4783 2205 4839 Hoc
2256 4792 2499 4855 tempore
2543 4785 2661 4838 lues
2692 4781 2927 4838 maxima
2955 4779 3263 4834 Romanum

1688 4876 1988 4931 exercitum
2049 4876 2293 4945 aliasque
2351 4876 2551 4931 multas
2609 4872 2918 4945 provincias
2967 4885 3104 4942 pene
3166 4868 3262 4924 de-

1685 4967 1831 5023 levit.

1758 5080 1809 5134 7.
1852 5079 2052 5135 Sother
2100 5094 2240 5149 papa
2268 5078 2590 5133 undecimus
2633 5075 2774 5132 sedit
2819 5091 2950 5130 ann.
2981 5073 3033 5130 8.
3068 5071 3260 5129 Antio-

1683 5171 1820 5227 chiae
1849 5170 2186 5242 Theophilus
2219 5170 2301 5224 vir
2323 5169 2540 5241 sapiens
2560 5168 2842 5224 ordinatur
2860 5167 3170 5238 episcopus.

1752 5288 1804 5344 8.
1847 5286 2188 5341 Alexandriae
2217 5285 2546 5358 Agrippinus
2567 5283 2706 5339 sedit
2731 5298 2858 5337 ann.
2888 5282 2973 5335 11.

1723 5416 1727 5420 -
1757 5381 1841 5433 111.
1864 5378 2175 5433 Antoninus
2203 5378 2496 5446 imperator
2518 5376 2686 5430 multa
2703 5375 2886 5445 praelia
2905 5388 3000 5443 per
3022 5386 3079 5427 se
3100 5379 3152 5425 et
3166 5385 3261 5441 per

1683 5473 1850 5526 duces
1877 5487 2009 5525 suos
2040 5478 2232 5525 contra
2259 5468 2630 5523 Romanorum
2649 5467 2898 5522 inim'css
2919 5464 3114 5536 ex-egit.
3152 5535 3155 5538 .

1757 5562 1842 5616 16.
1882 5562 2204 5618 Eleutherus
2233 5575 2370 5632 papa
2391 5559 2745 5618 duodecimus
2773 5558 2912 5614 sedit
2939 5572 3066 5612 ann.
3099 5555 3182 5607 15.

1272 5694 1500 5753 VAerE
1537 5694 1933 5754 LECTIONES.

118 5793 152 5823 "
184 5800 375 5870 assyria
403 5821 450 5858 ε.
536 5807 570 5837 ¹⁷
608 5807 935 5863 acclemetur
960 5825 1005 5861 ς.
