3828 6308
516 214 616 270 471
1598 262 1601 265 λ
1714 210 2113 267 EKKEHABDI
2147 211 2615 271 URAL’CIENSIS
3626 215 3700 271 iii

586 325 676 382 15.
711 323 1054 383 Hierusalem
1078 326 1366 398 episcopus
1388 324 1695 382 Macharius
1721 326 2093 382 constituitur.
2124 335 2176 396 Α
2200 336 2256 383 et
2279 326 2429 383 Felix
2449 326 2687 399 ejicitur.
2721 325 2854 382 ltem
2870 323 3130 381 Liberius
3156 339 3294 395 papa
3316 331 3371 381 et
3394 323 3540 380 multi
3561 328 3699 382 catho-

517 418 861 474 Alexandria
888 419 1191 475 Alexander
1230 419 1519 489 episcopus
1559 417 1871 485 ordinamr;
1914 433 1946 472 a
1988 433 2098 488 quo
2199 417 2429 474 licorum
2459 417 2699 488 episcopi
2730 417 2800 472 ab
2836 416 3088 471 Arrianis
3118 415 3330 486 expulsi
3362 424 3499 470 sunt.

518 495 713 568 Arrius
739 511 1018 583 presbyter
1046 512 1115 565 de
1139 510 1386 565 acclesia
1418 511 1646 589 ejectus,
1686 509 1891 565 multos
1923 510 2098 565 errori
2269 510 2359 565 20.
2397 507 2536 565 Ossa
2564 509 2793 565 Andreae
2822 508 3054 579 apostoli
3090 516 3145 562 et
3175 506 3336 561 Lucae
3356 507 3701 579 evangelistzet

520 617 624 658 suo
651 603 846 670 sociat,
869 611 923 658 et
946 602 1231 658 ecclesiam
1257 601 1436 656 heresi
1459 601 1742 673 inpugnat.
2200 601 2512 658 Thimothei
2556 599 3087 672 Constantinopolim
3119 599 3280 654 allata
3311 605 3457 654 sunt.

592 692 680 748 17.
720 691 1024 750 Concilium
1061 694 1114 749 in
1156 691 1320 748 Nicea
1352 701 1714 764 congregatur
1755 693 1860 749 3i8
1884 693 2098 764 episco-
2265 697 2354 750 21.
2408 695 2673 751 Paulinus
2722 693 3084 750 Treverorum
3163 692 3449 764 episcopus
3495 690 3546 747 in
3587 694 3701 749 exilio

519 797 715 853 porum
739 785 840 839 sub
870 783 1130 839 Silvestro
1164 799 1323 855 papa,
1366 785 1421 838 in
1459 800 1570 854 quo
1613 785 1807 841 Arrius
1848 785 2096 843 damma-
2199 790 2351 843 obiit.
2403 787 2657 861 Hylarius
2697 785 3056 842 Pictaviensis
3084 784 3395 856 episcopus.
3443 782 3702 840 Athanasius

520 882 629 929 tur.
656 908 661 913 ι
2198 880 2598 937 Alexandrinus
2631 878 2804 934 multa
2835 877 2904 933 ab
2937 877 3185 932 Arrianis
3208 877 3356 932 mala
3378 875 3515 947 passi
3544 886 3656 931 sunt.
3770 896 3771 907 π

592 965 678 1021 19.
729 963 877 1021 Crux
919 964 1133 1020 Domini
1180 966 1236 1020 in
1284 965 1622 1022 Hierusalem
1670 969 1977 1039 repperitur
2030 968 2099 1024 ab
2268 972 2358 1027 25.
2420 969 2818 1027 Constantinus
2885 978 3079 1025 contra
3137 967 3416 1025 Julianum
3471 984 3601 1024 arma
3639 985 3701 1024 su-
3770 970 3771 973 “

519 1053 741 1123 Helena,
767 1057 871 1112 sub
896 1054 1175 1113 Machario
1193 1058 1436 1128 ejusdem
1462 1060 1615 1114 urbis
1641 1060 1917 1132 episcopo.
2200 1081 2376 1133 mens,
2404 1063 2660 1120 Parthico
2700 1062 2844 1118 bello
2890 1060 3141 1129 dimisso,
3192 1059 3426 1116 moritur
3466 1074 3591 1115 anno
3614 1068 3703 1115 au-

586 1146 676 1201 21.
715 1146 1113 1207 Constantinus
1148 1164 1378 1204 uxorem
1414 1165 1574 1206 suam
1616 1149 1877 1205 Bausiam
1931 1151 2100 1206 inter-
2200 1157 2272 1215 iis
2305 1156 2393 1212 46.
3462 1188 3471 1193 -

518 1238 666 1295 fecit.
2271 1248 2522 1304 Julianus
2547 1256 2796 1320 apostata
2825 1262 2956 1301 ann.
2995 1244 3049 1313 1,
3081 1259 3303 1300 menses
3328 1243 3381 1299 8.
3421 1240 3588 1299 Hice:
3606 1242 3705 1299 chri-
3770 1292 3771 1299 η

586 1330 678 1386 22.
715 1328 1019 1389 Antiochia
1055 1340 1182 1404 post
1232 1341 1523 1405 tyrannum
1572 1332 1767 1392 Vitalis
1810 1335 2100 1405 episcopus
2201 1342 2382 1399 stiano
2425 1342 2627 1396 lectore
2668 1354 2915 1412 paganus
2968 1336 3168 1404 factus,
3220 1335 3539 1391 christianos
3578 1350 3706 1404 perse-
3770 1350 3771 1411 ξ

519 1421 824 1479 ordinatur.
869 1421 978 1479 Pro
1011 1438 1122 1494 quo
1144 1423 1540 1497 Phylogimius.
1571 1425 1705 1482 Post
1738 1427 1884 1482 hunc
1913 1425 2101 1481 Pauli-
2201 1434 2405 1506 quitur.
3608 1418 3613 1423 ’

521 1529 649 1575 nus.
674 1513 775 1571 Cui
798 1517 1063 1572 successit
1091 1516 1392 1573 Eustatius.
1437 1518 1558 1585 Quo
1583 1518 1655 1574 ob
1678 1518 1839 1575 ﬁdem
1873 1519 2101 1573 catholi-
2276 1525 2327 1581 1,
2368 1524 2709 1580 Alexandria
2736 1523 2935 1581 Georio
2964 1521 3199 1577 Arriano
3231 1519 3483 1591 episcopo
3505 1534 3535 1574 a
3565 1519 3706 1588 ροραιθ

522 1621 645 1663 tam
678 1606 736 1662 in
762 1608 988 1663 exilium
1024 1610 1217 1677 misso,
1254 1610 1473 1665 Arriani
1498 1609 1739 1682 episcopi
1768 1611 1828 1665 11
1875 1625 2103 1665 numero
2135 1682 2173 1693 ﬁ
2203 1620 2451 1686 incenso,
2508 1617 2845 1673 Athanasius
2890 1615 2959 1671 ad
3016 1613 3201 1670 sedem
3264 1625 3424 1669 suam
3473 1609 3704 1665 revertitur.

522 1697 828 1755 εοειεείθηὶ
859 1698 1007 1755 illam
1041 1716 1184 1756 unus
1209 1692 1538 1771 Postvalillm
1569 1712 1993 1773 occupaverunt.
2134 1682 2177 1740 Β
2205 1711 2366 1767 Parte
2386 1682 2781 1767 catholicorum
2829 1707 3093 1762 Paulinus
3125 1703 3431 1760 Antiochia
3472 1703 3705 1775 episcopus.
3770 1682 3771 1709 ἶ

589 1789 681 1845 24.
723 1788 820 1862 (Η.
862 1788 946 1864 8.)
973 1790 1364 1849 Constantinus
1394 1793 1701 1850 Bizantium
1727 1796 1919 1850 urbem
1948 1810 2104 1866 repa-
2204 1804 2408 1877 Pagani
2438 1803 2581 1877 apud
2616 1802 2883 1859 Sebasten
2904 1799 3194 1856 Palestina
3213 1796 3408 1853 urbem
3435 1794 3704 1866 sepulchrum
3770 1844 3771 1877 ἡ

525 1881 666 1936 ravit
684 1889 739 1938 et
769 1898 837 1938 ex
859 1898 963 1941 suo
983 1884 1203 1941 nomine
1232 1884 1760 1958 Constantinopolim
1793 1886 2101 1959 appellavit,
2204 1897 2471 1955 Johannis
2493 1895 2746 1967 baptism
2773 1892 3061 1957 invadunt,
3104 1905 3231 1946 ossa
3274 1896 3545 1961 spargunt,
3577 1886 3707 1942 eadem
3770 1886 3771 1955 ξ

523 1982 578 2028 et
598 1973 782 2029 sedem
812 1975 965 2046 regni
995 1975 1225 2032 Romani
1258 1993 1379 2032 eam
1413 1993 1537 2034 esse
1556 1979 1747 2034 voluit.
2204 2005 2402 2047 rursus
2419 1988 2647 2045 collecta
2673 1995 2729 2042 et
2778 1992 3021 2042 cremata
3064 1984 3231 2038 latius
3293 1982 3603 2052 dispergunt.
3638 1977 3705 2051 (Cl
3770 1976 3771 2052 ξ

595 2065 686 2121 25.
726 2065 1068 2124 Alexandria
1098 2066 1435 2124 Athanasius
1479 2070 1769 2141 episcopus
1798 2071 2100 2126 ordinatur.

2250 2098 2400 2138 unm
2432 2080 2579 2136 Hist.
2612 2079 2741 2135 εδει.
2766 2095 2856 2146 xl,
2890 2076 3005 2148 28.)
3040 2075 3150 2131 Sed
3186 2075 3411 2146 quidam
3432 2089 3494 2129 ex
3519 2071 3706 2127 Hierusa-

592 2154 683 2212 εδδ
725 2154 898 2213 Bome
926 2157 1143 2216 Ματθυε
1178 2175 1317 2231 Papa
1345 2161 1486 2216 Sed“
1518 2177 1747 2219 ῐῐιεηθεευ
1770 2161 1822 2217 8·
1851 2161 1958 2218 PFO
1994 2178 2106 2233 (1υο
2205 2174 2311 2230 lem
2341 2173 2594 2230 monachi
2642 2170 2945 2228 intermixti
2991 2168 3400 2241 colligeutibus,
3446 2181 3552 2237 qua
3577 2171 3708 2235 polue—
3770 2154 3771 2205 έ

525 2246 704 2341 Julius
722 2265 854 2341 ann.
886 2249 974 2305 l6.
2206 2280 2333 2329 rant
2386 2270 2453 2325 ad
2511 2278 2724 2341 patrem
2779 2283 2941 2325 suum
2990 2265 3307 2336 Philippum
3363 2260 3614 2333 pertulere.
3649 2256 3708 2310 Ille

598 2339 686 2434 50.
746 2338 1089 2408 Constantia,
1133 2342 1481 2397 Constantini
1537 2357 1715 2413 soror,
1776 2359 1919 2400 uxor
1962 2344 2108 2402 Lici-
2208 2378 2374 2434 supra
2406 2338 2612 2419 εειςωο
2636 2361 2863 2428 ducens,
2896 2359 2964 2414 ad
2989 2349 3706 2414 AthanasiumAlexandrinum

527 2430 606 2486 nii
643 2431 722 2498 “,
753 2432 1018 2500 moriens,
1077 2432 1372 2489 Arrianum
1419 2435 1691 2505 quendam
1732 2437 2106 2510 presbyterum

2250 2430 2306 2511 er
2338 2452 2616 2509 Iulianum
2639 2451 2931 2508 diaconum
2955 2448 3125 2504 misit.
3158 2446 3297 2514 Qua
3325 2444 3412 2499 ille
3435 2441 3596 2514 paucis
3615 2438 3707 2493 ubi

526 2522 689 2578 fratri
713 2524 1080 2614 θρωωθηάπ·
2207 2522 2311 2602 tris
2358 2546 2656 2601 subcavato
2699 2542 2931 2599 sacrarii
2964 2540 3172 2614 pariete
3218 2536 3524 2600 interclusa,
3549 2530 3708 2604 prophc'
3770 2542 3771 2549 ‘

598 2613 1126 2708 “(Constantinus
1146 2618 1278 2673 dum
1308 2617 1508 2674 bellum
1532 2619 1587 2674 in
1629 2618 1826 2678 Persas
1865 2630 2106 2692 pararet,
2208 2638 2319 2692 ιίρο
2347 2636 2541 2708 spiritu
2579 2644 2811 2707 ροειει-εε
2851 2613 3187 2704 gena-auom
3231 2625 3558 2686 conservavit
3581 2619 3707 2695 protu-

525 2709 672 2798 apud
699 2706 1073 2766 Nicomediam
1124 2712 1281 2781 obiit,
1308 2727 1454 2768 anno
1483 2713 1607 2769 vita
1628 2713 1716 2769 66.

2250 2706 2593 2798 iraICujus
2621 2726 2949 2798 praesagium
2999 2723 3103 2780 sub
3139 2719 3447 2777 Theodosio
3484 2712 3706 2788 pet-Ther
3770 2706 3771 2731 ἶ

586 2796 973 2893 Constantius,
996 2801 1347 2861 Constantini
1372 2804 1545 2873 filius,
1584 2821 1710 2861 cum
1744 2806 2110 2864 Constantino
2210 2820 2436 2893 phylum
2463 2796 2781 2890 épiscupum
2809 2796 3146 2887 completur;
3172 2813 3293 2885 qui,
3320 2812 3570 2868 destructo
3597 2803 3704 2859 Sm-
3770 2826 3771 2893 ξ

526 2901 581 2947 et
600 2891 897 2951 Constante
932 2892 1195 2951 fratribus
1214 2911 1343 2949 ann.
1369 2895 1460 2962 24,
1486 2911 1702 2951 menses
1726 2897 1779 2963 5,
1811 2896 1929 2951 dies
1951 2896 2038 2951 15.
2211 2891 2302 2983 pi,
2331 2911 2646 2981 sepulchro,
2692 2909 2868 2966 sane“
2908 2906 3178 2983 Johannis
3208 2905 3410 2961 ibidem
3457 2895 3708 2958 consecravit

595 2984 649 3038 2.
686 2983 1084 3042 Constantinus
1103 2986 1305 3041 bellum
1332 2985 1491 3042 fratri
1532 3002 1633 3043 suo
1662 2987 1922 3055 inferens,
1951 2988 2108 3060 juxta

2250 2976 2540 3059 :cclesiam.
2577 3002 2673 3075 (H.
2713 3001 2797 3075 S.)
2835 3000 3086 3056 Julianus
3130 2976 3199 3054 ad
3242 2997 3442 3054 bellum
3479 2990 3705 3084 Parthlcntl

528 3075 838 3147 Aquileiam
875 3078 1166 3133 οεοίάίιιιτ-
2145 3075 2183 3084 “
2215 3095 2517 3167 profectus,
2562 3104 2618 3151 et
2660 3094 3091 3150 christianorum
3141 3089 3465 3163 sanguinem
3507 3085 3592 3141 diis
3633 3078 3706 3136 suis

601 3167 655 3222 5.
696 3167 1061 3225 Terramotus
1082 3169 1285 3226 multas
1306 3170 1472 3227 urbes
1493 3171 1697 3228 obruit.

2251 3202 2441 3255 ovcns,
2477 3186 2573 3242 Dei
2606 3187 2813 3259 judicio
2849 3185 3134 3250 occiditur,
3166 3181 3237 3238 '50
3272 3181 3443 3239 atatis
3462 3191 3595 3235 anno.

604 3259 660 3315 5.
700 3258 899 3317 Franci
932 3276 965 3317 a
989 3260 1291 3319 Constante
1320 3263 1629 3334 perdomiti,
1659 3264 1716 3320 in
1738 3280 1927 3336 pacem
1959 3280 2112 3321 rece-

2285 3279 2548 3336 Jovianus
2594 3294 2813 3335 menses
2853 3278 2907 3346 8,
2941 3277 3070 3333 alibi
3113 3292 3245 3331 ann.
3295 3276 3341 3330 l.
3373 3263 3704 3329 lstecumomni

530 3352 612 3424 Ρῑί
640 3361 790 3409 Sum-
2216 3372 2459 3428 exercitu
2482 3372 2551 3427 ad
2598 3371 3056 3427 christianitatcm
3104 3367 3289 3425 rediit.
3343 3363 3568 3439 Synodus
3604 3359 3704 3414 lm-

609 3444 660 3501 7·
700 3444 1031 3502 Nummus
1055 3445 1720 3520 Τηνθτθτῑιωθβίεεορυε
1736 3449 1918 3506 Clarus
1944 3449 2114 3505 habe'
2217 3464 2367 3520 siaca
2413 3462 2721 3519 Antiochia
2762 3461 2905 3518 facta
2952 3468 3055 3517 est.
3115 3458 3330 3533 (0305.)
3366 3455 3592 3513 Iovianus
3612 3461 3704 3503 noro
3770 3482 3771 3539 1

534 3548 645 3597 tur.
692 3538 741 3595 A
791 3555 904 3613 quo
947 3541 1282 3599 Athanasius
1333 3541 1677 3600 Alexandria
1731 3544 2042 3615 episcopus,
2083 3558 2115 3598 a

2251 3556 2472 3611 ubiculo
2500 3555 2794 3622 recubans,
2821 3554 3001 3611 calore
3022 3567 3328 3623 prunarum
3349 3559 3401 3605 et
3424 3548 3573 3604 nitore
3587 3539 3703 3614 parie-

533 3631 836 3688 (ἷοηεῑθηιθ
859 3631 1146 3704 ιποΐιιειιδν
1169 3633 1468 3690 honoriﬁce
1492 3642 1577 3691 θεῖ
1598 3643 1904 3706 δυεοειηιιε·
2217 3656 2335 3704 tum
2374 3662 2549 3719 nuper
2578 3648 2729 3703 calce
2755 3647 3018 3702 illitorum
3042 3644 3365 3710 suffocatus,
3396 3641 3531 3697 obiit.
3675 3722 3681 3723 γ
3770 3688 3771 3723 7

608 3724 663 3779 9.
714 3724 1048 3781 Athanasius
1099 3726 1389 3798 episcopus
1441 3726 1511 3783 ad
1563 3725 1882 3784 Constantis
1932 3727 2118 3784 literas
2285 3738 2702 3795 Valentinianus
2742 3752 2871 3795 ann,
2907 3738 2994 3793 ιι,
3023 3735 3124 3793 me
3151 3736 3223 3792 ob
3257 3735 3417 3792 ﬁdem
3444 3727 3609 3788 Christi
3639 3722 3701 3778 ιιὶ-
3770 3750 3771 3798 ξ

536 3816 924 3873 Alexandriam
959 3819 1282 3890 regreditur-
2218 3830 2428 3887 bunatu
2455 3831 2691 3886 militum
2731 3845 2763 3886 a
2786 3827 3008 3890 Juliano
3040 3827 3290 3899 privatus
3325 3824 3441 3881 fuit.

607 3908 698 3964 10.
738 3908 984 3982 Eclypsis
1017 3910 1150 3967 solis
1184 3909 1327 3967 facta
1352 3921 1439 3967 est
1460 3917 1517 3967 et
1539 3918 1903 3969 terramotus.

2291 3944 2343 3998 1.
2382 3941 2797 4021 Valentinianus
2822 3938 3034 3997 Valenti
3064 3938 3226 3996 fratri
3246 3953 3351 3997 suo
3376 3929 3622 3995 occidentis
3634 3927 3699 3982 im.

2219 4036 2433 4109 perium
2467 4034 2634 4093 dedit.

2292 4149 2346 4203 2.
2386 4148 2585 4205 Valens
2612 4148 2685 4204 ab
2726 4147 2975 4204 Eudoxio
3004 4146 3363 4203 Arrianorum
3410 4142 3620 4213 episcopo
3640 4144 3701 4227 μεθ’

2222 4238 2420 4295 ductus
2446 4247 2501 4296 et
2552 4239 2885 4311 baptizatus,
2927 4247 3051 4309 post
3096 4245 3329 4293 mortem
3381 4231 3545 4289 fratris
3577 4222 3699 4280 οῐιδτν

2222 4331 2395 4387 doxos
2417 4332 2781 4403 persequitur.
2823 4328 3190 4387 Terramotus
3238 4343 3337 4400 per
3379 4334 3532 4382 totum
3573 4314 3697 4373 om
3770 4318 3771 4389 Ϊ

2220 4424 2398 4480 factus
2423 4432 2526 4480 est.
2556 4423 2745 4479 Romae
2770 4423 3039 4479 Damasus
3075 4436 3217 4492 papa
3246 4419 3528 4475 ordinatur.
3589 4498 3605 4502 Α
3661 4493 3669 4502 ’

2294 4515 2347 4569 5.
2391 4514 2532 4571 Vera
2571 4516 2616 4547 “
2646 4515 2771 4570 lana
2802 4514 2999 4585 pluvia
3032 4513 3201 4569 mixta
3229 4511 3298 4568 de
3344 4507 3550 4565 nubibus
3581 4498 3694 4555 ηωιι-
3770 4532 3771 4589 1

2292 4606 2343 4660 1.
2384 4604 2637 4677 Hylarius
2683 4604 3042 4662 Pictavicnsis
3075 4602 3365 4673 episcopus
3392 4596 3526 4654 obiit.

608 4000 696 4055 11.
758 4000 966 4056 Betlum
1021 4009 1211 4058 contra
1256 4001 1453 4059 Persas
1526 4003 1680 4075 gravi
1745 4002 2117 4060 Romanorum

541 4090 746 4147 damno
775 4092 1002 4163 geritur.

606 4184 693 4239 12.
743 4184 1015 4242 Maximus
1052 4194 1179 4257 post
1212 4184 1546 4243 Macharium
1594 4185 2119 4260 Hierosolymitanus

538 4275 829 4347 episcopus
876 4276 1126 4332 moritur.
1186 4276 1318 4333 Post
1368 4291 1531 4348 quem
1578 4276 1834 4349 Cyrillus,
1888 4277 2120 4348 expulso

540 4367 809 4436 Heraclio,
836 4378 891 4426 et
916 4370 1079 4426 ceteri
1121 4368 1341 4425 Arriani
1365 4369 1608 4441 episc0pi
1636 4370 1925 4426 ecclesiam
1964 4370 2114 4425 illam
2146 4367 2195 4407 η

539 4470 828 4531 occupant.

614 4554 700 4607 15.
740 4553 1013 4609 Constans
1046 4555 1178 4608 haut
1206 4553 1364 4624 longe
1385 4552 1454 4607 ab
1476 4548 1735 4622 Hispania
1769 4553 2113 4621 interficitur,

541 4660 686 4701 anno
710 4646 871 4701 etatis
902 4643 990 4700 30.
1188 4632 1194 4637 ’
1502 4640 1507 4644 ’

605 4737 691 4793 17.
733 4736 1049 4793 Victorinus
1075 4736 1263 4790 rethor
1289 4741 1344 4791 et
1374 4733 1620 4790 Donatus
1646 4738 2040 4806 grammaticus
2073 4739 2117 4770 "

2389 4719 2756 4775 Athanaricus
2780 4734 2871 4773 rex
2921 4716 3224 4773 Gothorum
3258 4714 3311 4768 in
3357 4725 3448 4767 sua
3476 4711 3602 4778 genie
3617 4710 3697 4767 W’
3770 4756 3771 4799 ἰ

537 4830 785 4901 insignes
809 4828 996 4884 Romae
1029 4828 1317 4883 habentur.
2227 4810 2491 4880 sequitur.

608 4922 695 4977 18.
747 4921 1001 4978 Julianus
1047 4920 1093 4952 “
1159 4934 1315 4975 cesar
1371 4934 1403 4975 a
1453 4917 1814 4977 Constantino
1867 4922 2112 4979 efﬁcitur.
2294 4923 2343 4978 7.
2387 4922 2801 4979 Valentinianus
2845 4919 3093 4975 Saxones
3127 4920 3183 4974 in
3211 4918 3426 4987 regione
3450 4909 3693 4966 Francorum

540 5016 813 5071 Antonius
846 5014 1148 5069 monachus
1178 5012 1310 5069 obiit
1344 5013 1447 5069 105
1481 5013 1656 5071 atatis
1687 5030 1853 5070 anno.
2220 5015 2350 5069 cede
2375 5013 2701 5087 perdomuit.

611 5105 700 5161 19.
740 5104 947 5176 Magna
984 5104 1413 5159 Alamannorum
1452 5105 1622 5175 copia
1664 5107 1807 5176 apud
1844 5107 2117 5179 Argenta-
2293 5108 2345 5162 8.
2385 5106 2654 5163 Eusebius
2687 5104 3049 5160 Vercellensis
3076 5102 3365 5173 episcopus
3384 5095 3519 5156 obiit.
3623 5172 3632 5182 ι
3679 5180 3689 5182 _
3770 5100 3771 5179 ξ

540 5200 685 5254 rium
711 5199 902 5254 deleta
939 5205 1086 5252 sunt.
1131 5195 1317 5252 Roma
1345 5195 1594 5252 Liberius
1642 5214 1779 5269 papa
1808 5199 2137 5255 ordinatur..
2289 5201 2343 5256 9.
2385 5198 2724 5254 Alexandria
2760 5196 2955 5252 Petrus
2975 5194 3263 5266 episcopus
3288 5197 3404 5262 post
3428 5180 3692 5241 Athanasium

542 5288 665 5359 Quo
696 5291 766 5346 ab
793 5289 1043 5345 Arrianis
1075 5288 1268 5360 ejecto,
1312 5287 1463 5347 Felix
1503 5289 1685 5344 locum
1723 5290 1843 5360 ejus
1887 5298 2122 5362 occupat
2218 5291 2530 5347 ‘ordinatur.
2804 5328 2807 5333 -
3642 5342 3673 5362 ιζ
3770 5314 3771 5343 γ

544 5346 748 5440 annum
787 5384 837 5438 1.
884 5381 989 5438 Sed
1025 5346 1274 5437 Liberius
1304 5346 1483 5437 heresi
1517 5346 1890 5450 subscribens,
1936 5346 2117 5449 rediit,
2240 5346 2245 5347 ί
2304 5381 2388 5435 10.
2430 5379 2759 5451 Magnentia,
2786 5394 2910 5450 qua
2947 5386 3001 5436 et
3025 5374 3210 5444 Tecla,
3245 5372 3574 5427 Romanorum
3591 5346 3691 5409 00””
3770 5436 3771 5451 χ

1786 5546 2019 5603 VARUS
2056 5544 2455 5601 LECTlONES.

618 5660 662 5692 "
695 5659 881 5715 lucinii
926 5676 971 5715 c.
1078 5661 1122 5692 "
1157 5660 1209 5714 d.
1257 5668 1307 5714 et
1348 5675 1426 5731 gr.
1480 5676 1524 5713 τ.
1622 5658 1666 5690 ’⁸⁵
1700 5658 1870 5729 julius
1910 5675 1956 5714 ε.
2067 5656 2111 5688 ’⁸
2141 5655 2282 5710 Uara
2319 5672 2364 5708 τ.
3770 5650 3771 5675 ³
