3894 6298
74 323 156 380 475
879 306 1244 367 CHRONICA.
1283 336 1356 346 —
1388 296 1782 358 CHHONICON
1820 295 2421 354 WIBZIBURGENSE.

72 436 261 498 lissima,
290 425 635 483 Hierusalem
671 424 920 493 veniens,
962 421 1176 495 magnis
1221 417 1516 475 virtutibus
1553 423 1606 470 ct
1639 418 1682 476 Α

71 524 333 588 humilitate
354 521 577 576 claruit.

127 622 196 677 11.
231 614 645 672 Valentinianus
693 613 945 686 apoplexi
996 609 1251 677 moritur,
1303 607 1504 664 bellum
1555 607 1612 662 in

73 717 308 772 Sarmatas
347 725 574 782 parans.
595 754 604 761 .

124 805 298 862 Valens
326 809 453 874 post
479 809 718 856 mortem
757 797 942 857 fratris
965 815 1100 856 cum.
1116 797 1377 856 Gratiano
1417 804 1472 850 ct
1501 791 1607 848 Va-

71 899 328 957 lentiniano
357 911 489 950 ann.
527 896 583 950 4.

125 998 167 1051 1.
190 993 410 1048 Basilius
438 989 708 1048 Cazsarere
733 991 1056 1063 Capadocia:
1079 989 1394 1060 episcopus,
1418 985 1503 1040 vir
1523 1000 1613 1039 sa-

70 1085 401 1160 pientissimus
430 1092 487 1138 et
510 1083 1045 1148 continentissimus,
1071 1083 1188 1148 sed,
1219 1093 1277 1135 ut
1306 1079 1480 1144 aiunt,
1517 1092 1600 1132 su-

70 1178 234 1250 perbus
262 1175 363 1248 (Cf.
407 1173 619 1246 Hum),
656 1175 838 1230 clarus
879 1175 1132 1230 habetur.
1173 1171 1270 1244 (Η.
1319 1169 1403 1242 S.)
1432 1169 1605 1224 Theo-

69 1269 242 1335 dosins,
268 1265 562 1322 Theodosii
582 1275 773 1336 postea
801 1264 1148 1337 imperatoris
1171 1275 1347 1336 pater,
1371 1271 1428 1318 et
1451 1259 1612 1316 multi

69 1362 245 1418 nobiles
264 1376 294 1415 a
331 1358 552 1416 Valente
587 1361 757 1417 occisi
786 1369 936 1417 sunt.

120 1457 166 1511 2.
198 1454 484 1512 Gratianus
517 1453 588 1508 50
644 1454 819 1510 millia
885 1453 1317 1508 Alamannorum
1390 1449 1604 1506 delevit.

69 1547 236 1604 Valens
264 1547 432 1619 legem
460 1547 632 1615 dedit,
681 1554 742 1602 ut
775 1546 1031 1603 monachi
1061 1545 1390 1612 militarent;
1421 1543 1613 1598 uolen-

70 1647 134 1695 tes
163 1639 385 1694 fustibus
420 1637 654 1693 interﬁci
679 1638 866 1708 jussit.

121 1731 165 1787 5.
197 1729 355 1786 Gothi
389 1731 606 1802 expulsi
635 1731 706 1786 ab
741 1729 880 1786 Uuis
921 1727 1308 1785 diﬂunduntnr
1347 1727 1404 1785 in
1427 1727 1608 1782 Thra-

69 1821 164 1889 cia;
190 1819 346 1876 Gothi
379 1818 524 1876 fame
549 1819 822 1892 compulsi
857 1817 1142 1876 rebellant.

121 1913 164 1968 4.
199 1910 412 1982 Valens,
454 1929 487 1969 a
529 1903 725 1969 Gothis
761 1912 948 1968 occiso
989 1911 1255 1980 exercitu,
1284 1908 1524 1983 fugiens,
1553 1909 1609 1965 in

67 2005 198 2059 domo
239 2003 464 2076 quadam
489 2004 650 2060 vivus
672 2011 968 2060 crematur.

120 2096 224 2154 Huc
247 2112 416 2170 usque
449 2096 713 2152 chronica
743 2095 966 2153 Eusebii
995 2093 1304 2150 leronimus
1334 2094 1606 2164 perduxit.

121 2190 393 2247 Gratianus
423 2205 549 2246 cum
582 2187 971 2245 Valentiniano
1002 2187 1174 2244 fratre
1211 2196 1336 2260 post
1380 2197 1610 2244 mortem

67 2283 212 2356 patrui
245 2299 370 2339 ann.
411 2282 466 2338 6.
1577 2284 1584 2290 '

124 2377 164 2431 1.
218 2374 400 2433 Romae
445 2383 573 2449 post
633 2373 934 2431 Damasum
981 2371 1217 2431 Ursinus
1266 2387 1408 2444 papa
1469 2372 1611 2430 sedit

70 2483 169 2521 ann.
207 2467 291 2522 14.

126 2559 172 2616 2.
200 2558 277 2614 Ab
294 2559 399 2616 hoc
436 2573 586 2614 anno
631 2555 984 2627 Theophylus
1034 2557 1322 2628 paschales
1373 2557 1610 2614 circulos

70 2650 265 2706 inchoat.

123 2741 166 2796 5.
202 2739 432 2798 Sinodus
482 2740 590 2797 150
635 2741 1020 2813 episcoporum
1073 2739 1607 2811 ConstantinOpolim

69 2831 290 2890 adversus
351 2818 732 2890 Maéedonium
791 2842 1156 2908 congregatur
1204 2833 1310 2888 sub
1371 2831 1609 2887 Damaso

73 2941 200 2996 papa.

120 3019 163 3074 5.
214 3018 517 3076 Arcbadius
561 3017 862 3091 imperator
899 3017 1131 3074 efficitur
1156 3060 1172 3086 ,
1217 3016 1512 3073 Theodosii
1541 3015 1608 3070 ti-

69 3109 168 3165 lius.

122 3203 167 3259 6.
199 3202 458 3260 Maximus
508 3219 742 3276 regnum
797 3203 903 3260 sibi
947 3219 1243 3274 usurpans,
1289 3202 1610 3259 Gratianum

70 3294 294 3368 Lugduno
316 3299 362 3329 ²⁶
384 3298 610 3354 occidit.
638 3295 1086 3352 Valentinianum
1113 3295 1266 3351 Italia
1289 3296 1515 3367 depulit.

120 3409 454 3481 Theodosius,
495 3412 591 3483 qui
618 3411 882 3468 Gratiano
903 3413 1119 3467 vivente
1143 3410 1176 3465 6
1233 3427 1362 3466 ann.
1393 3412 1614 3481 regebat

68 3503 312 3572 orientem,
337 3513 463 3575 post
496 3514 734 3560 mortem
771 3505 892 3575 ejus
935 3504 1182 3576 regnavit
1209 3519 1338 3558 ann.
1381 3503 1466 3570 11,
1496 3503 1610 3574 pri-

67 3610 140 3650 mo
166 3612 275 3652 cum
305 3595 710 3665 Valentiniano,
756 3613 921 3669 quem
964 3597 1079 3668 ipse
1124 3595 1490 3663 Theodosius,
1529 3596 1613 3651 vir

69 3688 281 3745 omnibus
301 3690 600 3747 virtutibus
623 3689 840 3762 plenus,
876 3689 1031 3746 Italia
1055 3689 1346 3762 expulsum
1377 3689 1612 3760 benigne

70 3792 357 3854 susceperat.

121 3896 168 3950 5.
200 3898 514 3957 Ambrosius
547 3898 971 3956 Mediolanensis
1003 3898 1318 3970 episcopus,
1341 3895 1610 3953 Martinus

67 3984 361 4048 Turonensis
391 4000 448 4048 et
477 3991 832 4050 Hieronimus
875 3992 1158 4066 presbyter
1187 3990 1611 4050 Behtlehemites

68 4079 176 4136 clari
194 4083 537 4142 habebantur.

70 4284 96 4296 η
123 4194 167 4251 7.
199 4194 601 4258 Valentinianus
642 4199 770 4258 dolo
797 4198 1118 4272 Arbogastis
1149 4197 1450 4271 suspendio
1483 4213 1610 4270 per-

69 4295 133 4341 lli.

120 4399 194 4454 10.
228 4400 567 4460 llieronimus
594 4404 796 4461 librum
835 4420 1001 4476 quem
1037 4405 1108 4462 de
1139 4405 1451 4463 illustribus
1471 4407 1608 4463 viris

67 4490 283 4548 ecclesia:
327 4495 545 4567 scripsit
581 4495 868 4566 hucusque
902 4497 1178 4569 perduxit.

123 4604 201 4662 11.
229 4606 316 4679 (Η.
355 4607 437 4682 S.)
469 4609 815 4668 Theodosius
849 4611 1152 4684 Eugenium
1183 4620 1478 4686 tyrannum
1513 4630 1602 4670 su-

67 4697 261 4766 peravit,
281 4709 332 4755 et
350 4702 462 4773 ipse
491 4701 785 4759 Mediolani
821 4703 878 4759 in
905 4721 1038 4775 pace
1060 4704 1214 4760 obiit.
1243 4705 1605 4776 Augustinus,

67 4786 229 4846 doctor
245 4790 684 4862 facundissimus,
715 4794 977 4868 Hyppone
1006 4797 1157 4868 regio
1187 4799 1230 4830 "’
1257 4798 1472 4854 Africae
1492 4801 1599 4870 epi-

67 4895 238 4952 scopus
263 4887 554 4946 ordinatur.
601 4887 899 4960 Hucusque
937 4890 1382 4948 aecclesiasticam
1422 4892 1608 4965 hysto-

68 4972 183 5031 riam
213 4975 462 5036 Eusebius
491 4980 725 5038 Ruﬁnus
755 4983 1027 5052 perduxit.

122 5067 420 5142 Archadius,
446 5074 741 5132 Theodosii
780 5075 946 5145 illius,
983 5093 1110 5140 cum
1154 5077 1323 5135 fratre
1363 5077 1605 5136 Honorio

69 5174 176 5214 altu.
206 5159 282 5218 i5.

127 5251 172 5306 1.
209 5251 428 5317 Joannes
450 5261 720 5318 heremita
740 5261 896 5318 obiit.

124 5342 173 5396 2.
213 5343 428 5407 Sanctus
450 5351 720 5410 Martinus
740 5354 895 5410 obiit.

127 5431 174 5486 5.
211 5433 514 5497 Ambrosius
549 5441 843 5513 episcopus
868 5443 1124 5515 migravit
1146 5444 1215 5500 ad
1239 5443 1554 5502 Dominum.
1637 5481 1644 5502 ι

129 5524 176 5577 1.
213 5525 380 5587 Romae
403 5532 732 5589 Anastasius
756 5551 893 5605 papa
925 5536 993 5590 57
1015 5537 1319 5592 ordinatur.

3197 295 3306 352 474

1782 412 1836 466 5.
1877 410 2042 470 Gothi
2073 410 2292 468 Alarico
2325 419 2380 466 et
2403 408 2709 500 Radagaiso
2736 408 2958 494 regibus
2978 407 3190 467 Italiam
3213 411 3302 466 in-

1715 503 2058 576 grediuntur.

1786 595 1836 650 7.
1877 595 2118 666 Corpora
2161 596 2551 668 prophetarum
2597 595 2858 652 Abbacuc
2907 595 3232 660 inlicita
3269 613 3302 653 a

1711 686 1946 742 Domino
1967 687 2295 742 revelantur.

1780 778 1833 833 8.
1876 777 2063 836 Romae
2090 777 2443 838 Innocentius
2471 797 2611 853 papa
2635 781 2774 836 sedit
2804 797 2895 838 an.
2924 783 3008 839 15.

1785 870 1871 925 15.
1913 870 2222 926 Archadius
2251 873 2481 928 orientis
2504 873 2799 944 imperator
2826 874 3300 946 Constantinopoli

1711 963 1966 1020 moritur.

1783 1052 2058 1109 Honorius
2080 1070 2205 1110 cum
2228 1053 2557 1123 Theodosio,
2579 1056 2767 1124 fratris
2790 1059 2877 1114 sui
2899 1058 3032 1127 (ilio,
3053 1076 3184 1118 ann.
3211 1060 3300 1117 15.

1785 1147 1837 1202 1.
1879 1146 2139 1202 Wandali
2165 1146 2457 1218 Hispanias
2484 1160 2775 1220 occupant.

1781 1241 1835 1297 5.
1876 1241 2094 1297 Attalus
2133 1240 2320 1297 Romae
2360 1242 2656 1312 imperator
2704 1243 2903 1313 factus,
2952 1262 3079 1302 mox
3131 1263 3301 1320 regno

1711 1333 1976 1406 privatus,
2005 1332 2200 1388 Gothis
2229 1333 2458 1390 cohesit.

1783 1429 1834 1484 4.
1873 1427 2048 1483 Roma
2086 1427 2295 1498 irrupta
2315 1437 2401 1483 est
2429 1443 2460 1481 a
2488 1426 2702 1492 Gothis,
2728 1427 2945 1484 Alarico
2977 1445 3124 1501 rege,
3155 1445 3304 1487 anno

1713 1523 2044 1580 conditionis
2069 1522 2190 1593 ejus
2217 1521 2386 1589 1164;
2413 1523 2508 1578 sed
2529 1522 2657 1593 quia
2681 1522 3018 1582 ehristianus
3044 1539 3140 1582 rex
3161 1534 3299 1592 erat,

1713 1613 2011 1669 clementer
2032 1612 2259 1668 victoria
2286 1627 2422 1668 usus
2447 1620 2553 1667 est.
2943 1663 2948 1668 .

1789 1704 1840 1759 7.
1881 1703 2126 1776 Corpora
2174 1712 2492 1760 sanctorum
2548 1701 2809 1774 Stephani
2853 1705 3304 1776 protomartyris,

1639 1773 1688 1833 Β
1715 1773 2051 1866 Gamalieli—s,
2077 1796 2316 1865 Abibou,
2346 1773 2670 1854 Nichodemi
2699 1773 2945 1852 Luciano
2985 1773 3305 1868 preshvtero

1713 1889 2047 1944 revelantur.

1783 1981 1838 2037 8.
1877 1980 2132 2036 Zosimus
2154 1995 2293 2051 papa
2325 1979 2466 2035 sedit
2494 1995 2624 2035 ann.
2659 1979 2713 2035 5.

1785 2072 1869 2127 10.
1909 2071 2155 2145 Eclypsis
2176 2071 2309 2128 solis
2332 2070 2474 2128 facta
2504 2080 2608 2128 est.
2648 2070 2998 2130 llieronimus
3022 2071 3306 2146 presbyter

1711 2162 2028 2220 Behtlehem
2053 2163 2189 2218 obiit
2211 2179 2356 2220 anno
2385 2164 2509 2219 vitae
2537 2164 2627 2219 91.

1785 2255 1874 2310 12.
1918 2253 2106 2310 Romae
2131 2237 2451 2312 Bonifacius
2473 2254 2543 2310 60
2564 2253 3033 2326 papa'ordinatur.

1781 2347 1867 2402 15.
1908 2345 2185 2403 Honorius
2213 2347 2358 2418 apud
2400 2347 2716 2404 Ravennam
2746 2346 3130 2402 Constantium
3164 2361 3302 2403 con-

1712 2448 1916 2495 sortem
1941 2440 2091 2511 regni
2116 2438 2245 2495 fecit
2263 2439 2477 2497 decimo
2499 2439 2712 2511 imperii
2734 2441 2819 2496 sui
2844 2456 3009 2496 anno.
3033 2440 3304 2497 Constan-

1711 2528 1822 2588 tius
1853 2529 2150 2600 imperator
2184 2529 2446 2586 Ravenne
2480 2532 2717 2586 moritur
2741 2532 2912 2588 tercio
2956 2533 3173 2604 imperii
3215 2536 3302 2590 sui

1712 2635 1878 2679 anno.
1901 2621 2183 2679 Honorius
2207 2623 2462 2696 moritur,
2497 2622 2667 2678 frater
2691 2622 2965 2680 Placidia}.

1783 2713 2129 2771 Theodosius
2154 2715 2356 2782 minor,
2387 2715 2646 2771 Archadii
2675 2716 2838 2782 ﬁlius,
2868 2733 2998 2771 ann.
3039 2717 3130 2772 26.

1783 2807 1834 2862 1.
1873 2806 2217 2864 Theodosius
2275 2806 2750 2875 Valentinianum,
2806 2807 3046 2863 Placidie
3095 2808 3299 2874 ﬁlium,

1711 2899 2105 2956 consobrinum
2137 2914 2300 2955 suum
2326 2914 2583 2956 caesarem
2612 2899 2744 2956 fecit
2783 2909 2838 2956 et
2878 2917 3005 2957 cum
3031 2909 3206 2958 matre
3233 2901 3300 2956 ad

1710 2990 2009 3048 occidentis
2038 2991 2329 3062 imperium
2361 2991 2532 3048 misit.

1634 3120 1680 3183 ρ
1778 3105 1832 3161 6.
1875 3104 2089 3173 Aetius,
2125 3103 2316 3160 multis
2350 3103 2580 3161 Francis
2609 3105 2831 3173 occisis,
2860 3114 3072 3178 partem
3113 3105 3304 3162 Galliae

1712 3214 1880 3270 quam
1906 3197 2267 3269 possederant
2286 3196 2507 3268 recepit.

1782 3311 1835 3366 8.
1869 3310 2085 3382 (Br-2m.)
2124 3310 2468 3382 Augustinus
2503 3307 2885 3381 Hypponensis
2927 3311 3220 3383 episcopus
3250 3323 3304 3369 et

1712 3403 1958 3458 omnium
2003 3402 2198 3459 doctor
2240 3401 2478 3458 eximius
2518 3402 2913 3470 tecclesiarum,
2960 3420 3029 3460 ne
3067 3405 3303 3461 civitatis

1712 3511 1826 3550 suae
1865 3494 2083 3550 ruinam
2119 3496 2348 3563 videret,
2394 3493 2570 3551 tercio
2609 3493 2912 3551 obsidionis
2947 3496 3067 3567 ejus
3114 3511 3302 3553 mense

1711 3585 1966 3658 migravit
2001 3587 2069 3642 ad
2112 3585 2404 3643 Dominum
2447 3601 2595 3643 anno
2639 3587 2804 3644 etatis
2843 3586 2930 3656 76,
2954 3589 3302 3660 episcopatus

1710 3692 1840 3733 vero
1863 3678 1950 3733 sui
1969 3677 2060 3732 40.

1776 3791 1830 3846 9.
1872 3789 1970 3862 (Η.
2002 3789 2086 3862 8.)
2118 3789 2306 3847 Romae
2337 3789 2526 3850 Sixtus
2555 3810 2694 3866 papa
2722 3795 3029 3851 ordinatur.

1781 3880 1867 3934 11.
1911 3878 2165 3953 Synodus
2212 3883 2382 3937 tercia
2418 3884 2746 3942 universalis
2780 3887 2835 3941 in
2893 3885 3111 3958 Epheso
3158 3903 3297 3944 con-

1708 3978 1963 4041 gregatur
1989 3970 2096 4026 200
2119 3971 2496 4043 episcoporum
2524 3985 2713 4031 contra
2737 3975 3069 4033 Nestorium.

1785 4063 1871 4118 15.
1911 4064 2102 4120 Aetius
2145 4063 2577 4121 Gundicharium
2623 4068 3080 4140 Burgundionum
3117 4088 3298 4143 regem

1708 4152 1873 4220 vicit;
1898 4169 2062 4224 quem
2085 4153 2230 4209 Huni
2252 4165 2441 4226 postea
2473 4158 2833 4228 perimcrunt.

1782 4241 1870 4296 14.
1920 4239 2328 4299 Valentinianus
2370 4243 2538 4298 filiam
2588 4244 2882 4302 Theodosii
2925 4247 2981 4303 in
3015 4249 3299 4306 matrimo-

1710 4330 1863 4387 nium
1883 4331 2113 4401 accepit.

1783 4424 1873 4482 15.
1909 4422 2159 4482 Julianus
2192 4425 2552 4497 pelagianista
2596 4426 2871 4485 hereticus
2902 4444 2934 4485 a
2971 4429 3125 4486 Sixto
3160 4445 3298 4502 papa

1641 4501 1686 4556 D
1708 4516 2021 4572 damnatur.

1782 4610 1867 4666 16.
1906 4609 2116 4666 Bellum
2149 4608 2414 4666 adversus
2439 4611 2650 4668 Gothos
2679 4610 2857 4670 Hunis
2882 4613 3299 4671 auxiliatoribus

1709 4703 1935 4776 geritur.

1783 4795 1870 4850 17.
1911 4795 2099 4851 Roma:
2117 4795 2229 4851 Leo
2255 4813 2391 4868 papa
2421 4799 2798 4854 constituitur.

1785 4887 1870 4942 18.
1910 4887 2252 4946 Theodosius
2279 4889 2478 4946 bellum
2505 4903 2696 4946 contra
2725 4890 2931 4946 Gothos
2954 4888 3296 4952 inefﬁcaciter

1712 4980 1902 5036 movit.

1779 5073 1869 5128 20.
1908 5072 2154 5130 Briccius
2188 5072 2526 5130 Turonensis
2551 5073 2839 5145 episcopus
2860 5075 3013 5131 obiit.

1779 5168 1868 5222 21.
1905 5166 2243 5224 Eustochius
2273 5168 2554 5224 successit.

1783 5263 1873 5318 26.
1917 5263 2261 5321 Theodosius
2289 5275 2584 5334 Imperator
2607 5263 2834 5320 orientis
2855 5264 3010 5320 obiit.

1784 5355 2082 5412 Martiauus
2111 5372 2238 5412 cum
2266 5354 2644 5410 Valentiniano
2670 5370 2800 5410 aun.
2833 5355 2884 5409 7.

1785 5449 1836 5503 1.
1886 5448 2076 5504 Aetius
2118 5463 2246 5505 cum
2291 5445 2553 5506 Romanis
2616 5445 3033 5503 auxiliatoribus
3073 5445 3294 5502 Attilam

1716 5541 2012 5611 superavit.

1305 5701 1536 5759 VARIA’.
1577 5701 1975 5759 LECTIONES.

131 5805 170 5835 ’⁵
208 5805 424 5876 lugdudo
462 5831 507 5868 τ.
590 5815 633 5845 ⁸⁷
672 5815 1002 5886 hyppoucrio
1026 5833 1070 5870 τ.

3885 3133 3889 3366 Ι
