3828 6308
23 347 88 404 I77
777 333 1144 419 CllRONlCA,
1183 364 1254 374 —
1289 331 1685 390 CHBONICON
1724 329 2321 396 WIRZIBURGENSE.

3094 334 3201 392 478

23 455 186 528 [inopoli
206 458 546 523 congregatur
575 451 620 482 "
648 458 840 509 contra
864 448 1212 508 Theodorum
1249 456 1303 505 et
1328 463 1518 504 omnes
1546 451 1591 515 Α
1618 456 1717 519 put
1752 463 1876 504 esse
1897 446 2076 505 Focas
2107 444 2421 514 constituit;
2464 462 2592 502 nam
2621 457 2675 504 et
2701 447 3207 521 Constantimpoli-

23 549 223 609 hereticos
245 546 339 601 sub
365 542 557 613 Vigilio
579 557 739 612 papa.

1619 550 1748 599 tana
1801 540 2035 610 primam
2076 555 2137 597 se
2181 540 2421 611 scripsit.
2469 538 2644 596 Focas
2689 542 2985 611 pantheon,
3025 543 3080 598 id
3122 553 3210 600 est

63 642 132 696 9.5.
167 637 321 692 Totila
372 633 673 691 Gothorum
720 648 817 688 rex
864 631 921 696 in
979 629 1132 697 Italia
1193 630 1519 695 tirannidem
1618 630 1844 685 domum
1874 630 2122 685 omnium
2161 629 2452 698 idolorum,
2489 631 2748 689 ecclesia:
2777 632 2945 701 dedit,
2976 642 3208 706 rogante

23 738 195 791 exercet.

62 825 134 887 25.
168 820 334 876 Victor
358 817 650 888 Capuanus
685 816 753 872 de
783 816 950 887 hujus
977 816 1108 872 anni
1141 816 1344 888 pascha
1386 814 1524 872 scri-

23 920 129 978 cens,
160 911 368 966 Victorii
390 910 570 980 arguit
597 924 834 964 errores.

65 1006 134 1059 28.
155 1003 425 1071 llueusque
447 1000 703 1055 Jordanis
723 1000 1014 1071 episcopus
1031 999 1348 1056 chronicam
1366 1013 1523 1059 suam

24 1098 61 1151 de
80 1095 212 1166 gestis
238 1093 601 1146 Romanorum
628 1091 901 1162 perduxit,

66 1187 134 1241 38.
168 1184 488 1248 Justinianus
517 1182 813 1251 imperator
832 1182 986 1241 obiit.

64 1276 265 1330 lustinus
291 1273 467 1327 minor
492 1288 581 1327 an.
613 1273 698 1326 11.
730 1271 954 1326 Armcni
977 1271 1137 1327 ﬁdem
1160 1271 1491 1341 suscipiunt.

67 1368 107 1423 3.
130 1366 270 1437 (BI-20A
297 1364 371 1418 De
406 1374 564 1435 temp.
587 1392 659 1403 ——
685 1363 757 1417 Η.
788 1362 846 1429 S.
874 1394 948 1402 —
975 1362 1165 1433 BEDA.)
1202 1361 1399 1418 Narses
1427 1378 1551 1433 par

23 1460 162 1514 tricius
186 1457 400 1511 Totilam
439 1471 622 1527 regem
650 1454 954 1523 Gothorum
986 1454 1183 1520 occidit
1213 1453 1530 1523 Gothosque

23 1550 129 1605 Italia
145 1548 344 1621 etpulit.
368 1545 569 1601 Narses
593 1546 735 1600 idem
758 1560 854 1615 per
875 1543 1134 1607 invidiam
1156 1543 1528 1603 Romanorum

23 1648 246 1696 accusatus
268 1639 402 1708 apud
424 1635 704 1692 Iustinum
726 1636 1078 1705 etconjugem
1096 1635 1214 1704 ejus
1233 1634 1527 1705 Sepbyam,

23 1734 125 1813 quod
157 1731 357 1787 servitio
403 1729 613 1783 Italiam
661 1722 947 1799 premeret,
986 1728 1212 1782 secessit
1250 1725 1527 1794 Neapolim

24 1823 265 1892 Campaniae
285 1830 335 1877 et
362 1820 754 1892 Longobardos
777 1819 832 1873 in
861 1818 1072 1872 italiam
1105 1818 1288 1873 venire
1310 1817 1454 1872 fecit.

76 1914 112 1969 7.
139 1913 218 1986 (Η.
249 1912 326 1986 S.)
359 1912 595 1968 Sanctus
621 1910 888 1966 Vedastus
911 1910 1063 1964 obiit.

76 2006 139 2059 to.
172 2005 428 2061 Johannes
468 2020 608 2080 papa
637 2002 940 2058 zecclesiam
972 2000 1218 2076 Phylippi
1255 2009 1309 2056 et
1344 1998 1533 2054 Jacobi

25 2098 139 2166 cepit,
170 2113 315 2167 quam
357 2084 731 2173 praedecessor
769 2094 889 2166 ejus
929 2092 1178 2166 Pelagius
1218 2091 1444 2164 perfecit
1480 2100 1536 2148 et

26 2189 247 2243 dedicavit.

75 2283 138 2335 ll.
170 2280 399 2337 Justinus
423 2281 728 2357 imperator
756 2278 1012 2335 moritur.

75 2371 290 2443 ‘l‘yberius
313 2372 709 2429 Constantinus
729 2388 857 2433 ann.
895 2370 946 2426 7.

77 2462 114 2516 7.
147 2462 411 2534 Gregorius
458 2471 589 2518 tunc
618 2461 1007 2532 apocrisiarius
1050 2459 1106 2514 in
1141 2458 1535 2515 Constantino—-

28 2552 104 2620 poli
124 2554 319 2607 moralia
346 2551 451 2608 Job
485 2552 706 2624 scripsit
734 2561 788 2607 at
824 2551 1135 2606 Euthicium
1165 2550 1409 2621 ejusdem
1438 2566 1535 2603 ur-

30 2642 88 2695 bis
106 2644 408 2714 episcopum,
436 2651 707 2715 praesente
745 2642 1009 2714 'l'yberio,
1051 2642 1106 2696 in
1148 2642 1252 2696 ﬁde
1292 2656 1535 2695 resurre-

30 2733 172 2789 ctionis
189 2751 382 2793 errasse
403 2736 628 2791 devicit.
660 2735 872 2807 (ΒευΑ.)
899 2734 1135 2789 Docebat
1164 2733 1309 2788 enim
1342 2732 1536 2790 Euthi-

31 2826 113 2880 cius
145 2842 317 2897 corpus
371 2837 627 2885 nostrum
685 2828 741 2881 in
777 2827 868 2882 illa
912 2824 1331 2881 resurrectionis
1367 2824 1538 2895 gloria

31 2916 285 2986 inpalpabile
321 2918 500 2974 ventis
536 2918 759 2988 aerique
806 2916 1061 2972 subtilius
1106 2931 1228 2972 esse
1271 2915 1536 2981 futurum,

31 3018 169 3061 contra
196 3011 329 3079 quod
360 3010 629 3066 Dominus
670 3009 801 3064 dicit
828 3028 841 3063 :
885 3008 1112 3078 Palpate
1141 3018 1189 3061 et
1220 3008 1386 3061 videte
1412 3006 1564 3077 quia'

31 3100 192 3166 spiritus
215 3118 411 3156 carnem
439 3112 489 3157 et
524 3118 643 3155 ossa
675 3118 779 3155 non
809 3100 961 3155 habet
984 3108 1039 3165 et
1060 3109 1164 3156 cet.
1196 3097 1291 3172 (II.
1320 3097 1403 3164 S.)
1433 3098 1540 3171 Ty-

32 3189 164 3245 be’rius
187 3192 461 3265 imperator
483 3193 641 3249 obiit.

77 3281 321 3342 Mauricius
341 3302 473 3342 ann.
501 3286 594 3339 2|.

78 3374 117 3427 1.
131 3375 311 3447 (Brom)
324 3377 635 3450 Levigildus
645 3393 739 3431 rex
749 3375 1055 3431 Gothorum
1069 3374 1334 3430 Arrianus
1347 3373 1541 3428 llirmi-

32 3467 243 3538 nigaldum
262 3470 425 3526 ﬁlium
449 3472 523 3526 ob
547 3471 704 3525 ﬁdem
726 3471 1035 3537 catolicam,
1057 3485 1220 3540 quam
1244 3485 1274 3523 a
1294 3468 1542 3524 Leandro

31 3555 311 3628 llyspolitano
333 3563 594 3634 episcOpo
624 3563 883 3633 percepit,
924 3562 1102 3617 securi
1144 3561 1317 3616 occidi
1355 3560 1538 3632 jussit.

77 3649 116 3704 9.
149 3649 426 3710 Richardus
465 3671 585 3722 rex,
632 3654 1009 3727 Hirminigaldi
1052 3653 1241 3720 frater,
1271 3670 1367 3724 per
1404 3669 1543 3707 eun-

31 3738 116 3793 dem
138 3743 423 3814 episcopum
452 3761 584 3800 eum
615 3754 726 3801 tota
755 3753 914 3817 gente
944 3743 1249 3799 Gothorum
1283 3743 1350 3799 ad
1383 3736 1544 3798 ﬁdem

30 3827 180 3886 Christi
207 3836 554 3891 convertitur.

84 3921 146 3975 12.
182 3925 265 3993 (Π.
297 3925 378 3998 S.)
424 3928 666 3983 Sanctus
719 3925 1016 3998 Gregorius
1058 3927 1127 3983 ad
1173 3926 1545 3999 pontiﬁcatum

34 4009 229 4071 Romana:
252 4020 506 4075 aecclesiae
527 4020 763 4091 eligitur.

90 4107 150 4159 l6.
181 4108 459 4181 Gregorius
505 4128 646 4182 papa
675 4112 944 4183 synodum
969 4112 1040 4166 24
1065 4111 1447 4181 episcoporum
1481 4108 1549 4162 ad

35 4210 180 4266 εοτρυε
206 4201 336 4258 beati
356 4203 506 4260 Petri
534 4212 832 4277 congregat
855 4205 1147 4276 indictione
1180 4203 1264 4257 l5.

84 4290 148 4343 il.
183 4291 482 4365 Gregorius,
506 4296 694 4351 missis
721 4296 1038 4351 doctoribus
1063 4293 1389 4365 Augustino,
1422 4292 1552 4346 Mel-

38 4374 118 4444 lito,
136 4377 357 4441 Johanne
380 4386 616 4456 aliisque
645 4386 918 4456 pluribus,
950 4384 1153 4456 Anglos
1183 4384 1247 4438 ad
1273 4382 1550 4438 Christum

1621 720 1926 779 Bonifacio.

1696 812 1747 867 7.
1792 812 1967 867 Focas
2005 812 2255 867 moritur.
2301 811 2398 868 His
2431 814 2771 883 temporibus
2801 813 2967 872 Perse
2995 800 3209 873 'multas

1624 904 1936 974 provincias
1967 903 2230 958 Romanis
2260 903 2535 973 auferunt,
2568 904 2949 965 Hierosolimis
2988 923 3208 979 quoque

1623 1008 1843 1050 crucem
1872 992 2089 1047 Domini
2115 993 2477 1048 abstulerunt.

1690 1084 1977 1144 Iieraclius
2005 1099 2133 1138 ann.
2172 1084 2216 1115 ³⁰
2238 1084 2328 1151 26,
2364 1085 2491 1139 alibi
2513 1085 2602 1140 27.

1695 1176 1749 1235 4.
1790 1176 1809 1247 (
1825 1175 1987 1230 ΒευΑ.
2011 1205 2084 1216 -
2106 1174 2179 1229 Il.
2207 1175 2304 1247 S.)
2342 1178 2667 1234 Anastasius
2696 1178 2862 1235 Persa
2900 1180 3210 1236 monachus

1626 1254 1868 1341 magicas
1906 1278 2053 1324 artes
2076 1285 2213 1339 puer
2254 1286 2284 1323 a
2325 1279 2479 1340 patre
2511 1271 2717 1325 didicit.
2755 1271 2887 1327 Post
2922 1288 2952 1327 a
2984 1273 3212 1342 captivis

1627 1363 1943 1419 Christianis
1985 1362 2145 1418 ﬁdem
2178 1363 2221 1394 ³¹
2255 1363 2549 1432 accipiens,
2582 1363 2767 1419 relicta
2799 1362 3043 1430 Perside,
3082 1363 3211 1420 llic-

1626 1454 1908 1509 rosolimis
1952 1453 2007 1507 in
2056 1453 2390 1508 monasterio
2433 1453 2645 1509 abbatis
2683 1452 2961 1509 Anastasii
3008 1454 3038 1506 7
3078 1471 3208 1509 ann.

1627 1543 1780 1597 vixit.
1816 1541 1922 1597 Sed
1946 1558 2072 1601 cum
2108 1541 2412 1597 Caesaream
2438 1542 2612 1614 gratia
2651 1542 2916 1601 orationis
2950 1544 3210 1610 venisset,

1629 1643 1821 1704 captus
1854 1641 1909 1689 et
1938 1634 2255 1689 verberatus
2298 1649 2330 1688 a
2371 1631 2574 1699 Persis,
2606 1634 2899 1688 remittitur
2924 1634 2993 1696 ad
3032 1650 3213 1703 regem

1630 1741 1821 1780 eorum
1850 1725 2123 1792 Cosdroe;
2150 1741 2181 1779 a
2204 1739 2316 1796 quo
2345 1725 2514 1779 tercio
2535 1726 2875 1792 verberatus,
2900 1741 3067 1779 manu
3094 1733 3217 1779 tan-

1559 1807 1603 1861 Β
1630 1818 1753 1873 dem
1774 1833 1884 1872 una
1902 1833 1998 1887 per
2022 1826 2130 1873 tres
2146 1818 2311 1872 horas
2332 1833 2658 1887 suspensus,
2683 1818 2872 1888 sicque
2893 1816 3213 1886 decollatus,

1634 1910 1817 1963 nobile
1844 1906 2165 1980 martyrium
2195 1924 2320 1963 cum
2345 1909 2466 1963 aliis
2496 1908 2562 1961 70
2588 1909 2814 1980 peregit.

1702 2004 1755 2067 6,
1797 2000 2044 2057 Eduinus
2066 2017 2159 2061 rex
2178 2002 2475 2072 Anglorum
2499 2001 2747 2057 cﬁicitur.

1705 2094 1791 2147 16.
1833 2091 2115 2147 Heraclius
2134 2092 2375 2148 Cosdroe
2400 2109 2579 2164 regem
2603 2092 2912 2161 Persarum,
2946 2094 3039 2165 qui
3066 2110 3123 2149 se
3158 2104 3220 2149 ut

1631 2185 1795 2241 deum
1844 2185 1945 2239 coli
1990 2185 2178 2270 jUSSi‘l,
2223 2185 2518 2255 superavit,
2579 2194 2634 2241 et
2667 2185 2875 2257 lignum
2932 2185 3219 2241 dominicae

1540 2270 1545 2274 ’
1632 2266 2510 2353 crucis-Hierosolima‘mreduitit.

1704 2369 1791 2424 19.
1834 2352 2081 2424 Eduinus
2106 2385 2203 2424 rex
2228 2368 2525 2437 Anglorum
2566 2369 2619 2423 in
2674 2368 2984 2425 Brittannia
3030 2368 3223 2435 aPatt.

1631 2459 1746 2515 lino
1766 2460 2021 2532 episcopo
2043 2462 2109 2516 ad
2132 2462 2293 2516 ﬁdem
2319 2462 2671 2529 convertitur,
2702 2463 2788 2517 15.
2814 2462 2970 2518 indit.

1703 2553 1793 2606 26.
1838 2551 1944 2622 (Cf.
1974 2552 2141 2608 Fnen.
2171 2568 2221 2608 c.
2250 2552 2364 2623 65.)
2398 2551 2703 2622 Heraclius,
2755 2554 3063 2624 astrologus
3092 2554 3222 2611 eﬂ'e-

1635 2654 1779 2712 ctus,
1806 2644 1941 2699 vidit
1986 2644 2273 2715 imperium
2322 2661 2481 2700 suum
2528 2662 2558 2699 a
2594 2646 2935 2701 circumcisis
2970 2648 3222 2717 gentibus

1635 2752 1758 2793 esse
1785 2737 2134 2803 vastandum,
2174 2737 2505 2808 mittensque
2531 2738 2599 2791 ad
2631 2736 2994 2808 Dagobertum
3038 2754 3223 2810 regem

1635 2827 1997 2895 Francorum,
2030 2844 2219 2884 omnes
2246 2828 2396 2899 regni
2422 2829 2541 2898 ejus
2554 2828 2581 2883 J
2590 2829 2757 2887 udeos
2777 2829 3043 2900 baptizari
3071 2830 3227 2899 petiit

1636 2927 1691 2974 et
1716 2919 2050 2989 impetravit;
2105 2919 2331 2989 ipseque
2355 2934 2452 2989 per
2500 2934 2692 2974 omnes
2730 2918 2815 2974 sui
2856 2919 3070 2989 imperii
3100 2936 3227 2990 pro-

1637 3011 1845 3069 vincias
1868 3011 2012 3066 idem
2046 3011 2164 3065 ﬁeri
2180 3010 2437 3067 decrevit.
2462 3011 2721 3081 Agareni,
2766 3012 2861 3082 qui
2893 3022 2948 3066 et
2976 3010 3231 3068 Sarrace-

1642 3102 1720 3169 ni,
1750 3118 1883 3174 gens
1928 3101 2274 3169 circumcisa,
2336 3102 2648 3172 provincias
2701 3102 2935 3159 lleraclii
2988 3113 3225 3159 vastant.

1642 3192 1846 3249 Contra
1880 3209 2020 3264 quos
2054 3194 2184 3252 dum
2230 3192 2512 3249 Heraclius
2539 3195 2783 3263 dimicat,
2815 3195 2918 3251 150
2944 3196 3094 3251 milia
3120 3196 3228 3250 mi-

1644 3287 1799 3340 litum
1828 3287 1948 3356 ejus
1995 3286 2284 3344 Sarraceni
2333 3286 2688 3346 interﬁciunt.
2731 3297 2785 3342 et
2826 3288 3002 3358 spolia
3037 3303 3230 3344 eorum

1644 3378 1894 3433 Heraclio
1924 3378 2228 3433 remittunt.
2281 3377 2413 3445 Quae
2436 3378 2523 3434 ille
2561 3379 2800 3450 recipere
2842 3380 3058 3449 nolens,
3098 3381 3229 3436 dum

1643 3469 1942 3523 vindictam
1991 3469 2060 3523 ab
2100 3468 2182 3524 eis
2227 3468 2421 3523 maluit
2465 3469 2530 3537 ”,
2555 3479 2740 3539 portas
2790 3470 3039 3542 Caspias,
3092 3489 3232 3543 quas

1644 3560 1948 3615 Alexander
1969 3558 2195 3631 Magnus
2235 3558 2455 3615 Macedo
2478 3576 2643 3630 super
2691 3574 2842 3616 mare
2871 3561 3129 3632 Caspium
3154 3563 3233 3618 fe-

1645 3652 1719 3707 cit
1739 3660 1790 3705 et
1819 3659 2037 3722 propter
2080 3651 2495 3706 inundationem
2547 3652 2961 3709 sevissimarum
2989 3656 3232 3727 gentium

1646 3743 1852 3800 servari
1892 3744 2080 3814 jussit,
2133 3744 2367 3814 aperuit,
2419 3743 2654 3814 indeque
2676 3745 2777 3800 150
2805 3746 2956 3801 milia
2980 3763 3116 3802 auro
3146 3763 3235 3802 ar-

1645 3844 1790 3891 mata
1820 3853 1945 3891 cum
1976 3836 2244 3891 universis
2274 3835 2657 3891 universarum
2684 3838 3089 3908 provinciarum
3114 3839 3235 3909 ejus

1646 3927 1911 3982 militibus
2006 3936 2193 3983 contra
2277 3926 2612 3984 Sarracenos
2656 3930 3011 4000 praeliandum
3063 3930 3233 3987 misit.

1647 4016 1895 4086 Cumque
1919 4017 1971 4071 in
2022 4018 2323 4072 crastinum
2361 4028 2545 4075 essent
2583 4021 2902 4091 prmliaturi,
2933 4023 3050 4092 ipsa
3077 4032 3237 4078 nocte

1649 4109 1718 4163 52
1752 4108 1899 4162 milia
1935 4109 2001 4164 de
2030 4110 2270 4165 exercitu
2309 4109 2541 4165 licraclii
2566 4112 2621 4165 in
2657 4113 2856 4168 castris
2880 4115 3114 4183 percutit
3139 4132 3238 4170 an-

1650 4200 1801 4269 gelus
1828 4199 1942 4254 Dei.
1970 4199 2355 4271 Regredientes
2394 4203 2588 4273 reliqui
2632 4219 2756 4257 cum
2799 4204 2914 4274 jam
2945 4205 3239 4262 llierosoli-

1652 4305 1796 4343 mam
1822 4289 2301 4359 propinquassent,
2338 4290 2527 4346 videns
2570 4290 2853 4349 lleraclius
2892 4294 3237 4351 inimicorum

1652 4381 1922 4436 violentia:
1947 4398 2004 4436 sc
2034 4394 2377 4451 nequaquam
2406 4385 2661 4439 resistere
2691 4401 2873 4455 posse,
2896 4403 3109 4444 merere
3146 4405 3237 4443 ar-

37 4471 258 4526 convertit.
280 4472 488 4530 Tunica
504 4474 743 4541 Domini,
762 4489 927 4544 super
945 4489 1109 4544 quam
1131 4472 1329 4527 milites
1352 4480 1551 4527 sortem
1588 4506 1629 4559 υ
1657 4483 1863 4545 reptus,
1892 4473 2217 4530 Eutbiciana
2247 4475 2426 4530 heresi
2458 4475 2503 4508 ⁸³
2550 4477 2756 4532 cultum
2796 4477 2893 4534 Dei
2917 4479 3237 4546 maculavit;

39 4554 261 4630 miserunt,
299 4566 354 4620 in
396 4566 610 4637 Zaphat
648 4567 838 4637 procul
867 4567 936 4621 ab
970 4564 1307 4621 Hierusalem
1340 4563 1393 4619 in
1426 4579 1553 4618 arca

38 4646 599 4733 marmoreareperitur;
644 4655 811 4734 quam
842 4661 1137 4733 Gregorius
1158 4660 1551 4724 Antiochenus,

39 4741 220 4806 Thomas
242 4750 769 4819 Hierosolimitanus,
797 4752 1074 4809 Johanncs
1096 4752 1555 4821 Constantinopo—

40 4832 191 4894 litanus
215 4857 330 4897 cum
367 4844 493 4899 aliis
541 4845 727 4899 multis
757 4842 1026 4913 episcopis
1066 4842 1322 4896 triduano
1344 4840 1554 4911 jejunio

41 4924 183 4981 ordine
215 4931 441 5000 pedestri
475 4933 533 4987 in
574 4933 690 5003 ipsa
720 4947 848 4987 arca
888 4931 1319 5003 Hierosolymam
1358 4931 1558 5001 perdu-

38 5024 192 5083 centes,
216 5020 266 5075 in
293 5024 563 5091 tecclesia,
593 5022 686 5078 ubi
720 5038 855 5078 crux
885 5023 1101 5077 Domini
1141 5023 1420 5089 adoratur,
1450 5036 1553 5091 po-

41 5118 232 5164 suerunt.
254 5112 345 5182 (H.
376 5113 461 5185 S.)
497 5114 791 5170 Mauricius
817 5129 987 5185 penas
1007 5115 1274 5170 scelerum
1303 5129 1551 5180 suorum,
1580 5113 1589 5123 ⁸

40 5202 79 5245 ut
98 5194 188 5265 ipse
208 5204 392 5272 oravit,
420 5206 734 5273 exsolvens,
766 5221 797 5260 a
819 5204 962 5261 Foca
997 5206 1226 5276 turpiter
1266 5205 1552 5262 occiditur.

90 5284 231 5336 Fomc
253 5310 353 5336 ann
404 5295 437 5336 ¹7

123 5302 231 5346 ocas
252 5310 374 5351 ann.
404 5295 456 5350 7.

85 5374 123 5428 7)-
158 5380 428 5453 Gregorius
454 5402 592 5457 papa
615 5386 866 5456 migravit
895 5385 962 5441 ad
988 5385 1277 5442 Dominum
1303 5386 1473 5441 indict
1499 5386 1551 5440 8.

90 5468 128 5519 6.
163 5468 445 5532 Romanam
465 5477 767 5533 aacelesiam
795 5477 1042 5533 omnium
1064 5478 1437 5534 aecclesiarum
1464 5494 1556 5534 ca-

1658 4567 1974 4635 babensque
2019 4580 2245 4620 uxorem
2295 4567 2502 4622 sororis
2525 4584 2639 4623 suae
2672 4568 2862 4636 ﬁliam,
2897 4577 3124 4624 vexatus
3162 4568 3240 4624 fe-

1654 4656 1866 4723 bribus,
1893 4657 2059 4711 vitam
2085 4657 2374 4712 crudeliter
2403 4657 2595 4713 ﬁnivit.

1729 4748 1921 4804 Annus
1950 4748 2169 4803 Domini
2190 4745 2314 4804 659.
2362 4748 2692 4808 Heraclonas
2733 4768 2859 4808 cum
2894 4759 3068 4807 matre
3094 4751 3240 4807 Mar—

1657 4840 1771 4894 tina
1793 4855 1922 4894 ann.
1964 4839 2018 4893 2.

1729 4930 1783 4985 2.
1826 4930 1923 5002 (H.
1959 4929 2043 4999 S.)
2068 4928 2244 5002 Cyrus
2268 4930 2668 4986 Alexandrinus
2696 4941 2752 4987 et
2772 4931 2864 4986 alii
2902 4932 3061 4987 multi
3085 4932 3243 4988 here-

1660 5022 1764 5078 sint
1792 5022 2118 5077 instaurant.
2156 5020 2490 5078 Heraclonas
2511 5022 2795 5079 occiditur.
2820 5023 2963 5078 Anni
2993 5024 3062 5080 ab
3088 5024 3244 5079 initio

1661 5113 1851 5169 mundi
1875 5112 2035 5168 4600.

1729 5204 2145 5272 Constantinus,
2170 5203 2405 5261 Hcraclii
2434 5205 2599 5273 ﬁlius,
2627 5222 2845 5263 menses
2875 5208 2909 5263 4
2935 5208 2993 5265 ³⁸.

1728 5296 2001 5351 Constans
2024 5298 2090 5365 ³⁸,
2115 5296 2462 5352 Constantini
2484 5297 2649 5366 ﬁlius,
2674 5314 2804 5355 ann.
2833 5300 2923 5355 28.

1731 5388 1781 5443 1.
1803 5388 1856 5442 2.
1883 5389 1936 5443 5.
1962 5389 2016 5442 4.
2048 5390 2101 5444 5.
2133 5388 2185 5443 6.
2217 5388 2267 5442 7.
2304 5388 2404 5444 llic
2446 5389 2707 5460 deceptus
2754 5408 2785 5445 a
2810 5391 2982 5447 Paulo
3005 5392 3248 5448 heretico

1655 5480 2002 5551 persequitur
2036 5480 2384 5536 christianos.

1269 5591 1504 5647 VARIA‘]
1540 5592 1941 5651 LECTIONES.

45 5735 74 5765 ³.
97 5674 125 5765 1:
158 5684 527 5765 tﬁnstantinoli
587 5694 945 5765 congregatus
997 5703 1041 5739 (ι,

95 5760 114 5791 θ
146 5764 246 5801 rorr
289 5771 333 5807 ε.
408 5756 452 5787 ³⁸
476 5758 856 5813 constantinus
917 5773 1052 5809 corr.
1085 5764 1342 5810 constans
1375 5775 1419 5810 ρ.

1156 5686 1200 5717 ³⁸
1248 5686 1388 5739 deest
1441 5704 1485 5739 ι’.
1569 5687 1608 5719 ³¹
1656 5687 1829 5744 ﬁdens
1860 5706 1904 5741 ε.

2016 5690 2060 5722 ³³
2095 5690 2300 5745 malens
2333 5706 2467 5744 corr.
2514 5690 2704 5746 maluit
2728 5707 2772 5744 ε.
2889 5689 2931 5721 ³³
2968 5688 3169 5743 heracli
3196 5705 3243 5742 ο.
