3828 6308
545 350 651 407 479
1662 392 1671 397 ,
1746 341 1878 396 EKK
1888 341 2057 396 EI‘IAF

2263 339 2659 398 LAUCIENSIS
3696 348 3775 407 εἷς]

615 463 703 519 i2.
757 460 1026 518 Martinus
1083 473 1225 530 papa
1277 458 1544 530 synodum
1599 456 1701 512 105
1755 458 2135 529 episcoporum
2166 462 2213 516 A
2308 457 2362 513 5.
2389 456 2499 513 Leo
2529 471 2763 530 regnum
2782 457 3010 514 dimisit.

434 636 441 639 γ
539 569 904 628 congregans,
952 553 1182 626 Cyrum,
1211 549 1484 622 Sergium,
1532 548 1761 621 Pyrrum
1806 558 1862 605 et
1905 550 2135 606 Paulum
2310 549 2409 621 (Η.
2444 549 2529 621 8.)
2557 550 2750 606 Annus
2780 549 3000 607 Domini
3025 552 3150 607 699.
3188 550 3457 622 ’l‘ybcrius
3481 566 3605 607 ann.
3628 553 3671 609 7.

543 648 893 713 condemnat,
925 646 1111 701 indici,
1144 644 1235 699 Η,
2307 641 2362 696 4.
2397 639 2652 714 Synodus
2676 642 2926 713 Aquileie
2978 642 3025 675 ⁸⁸
3074 651 3444 715 congregatur
3490 643 3591 700 sub
3633 645 3787 720 Sergio

621 740 703 794 16.
747 738 1013 794 Martinus
1041 753 1179 807 papa
1204 752 1235 790 a
1276 734 1638 792 Constantino
1673 733 1974 791 Ccrsonam
2019 735 2137 790 exi—
2236 748 2397 805 papa.
2431 732 2548 790 Ind.
2592 735 2645 802 1,
2678 735 2751 790 ol.
2778 734 2905 791 570.
3814 738 3815 747 ‘

546 833 622 888 lio
647 832 872 898 missus,
898 829 1151 902 migravit
1180 829 1248 884 ad
1267 827 1583 884 Dominum.
2309 826 2362 882 6.
2402 825 2547 882 Beda
2570 826 2903 884 venerabilis
2926 828 3211 900 presbyter
3261 828 3565 899 Anglorum
3608 829 3779 887 chroni-

612 925 704 980 24.
764 924 1039 979 Constans
1066 924 1135 955 "‘
1160 921 1391 977 Romam
1442 921 1621 988 venit,
1671 930 1726 977 et
1776 922 1937 977 beato
1976 921 2139 978 Petro
2237 934 2361 976 cam
2391 920 2624 975 minoris
2647 920 2773 976 libri
2796 935 2976 992 usque
3014 920 3123 977 huc
3152 922 3432 991 perduxit.

541 1016 768 1089 pallium
797 1032 932 1073 auro
952 1016 1139 1073 textile
1158 1014 1374 1083 obtulit,
1400 1021 1520 1070 toto
1545 1014 1793 1072 exercitu
1815 1030 1940 1070 cum
1966 1014 2139 1071 cereis
2311 1008 2362 1065 7.
2404 1009 2683 1068 Iohannes
2712 1028 2861 1084 papa
2882 1012 3074 1085 Sergio
3097 1014 3384 1069 successit.
3408 1012 3521 1069 Cui
3534 1014 3653 1070 item
3680 1016 3783 1073 alius

543 1110 810 1165 intrante.
2236 1100 2517 1159 Iohannes
2544 1104 2833 1160 successit.
2880 1103 3227 1160 Justinianus
3279 1104 3522 1160 Leonem
3564 1114 3618 1161 et
3654 1105 3782 1178 Tybr-

610 1201 702 1256 27.
744 1199 993 1274 Eclypsis
1022 1201 1157 1258 solis
1200 1199 1347 1257 facta
1368 1193 1618 1258 est'hora
1644 1199 1734 1269 10,
1761 1200 1795 1256 5
1829 1197 1970 1255 Non.
2008 1199 2141 1267 Mai,
2237 1196 2380 1252 rium
2407 1213 2532 1252 cum
2554 1197 2677 1253 aliis
2696 1197 2788 1268 qui
2813 1212 2939 1253 eum
2958 1198 3281 1269 expulerant
3301 1199 3503 1254 occidit
3527 1216 3542 1265 ;
3568 1214 3710 1265 quem
3730 1202 3784 1254 ri-

541 1292 737 1350 indict.
766 1294 828 1348 11
860 1293 926 1349 ³⁸.
2237 1288 2434 1345 delieet
2467 1287 2838 1345 hstinianum
2868 1288 2980 1345 Leo
3004 1292 3059 1345 in
3092 1292 3477 1361 expulsionem
3502 1292 3643 1347 illius
3678 1296 3785 1348 nari—
3818 1324 3819 1329 η

610 1383 703 1440 28.
743 1384 1021 1441 Constans
1051 1384 1120 1418 ⁸⁸⁸
1164 1394 1290 1457 post
1316 1385 1518 1441 multas
1549 1384 1978 1456 deprmdationes
2006 1397 2141 1455 pror‘
2238 1382 2347 1440 bus
2369 1383 2741 1440 detruncarat.
2768 1383 2852 1456 (P.
2887 1383 2951 1439 D.
2981 1383 3199 1456 v.1,52.)
3230 1383 3334 1451 Qui
3365 1393 3495 1455 post
3526 1384 3704 1441 iterum
3724 1402 3787 1439 as»

541 1479 851 1535 vinciamm
874 1479 1099 1535 occisus
1123 1479 1176 1533 in
1203 1478 1405 1535 balneo
1423 1478 1808 1549 periit,indict.
1835 1478 1924 1532 l2.
2241 1485 2461 1547 sumpto
2489 1477 2741 1548 imperio,
2791 1478 3046 1549 quotiens
3090 1476 3419 1533 deﬂuentem
3475 1485 3676 1551 guttam
3699 1494 3787 1533 ree

612 1567 1033 1637 Constantinus,
1059 1570 1204 1626 ﬁlius
1226 1568 1544 1625 Constantis
1571 1569 1659 1636 ³⁸⁵,
1684 1585 1811 1623 ann.
1838 1568 1933 1623 17.
2082 1629 2090 1635 ,
2240 1569 2406 1625 matis
2429 1584 2596 1625 manu
2638 1570 2889 1639 detersit,
2911 1570 3118 1627 totiens
3160 1586 3300 1642 pene
3342 1570 3584 1643 aliquem
3620 1571 3682 1628 de
3706 1572 3787 1626 suis

622 1661 674 1716 2.
709 1660 985 1716 Vitaliano
1018 1676 1157 1732 papa
1188 1660 1502 1717 Adeodatus
1535 1661 1603 1716 78
1628 1661 1671 1692 ³⁷
1706 1659 1993 1717 successit.
2036 1658 2139 1713 Cui
2241 1662 2537 1718 contrariis
2556 1662 2812 1736 jugulare
2841 1662 3117 1735 praecepit.

546 1755 796 1812 Domnus
818 1754 887 1814 79
912 1755 957 1788 "
986 1771 1147 1827 papa.
2175 1824 2205 1827 ι
2316 1752 2413 1825 (Η.
2450 1752 2534 1825 8.)
2562 1755 2756 1810 Annus
2796 1754 3014 1811 Domini
3048 1753 3171 1810 706.
3204 1754 3556 1811 Iustinianus
3602 1756 3791 1812 modo
3820 1794 3821 1799 η

620 1848 674 1905 5.
716 1824 1007 1905 Sarraeeni
1054 1824 1298 1904 Siciliam
1350 1846 1747 1919 depraxlantes,
1779 1862 1905 1902 cum
1946 1861 2145 1917 magna
2174 1824 2219 1883 Β
2247 1824 2371 1901 eum
2391 1845 2504 1901 ﬁlio
2526 1845 2760 1919 Tyberio
2781 1863 2911 1903 ann.
2939 1846 2992 1903 6.

548 1939 733 2011 przeda
753 1940 1137 1996 Alexandriam
1163 1940 1415 1995 redeunt.
2319 1938 2379 1995 5.
2404 1937 2751 1996 Justinianus
2768 1940 2837 1996 de
2857 1940 3095 2012 peccatis
3120 1941 3238 1997 suis
3271 1939 3629 2012 penitentiam
3650 1955 3793 2011 agens,

623 2033 711 2090 16.
746 2033 958 2106 (Βεω.)
991 2034 1157 2090 Sexta
1192 2034 1437 2107 synodus
1474 2033 1801 2090 universalis
1837 2027 2152 2087 Constanti-
2246 2029 2665 2087 Constantinum
2709 2047 2907 2103 papam
2952 2046 3169 2089 summo
3198 2033 3409 2088 honore
3450 2032 3656 2099 habuit,
3680 2033 3791 2086 itaut

551 2126 737 2198 nopoli
759 2135 1125 2199 congregatur
1157 2127 1261 2184 sub
1280 2127 1569 2199 Agathone
1625 2126 1696 2181 80
1737 2125 1782 2158 ³⁷
1834 2139 2003 2196 papa,
2051 2120 2148 2194 qui
2246 2123 2336 2181 die
2361 2123 2638 2181 dominica
2662 2124 2863 2181 missas
2885 2124 3008 2197 ejus
3041 2124 3272 2182 audiens
3301 2124 3797 2182 communionemde

552 2219 709 2276 Dono
760 2220 1050 2289 successit,
1102 2236 1291 2277 coram
1316 2220 1568 2292 piissimo
1593 2210 1841 2291 principe
1882 2218 2153 2273 Constan-
2248 2232 2415 2273 manu
2442 2232 2542 2273 sua
2568 2217 2867 2288 acciperet.

552 2313 671 2369 tino
693 2318 750 2369 et
775 2311 971 2385 legatis
1000 2313 1314 2383 apostolicae
1334 2312 1482 2369 sedis
1530 2321 1585 2369 et
1613 2310 1890 2383 episcopis
1935 2310 2039 2366 150
2063 2325 2151 2365 re-
2318 2309 2372 2365 6.
2413 2307 3005 2382 (Beoi.)‘Justinianus
3025 2309 3357 2382 prohibente
3387 2326 3531 2382 pupa
3558 2325 3678 2367 cum
3704 2308 3793 2364 uit-

553 2405 882 2461 sidentibus.
916 2405 1001 2477 (P.
1024 2405 1088 2461 D.
1114 2422 1189 2474 vr,
1211 2407 1291 2479 4.)
1315 2404 1391 2460 Ea
1413 2421 1545 2461 vero
1576 2406 1712 2461 hora
1741 2413 1906 2460 tantae
1928 2419 2154 2459 aranea—
2249 2410 2391 2459 teret
2411 2401 2465 2457 in
2488 2410 2709 2474 pontem
2732 2401 2996 2457 Mulvium
3018 2401 3086 2470 δι,
3119 2402 3589 2474 comprehendere
3629 2399 3793 2472 Phylip-

555 2511 677 2551 rum
725 2497 846 2552 tela:
874 2496 928 2552 in
966 2497 1147 2553 medio
1174 2497 1363 2569 populi
1412 2497 1747 2563 ceciderunt,
1800 2506 1937 2568 quot
1959 2496 2154 2553 sordes
2250 2495 2434 2567 picum
2454 2495 2523 2563 "’,
2551 2510 2716 2567 quem
2737 2495 2811 2550 ibi
2839 2494 3195 2568 relegaverat,
3221 2511 3530 2552 conversus
3579 2494 3799 2551 exercitus

553 2584 833 2641 heresium
858 2587 1119 2657 expulsas
1146 2601 1338 2643 omnes
1358 2586 1709 2642 mirarentur.
2250 2588 2319 2644 ad
2341 2587 2716 2659 Philippieum-
2744 2588 2811 2656 “,
2845 2587 2975 2645 fecit
3020 2603 3147 2644 eum
3190 2588 3392 2644 ibidem
3423 2588 3793 2659 imperatorem;

624 2673 712 2728 17.
753 2673 850 2747 (Η.
886 2673 945 2731 8.
978 2706 1052 2716 —
1077 2673 1141 2731 P.
1169 2675 1231 2732 D.
1265 2693 1344 2745 vr,
1387 2676 1505 2748 25.)
1548 2675 1947 2732 Constantinus
1975 2676 2150 2748 impe-
2250 2680 2585 2751 veniensque
2615 2696 2740 2737 cum
2762 2695 2830 2737 eo
2882 2678 3445 2752 Constantinopolim,
3498 2680 3643 2736 victo
3680 2689 3795 2748 atque

550 2771 704 2820 rator
718 2764 875 2821 obiit.
898 2766 1172 2838 Agathoni
1197 2781 1335 2837 papa
1362 2766 1632 2824 successit
1658 2765 1770 2822 Leo
1791 2766 1980 2838 junior
1999 2765 2062 2821 81
2082 2766 2148 2824 ³7.
2252 2773 2438 2830 occiso
2457 2771 2791 2841 Iustiniano,
2842 2788 3074 2845 regnum
3120 2773 3369 2844 suscepit
3416 2771 3732 2844 Philippicas
3750 2772 3795 2821 ⁸³.

550 2858 709 2930 Apud
752 2858 958 2917 Gallias
1010 2861 1065 2916 in
1117 2860 1454 2917 Francorum
1517 2875 1747 2932 regnum
1790 2860 2057 2931 Ansgisus
2081 2860 2148 2929 ⁸⁸,
2253 2863 2351 2937 (Η.
2382 2863 2466 2935 8.)
2518 2863 2856 2921 Ilildibertus
2901 2880 2996 2920 rex
3031 2864 3219 2936 justus
3261 2865 3430 2933 obiit;
3498 2865 3797 2937 regnantque

552 2950 699 3007 ﬁlius
720 2950 949 3019 Arnolﬁ,
975 2953 1069 3023 qui
1109 2951 1177 3007 de
1214 2952 1437 3009 nomine
1462 2950 1733 3024 Anchysae
1779 2950 2004 3023 Trojani
2027 2966 2152 3009 cre-
2252 2956 2614 3031 Dagobertus,
2640 2958 2785 3015 ﬁlius
2810 2959 2954 3030 ejus,
2974 2973 3075 3029 pro
3118 2973 3206 3015 eo.
3234 2957 3473 3015 Iohanni
3498 2973 3643 3031 papa
3670 2956 3799 3012 Sisin-

552 3043 702 3100 ditur
726 3044 1052 3115 appellatus,
1078 3043 1182 3101 sub
1210 3044 1435 3101 nomine
1465 3043 1695 3115 majoris
1714 3045 1913 3101 domus
1932 3045 2154 3117 gerebat
2253 3050 2383 3108 nius
2410 3053 2700 3109 successit.
2724 3050 2834 3107 Cui
2854 3050 3276 3107 Constantinus.

554 3133 947 3205 principatum.
1005 3134 1177 3191 Leoni
1230 3150 1371 3207 papa
1427 3134 1696 3191 successit
1728 3134 2053 3191 Benedictus
2080 3134 2152 3191 82
2178 3198 2221 3219 η
2326 3144 2520 3203 Annus
2573 3145 2799 3202 Domini.
2828 3145 2951 3201 7η,
2994 3144 3353 3219 phynppicus
3390 3161 3525 3201 an".
3559 3145 3614 3214 ι,
3638 3157 3799 3199 meum

554 3198 602 3259 λ’
629 3243 644 3293 ;
667 3198 758 3283 cui
794 3223 1074 3282 Iohannes
1094 3226 1165 3282 85
1187 3198 1264 3295 ’τ’-ς
1293 3198 1384 3283 cui
1414 3225 1606 3282 Conon
1634 3226 1709 3283 84
1727 3226 1770 3259 ³⁷
1801 3242 2022 3283 menses
2050 3227 2066 3282 l

2292 3277 2310 3291 .
2338 3198 3020 3309 Ρῇἆῇᾖρῖοζιζὲᾷιιιόᾗξίέ
3040 3198 3349 3293 ’ἷιέέἑξίιὶἷ
3361 3198 3499 3293 alii:
3511 3198 3800 3293 ne...

556 3313 668 3387 (Cf.
705 3314 779 3373 H.
804 3314 890 3389 8.)
925 3333 957 3374 a
984 3332 1097 3388 quo
1122 3325 1346 3374 sanctus
1368 3316 1631 3391 Kylianus
1666 3318 2031 3390 pontiﬁcalem
2051 3335 2152 3392 ρο-
2251 3331 2631 3405 phylippicum
2668 3332 2846 3389 oculis
2878 3331 3115 3404 privavit
3143 3331 3672 3404 regnoque’expulit.
3689 3327 3803 3384 Heri-

556 3415 809 3466 testatem
838 3410 1076 3481 accepit;
1105 3409 1195 3467 cui
1222 3408 1447 3483 Sergius
1468 3425 1607 3482 papa
1632 3412 1917 3469 successit.
2252 3423 2443 3481 bonus
2468 3439 2565 3481 rex
2594 3423 3083 3498 Langobardorum
3107 3424 3263 3480 obiit.

626 3502 822 3561 Anum
850 3503 1070 3561 Domini
1100 3503 1225 3560 686.
1251 3502 1596 3562 Justinianus
1616 3505 1821 3576 minor,
1847 3507 1994 3564 ﬁlius
2014 3506 2157 3565 Con-
2325 3516 2519 3574 Annus
2538 3515 2760 3572 Domini
2788 3516 2915 3589 713.
2940 3516 3268 3573 Anastasius
3297 3531 3430 3572 ann.
3460 3517 3515 3572 5.

557 3596 809 3668 stantini,
831 3614 963 3655 ann.
996 3596 1085 3654 10.
2325 3607 2380 3663 2.
2438 3605 2706 3680 Pippinus
2740 3607 2927 3663 senior
2965 3607 3143 3679 major
3173 3608 3374 3664 domus
3401 3607 3565 3664 obiit.
3599 3605 3695 3664 Pro
3724 3616 3805 3674 quo

628 3691 687 3747 2.
726 3689 962 3748 Sanctus
992 3689 1255 3764 Kylianus
1295 3707 1424 3749 cum
1475 3692 1643 3751 sociis
1699 3694 1818 3752 suis
1852 3691 2053 3766 passus
2070 3705 2157 3751 est
2257 3697 2492 3756 Karolus
2521 3715 2650 3754 ann.
2676 3698 2773 3754 26.
2793 3697 3133 3771 Dagaberlns
3162 3714 3260 3755 rex
3281 3699 3440 3755 obiit.

560 3799 707 3842 anno
738 3784 990 3841 videlicet
1016 3785 1233 3841 Domini
1261 3785 1367 3842 688
1397 3787 1461 3842 ”.
2329 3789 2382 3846 5.
2420 3788 2689 3861 Ecpertus
2706 3789 2791 3845 vir
2811 3799 3040 3848 sanctus
3059 3789 3126 3847 de
3147 3797 3308 3862 gente
3326 3790 3635 3863 Anglorum
3656 3788 3805 3844 Schut-

632 3875 688 3933 4.
716 3874 815 3948 (Η.
858 3875 943 3949 8.)
988 3875 1089 3934 Hic
1125 3877 1304 3934 heresi
1332 3878 1575 3949 pollutus
1622 3879 1923 3937 catholicos
1971 3895 2158 3952 perse-
2257 3889 2345 3937 tos
2366 3881 2609 3955 legitime
2656 3882 2863 3953 pascha
2911 3881 3191 3939 celebrare
3224 3880 3434 3938 docuit.
3492 3879 3808 3940 Constantino

561 3967 771 4039 quitur,
793 3976 849 4024 et
882 3985 1006 4025 cum
1030 3967 1352 4028 Sarracenis
1379 3986 1571 4042 pacem
1598 3970 1747 4028 fecit.
2257 3990 2413 4047 papa:
2431 3975 2700 4033 successit
2717 3974 3014 4048 Gregorius
3050 3974 3347 4031 secundus.

634 4060 689 4117 9.
716 4060 1099 4119 Willibrordus
1154 4063 1249 4135 qui
1287 4072 1343 4120 et
1375 4062 1650 4133 Clemens,
1705 4080 1737 4121 a
1782 4062 1975 4137 Sergio
2018 4079 2157 4136 papa
2332 4067 2548 4141 (Βευλ.)
2577 4067 2773 4124 Annus
2828 4066 3047 4124 Domini
3078 4065 3206 4122 ⁸116.
3253 4065 3607 4123 Theodosius
3644 4060 3803 4120 ωλι.

563 4152 854 4224 episcopus
870 4154 1175 4226 ordinatus,
1210 4153 1517 4213 Fresonum
1540 4164 1758 4229 gentem
1778 4156 1848 4213 ad
1875 4155 2158 4213 Christum
2258 4158 2361 4219 Hic
2414 4161 2770 4217 Anastasium
2823 4160 3017 4232 praelia
3062 4160 3218 4227 vicit,
3257 4158 3494 4231 datoque
3524 4160 3629 4215 sibi
3666 4168 3803 4212 sam-

565 4246 853 4304 convertit.
2259 4262 2470 4321 mento,
2495 4252 2757 4310 clericum
2780 4251 2897 4308 ﬁeri
2927 4268 2993 4308 ac
3021 4251 3400 4323 presbyterum
3433 4249 3567 4306 fecit
3593 4244 3803 4306 ordinari.

636 4338 725 4395 10.
766 4338 1113 4399 Justinianus
1147 4343 1220 4399 ob
1242 4342 1463 4415 culpam
1507 4345 1737 4417 perﬁdie
1775 4361 1945 4421 regno
1971 4346 2158 4418 priva-
2260 4345 2361 4419 (Η.
2390 4345 2449 4403 8.
2476 4356 2531 4404 et
2550 4345 2743 4417 Duos.)
2778 4344 3004 4420 Tyberis
3026 4344 3225 4400 ﬁuvius
3248 4343 3468 4400 alveum
3490 4358 3651 4398 suum
3669 4352 3807 4411 θεῖτε·

567 4439 678 4501 “IS.
700 4432 828 4488 exul
857 4434 914 4489 in
936 4433 1173 4492 Pontum
1199 4437 1447 4494 secessit.
2260 4456 2358 4498 sus
2380 4441 2553 4497 multa
2600 4438 2791 4496 Romae
2846 4438 3117 4496 subvertit
3160 4435 3416 4505 mdiﬁcia,
3472 4435 3552 4492 ita
3590 4434 3714 4491 utin
3735 4427 3807 4483 Via

635 4523 830 4628 Anni-1‘s
865 4524 1083 4628 Domini
1112 4526 1237 4583 696.
1262 4526 1375 4584 Leo
1394 4544 1525 4585 ann.
1553 4528 1609 4585 5.
2185 4564 2238 4628 D
2262 4531 2398 4589 Lata
2416 4531 2485 4588 ad
2510 4546 2676 4588 unam
2700 4538 2758 4589 et
2777 4529 2948 4587 semis
2966 4538 3238 4587 staturam
3257 4535 3624 4586 exeresceret.

637 4614 693 4674 1.
746 4615 964 4691 (Reum)
1012 4618 1238 4693 Sergius
1284 4637 1427 4694 papa
1464 4637 1688 4695 capsam
1725 4639 1852 4681 cum
1903 4625 2157 4697 portione
2187 4614 2233 4628 ”
2332 4623 2529 4682 Annus
2553 4622 2772 4680 Domini
2791 4622 2917 4679 717.
2941 4621 3051 4679 Leo
3079 4638 3210 4678 ann.
3236 4621 3293 4678 8.

565 4711 856 4769 dominicae
874 4714 1054 4771 crucis
1083 4714 1321 4783 invenit;
1364 4731 1487 4787 quae
1506 4717 1765 4775 omnibus
1792 4719 1955 4776 annis
1982 4720 2040 4775 in
2063 4720 2159 4777 ba-
2336 4718 2390 4774 1.
2418 4716 2653 4774 Karolus
2675 4715 2975 4773 Saxoniam
2998 4730 3198 4788 magna
3222 4715 3381 4787 plaga
3409 4712 3649 4771 vastavit
3676 4707 3803 4779 “85l-

566 4806 722 4863 silica
786 4804 1091 4864 Salvatoris
1128 4824 1253 4881 quae
1306 4808 1509 4866 dicitur
1570 4809 2024 4870 Constantiniana
2070 4814 2160 4872 die
2333 4810 2512 4884 1.(11.
2566 4809 2650 4883 8.)
2691 4809 2982 4867 Sarraceni
3032 4808 3273 4866 triennio
3302 4801 3807 4883 Constantinopolim

564 4896 911 4956 exaltationis
932 4899 1054 4971 ejus
1104 4900 1175 4956 ab
1223 4900 1375 4957 omni
1422 4901 1627 4973 populo
1676 4903 1960 4960 osculatur
1994 4912 2161 4977 atque
2263 4905 2579 4963 obsidentes
2605 4912 2662 4961 et
2690 4904 2892 4960 multas
2928 4901 3243 4974 provincias
3273 4901 3643 4967 devastantes,
3682 4895 3807 4955 [ιαν

566 4989 848 5047 adoratur.
915 4990 1152 5051 Sanctus
1176 5038 1179 5043 .
1202 4992 1517 5067 Cudpertus
1555 4995 1712 5066 obiit,
1752 4997 2044 5072 episcopus
2089 5014 2159 5055 ex
2264 4997 2602 5071 peste,t‘erro
2629 4996 3030 5069 naufragioque
3050 4995 3352 5067 pelluntur.

564 5082 905 5145 anachorita.
2334 5090 2390 5147 6.
2448 5090 2665 5164 (Βεω.)
2708 5088 3096 5148 Luidbrandus
3125 5089 3173 5122 “
3212 5102 3312 5146 rex
3348 5084 3805 5161 Langobardorum.

1869 5220 2107 5279 VABIE
2146 5222 2549 5284 LECTIONES.

638 5330 707 5364 "‘
735 5331 1124 5389 constantinus
1144 5349 1281 5389 corr.
1310 5344 1568 5393 constans
1595 5353 1641 5392 c.
1719 5336 1766 5370 ³⁸
1787 5353 1816 5391 e
1834 5352 2040 5394 carne.
2118 5337 2184 5371 “’
2227 5339 2566 5396 constantini
2593 5355 2730 5393 corr.
2766 5335 3073 5395 constantis
3094 5353 3141 5393 ε.
3211 5335 3256 5369 ⁸⁷
3279 5336 3374 5391 hos
3397 5348 3637 5390 numeros
3664 5340 3803 5383 In“

567 5404 881 5483 correctoris
918 5406 1340 5483 superscripsit._
1416 5407 1695 5483 ’annsgis
1752 5424 1891 5464 corr.
1928 5409 2198 5483 -ansgisus
2228 5427 2280 5483 ς.
2355 5412 2400 5443 ⁸³
2428 5407 2831 5483 DCLXXXVII.
2872 5425 3011 5483 c_orr.
3043 5405 3463 5483 DCLXXXVIII.
3502 5423 3552 5483 σε
3622 5396 3803 5467 "aqvi-

570 5474 711 5558 legie
731 5491 870 5558 corr.
912 5474 1149 5548 aquileie
1177 5474 1248 5558 ὸ..
1366 5477 1520 5558 valde
1659 5474 2078 5558 locustarum}
2097 5489 2196 5537 est.
2228 5480 2471 5558 _H_e_rim.:
2492 5497 2620 5558 eum
2666 5496 2749 5558 In.
2758 5551 2771 5558 _
2791 5481 2864 5558 in_
2880 5479 3139 5546 Pontum,
3171 5478 3403 5558 multum
3432 5475 3590 5558 proh.
3615 5485 3740 5558 PI"
3768 5484 3801 5517 τ·

567 5545 614 5576 ⁸⁸
657 5545 982 5620 phylippuni
1005 5564 1143 5604 corr.
1195 5548 1438 5623 pbylippi
1467 5567 1517 5605 c.
1590 5550 1637 5585 “
1674 5550 1994 5623 phylippum
2016 5568 2157 5608 corr.
2188 5553 2418 5625 philippi
2438 5570 2486 5609 c.
2564 5552 2610 5586 “
2638 5550 2971 5633 philippicus
2995 5566 3136 5605 corr.
3164 5549 3393 5621 philippi
3416 5545 3463 5603 ὁ.
3530 5547 3577 5580 ⁵³
3607 5545 3719 5601 ὅραι

2067 5715 2297 5775 NOTAE.

642 5824 795 5899 (l85)
818 5827 901 5885 Cf.
934 5829 1076 5887 Ann.
1110 5827 1670 5900 Lauresh.Alaman.,
1694 5838 1798 5887 etc.
