3828 6308
70 383 140 439 ull
831 371 1198 430 CHRONlCA.
1240 402 1310 411 —-
1340 369 1732 427 CHRONICON
1769 371 2366 432 WIRZIBURGENSE.

3133 386 3242 442 432

72 491 329 554 Sarraccnis
357 486 673 559 depopulata
728 485 978 541 Sardinia
1006 485 1171 541 etiam
1201 484 1292 539 illa
1327 485 1446 540 loca
1484 483 1563 540 fc-
1589 491 1637 549 Α
1663 486 1828 542 chum
1863 486 2018 555 fecit;
2054 498 2108 544 et
2129 498 2253 560 post
2280 491 2617 562 aliquantum
2648 495 2912 565 temporis
2955 498 3023 559 ad
3053 515 3246 559 mona-

65 584 281 647 dantibus,
311 578 397 633 ubi
423 591 543 632 ossa
573 574 1061 645 sancti.Augustini
1087 575 1326 645 episcopi
1348 584 1567 646 propter
1665 576 1890 630 sterium
1914 580 2089 634 sancti
2119 579 2392 636 Benedicti
2418 580 2691 651 profectus
2717 594 2818 641 est.

64 671 417 733 devastationem
445 666 799 722 barbarorum
827 666 957 721 olim
986 666 1247 721 translata
1269 674 1323 721 et
1347 666 1564 723 condita

53 770 91 824 iu
104 769 244 827 erant,
266 759 403 815 misit
428 766 480 813 et
505 758 632 813 dato
668 757 854 813 orecio
887 756 1097 829 accepit
1121 763 1174 812 et
1196 757 1472 813 transtulit
1497 773 1564 814 ea

56 862 91 912 in
123 855 355 910 Ticinum.

105 944 145 999 8.
167 941 247 1015 (Η.
275 939 352 1011 S.)
379 939 609 995 Sanctus
654 934 952 995 Pirminius
978 939 1034 995 in
1079 939 1351 1012 Auguiam
1403 940 1561 997 insu-

57 1038 151 1101 lam,
175 1049 377 1103 eamque
400 1032 574 1103 (185⁸)
598 1046 629 1087 a
654 1031 997 1103 serpentibus
1020 1032 1285 1087 liberavit.
1325 1031 1442 1089 Huc
1466 1050 1557 1090 us«

58 1141 133 1195 quc
150 1124 266 1179 Beda
288 1123 604 1179 venerabilis
645 1124 931 1196 presbyter
972 1122 1287 1180 chronicam
1316 1140 1474 1179 suam
1499 1125 1556 1179 in

60 1214 203 1285 majori
240 1214 299 1268 de
328 1214 653 1282 temporibus
701 1213 844 1269 libro
882 1214 1136 1284 perduxit
1190 1216 1558 1273 continentem

56 1306 108 1360 ab
142 1305 271 1360 initio
324 1304 507 1360 mundi
560 1305 862 1361 secundum
907 1303 1229 1363 Hebraicam
1273 1308 1556 1365 veritatém

58 1414 151 1452 ann.
176 1395 311 1451 4680.

99 1487 248 1542 Annus
268 1485 471 1542 Domini
497 1485 620 1541 725.
649 1484 1061 1545 Constantinus.

102 1577 191 1634 Huc
225 1592 384 1650 usque
427 1593 658 1650 regnum
710 1578 1104 1637 Romanorum.
1149 1578 1357 1639 Exhinc
1381 1581 1554 1639 Fran-

57 1684 216 1724 corum.

100 1777 248 1832 Annus
285 1775 494 1832 Domini
526 1777 648 1833 726.
681 1777 936 1849 Karolus,
966 1778 1183 1852 Pippini
1232 1780 1400 1851 ﬁlius,
1423 1798 1549 1839 cum

50 1867 129 1936 jam
164 1868 496 1939 principatum
563 1870 835 1942 majorum
869 1872 1066 1929 domus
1089 1873 1156 1928 12
1184 1889 1312 1929 ann.
1342 1882 1553 1931 teneret

53 1959 98 2023 ⁸⁸,
121 1967 219 2027 post
248 1960 353 2015 haec
386 1962 638 2017 eumdem
673 1962 1039 2034 principatum
1084 1973 1232 2021 tenet
1261 1967 1328 2022 15
1369 1968 1550 2035 annis,

52 2050 211 2119 regibus
226 2060 392 2107 tamen
422 2052 479 2108 in
536 2052 787 2124 Francia,
815 2056 909 2112 sed
957 2072 1125 2128 parva
1158 2057 1440 2130 dignitate,
1470 2076 1552 2115 re-

51 2142 292 2209 gnantibus.

104 2232 168 2286 15.
193 2231 465 2292 Pirminius
495 2250 567 2292 ex
594 2235 769 2309 Augia
800 2238 1013 2310 pulsus,
1058 2240 1119 2295 in
1164 2239 1425 2300 Alsatiam
1454 2259 1549 2301 ve-

52 2320 119 2378 nil.

97 2412 159 2468 l6.
183 2412 306 2471 Beda
357 2418 687 2477 venerabilis
724 2419 1025 2494 Anglorum
1054 2423 1336 2498 presbyter
1390 2426 1544 2494 obiit,
1586 2464 1599 2482 .

48 2502 183 2560 indict.
210 2506 282 2562 ﬂ.

94 2595 156 2649 17.
219 2596 434 2657 Karolus
504 2611 701 2660 contra
776 2601 1109 2664 Sarracenos
1174 2618 1389 2687 pugnat
1457 2610 1548 2668 die

47 2687 217 2743 sabbati.

95 2777 156 2832 l8.
181 2778 385 2840 Karolus
408 2783 588 2856 major
621 2785 818 2845 domus
846 2787 1091 2847 Fresiam
1121 2801 1321 2850 vastat.

102 2868 164 2923 l9.
189 2869 516 2931 Wasconiam
548 2878 768 2936 invasit.

88 2966 154 3022 22.
171 2969 330 3041 (Fred.
355 2973 537 3048 Cant.)
583 2976 879 3051 Gregorius
899 2977 968 3035 Ill
1002 2996 1139 3054 papa
1162 2982 1341 3041 claves
1358 2987 1541 3058 sepul-

43 3055 125 3111 chri
144 3064 289 3118 sancti
304 3063 442 3122 Petri
463 3077 522 3125 et
536 3068 753 3125 vincula
768 3071 1009 3143 ejusdem
1033 3090 1158 3130 cum
1180 3078 1392 3148 magnis
1417 3055 1544 3134 inn-

1741 666 1824 722 10.
1852 667 2085 727 Sanctus
2108 671 2456 731 Burchardus
2473 677 2679 747 accepit
2698 679 3075 749 pontiﬁcatum
3099 698 3245 741 anno

1663 753 1879 812 Domini
1910 758 2001 814 751
2025 759 2196 825 ;sedit
2222 761 2293 817 40
2311 778 2439 837 ann.
2461 764 2568 836 (Cf.
2595 764 2657 821 G.
2681 769 3086 841 pontt.)lisdem
3109 784 3246 831 tem-

1661 845 1887 916 poribus
1955 847 2230 921 Radgisus
2278 851 2761 927 Langobardorum
2830 877 2925 918 rex
2989 867 3244 926 similiter

1660 935 1810 994 fecit.

1734 1034 1820 1089 11.
1883 1033 2192 1095 Translatio
2211 1041 2387 1096 sancti
2428 1041 2665 1115 Kyliani.
2699 1046 3059 1110 Beatissitnus
3098 1071 3238 1128 papa

1659 1122 1953 1183 Zacharias
1996 1128 2051 1181 in
2090 1130 2383 1189 venerabili
2428 1137 2760 1205 patriarchio
2818 1141 2961 1198 beati
3022 1122 3240 1219 Georgii

1656 1217 1915 1289 martyris
1939 1230 2100 1291 caput
2140 1222 2195 1277 in
2238 1239 2403 1295 capsa
2434 1232 2773 1288 reconditum
2798 1238 3039 1307 repperit
3062 1239 3119 1294 in

1656 1308 2022 1369 thacioliteris
2061 1313 2250 1371 Grecis
2287 1327 2532 1385 exarato,
2557 1330 2612 1376 et
2635 1323 2689 1377 in
2718 1323 3018 1384 Romanam
3045 1308 3237 1388 urbem

1653 1397 1952 1452 transtulit.
1981 1397 2068 1470 (G.
2096 1401 2294 1474 pontt.)
2314 1402 2594 1462 Hiclibros
2610 1407 2951 1481 dialogorum
2977 1423 3233 1485 quatuor,

1653 1499 1795 1556 quos
1818 1487 2012 1544 beatus
2045 1487 2342 1561 Gregorius
2392 1492 2541 1563 fecit,
2583 1496 2651 1552 de
2678 1496 2875 1556 Latino
2910 1502 2967 1557 in
3001 1504 3233 1571 Grecum

1651 1581 1930 1637 transtulit
1949 1583 2245 1655 eloquium.
2262 1584 2345 1643 Ad
2367 1602 2530 1659 quem
2558 1591 2908 1653 Burchardus
2928 1596 3237 1658 Wircihur-

1650 1670 1835 1740 gensis
1854 1672 2143 1744 episcopus
2166 1683 2221 1731 et
2253 1675 2516 1735 Folradus
2536 1681 2706 1739 abbas
2752 1685 2907 1742 missi
2956 1697 3085 1745 sunt
3123 1689 3235 1747 Ro-

1650 1778 1819 1833 mam,
1853 1772 1917 1821 ut
1939 1767 2288 1826 consulerent
2316 1770 2623 1828 Romanum
2671 1778 2982 1847 pontiﬁcem
3003 1782 3071 1839 de
3110 1800 3236 1842 cau-

1651 1871 1713 1913 sa
1743 1872 1954 1928 regum,
1982 1859 2078 1929 qui
2130 1860 2226 1937 illo
2251 1869 2495 1933 tempore
2518 1864 2738 1923 fuerunt
2764 1870 2821 1925 in
2842 1869 3105 1942 Francia,
3133 1892 3234 1930 no-

1649 1963 1776 2004 men
1815 1957 2032 2006 tantum
2085 1952 2251 2025 regis,
2296 1956 2390 2010 sed
2417 1957 2623 2015 nullam
2663 1962 2866 2032 regiam
2910 1975 3231 2036 potestatem

1649 2039 1933 2097 habentes.
1976 2041 2152 2114 (Emn.
2177 2044 2343 2117 Ann.)
2365 2047 2470 2104 Per
2499 2065 2640 2121 quos
2674 2054 2966 2124 praedictus
2985 2060 3232 2130 pontifex

1649 2133 1944 2192 Zacharias
1961 2137 2258 2208 mandavit,
2286 2142 2486 2199 melius
2507 2159 2629 2201 esse
2652 2146 2804 2203 illum
2826 2151 3012 2206 vocari
3046 2170 3229 2226 regem

1647 2224 1792 2294 apud
1809 2240 1972 2295 quem
2021 2240 2237 2283 summa
2292 2234 2577 2300 potestatis
2605 2237 2960 2309 consisteret;
2994 2224 3232 2315 dataque

1646 2316 1969 2373 auctoritate
1997 2333 2121 2386 sua,
2142 2318 2432 2391 Pippinum
2452 2339 2633 2396 regem
2659 2329 2918 2386 constitui
2935 2332 3121 2402 jussit.

1715 2404 1813 2477 (H.
1838 2405 1899 2463 S.
1929 2436 2002 2448 —
2025 2407 2293 2466 ElNllARDl
2312 2413 2478 2485 Ann.)
2503 2414 2697 2474 Annus
2718 2418 2936 2477 Domini
2951 2423 3072 2480 753.
3103 2424 3231 2497 Pip-

1644 2500 1809 2570 pinus
1830 2518 1928 2574 per
1977 2506 2359 2563 auctoritatem
2392 2507 2656 2581 Stephani
2694 2519 2976 2588 papae,qui
3016 2519 3227 2576 Zacha-

1643 2591 1741 2649 riae
1757 2594 2048 2663 successit,
2077 2613 2175 2653 rex
2200 2598 2539 2658 Francorum
2563 2612 2645 2661 est
2686 2609 3008 2679 appellatus,
3038 2619 3093 2667 et
3124 2628 3229 2668 un-

1642 2688 1768 2739 ctus
1790 2698 1958 2741 manu
1993 2685 2261 2746 Bonifacii
2299 2693 2695 2767 archiepiscopi
2746 2698 3224 2773 Magontiocensis,

1644 2788 1902 2844 moreque
1935 2776 2270 2836 Francorum
2296 2782 2349 2837 in
2375 2784 2572 2840 solium
2605 2787 2846 2847 elevatus
2866 2793 3019 2865 regni
3047 2794 3102 2849 in
3147 2796 3227 2850 ci-

1642 2866 1809 2923 vitate
1842 2866 2138 2939 Suessona,
2161 2875 2406 2947 regnavit
2427 2893 2555 2933 ann.
2588 2879 2658 2936 15
2682 2882 2748 2937 ⁸⁷.

1707 2959 1759 3014 1.
1785 2958 2088 3020 Hildericus
2108 2981 2259 3035 vero,
2296 2968 2392 3039 qui
2442 2968 2583 3026 falso
2606 2973 2752 3045 regis
2781 2977 3003 3035 nomine
3023 2976 3224 3052 funge-

1642 3048 1822 3116 batur.
1850 3059 2011 3109 tonso
2037 3056 2212 3126 capite
2235 3057 2290 3112 in
2319 3062 2709 3119 monasterium
2735 3066 2940 3125 missus
2971 3078 3074 3127 est.

42 3149 205 3207 utribus
217 3154 276 3209 ad
298 3155 557 3215 Karolum
574 3160 744 3228 misit,
760 3140 826 3217 eo
846 3171 1004 3233 pacto
1027 3173 1139 3225 uta
1160 3140 1409 3238 partibus
1434 3171 1538 3225 im—
1566 3171 1611 3233 C
1719 3141 1777 3196 2⁵
1815 3140 1912 3238 (θ’
1972 3143 2057 3217 δ’)
2112 3146 2347 3208 sanans
2388 3151 2705 3214 Bonifacius
2764 3161 3221 3237 archyepiscopus

40 3244 240 3305 Maioris
276 3246 640 3320 Constantini,
685 3252 778 3325 qui
806 3253 974 3312 Leoni
1009 3260 1290 3329 successit,
1327 3265 1540 3320 recede-

40 3338 108 3383 ret.
133 3331 326 3395 Karolus
356 3341 565 3415 legatos
613 3354 666 3400 et
694 3346 1015 3418 legationem
1051 3365 1177 3406 cum
1219 3353 1426 3410 honore
1446 3371 1535 3411 re-

39 3422 153 3490 οερίίι
177 3442 378 3489 munera
410 3436 664 3505 contulit,
687 3446 849 3510 atque
875 3456 999 3497 cum
1046 3443 1164 3499 suis
1186 3446 1392 3503 nuntiis
1421 3446 1535 3503 Ro-

38 3524 140 3568 mam
159 3520 360 3579 remisit.

79 3624 146 3684 25.
167 3630 248 3699 (Η.
272 3633 352 3708 S.)
374 3636 611 3697 Karolus
651 3652 839 3700 contra
891 3643 1224 3708 Sarracenos
1252 3649 1311 3711 in
1336 3649 1532 3711 Gothia

36 3729 201 3788 pugnat.
224 3724 440 3787 Karolus
462 3730 765 3790 Saxoniam
788 3737 975 3794 intrat.
1048 3783 1052 3787 .

79 3828 145 3886 97.
175 3832 382 3897 Karolus
402 3843 584 3914 major
609 3845 804 3903 domus
830 3849 1081 3919 moritur,
1104 3851 1291 3910 indict.
1315 3853 1369 3911 8.
1399 3854 1531 3911 Gre-

34 3920 142 3984 Sorio
161 3929 311 3985 tercio
339 3935 610 3990 successit
633 3936 925 3994 Zacharias
950 3955 1109 4012 papa.

78 4034 222 4103 (πνοή.
250 4044 419 4119 Cant.)
439 4049 636 4107 Annus
656 4051 871 4109 Domini
913 4055 1033 4111 7M.
1077 4055 1358 4129 Pippinus,
1386 4061 1530 4120 illius

30 4120 178 4200 Karoli,
204 4151 314 4194 eum
345 4139 513 4199 fratre
553 4143 921 4204 Karlomanno
973 4149 1150 4222 major
1175 4151 1371 4210 domus
1397 4168 1526 4210 ann.

32 4216 88 4321 11.
134 4224 506 4295 Karlomannus
553 4238 853 4310 Austriam,
925 4216 1303 4302 Alamanniam
1365 4259 1529 4321 atque

30 4307 306 4411 "Primam
334 4333 600 4400 50mm";
635 4307 896 4405 Pippinlls
925 4336 1316 4411 Burgundiam,
1344 4307 1526 4398 Neau-

26 4404 160 4465 Slriam
172 4404 705 4487 atqueProvinciam.
736 4404 773 4428 ί

1641 3233 2048 3304 martyrizatur.

1708 3322 1761 3377 5.
1792 3324 2065 3397 Pyppinus
2089 3327 2523 3403 Langobardiam
2546 3336 2818 3398 hostiliter
2838 3346 2996 3416 petit.

1707 3415 1761 3470 4.
1796 3415 2102 3477 llaistulfus
2133 3437 2226 3479 rex
2257 3423 2740 3499 Langobardorum
2771 3415 3024 3496 moritur.

1708 3510 1760 3566 6.
1807 3510 2084 3585 Pyppinus
2135 3517 2431 3578 Saxoniam
2485 3523 2627 3584 bello
2662 3529 2815 3601 petit,
2864 3531 3212 3594 Wasconiam

1633 3599 1856 3659 invadit.

1701 3694 1788 3748 10.
1817 3693 2051 3755 Sanctus
2076 3697 2373 3761 0thmarus
2401 3704 2458 3761 in
2501 3707 2735 3768 insulam
2781 3713 2917 3772 Reni
2950 3716 3101 3777 Stein
3124 3739 3212 3778 re-

1631 3780 1841 3854 legatus
1870 3787 2024 3844 obiit.
2049 3788 2297 3864 Eclypsis
2321 3796 2455 3855 solis
2477 3797 2620 3858 facta
2642 3813 2729 3861 est
2747 3805 2813 3862 18
2862 3806 3087 3868 Kalend.
3112 3812 3210 3870 Se-

1630 3877 1892 3946 ptembris
1917 3880 2051 3937 hora
2076 3886 2233 3956 quasi
2260 3887 2313 3943 6.

1702 3970 1788 4026 ll.
1812 3970 2058 4032 lnventio
2088 3981 2282 4051 capitis
2314 3981 2578 4046 Johannis
2612 3990 2883 4064 baptista.
2930 3997 3208 4075 Pyppinus

1629 4060 1837 4133 aliquot
1857 4069 2145 4128 comitatus
2172 4073 2298 4132 ﬁliis
2318 4077 2484 4135 dedit.

1700 4152 1785 4215 12.
1818 4153 2038 4229 Hiemps
2062 4162 2239 4220 valida
2262 4164 2405 4223 facta
2432 4179 2518 4226 est
2546 4172 2651 4231 hoc
2677 4189 2842 4235 anno.

1699 4243 1786 4299 15.
1819 4244 2068 4341 Fclypsis
2103 4253 2235 4310 solis
2253 4255 2288 4311 2
2314 4253 2454 4315 Non.
2484 4259 2612 4318 Jun.
2640 4263 2776 4323 liora
2805 4270 2963 4341 quasi
2982 4274 3036 4331 6.

1810 4334 2023 4426 Corpus
2051 4345 2228 4401 sancti
2258 4345 2476 4407 Nazarii
2505 4354 2573 4410 ad
2614 4334 2929 4419 Laurissam
2977 4365 3202 4426 allatum

1625 4430 1711 4480 est
1730 4423 1797 4480 “.
1829 4424 2105 4500 Pyppinus
2129 4446 2227 4490 rex
2256 4438 2511 4510 moritur,
2546 4442 2734 4503 indict.
2760 4446 2813 4503 6.

74 4521 111 4575 1·
137 4526 216 4595 (Η.
255 4531 334 4607 S.)
384 4536 789 4601 Karlomannus
817 4542 1168 4604 Wasconiam
1193 4555 1248 4605 et
1266 4548 1525 4608 Alaman—

1694 4513 1886 4573 Annus
1914 4517 2128 4576 Domini
2183 4523 2287 4582 769
2317 4525 2381 4583 κ.
2436 4527 2667 4590 Karolus
2700 4532 2949 4612 Magnus,
2972 4536 3198 4617 Pyppini

24 4608 128 4669 “iam
148 4623 278 4688 petit.

73 4704 112 4760 ὅ.
140 4708 331 4775 initium
361 4720 650 4783 Fuldensis
675 4731 1013 4787 monasterii.

68 4817 108 4871 5ο
133 4822 912 4909 ΚιτΙοιηεηηυεηΑΙειωεηηίεω
960 4851 1159 4900 vastat.
1200 4845 1522 4906 Karloman-

22 4918 266 4983 anspaccm
301 4941 423 4983 cum
473 4928 781 4989 Saxonibus
808 4931 957 5003 facit,
1004 4933 1385 4998 Alamanniam
1436 4941 1521 4996 in-

21 5006 221 5069 Nitur.

66 5117 107 5175 9-
130 5124 280 5197 (Enna.
303 5135 468 5211 Ann.)
498 5139 900 5203 Karlomannus
943 5145 1129 5203 divino
1170 5163 1356 5205 amore
1394 5166 1517 5208 suc-

19 5216 183 5310 Eum,
207 5218 423 5281 Romam
449 5243 700 5301 pergens,
729 5249 850 5290 sese
879 5234 1154 5294 Zachariae
1176 5255 1328 5310 papae
1353 5240 1509 5295 obtu.

18 5292 216 5394 μαῖαι)
269 5330 333 5371 eo
368 5292 600 5380 clericus
642 5324 840 5394 factus,
891 5334 1288 5388 monasterium
1340 5337 1515 5392 sancti

18 5386 205 5459 Silvestri
245 5408 299 5464 in
339 5423 524 5471 monte
576 5416 801 5476 Soracte
847 5432 1193 5494 construens,
1230 5442 1290 5483 se
1324 5443 1504 5484 mona—

1625 4602 1791 4675 ﬁlius,
1826 4623 1952 4665 cum
1994 4609 2161 4671 fratre
2199 4616 2570 4681 Karlomanno
2599 4640 2727 4684 ann.
2775 4602 2831 4700 εἰ,
2883 4602 3199 4706 ἐο-

1622 4694 1710 4752 lus
1736 4697 1826 4753 42.

1691 4788 1744 4844 4.
1772 4789 1868 4862 (Η.
1890 4789 1973 4863 S.)
1995 4793 2206 4868 Corpus
2227 4804 2400 4859 sancti
2425 4803 2672 4866 0thmari
2688 4808 2752 4866 10
2771 4828 2904 4869 ann.-
2924 4815 3195 4890 ininsula,

1621 4894 1733 4950 quo
1759 4892 2009 4941 mortuus
2043 4897 2148 4955 est,
2176 4890 2555 4968 incorruptum
2596 4904 2864 4977 reperitur
2887 4913 2942 4964 et
2968 4909 3023 4965 in
3055 4911 3193 4968 basi-

1624 4970 1728 5027 lica
1752 4979 1926 5031 sancti
1944 4976 2084 5037 Galli
2106 4984 2384 5054 sepelitur.
2402 4970 2799 5055 Karlomannus
2819 5012 2915 5057 rex
2938 5003 3191 5077 moritur,

1624 5061 1792 5121 frater
1819 5067 2023 5126 Karoli.

1696 5155 1747 5247 ξ.
1778 5155 1975 5218 Karlus
2008 5162 2302 5225 Saxoniam
2330 5174 2501 5247 petiit.

1693 5245 1745 5302 6.
1778 5247 2010 5309 Italiam.

1692 5339 1743 5395 7.
1774 5341 2017 5416 Corpora
2052 5360 2367 5411 sanctorum
2400 5356 2659 5419 Gordiani
2689 5375 2745 5422 et
2786 5366 3067 5440 Epimachi
3117 5376 3187 5435 de

1620 5427 1792 5488 Roma
1827 5436 1883 5491 in
1912 5438 2292 5502 Alamanniam
2317 5452 2579 5510 translata
2606 5467 2753 5515 sunt.
2780 5427 3157 5526 KarolusiLon

1214 5558 1449 5617 VABIE
1491 5560 1893 5624 LECTIONES.

59 5620 94 5650 ’⁵⁸
111 5622 206 5680 m'
230 5633 281 5688 in
303 5654 474 5712 marg.
507 5646 631 5703 add.
645 5664 692 5703 ε.
768 5650 815 5683 "
836 5650 975 5707 XVI.
991 5669 1130 5711 corr.
1153 5653 1272 5711 XV.
1299 5672 1347 5712 c.
1423 5656 1469 5691 “
1497 5655 1637 5715 XVI.
1666 5620 1945 5724 eratante.
2025 5672 2069 5706 δ’
2092 5673 2531 5742 DCCLXXVIIII.
2557 5704 2695 5747 corr.
2721 5690 3106 5753 DCCLXVIIII.
3132 5717 3160 5753 c

61 5818 197 5888 (ηδ’)
227 5829 456 5907 Eamque
482 5872 549 5885 -—
569 5845 808 5905 liberavit
836 5850 891 5906 in
915 5849 1242 5913 Herimanno
1289 5770 1688 5929 Sangaﬁ9iltfi.
1704 5864 1974 5931 leguntur.
