3828 6308
614 292 720 347 485

1800 291 2194 348 EKKEHARDI
2234 290 2696 348 URAUGIENSIS
3726 304 3789 359 53;

615 408 888 479 gobardos
919 422 1044 464 cum
1086 405 1238 461 Italia
1259 405 1512 476 subjecit,
1537 413 1594 463 et
1630 420 1755 461 cum
1784 407 2065 476 triumpho
2084 405 2196 460 Bo-
2222 419 2267 476 Α
2366 407 2455 460 41.
2489 403 2802 481 Gotefridus
2836 401 3313 462 Nordmannorum
3335 422 3433 462 rex
3452 411 3666 488 superbe
3682 412 3790 469 liailo

615 515 765 555 mam
793 501 964 555 venit.

689 591 744 646 8.
786 591 1021 646 Karolus
1057 588 1355 644 SaxOniam
1385 587 1561 659 petiit.

691 684 745 741 9.
781 682 842 738 In
864 681 1016 737 Italia
1053 682 1376 752 Routgisum
1408 680 1629 737 occidit.

686 774 773 829 10.
800 774 999 830 lterum
1020 774 1066 805 ⁸ο
1089 772 1141 827 in
1172 773 1468 828 Saxoniam
1496 773 1692 844 pergit.

687 864 773 917 11.
812 862 1126 932 Hispaniam
1154 863 1317 931 cepit.

685 953 771 1007 12.
799 952 999 1008 lterum
1030 950 1325 1007 Saxoniam
1367 951 1552 1022 sepius
1580 950 1931 1008 rebellantem
1960 951 2186 1010 invadit.

612 1044 811 1101 Fames
832 1052 888 1099 et
911 1045 1220 1100 mortalitas
1244 1044 1535 1099 Franciam
1569 1052 1764 1100 vastat.

686 1135 772 1189 15.
799 1134 1030 1191 Karolus
1054 1135 1271 1190 tandem
1297 1133 1628 1190 Saxonicum
1651 1122 1872 1202 bellum,
1888 1134 2009 1190 ut”
2031 1144 2190 1208 puta-

610 1226 792 1293 batur,
819 1227 1086 1297 subjectis
1111 1226 1441 1294 Saxonibus,
1465 1235 1831 1282 consummat.

682 1319 770 1372 14.
818 1317 1056 1373 Karolus
1103 1318 1302 1373 iterum
1338 1316 1569 1372 Romam
1596 1317 1765 1385 venit,
1800 1325 1855 1374 et
1885 1317 2032 1376 ﬁlius
2067 1318 2189 1392 ejus

506 1454 517 1471 .
610 1408 893 1482 Pyppiuus
918 1409 1229 1479 baptizatur
1256 1409 1326 1464 ab
1352 1409 1595 1464 Adriano
1617 1424 1778 1479 papa.

683 1501 773 1555 15.
802 1499 862 1553 In
895 1499 1135 1556 Saxonia
1162 1510 1491 1557 conventum
1517 1502 1726 1556 habuit.

680 1592 767 1645 17.
783 1591 1034 1664 Hiltigart
1054 1594 1260 1665 regina,
1283 1608 1425 1650 ux0r
1444 1592 1650 1661 Karoli,
1673 1593 1810 1650 obiit
1834 1595 1868 1648 2
1890 1593 2009 1651 Kal.
2034 1594 2182 1664 Maii,

608 1691 664 1738 et
691 1683 889 1739 Berhta
917 1684 1070 1740 obiit.

2295 497 2555 552 minatur.

2363 587 2452 641 42.
2490 585 2688 642 Karlus
2725 586 2995 658 synodum
3037 602 3294 660 magnam
3326 589 3371 622 ⁵²
3411 603 3695 664 congregat

2364 678 2453 732 45.
2503 676 2750 750 Eclypsis
2791 678 2927 734 solis
2987 677 3133 735 facta
3172 689 3260 736 est
3312 681 3344 734 7
3384 681 3512 739 ldus
3556 683 3664 740 Jun.
3701 687 3789 744 hom

2291 769 2449 840 quasi
2485 769 2743 825 secunda.
2794 768 2927 824 Item
2973 771 3165 826 eodem
3207 786 3355 827 anno
3389 773 3605 845 eclipsis
3646 778 3673 831 2
3709 778 3790 834 lini.

2293 859 2419 915 Dec.
2481 859 2618 915 hora
2669 861 2827 931 quasi
2864 861 2917 916 5.
2957 860 3220 933 Pippinus
3288 877 3418 932 rex,
3476 864 3615 922 ﬁlius
3664 865 3791 937 Karli,

2232 996 2247 1011 .
2290 950 2445 1005 obiit.

2360 1042 2449 1098 44.
2478 1040 2712 1099 Karolus
2757 1030 3049 1101 thesauros
3078 1044 3135 1099 in
3175 1045 3453 1117 episcopia
3497 1054 3553 1103 et
3590 1049 3793 1106 ecclesias

2287 1133 2494 1191 dividit.
2521 1134 2773 1204 Karolus,
2802 1135 2949 1194 ﬁlius
2974 1135 3180 1204 Karoli,
3211 1138 3364 1192 obiit.

2357 1226 2446 1278 45.
2491 1223 2841 1281 Bernhardus
2863 1241 2959 1281 rex
2976 1241 3010 1281 a
3033 1224 3237 1281 Karolo
3266 1226 3501 1282 eﬂicitur
3522 1228 3586 1281 ⁸³.
3626 1227 3794 1285 Karolus

2288 1314 2439 1372 febre
2461 1323 2515 1370 et
2533 1316 2769 1386 pleuresi
2792 1316 3041 1387 pulsatus
3058 1317 3213 1386 obiit,
3232 1317 3426 1374 indict.
3448 1317 3481 1371 7
3517 1319 3551 1373 5
3587 1318 3691 1374 Kal.
3710 1321 3792 1375 Feb.

2286 1423 2433 1465 anno
2454 1407 2629 1463 aetatis
2648 1407 2734 1463 71.

2355 1498 2548 1554 Annus
2559 1498 2778 1554 Domini
2800 1498 2924 1555 815.
2937 1497 3287 1570 Ludewicus,
3302 1500 3491 1557 Karoli
3504 1499 3672 1574 Magni
3682 1502 3793 1565 ﬁlius,

2288 1604 2419 1645 ann.
2450 1590 2519 1644 26
2544 1590 2613 1645 ⁵⁵.

2358 1682 2410 1735 5.
2425 1680 2534 1737 Leo
2554 1697 2695 1752 papa
2717 1681 2869 1737 obiit.
2898 1680 3225 1741 Ludewicus
3246 1699 3280 1740 a
3300 1683 3580 1755 Stephano
3598 1700 3715 1756 papa
3731 1685 3794 1737 im-

684 1775 770 1829 18.
800 1775 1032 1831 Karolus
1062 1775 1307 1834 Saxones
1327 1776 1556 1835 rebelles
1579 1777 1736 1849 plaga
1762 1792 1960 1849 magna
1983 1778 2184 1834 occidit
2214 1777 2256 1836 Β
2284 1781 2505 1843 ρθτδεον
2532 1771 2711 1827 factus
2733 1781 2836 1829 est.

608 1874 663 1920 et
691 1866 1021 1924 christianos
1065 1866 1212 1923 fecit.

692 1957 774 2011 19.
823 1956 1068 2029 Eclypsis
1115 1957 1249 2013 solis
1287 1956 1430 2013 facta
1478 1965 1565 2014 est
1614 1957 1683 2012 15
1721 1957 1840 2012 Kal.
1876 1955 1995 2012 Oct.
2050 1958 2187 2013 hora

608 2047 767 2115 quasi
803 2047 857 2102 2.
892 2047 1125 2104 Karolus
1156 2050 1355 2105 iterum
1384 2047 1617 2103 Romam
1649 2049 1847 2120 pergit,
1894 2056 1950 2104 et
1997 2064 2186 2105 cruces

609 2138 668 2192 in
694 2140 935 2196 vestibus
961 2148 1351 2212 apparuerunt.

676 2231 765 2287 20.
790 2231 988 2288 Karlus
1011 2248 1108 2302 per
1134 2231 1515 2287 Alamanniam
1543 2230 1612 2286 ad
1634 2230 1775 2288 ﬁnes
1803 2230 2072 2307 Bajoariae
2100 2247 2187 2288 re-

607 2326 859 2382 bellantis
882 2342 1008 2381 cum
1044 2327 1285 2383 exercitu
1308 2333 1477 2380 venit.

676 2410 766 2472 21.
810 2416 1023 2473 Tassilo
1065 2417 1177 2473 dux
1232 2416 1535 2487 Bajoariaa,
1595 2415 1816 2485 iubente
1851 2413 2072 2483 Karolo,
2127 2411 2187 2473 in

606 2507 895 2564 Franciam
920 2508 1089 2576 venit,
1126 2519 1182 2563 et
1210 2507 1460 2579 Bajoaria
1490 2506 1690 2561 Karolo
1720 2506 2026 2576 subjicitur.

679 2598 770 2653 22.
820 2597 1055 2655 Karolus
1114 2597 1339 2654 Sclavos
1395 2597 1491 2667 qui
1520 2596 1684 2653 Wilci
1733 2595 1991 2653 dicuntur
2044 2598 2184 2656 bello

606 2688 761 2759 petit.

677 2780 770 2835 25.
810 2780 864 2836 4.
896 2778 1037 2837 Non.
1068 2780 1227 2837 Febr.
1260 2787 1482 2837 sanctus
1507 2778 1858 2836 Burchardus
1880 2778 2017 2836 obiit
2038 2794 2183 2835 anno

606 2872 827 2930 Domini
855 2872 977 2937 791.
1012 2872 1170 2930 Hunc
1190 2889 1396 2930 annum
1424 2873 1543 2929 sine
1570 2873 1711 2929 bello
1753 2873 1989 2931 Karolus
2023 2873 2183 2929 Wor-

604 2964 781 3021 macie
813 2965 971 3021 sedit.

676 3057 767 3111 21.
812 3055 1010 3113 Karlus
1041 3055 1379 3113 Pannoniam
1398 3097 1416 3125 ,
1470 3070 1700 3128 regnum
1742 3055 2049 3125 Hunorum,
2081 3074 2179 3113 va-

610 3154 741 3201 stat.

674 3238 767 3294 25.
802 3237 837 3293 6
885 3235 1004 3293 Kal.
1037 3235 1228 3293 Octob.
1267 3235 1658 3309 Megingaudus
1711 3236 2003 3309 episc0pns
2046 3239 2184 3294 obiit

608 3342 754 3384 anno
783 3325 1003 3382 Domini
1039 3327 1171 3394 791;
1221 3326 1362 3383 sedit
1413 3342 1543 3383 ann.
1597 3327 1662 3395 5,
1708 3343 1926 3385 menses
1956 3327 2039 3397 10,
2063 3329 2182 3386 dies

610 3420 701 3476 25.

676 3510 768 3567 26.
820 3509 1066 3567 Saxones
1107 3509 1268 3566 ﬁdem
1302 3508 1508 3568 Christi
1547 3510 1940 3584 relinquentes,
1968 3512 2165 3570 iterum

608 3600 896 3657 rebellant.
1010 3638 1013 3641 ι

678 3691 768 3747 27.
817 3691 1079 3749 Fastrada
1112 3691 1299 3764 regina
1318 3693 1473 3750 obiit.
1503 3693 1736 3752 Karolus
1756 3694 2025 3769 synodum
2058 3711 2181 3752 ma-

614 3801 779 3857 gnam
813 3793 1123 3857 congregat.

682 3875 775 3931 28.
835 3874 1068 3932 Karolus
1122 3874 1367 3935 Saxones
1398 3878 1555 3949 petit,
1614 3885 1671 3935 et
1702 3879 1929 3936 terciam
1970 3888 2182 3951 partem

608 3968 861 4023 virorum
874 3968 1093 4025 obsides
1112 3970 1338 4040 accepit.

679 4059 769 4114 50.
810 4057 951 4114 Huni
994 4076 1217 4116 munera
1250 4061 1557 4129 oﬁ‘erentes,
1598 4060 1766 4118 Karlo
1795 4061 2178 4135 subjiciuntur.

679 4148 767 4203 51.
792 4147 1080 4219 Geroldus,
1104 4149 1387 4221 piissimus
1418 4149 1644 4222 signifer
1679 4150 1886 4220 Karoli,
1919 4151 1975 4206 in
2001 4167 2182 4223 pugna

609 4239 901 4296 occiditur.

679 4329 768 4383 52.
800 4329 833 4384 6
886 4327 1008 4385 Kal.
1033 4326 1154 4386 Oct.
1184 4328 1520 4387 Bernwell‘us
1542 4330 1832 4402 episcopus
1857 4331 2020 4412 obiit;
2044 4330 2185 4386 sedit

2358 1863 2411 1918 4.
2451 1861 2734 1919 P'ascualis
2763 1876 2903 1935 papa
2937 1863 3187 1921 efﬁcitur.

2358 1957 2410 2010 5.
2441 1954 2794 2012 Bernhardus
2815 1973 2907 2012 rex
2940 1956 3231 2015 Ludewico
3262 1958 3511 2014 rebellat.

2358 2047 2410 2102 6.
2446 2044 2795 2105 Bernhardus
2824 2065 2919 2104 rex
2947 2049 3171 2106 interiit.
3214 2048 3525 2107 Luitwidus
3545 2052 3748 2107 rebellat.

2358 2138 2409 2193 7.
2434 2138 2720 2195 Exercitus
2751 2148 2941 2196 contra
2978 2140 3307 2198 Luitwidum
3334 2154 3701 2215 congregatur.
3724 2142 3728 2146 ’

2357 2231 2409 2284 8.
2439 2229 2642 2285 Iterum
2667 2232 2941 2287 exercitus
2970 2241 3162 2289 contra
3202 2235 3437 2289 eundem
3480 2246 3789 2306 congregatur.

2356 2322 2440 2376 10.
2474 2320 2577 2377 Nix
2622 2338 2821 2395 magna
2866 2340 2898 2379 a
2949 2323 3069 2381 Kal.
3114 2324 3233 2383 Oct.
3282 2343 3461 2398 usque
3501 2327 3671 2382 2Idus
3706 2327 3790 2396 Apr.

2284 2413 2607 2482 permansit.

2359 2502 2681 2560 14.‘Wetthi
2713 2503 3005 2577 Augiensis
3031 2508 3336 2585 monachus
3359 2510 3415 2566 in
3445 2510 3632 2583 spiritu
3660 2519 3795 2581 raptas

2286 2592 2668 2650 admirabilem
2702 2596 2839 2651 vidit
2859 2597 3149 2653 visionem.

2356 2685 2442 2739 16.
2474 2685 2757 2743 Pascualis
2787 2704 2926 2760 papa
2961 2690 3116 2746 obiit.

2353 2776 2440 2830 17.
2472 2775 2715 2847 Corpora
2746 2790 3059 2835 sanctorum
3091 2776 3334 2840 Valentis
3358 2793 3414 2840 et
3434 2783 3643 2841 Senesii
3663 2785 3793 2838 inali-

2282 2866 2427 2938 giam
2464 2868 2703 2924 insulam
2739 2869 3079 2927 deferuntur.

2355 2958 2442 3013 18.
2467 2959 2503 3014 2
2543 2958 2670 3016 Idus
2694 2959 2831 3017 Nov.
2864 2961 3177 3036 Woll‘gerus
3198 2965 3493 3038 episcopus
3517 2966 3679 3033 obiit;
3702 2966 3796 3021 sedit

2281 3064 2409 3103 ann.
2439 3049 2532 3117 22,
2565 3065 2784 3107 menses
2814 3052 2869 3121 6,
2905 3053 3023 3110 dies
3050 3054 3132 3109 11.

2355 3141 2442 3196 19.
2466 3140 2790 3200 Ludewicus
2811 3159 3070 3218 magnum
3088 3156 3419 3203 conventum
3467 3149 3521 3204 in
3566 3148 3798 3204 Novium:-

2282 3244 2352 3302 go
2384 3230 2430 3263 ⁸⁸
2464 3231 2676 3287 habuit.

2350 3321 2439 3376 24.
2471 3320 2633 3378 Hatto
2657 3322 2977 3383 Basiliensis
3013 3327 3306 3398 episcopus
3331 3330 3488 3386 obiit.

2348 3414 2440 3469 26.
2478 3413 2693 3472 Poutho
2729 3417 2994 3475 diaconus
3015 3421 3200 3491 palatii
3229 3422 3284 3475 in
3302 3422 3640 3491 judaismum
3664 3423 3803 3494 lapsas

2281 3516 2366 3561 est
2394 3504 2463 3561 ⁸⁸⁸.
2524 3506 2772 3580 Eclypsis
2808 3510 2938 3565 solis
2993 3509 3136 3568 facta
3170 3523 3255 3569 est
3293 3514 3330 3569 5
3372 3512 3515 3570 Non.
3570 3515 3669 3571 Mai
3710 3516 3807 3568 Imm

2282 3605 2410 3654 ante
2464 3613 2688 3656 nonam.
2745 3599 2815 3657 Et
2868 3600 3193 3661 Ludewicus
3252 3604 3551 3679 imperator
3611 3608 3727 3665 obiit
3760 3606 3807 3659 ti

2282 3690 2403 3747 Kal.
2438 3690 2548 3747 Jul.

2352 3783 2547 3841 Annus
2577 3784 2794 3841 Domini
2817 3785 2941 3844 841.
2993 3786 3340 3862 Ludewicus,
3370 3791 3646 3851 Ludewici
3684 3792 3807 3857 ﬁlim

2283 3889 2409 3929 cum
2441 3874 2701 3933 fratribus
2727 3877 3010 3947 Lothario,
3038 3879 3240 3938 Karolo
3268 3893 3323 3940 et
3352 3884 3589 3956 Pippino
3617 3902 3727 3941 ann.
3745 3884 3808 3935 36.

2356 3965 2409 4020 1.
2450 3965 2483 4020 7
2529 3965 2608 4024 ld.
2645 3968 2781 4024 Mar.
2826 3968 3159 4028 Humbertus
3187 3974 3478 4047 episc0pus
3513 3978 3669 4043 obiit;
3712 3973 3808 4030 sedit

2286 4072 2378 4112 an.
2439 4058 2528 4127 10,
2580 4075 2797 4117 menses
2822 4062 2876 4129 5,
2910 4063 3028 4120 dies
3056 4063 3110 4121 8.
3149 4064 3360 4123 Bellum
3394 4069 3540 4126 inter
3577 4068 3808 4125 ῐηιηεάε

2282 4149 2576 4219 partitione
2596 4152 2748 4224 regni
2770 4155 3083 4211 excanduit.

2352 4261 2406 4318 8.
2447 4261 2772 4322 Ludewicus
2800 4265 3172 4329 Germaniam.
3195 4269 3499 4330 Lotharius
3527 4291 3657 4331 cum
3683 4275 3808 4343 impr-

2283 4355 2485 4411 ratoris
2524 4358 2745 4413 nomine
2784 4358 3016 4429 Italiam,
3074 4363 3311 4422 Karolus
3353 4368 3587 4437 Gallias,
3637 4378 3808 4439 regni!In

611 4436 742 4531 3‘“?-
773 4422 826 4479 6ο
859 4423 1092 4527 Βοωξιῐιί
1117 4439 1316 4531 Ρθρθῐξι
1339 4424 1395 4531 il}
1418 4425 1622 4481 Ῑθῐεωίθ
1649 4426 1857 4497 maiore
1890 4434 2180 4492 θιοεεεηιν
2211 4450 2261 4513 n
2285 4446 2607 4517 dividentes,
2630 4450 2925 4522 accipiunt.
2942 4422 3132 4511 Iudith
3155 4422 3808 4531 imperatrix,:1,xorltudo

608 4522 664 4570 et
691 4513 935 4586 linguam
963 4513 1084 4584 ejus
1110 4522 1414 4585 amputant.

680 4607 769 4661 55.
803 4604 1098 4677 Luitgarda
1127 4605 1312 4675 regina
1345 4604 1481 4660 obiit
1505 4603 1541 4658 2
1566 4601 1709 4659 Non.
1736 4603 1864 4659 Jun.

679 4695 768 4750 54.
803 4693 1035 4750 Karolus
1080 4694 1349 4765 imperiali
1400 4693 1783 4750 benedictione
1826 4693 2179 4761 sublimatus,

610 4797 880 4862 angustus
908 4798 963 4845 et
991 4804 1162 4845 caesar
1184 4788 1434 4845 Romano
1462 4804 1615 4845 more
1637 4788 1961 4861 appellatur.

679 4881 768 4936 55.
795 4881 830 4936 5
870 4879 989 4935 Kal.
1013 4879 1148 4936 Mar.
1187 4879 1488 4938 Ludericus
1522 4881 1816 4952 episcopus
1841 4880 2014 4947 obiit;
2045 4880 2183 4936 sedit

610 4987 737 5025 ann.
765 4972 819 5039 5,
846 4987 1062 5028 menses
1090 4973 1143 5028 5.
1175 4971 1333 5028 Greei
1368 4988 1556 5043 pacem
1592 4988 1715 5028 cum
1744 4972 1907 5028 Karlo
1938 4972 2176 5027 ﬁrmant.

681 5063 771 5118 56.
797 5062 1149 5120 Terremotus
1171 5073 1256 5119 est
1280 5072 1334 5120 et
1353 5064 1660 5123 mortalitas
1688 5066 2001 5121 subsecuta.

683 5155 772 5209 59.
798 5153 1033 5210 Karolus
1061 5155 1340 5212 Saxonum
1362 5156 1743 5213 rebellantium
1773 5154 2179 5211 multitudinem

613 5244 669 5298 in
699 5244 987 5301 Franciam
1017 5246 1295 5304 transfert.

684 5335 772 5391 40.
819 5336 1061 5409 Eclypsis
1119 5340 1250 5395 solis
1311 5339 1454 5397 facta
1509 5349 1593 5397 est
1626 5341 1660 5395 5
1710 5338 1837 5396 Idus
1870 5337 2001 5394 Feb.
2041 5337 2176 5393 hora

614 5429 772 5497 quasi
802 5428 854 5484 6.

2282 4539 2407 4595 wici
2431 4539 2653 4610 prioris,
2685 4543 2838 4599 obiit.

2363 4650 2457 4706 14.
2481 4652 2550 4706 12
2593 4651 2713 4708 Kal.
2738 4651 2858 4710 Oct.
2883 4642 3193 4718 Gozbaldus
3214 4663 3511 4737 episcopus
3528 4667 3688 4729 obiit;
3718 4662 3808 4719 sali

2284 4755 2414 4796 ann.
2445 4742 2533 4810 15,
2557 4759 2632 4798 m.
2672 4744 2760 4813 10,
2793 4746 2850 4802 d.
2882 4748 2937 4803 8.

2358 4854 2446 4910 15.
2489 4854 2758 4914 Ecclesia
2787 4832 2966 4932 sancti
2998 4859 3217 4935 Kyliani
3247 4865 3305 4922 in
3332 4866 3652 4940 Wimiburg
3673 4868 3808 4925 tum

2287 4946 2451 5002 nibus
2469 4958 2662 5005 exusta
2690 4957 2802 5018 est;
2829 4958 2885 5008 et
2906 4950 3204 5013 Lotharius
3232 4973 3332 5014 rex
3351 4968 3642 5019 tonsuram
3666 4972 3712 5017 et
3728 4974 3808 5015 mo-

2206 5118 2211 5127 ‘
2287 5037 2575 5094 nachicum
2600 5040 2845 5097 habitum
2868 5046 3106 5116 suscepit
3132 5048 3451 5107 moriturus.
3485 5051 3587 5123 (Η.
3615 5051 3694 5122 S.)
3714 5051 3808 5106 Core

2288 5143 2391 5198 pus
2414 5131 2591 5185 sancti
2619 5130 2835 5187 Martini
2862 5134 2929 5190 de
2964 5138 3176 5194 tumulo
3206 5130 3435 5197 levatur.

2360 5245 2447 5299 17.
2481 5245 2589 5302 Leo
2613 5262 2773 5318 papa,
2801 5248 3038 5321 Trougo,
3066 5250 3346 5322 Rabanus,
3372 5254 3694 5314 Benedictus
3716 5262 3808 5325 Ml

2285 5345 2340 5393 et
2361 5336 2624 5410 Hiltegart
2644 5340 2831 5412 regina
2856 5343 3128 5399 obierunt.

2356 5428 2446 5483 20.
2489 5428 2781 5489 Lotharius
2822 5433 3115 5504 imperator
3148 5438 3303 5494 obiit.
3331 5438 3437 5494 Pro
3466 5456 3583 5511 quo
3617 5438 3808 5495 Laudes}

1951 5540 2184 5597 VARI/ﬁ
2223 5541 2626 5600 LECTIONES.

744 5634 901 5717 ῘῙΞΞ·
932 5647 982 5691 εί
1004 5638 1334 5717 δθθὲἕηέέρηδ
1367 5638 1542 5717 αηῖῖίδν
1566 5637 1705 5717 qu?“
1742 5644 1879 5690 θεῖτε
1902 5653 1954 5689 α·
1986 5634 2224 5717 ἳδλῐςξῃ,
2237 5637 2349 5717 [εἷςίὶ
2372 5638 2569 5707 nequit.
2645 5639 2687 5670 ⁶¹
2718 5640 2773 5696 in
2796 5640 2842 5697 ε.
2873 5643 2918 5683 δ’
2943 5659 3137 5717 magna
3161 5663 3210 5701 c.
3282 5648 3327 5680 ⁸³
3350 5645 3539 5703 XLVI.
3564 5665 3741 5704 erasum
3769 5660 3807 5713 ι’.

611 5703 656 5735 ³⁸
692 5704 902 5761 X'XVII.
939 5725 1045 5763 cor.
1072 5703 1276 5762 'XXW.
1311 5727 1355 5763 ι’.
1433 5711 1476 5741 ⁸⁵
1520 5703 1681 5763 novio
1710 5722 1908 5777 magno
1930 5722 1974 5759 ε.
2051 5705 2097 5737 ⁸⁸
2134 5703 2347 5762 XXVI].
2382 5703 2591 5762 erasum
2629 5727 2674 5763 c.
