3828 6308
78 361 162 418 485
858 354 1223 411 CHRONICA.
1268 385 1336 396 —
1372 349 1765 410 CHRONICON
1801 352 2397 413 WIRZIBURGENSE.
3124 392 3138 401 -
3156 364 3261 420 ιεθ

78 491 183 541 cus,
228 471 359 529 filius
410 469 526 541 ejus
549 511 565 538 ,
629 470 918 541 imperavit
961 485 1086 527 cum
1135 468 1302 526 fratre
1330 438 1590 524 Lothario
1615 470 1665 532 Α
1765 468 1817 523 9.
1860 469 2121 528 Arnolfus
2157 488 2250 529 rex
2293 472 2519 527 Romam
2554 471 2798 541 veniens,
2830 474 3125 547 imperator
3148 477 3262 534 cill-

76 583 189 639 rege.
1688 560 1852 615 citur.

126 659 201 713 22.
228 655 555 728 Meginradus
582 655 847 711 heremita
874 655 1266 713 martirixatur.
1762 653 1848 708 11.
1885 651 2078 725 Magna
2115 653 2287 711 fames
2325 654 2574 712 homines
2606 670 2668 712 se
2704 654 2937 713 invicem
2975 660 3258 715 comedere

128 750 201 804 21.
224 745 353 802 Huni
393 744 808 801 christianitatis
847 760 1043 801 nomen
1091 743 1333 817 aggressi
1367 751 1513 798 sunt.
1689 745 1983 817 persuasit.

130 836 449 919 27._‘Nycolao
466 849 601 907 pape
626 835 903 892 Adrianus
938 835 1218 892 suscessit.
1761 840 1847 894 12.
1871 838 2131 896 Arnolfus
2157 841 2451 911 imperator
2472 841 2626 897 obiit.
2662 840 2860 898 Gentes
2898 840 3253 909 Pannonicae,

125 928 198 983 28.
223 926 553 981 Terremotus
581 924 725 981 facta
752 933 857 991 est,
881 934 935 980 et
959 931 1170 980 cometa
1200 923 1318 981 visa
1342 932 1445 980 est.
1688 946 1828 1003 quas
1852 929 2121 1001 Ungarios
2148 931 2403 999 dicimus,
2433 931 2642 988 Italiam
2668 933 3085 1003 depopulantur.

124 1017 198 1071 29.
222 1014 499 1070 Lotharius
526 1030 641 1080 rex,
668 1012 837 1070 frater
884 1014 1161 1069 Ludevvici
1216 1014 1588 1086 imperatoris,
1758 1021 1952 1077 Annus
1978 1021 2195 1077 Domini
2222 1022 2346 1077 900.
2372 1022 2715 1091 Ludewicus,
2743 1024 2950 1079 Arnolli
2973 1024 3136 1092 filius,
3160 1040 3255 1080 aav

73 1105 191 1168 obiit,
214 1112 260 1158 et
286 1100 507 1158 Karolus
527 1101 825 1157 Galliarum
854 1118 948 1158 rex
977 1117 1206 1173 regnum
1234 1102 1452 1157 invasit.
1690 1110 1913 1166 modum
1935 1126 2072 1181 puer
2097 1127 2224 1167 ann,
2260 1112 2346 1166 12,

124 1195 194 1251 30.
217 1194 520 1250 Ludewicus
544 1193 835 1264 imperator
862 1193 929 1249 de
962 1193 1163 1249 solario
1194 1192 1410 1249 c‘ecidit.
1761 1200 1813 1253 1.
1848 1188 2072 1270 Ungarii
2099 1200 2407 1271 Bajoariam
2441 1202 2850 1274 ingrediuntur,
2878 1212 2935 1261 et
2961 1205 3082 1276 plus
3110 1205 3256 1259 mille

126 1288 197 1342 3|.
232 1284 537 1347 Ludewicus
591 1294 646 1342 et
697 1284 931 1343 Karolus
955 1301 1080 1341 cum
1110 1293 1264 1357 patre
1293 1285 1591 1356 pacifican-
1688 1306 1756 1347 ex
1777 1291 1856 1346 eis
1875 1292 2216 1347 occiduntur.

72 1390 153 1435 tur.
1760 1385 1814 1438 2.
1848 1372 2071 1454 Ungarii
2102 1382 2524 1440 Carenthaniam
2556 1386 2839 1457 invadunt,
2871 1397 2926 1444 et
2945 1388 3003 1445 in
3028 1390 3255 1445 sabbato

124 1476 195 1532 52.
232 1475 491 1532 Adrianus
533 1485 676 1547 papa
704 1462 859 1533 obiit.
922 1462 1285 1532 Wormatium
1340 1473 1591 1532 fulminis
1691 1476 1986 1532 commissa
2011 1492 2213 1547 pugna,
2247 1478 2589 1534 occiduntur.

73 1570 156 1625 ictu
186 1577 455 1625 crematur.
1761 1567 1815 1623 6.
1840 1565 2321 1639 Ungariiamarius
2343 1570 2684 1627 occiduntur.
2708 1569 2993 1642 Berenger,
3008 1570 3257 1644 Reginolt

123 1661 192 1715 55.
249 1659 557 1715 Ludewicus
586 1654 882 1731 imperator
921 1659 1078 1728 obiit,
1126 1669 1183 1734 e_t
1233 1659 1464 1717 Karolus
1493 1675 1589 1715 rex
1689 1664 1745 1712 et
1765 1655 1998 1712 Ger‘bart
2021 1658 2264 1729 germani
2305 1657 2501 1715 fratres
2528 1653 2866 1715 occiduntur.

72 1751 311 1807 Galliarum
332 1751 557 1807 Romam
582 1752 846 1824 pervenit.
1761 1746 1812 1801 7.
1840 1745 2029 1818 Pugna
2071 1748 2214 1804 inter
2251 1748 2622 1811 Adalbertum.
2675 1747 2898 1805 fratrem
2945 1765 3154 1817 eorum,
3201 1760 3258 1807 et

122 1845 191 1899 56.
241 1844 552 1901 Ludewicus
579 1861 674 1901 rex
703 1845 1007 1902 Germania:
1037 1842 1173 1900 obiit
1195 1832 1229 1902 Β
1279 1844 1397 1901 Kal.
1429 1836 1577 1916 Sept.
1611 1839 1660 1903 Β
1684 1838 2057 1905 Cuonradum,
2081 1837 2305 1895 fratrem
2323 1840 2595 1896 Ludcwici
2620 1841 2982 1913 imperatoris,
3006 1843 3258 1898 contini;-

73 1934 233 1990 Bellum
260 1936 306 1990 in
335 1936 596 1992 Ribuaria
646 1936 791 1993 inter
838 1936 1188 1992 Ludevvicum
1234 1944 1288 1992 et
1326 1936 1586 1994 Karolum
1688 1928 1850 1997 mur;
1878 1927 1934 1982 ίιι
1956 1944 1996 1998 (1

1736 1938 1850 1997 tur;
1878 1927 1934 1982 in
1956 1943 2064 1998 qua
2090 1926 2378 1985 Conradus
2405 1930 2694 1986 occiditur.

71 2026 385 2081 committitur.
1754 2020 1807 2075 8.
1848 2021 1884 2075 5
1942 2018 2086 2075 Non.
2120 2019 2259 2093 Aug.
2301 2021 2605 2079 Ruodolfus
2632 2023 2921 2095 episcopus
2946 2024 3256 2079 Wircibur-

120 2116 277 2173 Annus
294 2117 503 2174 Domini
527 2117 652 2173 877.
684 2116 942 2187 Karolus,
978 2118 1166 2189 junior
1212 2118 1357 2175 ﬁlius
1403 2120 1583 2176 Lude-
1683 2111 1868 2182 gensis
1893 2110 2058 2179 obiit;
2083 2112 2239 2168 sedit.
2270 2129 2399 2168 ann.
2427 2114 2515 2181 l7,
2542 2130 2615 2169 m.
2643 2114 2730 2181 12,
2752 2116 2808 2171 d.
2836 2117 2890 2170 2.
2931 2115 3257 2171 Adalhertus

70 2207 179 2275 wici,
201 2224 312 2265 cum
333 2200 593 2266 fratribus
615 2208 948 2267 Karlmanno
968 2220 1022 2266 et
1042 2210 1331 2267 Ludevvico
1350 2229 1478 2267 ann.
1494 2207 1580 2267 11.
1682 2204 1908 2274 perﬁdia
1930 2203 2181 2262 Hattonis
2200 2206 2595 2278 archiepiscopi
2617 2215 2672 2263 et
2686 2207 2969 2278 cujusdam
2986 2206 3255 2278 Luitpaldi

118 2298 160 2353 2.
182 2296 389 2357 Karolus
410 2316 507 2357 rex
537 2300 835 2357 Galliarum
871 2302 1024 2357 obiit.
1683 2296 1963 2367 deceptus,
1991 2296 2282 2353 Ludewico
2301 2298 2548 2369 jubente,
2573 2298 2890 2356 decollatur.
2923 2298 3158 2371 Bajoarii
3188 2301 3257 2354 ab

119 2391 161 2445 3.
191 2389 490 2449 Ludewicus
517 2393 741 2462 Balbus,
770 2394 914 2450 filius
944 2394 1151 2462 Karoli,
1176 2396 1330 2452 obiit.
1686 2386 1940 2460 Ungal‘iis
1968 2387 2391 2445 interﬁciuntur.

119 2470 161 2537 l.
180 2482 474 2541 Ludewicus
491 2486 710 2542 vivente
730 2485 897 2542 fralre
918 2502 1020 2542 suo
1042 2486 1371 2543 Karlmanno
1391 2486 1585 2558 Bajoa-
1752 2481 1806 2535 9.
1838 2479 2066 2552 Ungarii
2097 2480 2391 2538 Saxoniam
2412 2490 2468 2538 et
2493 2480 2812 2554 Turingiam
2832 2490 3069 2540 vastant.
3098 2481 3224 2538 Luit
3240 2511 3255 2524 -

72 2573 173 2628 riam
196 2575 491 2646 ingreditur.
536 2575 905 2634 Karlmannus
933 2578 1090 2634 obiit.
1680 2569 1879 2639 paldus
1908 2570 2198 2629 occiditur.

120 2666 160 2719 5.
182 2664 389 2724 Karolus
407 2667 602 2739 iunior
627 2683 755 2724 cum
778 2684 951 2726 uxore
973 2684 1072 2726 sua
1111 2667 1445 2742 Ribcgartha
1476 2670 1581 2725 im-
1755 2656 1843 2713 ίοο
1871 2656 2093 2729 Unsarii
2121 2658 2499 2714 Alamanniam
2521 2666 2731 2729 Ρθιιιηῑ·

75 2758 219 2823 periali
236 2759 601 2817 benedictione
636 2760 982 2817 sublimatur.
1093 2764 1103 2769 “
1753 2748 1840 2802 11.
1872 2746 1996 2805 Bell:

1753 2748 1840 2802 11.
1872 2746 2082 2805 Bellum
2106 2746 2446 2804 Francorum
2471 2762 2597 2803 cum
2618 2746 2896 2820 Ungariis.

122 2847 163 2902 6,
186 2848 481 2910 ιαάεπίοιιε
507 2867 610 2908 τοι
628 2852 988 2921 Francorum,
1012 2851 1181 2908 {mter
1203 2851 1388 2909 Kmli
1412 2853 1585 2924 impc-
1752 2838 1840 2893 12.
1872 2838 2195 2895 Ludewicus
2218 2854 2313 2894 rex
2336 2839 2586 2895 moritur.
2611 2838 2960 2896 Burchardus
2979 2838 3090 2895 dux
3115 2840 3256 2896 occi-

74 2940 246 3009 ratoris,
274 2943 416 3000 obiit.
1681 2930 1851 2986 ditur.

122 3033 409 3093 “lamus
431 3038 731 3109 imperato,
755 3037 915 3094 νίπε
946 3037 1157 3094 dimisit
1189 3054 1439 3110 regnum.
1752 3021 1944 3076 Annus
1968 3016 2186 3074 Domini
2214 3018 2337 3074 912.
2374 3012 2728 3088 Counradus,
2782 3017 2926 3075 filius
2978 3017 3253 3075 Counradi

121 3126 275 3186 Annus
307 3128 521 3187 nomini
561 3129 685 3187 333.
734 3126 1017 3200 Ατηοιίυε,
1055 3130 1200 3188 ﬁlius
1237 3131 1579 3198 Karlmanni,
1682 3113 1827 3168 illius
1848 3128 2013 3184 quem
2032 3113 2355 3169 Adalbertus
2380 3113 2842 3184 Babcnbergensis
2873 3112 3164 3181 interfecit,
3197 3114 3253 3167 in

73 3232 165 3273 ann.
188 3220 258 3276 12.
1422 3282 1427 3289 ἡ
1608 3202 1653 3265 C
1683 3220 1912 3276 regnum
1939 3205 2181 3260 elevatus
2222 3204 2467 3276 regnavit
2502 3220 2631 3259 ann.
2666 3203 2715 3259 7.

1759 3297 1809 3350 1.
1838 3293 2058 3367 Ungarii
2082 3296 2151 3351 ab
2169 3295 2488 3352 Alamannis
2509 3304 2562 3351 et
2574 3293 2839 3365 Bajoariis
2853 3294 3009 3366 juxta
3028 3293 3253 3350 ﬂuvium

123 3329 162 3428 l.
189 3329 624 3440 limlusjunior
662 3334 959 3440 imperator
975 3334 1156 3440 phil-tl
1174 3334 1578 3440 ‘Luitpe-rtoar-
1686 3329 2151 3440 1ηέᾤᾷξὲζῆξέ

70 3415 352 3494 chiepiscopo
406 3424 706 3481 Sunderolt
747 3427 1033 3482 successit.
1075 3426 1110 3480 5
1135 3424 1261 3482 ldus
1295 3424 1403 3481 Jul.
1440 3425 1575 3481 Arn.
1686 3415 1780 3440 ""7
1806 3415 2151 3489 "w'uuuw'f
2921 3477 2954 3489 ..
3120 3450 3133 3467 ·
3219 3479 3250 3490 ..

72 3506 461 3587 Wirciburgensis
505 3518 802 3587 episcopus
843 3518 898 3572 in
945 3517 1183 3573 Saxonia
1229 3518 1447 3574 occisus
1495 3526 1579 3574 est
1694 3477 2070 3587 “g'comfl‘?
2093 3477 2363 3587 νζίῖίῗηίνξ
2404 3475 2827 3587 3w“???
2846 3476 3254 3587 01199999”

543 3526 802 3589 piscopus
843 3526 898 3572 in
945 3526 1183 3573 Saxonia
1229 3526 1447 3574 occisus
1495 3526 1579 3574 est

71 3598 175 3657 ίηι..
204 3567 477 3665 magna
512 3567 1477 3667 Ignis?.25523..3€Iii.
1499 3567 1578 3667 '9:
1680 3570 2061 3667 Αιεπιεηηίεεω
2123 3570 2539 3667 aemulam
2594 3567 2756 3667 ξιειιιο
2808 3569 3254 3641 archiepiscopus

71 3648 477 3751 (.1...i.2..............
534 3648 854 3677 .-...........,
917 3648 1059 3665 σν...
1101 3648 1230 3664 .......
1272 3648 1363 3670 υ...
1403 3648 1477 3665 ....
1530 3648 1573 3677 .,
1684 3662 1938 3717 moritur.
1978 3660 1996 3714 (

1742 3662 1938 3717 oritur.
1978 3659 2079 3715 Cui
2125 3659 2347 3730 Heriger
2385 3660 2669 3717 successit.

1754 3756 1808 3810 5.
1849 3753 2107 3809 Salomon
2143 3755 2429 3826 episcopus
2470 3764 2662 3827 captus
2700 3763 2800 3810 est.
2833 3754 3057 3828 Ungarii
3082 3762 3254 3811 totam

1680 3848 2063 3904 Alamanniam
2091 3849 2213 3920 igne
2235 3858 2288 3905 et
2308 3850 2493 3920 gladio
2522 3858 2757 3906 vastant.

1752 3942 1806 3997 6.
1835 3940 2146 4013 Erclienger
2184 3942 2295 3997 dux
2321 3952 2375 3997 et
2421 3941 2731 3999 Berhtolfus
2771 3943 3013 4013 germani
3059 3941 3254 3999 fratres

1682 4034 2023 4089 decollantur
2048 4034 2115 4089 12
2158 4033 2278 4089 Kal.
2307 4034 2465 4090 Febr.
2499 4033 2711 4091 Basilea
2761 4035 2831 4091 ab
2874 4033 3129 4107 Ungariis
3159 4037 3254 4091 de-

119 4096 159 4152 6.
190 4099 460 4162 Sunoerod‘
492 4123 527 4162 a
563 4105 931 4163 Nordmannis
965 4104 1253 4161 occiditur.
1310 4102 1423 4159 Pro
1469 4118 1581 4175 quo
1683 4127 1933 4182 suum".

72 4184 206 4249 Ηλῐιο-
1755 4217 1806 4271 7.
1827 4214 2050 4287 Ungarii
2072 4231 2167 4286 per
2180 4215 2581 4282 Alamanniam,
2595 4214 2879 4283 Alsatiam,
2903 4234 3133 4289 regnum
3154 4217 3255 4272 Lo-

120 4301 160 4357 8-
190 4305 424 4370 Arnolfus
454 4312 669 4370 Italiam
722 4309 1200 4384 Burgundiamque
1250 4324 1353 4369 suo
1399 4324 1577 4382 regno
1682 4308 1847 4364 tharii
1875 4307 2521 4365 invadunt.Burchardus
2542 4308 2653 4364 dux
2676 4309 3044 4364 constituitur.
3068 4308 3253 4366 Coun-

72 4392 265 4465 subjecii,
1684 4398 1851 4455 radus
1887 4414 1982 4454 rex
2004 4397 2158 4454 obiit.

119 3805 158 3859 3.
190 3808 429 3869 Arnolfus
461 3828 565 3870 rex
602 3813 904 3870 exercitum
930 3811 1403 3869 Nordmannorum
1427 3828 1584 3884 pror-

69 3910 139 3950 sus
163 3897 353 3958 delevit.

119 3988 161 4043 1.
192 3989 466 4066 Ratispona
492 3996 750 4053 incendio
772 3996 985 4069 flagrat.

574 4579 850 4638 Liutolfus
872 4580 983 4637 dux
1014 4578 1285 4636 Saxonum.
1330 4634 1341 4645 ,

74 4659 184 4720 Brun
205 4668 301 4726 dux
325 4671 368 4745 ξι
410 4670 583 4727 Danis
622 4673 858 4729 occisus.
1111 4668 1277 4726 Ottho
1310 4669 1441 4725 dux.

846 4760 1136 4817 Hcinricus
1167 4777 1282 4816 rex.
2242 4758 2409 4816 Baba.

69 4839 298 4910 Heinricus
330 4856 437 4912 dux
473 4856 756 4928 Bajoariae.
973 4854 1139 4911 Ottho
1178 4855 1491 4926 imperator.
1711 4854 2035 4912 Adalbertus
2050 4870 2212 4927 quem
2245 4854 2567 4915 Ludcwicus
2594 4856 2895 4914 decollavit.

70 4931 299 5002 Heinricus
328 4949 435 5004 dux
471 4949 759 5021 Baioariae.
975 4945 1143 5003 Ottho
1177 4948 1498 5017 imperator.

70 5025 300 5093 Heinricus
314 5038 775 5112 Babenbergensis
972 5036 1139 5097 Ottho
1174 5039 1471 5110 imperator
1510 5038 1719 5107 absque
1757 5036 1905 5093 filiis.

70 5119 149 5177 dux
170 5124 402 5198 Bajoariaa
441 5139 629 5203 postea
671 5134 777 5186 im-

69 5226 252 5279 perator.
286 5220 451 5293 Cujus
490 5238 634 5279 uxor
658 5221 772 5278 Cu—

76 5306 223 5377 nisum
236 5315 428 5389 absque
454 5318 583 5375 filiis
604 5318 758 5376 obiit.

132 5483 283 5543 Annus
300 5488 509 5546 Domini
537 5492 660 5548 919.
703 5489 801 5563 (Π.
831 5487 1237 5562 8.)‹Ηθίητίευε
1271 5502 1456 5546 comes
1482 5506 1577 5546 rex
1610 5493 1657 5552 Ι)
1757 5491 1807 5545 7.
1856 5490 1955 5561 (Η.
2009 5489 2092 5563 8.)
2130 5488 2366 5563 Sanguis
2408 5490 2622 5549 Domini
2650 5493 2706 5550 in
2743 5492 2973 5567 Augiam
3020 5497 3255 5555 insulam

75 5571 248 5634 euectus
267 5585 499 5655 regnavit
521 5600 647 5640 ann.
676 5584 762 5638 17.
1686 5584 1849 5638 venit.

132 5665 170 5717 l.
191 5666 419 5729 Salomon
439 5677 725 5747 episcopus
759 5675 911 5733 obiit.
1758 5674 1810 5728 8.
1855 5670 2078 5742 Ungarii
2111 5680 2280 5726 totam
2322 5671 2607 5730 Franciam
2633 5717 2647 5743 ,
2686 5674 2913 5731 Galliam
2938 5719 2952 5743 ,
2989 5678 3254 5734 Alsatiam

129 5755 169 5808 l.
204 5758 409 5821 Kal-olus
437 5784 530 5822 rex
553 5767 735 5824 Gallim
756 5769 809 5823 in
835 5767 1119 5823 Franciam
1146 5766 1291 5821 venit
1687 5778 1847 5836 atque
1887 5764 2261 5821 Alamanniam
2292 5764 2472 5835 gladio
2506 5775 2559 5821 ct
2605 5767 2725 5839 igne
2772 5769 3073 5827 devastant.
3118 5770 3226 5826 Bur
