3828 6308
549 372 652 429 487
725 355 729 358 ’
1706 357 2061 413 EKKEHARI

2241 354 2606 413 AUGIENSIS
3673 357 3749 411 188

547 483 787 540 cluat-dus
816 480 921 535 dux
959 475 1242 533 occiditur.
1268 473 1598 530 Ilerimanuo
1619 471 1938 526 Alamannia
1972 487 2122 526 com-
2153 478 2196 532 Α
2294 469 2384 524 26.
2423 468 2586 524 Ottho
2620 484 2714 523 rex
2749 467 2979 522 Romam
3021 468 3277 535 veniens,
3309 467 3599 538 imperator
3623 468 3752 523 cilici-

549 576 802 631 mittitur.
2226 571 2333 616 tur.
2377 560 2604 632 Signum
2633 561 2688 615 in
2717 562 2849 616 sole.

623 667 710 721 11.
751 663 974 735 Heriger
1015 657 1454 730 archiepiscopus
1483 655 1636 712 obiit.
1674 654 1781 710 Pro
1813 669 1924 726 quo
1963 651 2124 707 Hilti-
2293 652 2383 707 27.
2428 651 2592 708 Ottho
2639 652 2936 723 imperator
2995 652 3175 707 natale
3219 650 3439 707 Domini
3479 649 3647 722 Papia
3669 669 3755 707 mo-

551 760 758 814 bertus.
2226 754 2398 801 ratur.

622 852 708 906 12.
749 848 1034 904 Heinricus
1070 862 1163 901 rex
1197 844 1474 899 Poemiam
1504 843 1657 914 petit.
2299 835 2388 890 28.
2415 834 2545 889 Item
2573 833 2736 890 Ottho
2761 835 2942 889 natale
2971 833 3190 890 Domini
3221 832 3411 889 Romae
3441 842 3685 888 moratur.

623 945 710 998 15.
741 942 807 995 17
832 940 950 994 Kal.
970 940 1098 994 Dec.
1123 937 1316 993 Thieto
1339 935 1798 1006 Wirciburgeusis
1840 933 2129 1004 cpiscopus
2301 927 2389 982 51.
2429 925 2593 982 Ottho
2626 929 2924 997 imperator
2944 927 3011 982 de
3047 917 3199 980 Italia
3235 927 3395 981 redit.

549 1035 716 1100 obiit;
769 1033 908 1088 sedit
937 1046 1067 1086 ann.
1096 1031 1199 1097 21,
1227 1046 1302 1084 m.
1332 1029 1397 1096 2,
1423 1028 1480 1084 d.
1506 1028 1593 1082 11.
1624 1025 1914 1081 Heinricus
1949 1038 2131 1095 regem
2302 1019 2392 1074 52.
2424 1018 2493 1073 Et
2518 1018 2879 1089 _Burchardus
2907 1020 3016 1074 dux
3050 1019 3108 1072 in
3150 1017 3301 1072 Italia
3354 1017 3580 1072 rebelles
3610 1018 3755 1072 castri

553 1125 939 1181 A-bodritarum
960 1134 1014 1180 et
1032 1122 1512 1178 Nordmannorum
1541 1120 1902 1175 christianum
1936 1117 2083 1173 fecit.
2233 1111 2381 1167 vicit.
2406 1110 2652 1183 Eclypsis
2676 1109 2808 1166 solis
2837 1102 2986 1165 facta
3009 1118 3110 1166 est.
3142 1111 3200 1163 11
3230 1108 3348 1163 Kal.
3380 1108 3508 1164 Dec.

627 1218 714 1271 15.
749 1215 1038 1271 Heinricus
1058 1213 1333 1286 Ungarios
1361 1213 1417 1268 in
1451 1211 1668 1267 Suirbia
1698 1209 1984 1266 interfecit.
2302 1205 2391 1260 55.
2421 1203 2650 1276 Signum
2674 1201 2949 1274 quoddam
2985 1202 3131 1274 ignei
3155 1201 3357 1257 coloris
3383 1200 3441 1255 iu
3474 1200 3608 1255 cmlo
3635 1215 3758 1270 appa-

625 1308 711 1362 16.
750 1306 1017 1378 Notingus
1055 1305 1494 1362 Constantiensis
1518 1303 1808 1375 episcopus
1844 1301 1999 1358 obiit.
2027 1298 2134 1354 Pro
2234 1296 2363 1351 ruit.

551 1415 665 1471 quo
691 1399 1037 1454 Counradus.
2303 1387 2393 1442 58.
2421 1384 2588 1442 Ottho
2621 1385 2918 1458 imperator
2936 1383 3077 1440 Non.
3113 1383 3218 1438 Mai
3244 1381 3404 1439 obiit.
3439 1381 3663 1439 Sanctus
3680 1381 3760 1437 Ou-

628 1490 714 1544 17.
753 1491 796 1520 ⁵τ
825 1486 1113 1542 Ileinricus
1143 1501 1237 1541 rex
1269 1484 1422 1540 obiit.
2234 1479 2476 1536 dalricus
2496 1477 2632 1534 obiit
2657 1492 2803 1534 anno
2835 1477 3182 1547 episcopatus
3204 1476 3290 1531 sui
3312 1474 3402 1530 50.

626 1581 818 1636 Annus
846 1578 1063 1634 Domini
1091 1578 1217 1633 957.
1248 1574 1374 1632 Otto
1400 1574 1658 1647 Magnus,
1690 1572 1928 1630 Heinrici
1956 1572 2101 1628 ﬁlius
2117 1613 2134 1640 ,
2305 1573 2498 1626 Annus
2520 1569 2738 1625 Domini
2766 1569 2894 1625 975.
2919 1567 3083 1624 Ottho
3106 1567 3401 1633 secundus,
3429 1565 3667 1621 Otthonis
3682 1565 3761 1620 Ila-

558 1691 689 1730 ann.
723 1673 811 1728 58.
2239 1664 2330 1737 gni
2353 1663 2496 1718 illius
2513 1706 2528 1730 ,
2554 1678 2683 1717 ann.
2706 1661 2761 1718 9.

631 1764 685 1817 1.
721 1759 942 1832 Ungarii
965 1755 1686 1825 Franciam,Alamanniam,
1704 1753 1931 1809 Galliam
1963 1766 2138 1822 usque
2166 1808 2211 1832 ἢ
2305 1755 2358 1811 8.
2391 1753 2554 1810 Ottho
2577 1755 2892 1825 imperator,
2920 1753 3061 1824 apud
3083 1751 3392 1808 Calabriam
3424 1751 3603 1807 occiso
3621 1766 3648 1805 ει
3666 1750 3764 1806 ρετ.

559 1859 835 1912 Oceanum
876 1863 929 1908 et
959 1851 1326 1922 Burgundiam
1364 1850 1737 1913 devastantes,
1780 1862 1878 1916 per
1923 1845 2134 1899 Italiam
2167 1839 2212 1869 ¹³
2239 1847 2320 1902 cis
2353 1846 2624 1913 exercitu,
2665 1845 2733 1901 de
2769 1844 2897 1902 navi
2926 1845 3155 1900 exiliens
3179 1885 3194 1910 ,
3234 1839 3468 1914 aufugit.
3505 1841 3654 1898 Ottho
3685 1844 3764 1897 dux

562 1949 858 2003 redierunt.
893 1943 1220 1998 Monasteria
1245 1941 1418 1997 sancti
1446 1939 1585 1995 Galli
1622 1949 1676 1994 et
1707 1938 1882 1994 sancti
1910 1935 2134 1991 Bonifa-
2237 1938 2390 1994 obiit.

561 2037 632 2090 cii
661 2042 995 2091 cremantur.
1025 2028 1287 2086 Arnolqu
1319 2027 1644 2086 Noricorum
1673 2029 1782 2084 dux
1806 2039 1858 2081 et
1891 2025 2137 2080 Roudol-
2307 2030 2360 2086 9.
2408 2030 2468 2084 11
2525 2027 2644 2083 Kal.
2697 2028 2836 2100 Aug.
2885 2027 3075 2099 junior
3118 2027 3308 2083 Pohbo
3347 2027 3765 2098 Wircihurgensis

562 2125 652 2180 fus
680 2141 773 2180 rex
795 2125 1067 2179 obierunt.
2237 2125 2526 2194 episcopus
2563 2121 2726 2188 obiit;
2768 2121 2909 2177 sedit
2951 2136 3079 2176 ann.
3123 2122 3214 2187 25,
3265 2137 3340 2175 m.
3385 2121 3450 2188 4,
3488 2120 3542 2176 d.
3570 2121 3652 2175 21.
3675 2117 3767 2172 Otto

629 2216 685 2270 2.
722 2213 1044 2281 Heinricus,
1076 2210 1244 2267 frater
1269 2209 1528 2278 ‘Ottonis,
1553 2209 1623 2266 ab
1650 2209 1965 2265 Eberhardo
1988 2223 2138 2263 com-
2238 2216 2534 2288 imperator
2585 2213 2774 2269 Romae
2819 2213 2853 2269 6
2914 2213 3042 2271 ldus
3087 2213 3213 2270 Dec.
3261 2215 3500 2270 moritur
3552 2224 3602 2269 et
3642 2230 3764 2283 sepe-

561 2307 866 2377 prehensus
895 2313 998 2360 est.
2236 2306 2387 2362 litur.

636 2399 689 2453 5.
723 2396 1046 2453 Gisilbertus
1073 2403 1127 2450 et
1144 2393 1469 2449 Adalbertus
1491 2392 1659 2450 occisi
1678 2401 1826 2460 sunt,
1855 2400 1909 2447 et
1928 2390 2138 2463 episco—
2309 2397 2501 2452 Annus
2533 2394 2751 2450 Domini
2779 2393 2904 2450 981.
2929 2392 3055 2450 Otto
3075 2394 3300 2461 tercius,
3323 2393 3768 2451 Otthonissecundi

562 2490 618 2561 pi
656 2489 712 2544 in
748 2487 931 2558 fugam
959 2495 1087 2543 sunt
1121 2487 1277 2556 lapsi.
2241 2488 2407 2557 ﬁlius,
2446 2487 2741 2543 admodum
2763 2494 2920 2557 puer,
2953 2501 3082 2542 ann.
3119 2485 3206 2542 18.

631 2580 687 2636 4.
713 2579 746 2634 8
767 2578 885 2634 Kal.
913 2593 1042 2648 Apr.
1065 2577 1253 2648 junior
1293 2575 1647 2632 Burchardus
1669 2572 2140 2644 Wircihurgensis
2307 2581 2362 2638 5.
2392 2579 2586 2635 Fames
2619 2594 2836 2649 magna.

560 2673 850 2744 episcopus
897 2671 1068 2737 obiit;
1104 2669 1241 2725 sedit
1263 2685 1391 2724 ann.
1426 2669 1489 2735 9,
1521 2683 1596 2722 m.
1629 2667 1682 2734 5,
1713 2668 1766 2723 d.
1799 2665 1888 2722 25.
1919 2665 2141 2737 Hiemps
2306 2672 2360 2728 6.
2403 2671 2438 2728 4
2489 2670 2609 2726 Kal.
2651 2669 2800 2742 Sept.
2855 2667 2978 2727 Huc
3017 2668 3485 2743 Wirciburgensis
3529 2667 3772 2741 episcopus

563 2766 744 2822 valida
767 2773 821 2821 et
847 2764 1150 2819 mortalitas
1174 2762 1492 2816 animalium
1518 2756 1682 2816 facta.
2241 2764 2416 2833 obiit;
2449 2764 2590 2820 sedit
2609 2779 2738 2818 ann.
2769 2762 2802 2818 6
2819 2805 2835 2831 ,
2867 2778 2941 2818 m.
2969 2763 3020 2832 7,
3047 2763 3100 2818 d.
3126 2762 3216 2817 28.

637 2858 691 2914 5.
727 2857 891 2913 Ottho
920 2856 1124 2912 Gallias
1146 2855 1297 2925 petit.
2312 2856 2399 2910 11.
2441 2853 2675 2910 Sanctus
2699 2853 3045 2920 Adalbertus,
3082 2853 3373 2924 episc0pus
3393 2851 3461 2908 de
3477 2851 3644 2923 Praga
3672 2849 3774 2906 civi-

636 2949 691 3005 6.
729 2948 894 3004 Ottho
915 2964 1011 3004 rex
1041 2955 1095 3002 et
1114 2946 1436 3003 Ludewicus
1464 2944 1840 3016 paciﬁcanlul‘.
2154 2949 2160 2954 ’
2245 2956 2380 3014 tate,
2415 2963 2444 3002 a
2473 2946 2667 3002 Prucis
2694 2946 2959 3018 martyrio
2987 2953 3303 3001 coronatur.
3341 2945 3409 2999 12
3433 2941 3550 2999 Kal.
3572 2941 3681 3000 Oct.
3699 2941 3775 2996 Be-

637 3042 692 3097 8.
716 3040 942 3112 Ungarii
971 3054 1097 3094 cum
1121 3038 1388 3108 Bajoariis
1409 3045 1653 3108 pugnant
1676 3044 1732 3092 et
1751 3035 2046 3090 vincuntur
2073 3032 2139 3088 ⁸⁸.
2246 3038 2567 3095 renwardus
2610 3035 3072 3109 Wirciburgensis
3127 3036 3420 3109 episcopus
3457 3036 3620 3103 obiit;
3675 3035 3780 3090 sedit

641 3133 727 3189 10.
754 3132 918 3188 Ottho
939 3147 1037 3186 rex
1070 3129 1299 3187 Galliam
1328 3128 1651 3209 ingreditur.
2173 3146 2219 3209 ο
2248 3148 2377 3189 ann.
2402 3131 2436 3186 5
2454 3173 2468 3197 ,
2492 3145 2566 3184 m.
2591 3129 2645 3198 8,
2675 3129 2730 3185 d.
2758 3129 2844 3185 19.
3040 3141 3044 3144 '

639 3226 728 3280 11.
781 3220 1091 3279 Berhtolfus
1135 3221 1514 3291 Bajoariorum
1572 3207 1684 3275 dux
1731 3217 1986 3275 moritur.
2041 3214 2148 3273 Cui
2187 3207 2216 3209 ⁷
2315 3220 2531 3293 1.1.(H.
2562 3220 2997 3293 S.)Counradus
3030 3220 3141 3276 dux
3170 3220 3324 3276 obiit.

577 3316 893 3383 Heinricus,
913 3313 1081 3369 frater
1107 3311 1380 3380 Otthonis,
1406 3312 1688 3368 successit.
2318 3314 2408 3370 18.
2439 3311 2604 3368 Ottho
2628 3313 2925 3384 imperator
2954 3312 3011 3367 in
3038 3312 3190 3368 Italia
3222 3312 3359 3367 obiit
3406 3313 3442 3368 5
3465 3307 3592 3367 Kal.
3625 3309 3778 3373 Febr;

645 3409 733 3463 15.
761 3407 1128 3462 Herimannus
1149 3405 1258 3460 dux
1278 3403 1704 3460 Alamannorum
1727 3402 1878 3459 obiit.
1911 3401 2017 3459 Pro
2038 3415 2149 3474 quo
2249 3406 2408 3477 cujus
2441 3404 2698 3460 intestina
2739 3404 3035 3477 Augustae,
3078 3405 3349 3476 reliquum
3389 3418 3596 3474 corpus

573 3499 861 3555 Luidoll‘us
878 3541 892 3566 ,
921 3497 1065 3552 ﬁlius
1091 3495 1344 3552 Otthonis
1366 3497 1529 3569 regis.
2249 3499 2401 3572 grani
2425 3498 2701 3568 sepelitur.

648 3592 736 3647 14.
761 3589 926 3646 Ottho
957 3605 1051 3645 rex
1082 3589 1291 3643 Italiam
1334 3588 1465 3660 petit
1492 3603 1722 3661 eamque
1755 3587 1863 3646 sibi
1887 3587 2148 3660 subjecit;
2316 3591 2606 3648 Heinricus
2641 3590 2753 3646 dux
2777 3588 3045 3662 Bajoariae
3071 3603 3167 3646 rex
3200 3589 3425 3648 etl‘ectus
3452 3603 3587 3644 ann.
3621 3588 3708 3651 25,
3730 3603 3782 3639 ιιι.

574 3684 942 3753 Berengerum
977 3695 1157 3751 regem
1191 3681 1413 3750 expulit.
2249 3684 2286 3740 ε
2317 3683 2382 3740 ιο,

649 3772 738 3826 15.
770 3770 1027 3841 Beringer
1056 3769 1197 3840 apud
1223 3768 1525 3840 Augustam
1554 3769 1609 3824 in
1635 3777 1906 3824 conventu
1929 3767 2154 3824 Otthoni
2320 3776 2375 3831 2.
2403 3774 2694 3832 Heinricus
2728 3790 2820 3830 rex
2854 3772 3169 3830 Heinricum
3210 3773 3590 3830 marchionem
3616 3782 3666 3829 et
3687 3770 3786 3826 alios

575 3864 648 3919 ad
675 3863 1009 3918 deditionem
1023 3863 1069 3894 ⁸⁹
1093 3863 1256 3916 venit.
1285 3861 1413 3917 Inde
1435 3877 1559 3918 cum
1577 3862 1762 3933 regina
1777 3862 2006 3932 conjuge
2035 3862 2153 3931 ejus
2252 3867 2356 3924 sibi
2379 3866 2694 3922 resistentes
2721 3880 2844 3921 cum
2875 3865 3113 3920 exercitu
3146 3865 3296 3934 petit.

577 3954 743 4010 Willa
787 3954 1008 4009 nomine
1053 3953 1119 4008 ad
1153 3953 1432 4009 castellum
1466 3953 1819 4010 Babenberch
1858 3954 2151 4022 deductus,
2322 3958 2376 4012 5.
2415 3955 2703 4012 Heinricus
2742 3972 2840 4013 rex
2870 3955 3112 4023 Italiam,
3149 3956 3432 4012 Boemiam
3469 3965 3532 4012 et
3561 3956 3786 4011 Belin

579 4054 900 4118 praesentem
921 4047 1086 4101 vitam
1108 4046 1322 4102 clausit.
1357 4045 1454 4117 (Η.
1487 4044 1570 4118 S.)
1599 4045 1807 4118 Ignitus
1837 4047 1976 4116 lapis
1995 4047 2155 4117 quasi
2254 4048 2447 4105 ducem
2473 4064 2600 4104 cum
2628 4048 2777 4104 omni
2811 4057 2968 4120 gente
2997 4046 3317 4104 Sclavorum
3340 4049 3671 4121 subjugavit.

581 4153 764 4195 massa
792 4138 1073 4194 candentis
1103 4137 1234 4193 ferri
1259 4139 1326 4194 ab
1345 4138 1624 4196 occidente
1648 4140 1880 4196 volitans
1899 4140 2077 4207 venit;
2102 4149 2158 4194 et
2322 4142 2376 4197 6.
2403 4141 2596 4213 Magna
2622 4140 2796 4196 fames
2827 4139 2969 4196 facta
2995 4149 3096 4197 est.

577 4230 745 4284 draco
771 4229 924 4284 visus
949 4237 1052 4284 est.
2321 4233 2374 4290 6.
2406 4232 2757 4306 Episc0pium
2793 4233 3108 4305 Babenberg
3133 4249 3164 4288 a
3194 4249 3318 4306 rege
3340 4232 3606 4290 Heinrico
3633 4231 3789 4290 euasti-

650 4321 738 4376 16.
761 4319 926 4376 Ottho
946 4336 1044 4376 rex
1071 4335 1182 4376 una
1207 4336 1336 4377 cum
1363 4319 1474 4378 ﬁlio
1501 4319 1710 4377 Italiam
1739 4322 1924 4390 intrat,
1960 4338 2026 4378 ac
2049 4338 2157 4377 nu-
2256 4323 2450 4390 tuitur,
2472 4330 2526 4377 et
2548 4321 2895 4378 Eberhardus
2927 4322 3002 4378 ibi
3038 4323 3327 4394 episcopus
3352 4323 3660 4379 ordinatur.

576 4411 704 4482 ptiae
731 4411 940 4481 regales
967 4409 1150 4481 Papia:
1173 4408 1328 4465 facta
1358 4419 1508 4466 sunt.
2324 4415 2376 4469 8.
2420 4413 2568 4468 Brun
2597 4413 2884 4484 episcopus
2927 4421 2983 4468 et
3027 4415 3333 4470 monachus
3364 4431 3396 4469 a
3419 4414 3620 4471 Prucis
3653 4411 3790 4469 multis

651 4501 739 4556 17.
769 4499 1041 4556 Luitolfus
1063 4501 1172 4557 dux
1203 4499 1425 4558 Otthoni
1458 4501 1570 4572 regi
1602 4501 1742 4572 patri
1779 4517 1881 4558 suo
1911 4503 2152 4559 rebellat.
2181 4494 2234 4555 1)
2261 4505 2541 4576 suppliciis
2569 4505 2820 4570 alllictus,
2857 4513 2911 4560 ct
2931 4506 3187 4562 mani-bus
3208 4506 3558 4578 pedibusque
3583 4504 3790 4562 abscisis.

577 4593 904 4648 Adalbertus
930 4606 1114 4647 comes
1138 4592 1425 4648 occiditur.
2260 4607 2538 4669 postremo
2559 4597 2734 4667 capite
2761 4597 2950 4667 plexus
2969 4639 2984 4664 ,
3013 4598 3174 4654 caelos
3202 4598 3378 4668 petiit.

654 4679 742 4734 18.
786 4677 1015 4751 Ungarii
1053 4677 1341 4748 Noricam,
1385 4680 1670 4737 Franciam
1712 4679 2032 4753 Italiamque
2064 4700 2161 4755 pe-
2331 4690 2418 4744 15.
2446 4688 2543 4761 (Η.
2577 4687 2659 4759 S.)
2689 4688 2979 4745 Heinricus
3000 4689 3188 4746 Romae
3207 4689 3474 4761 imperiali
3511 4690 3791 4748 benedictio-

579 4779 726 4832 tunt.
2262 4796 2332 4837 ne
2360 4791 2656 4837 coronatur
2679 4798 2709 4836 a
2741 4780 3033 4838 Benedicto
3061 4797 3222 4853 papa.

657 4863 743 4918 19.
776 4859 1002 4932 Ungarii
1030 4869 1200 4917 totam
1234 4861 1539 4933 Bajoariam
1570 4861 1985 4933 depopulantes,
2004 4865 2157 4935 juxta
2337 4873 2423 4931 14,
2454 4872 2656 4929 Ernest
2673 4874 2786 4930 dux
2811 4875 2869 4929 in
2900 4883 3098 4929 venatu
3129 4874 3416 4930 occiditur.

579 4954 887 5025 Augustam
907 4953 1244 5008 Alamanniae
1271 4955 1462 5009 urbem
1483 4954 1552 5010 ab
1571 4952 1806 5011 Otthone
1825 4971 1952 5028 rege
1978 4973 2159 5029 pugna
2335 4963 2420 5018 16.
2447 4964 2512 5019 18
2551 4964 2668 5020 Kal.
2696 4964 2839 5032 .Dec.
2874 4963 3166 5021 Heinricus
3211 4965 3674 5038 Wirciburgensis
3715 4962 3795 5033 epi-

584 5049 746 5115 victi‘,
774 5049 1025 5104 inmensa
1047 5050 1192 5104 caede
1221 5057 1504 5104 necantur.
2097 5115 2104 5129 ε
2261 5069 2462 5125 scopus
2491 5055 2652 5118 obiit;
2679 5055 2821 5111 sedit
2839 5067 2965 5110 ann.
2997 5056 3096 5124 25,
3130 5065 3205 5111 m‘.
3239 5056 3302 5123 5,
3329 5055 3384 5111 d.
3407 5055 3504 5111 22.

652 5140 744 5194 20.
773 5139 1044 5196 Luitolfus
1073 5141 1182 5195 dux
1209 5140 1477 5197 hostiliter
1495 5139 1707 5197 Italiam
1729 5141 1945 5204 invasit.
2326 5146 2714 5217 Megingaudus
2733 5147 3092 5206 Treverorum
3115 5148 3407 5220 episcopus
3420 5148 3583 5206 obiit.
3607 5147 3697 5204 Ρη)
3721 5159 3795 5216 qua

654 5233 746 5287 21.
783 5230 1051 5290 Luitolfus
1080 5231 1426 5288 Adalbertum
1451 5231 1594 5288 bello
1629 5232 1789 5300 vicit,
1828 5240 1886 5289 et
1919 5232 2035 5304 ipse
2062 5249 2159 5290 εο-
2261 5236 2468 5308 Poppo.

582 5324 712 5380 dem
743 5339 888 5378 anno
918 5324 1168 5378 moritur.
2335 5329 2422 5384 17.
2451 5327 2778 5400 Lantpertus
2805 5331 3093 5404 episcopus
3126 5331 3280 5390 obiit.

655 5416 746 5470 25.
771 5414 973 5469 Cruces
1003 5415 1057 5468 in
1084 5414 1324 5472 vestibus
1353 5425 1738 5488 apparuerunt.
2339 5420 2425 5475 19.
2441 5419 2766 5479 Benedictus
2784 5423 3273 5497 papa,Babenberg
3285 5429 3537 5494 veniens,
3550 5422 3796 5483 ecclesiam

657 5507 750 5562 24.
781 5506 847 5560 15
877 5505 996 5561 Kal.
1037 5505 1171 5561 Mar.
1211 5506 1395 5562 Pobbo
1432 5507 1894 5579 Wirciburgensis
1945 5508 2161 5580 episco-
2267 5513 2442 5568 sancti
2479 5513 2738 5584 Stephani
2766 5517 3052 5574 dedicavit.
3072 5515 3276 5574 Eodem
3297 5497 3796 5577 annoWereuhariES

588 5615 692 5670 pus
717 5599 886 5666 obiit;
913 5598 1050 5654 sedit
1077 5614 1206 5654 ann.
1237 5597 1328 5667 20,
1361 5615 1436 5654 m.
1468 5598 1556 5665 10,
1581 5600 1634 5655 d.
1670 5600 1757 5655 14.
2269 5603 2563 5674 Argentine
2588 5607 2877 5680 episcopus
2895 5625 3021 5668 cum
3041 5609 3365 5670 Alamannis
3386 5623 3581 5672 contra
3599 5612 3795 5680 Burgun-

1895 5689 2129 5750 VARUE
2171 5694 2574 5752 LECTIONES.

661 5783 704 5814 ³⁷
728 5781 912 5836 XVIII.
952 5799 1161 5837 erasum
1193 5799 1238 5836 c.
1318 5781 1364 5815 ⁸⁸
1387 5782 1642 5836 vicuntur
1664 5798 1709 5835 ί.
1784 5783 1828 5814 ⁵⁹
1853 5782 2056 5838 deditio
2080 5801 2125 5839 c.
2203 5786 2246 5819 ⁵⁸
2272 5787 2325 5838 in
2356 5786 2468 5839 loco
2492 5805 2610 5842 raso
2635 5805 2681 5843 ε.
