3828 6308
578 298 673 350 ml

1744 287 2140 345 EKKEIIARDI
2180 291 2646 349 UIiAUGIENSIS

3672 312 3740 367 192

578 414 892 468 Pannonias
932 411 1104 465 iratus
1138 407 1470 479 ingrediens,
1510 406 1605 460 Dei
1638 404 1852 460 favente
1879 406 2168 462 clementia
2200 412 2244 467 Α
2271 409 2405 464 inibi
2430 410 2654 477 occisis,
2703 411 2950 483 pacifice,
2979 428 3232 483 quamvis
3279 415 3465 483 iuncte,
3509 417 3565 473 ad
3596 428 3738 493 propri:

575 516 631 560 et
658 507 818 560 beato
842 502 1135 557 Oudalrico
1157 501 1418 570 episcopo
1452 499 1757 568 imperante
1775 498 1842 563 7°,
1881 498 2057 552 victor
2082 496 2168 552 fa-

575 608 719 665 ctus,
742 595 985 651 Obonem
1010 611 1133 648 cum
1162 609 1327 648 uxore
1348 601 1403 646 et
1426 591 1551 645 filiis
1573 590 1951 661 cognatisque,
1972 590 2171 659 quibus

581 692 734 744 locus
770 686 1030 743 evadendi
1076 692 1226 751 erat,
1259 683 1555 753 elfugabat.
1593 680 1818 737 Petrum
1851 682 1907 735 in
1938 697 2168 751 regnum

580 779 848 845 restituit;
882 777 1210 846 subditoque
1239 774 1342 828 sibi
1380 770 1751 843 Ungariorum
1783 786 1985 841 regno,
2020 786 2171 826 sum—

580 888 673 926 mo
719 886 842 926 cum
875 871 1086 924 honore
1121 866 1433 921 revertitur.
1477 860 1833 918 Gothefridus
1863 862 1972 916 dux
2003 859 2170 915 Lota-

580 968 787 1022 riorum
837 962 1092 1017 Ileinrico
1133 960 1247 1030 regi
1282 959 1327 989 “
1371 957 1676 1023 rebellans,
1728 955 1797 1008 ad
1836 954 2168 1008 deditionem

578 1067 838 1124 coactus,
888 1056 941 1109 in
975 1054 1209 1110 castello
1248 1049 1660 1107 Gibichenstein
1708 1046 1855 1118 (187.)
1888 1061 2062 1116 usque
2101 1046 2170 1101 ad

577 1149 797 1219 dignam
820 1145 1249 1202 satisfactionem
1289 1142 1393 1197 sub
1421 1140 1670 1197 custodia
1709 1138 2073 1208 mancipatur.

649 1241 699 1294 7.
732 1239 836 1312 (Cf.
869 1238 1045 1293 Ilsnn.
1074 1252 1125 1291 a.
1155 1234 1338 1305 1046.)
1373 1231 1663 1288 IIeinricus
1702 1248 1797 1287 rex
1838 1229 2047 1285 Italiam
2082 1229 2167 1284 iu—

578 1350 800 1407 gressus
821 1374 836 1399 ,
873 1330 1101 1402 pacifice
1129 1343 1160 1382 a
1191 1325 1458 1381 Romanis
1493 1324 1816 1393 suscipitur,
1855 1338 2026 1393 papas
2056 1328 2168 1375 tres

578 1442 690 1481 non
725 1426 889 1495 digne
922 1421 1254 1477 constitutos
1286 1418 1622 1491 synodaliter
1649 1415 1933 1485 deposuit,
1961 1423 2015 1469 et
2045 1411 2171 1467 Sui-

576 1518 835 1591 degerum
872 1513 1374 1583 Babenbcrgensem
1398 1511 1718 1581 episcopum
1746 1522 1943 1578 papam
1965 1504 2172 1560 consti—

576 1611 716 1676 tuit;
761 1608 988 1677 ipseque
1023 1614 1078 1659 et
1116 1604 1358 1674 conjunx
1395 1602 1515 1672 ejus
1550 1600 1733 1671 Agnes
1756 1599 1945 1669 regina
1973 1596 2166 1651 eadem

577 1703 666 1758 die
692 1699 961 1772 imperiali
1004 1696 1385 1752 benedictione
1419 1694 1807 1749 sublimantur.
1843 1690 2167 1761 Imperatrix

2274 520 2398 559 cum
2438 505 2766 575 imperatore
2793 507 3091 562 redierunt.

2346 600 2433 653 i-zi.
2472 599 2579 671 (Ib.
2610 617 2661 655 a.
2699 601 3057 673 1052—1055.)
3091 602 3378 660 Ileinricus
3413 606 3654 677 imperator
3678 613 3739 667 ite-
3786 584 3787 587 γ

2273 705 2395 744 rum
2422 689 2764 747 Pannoniam
2790 693 2943 761 petit,
2967 703 3022 748 et
3042 694 3219 750 inactc
3248 697 3402 763 redit,
3432 697 3605 755 habens
3622 718 3740 758 secum

2274 779 2328 832 in
2363 780 2627 835 comitatu
2663 780 2978 838 Brunonem
3010 786 3323 855 apostolicae
3357 788 3492 842 sedis
3541 794 3740 860 priesuleu

2271 880 2327 926 et
2366 873 2679 942 proximum
2720 875 2901 930 natale
2933 874 3145 932 Domini
3172 880 3373 949 pariter
3398 881 3621 937 ducentes
3640 882 3740 940 Wor-

2274 964 2475 1030 matire,
2503 967 2838 1036 apostolicus
2870 965 3103 1023 Romam
3129 972 3268 1026 redit
3292 971 3426 1026 1055
3465 990 3602 1040 anno,
3626 980 3741 1032 multis
3786 1022 3787 1025 η

2272 1073 2399 1112 eum
2435 1058 2778 1114 diversarum
2819 1063 3228 1132 provinciarum
3288 1065 3537 1119 militibus
3567 1068 3741 1138 imperiali

2269 1151 2637 1222 praeceptione
2659 1162 2712 1208 et
2737 1152 3040 1209 amicorum
3068 1157 3424 1211 subventione
3443 1160 3743 1225 comitantibus;

2270 1255 2325 1297 et
2354 1254 2477 1314 post
2498 1246 2704 1315 pascha
2728 1249 3029 1304 exercitum
3053 1250 3258 1306 ducens
3281 1266 3376 1321 per
3396 1252 3611 1322 Apuliam
3628 1266 3743 1309 contra

2270 1334 2677 1401 Nordmannos,
2699 1340 2846 1395 illius
2873 1350 3030 1397 terra:
3051 1344 3327 1413 quondam
3351 1344 3567 1400 advenas
3585 1348 3653 1401 sed
3670 1358 3746 1401 tum
3786 1356 3787 1423 j

2272 1426 2506 1484 Romani
2539 1430 2753 1501 imperii
2782 1432 3055 1500 inimicos,
3080 1435 3401 1506 infinitaque
3420 1438 3655 1509 utrobique
3670 1441 3745 1494 crde

2272 1532 2513 1592 peracta,
2552 1540 2691 1595 papa
2735 1540 2862 1581 cum
2902 1528 3091 1597 paucis
3138 1530 3355 1600 fugiens
3391 1531 3574 1602 absque
3601 1533 3745 1588 victoria

2272 1617 2600 1687 regreditur,
2631 1619 2837 1675 relictis
2865 1620 2975 1675 illic
3002 1620 3305 1677 Suevorum
3329 1639 3393 1678 ac
3410 1621 3673 1679 Noricon
3688 1628 3746 1680 mi-

2250 1707 2460 1765 litibus
2487 1710 2740 1777 obtimis;
2767 1713 2898 1768 etin
2936 1715 3070 1768 urbe
3096 1713 3473 1771 Beneventana
3496 1720 3694 1773 consedit.

579 1810 711 1851 vero
748 1794 928 1866 Agnes
956 1792 1121 1846 tiliam
1156 1789 1297 1860 apud
1336 1787 1652 1842 Ravennam
1691 1786 1900 1858 genuit.
1934 1784 2053 1880 Ipse
2076 1800 2169 1880 au-
2201 1781 2244 1840 Β
2345 1801 2431 1855 Μ,
2470 1801 2579 1873 (1b,
2623 1819 2675 1858 ρ,
2717 1805 2905 1876 1054.)
2952 1804 3086 1860 Dein
3128 1807 3420 1880 religiosus
3466 1825 3582 1880 papa
3616 1808 3743 1869 Bt'uno.

580 1899 689 1945 tem
727 1888 1021 1958 imperator
1054 1900 1153 1955 per
1198 1882 1453 1953 Apuliam
1496 1880 1808 1949 multasque
1857 1877 2170 1948 provincias

580 1982 723 2037 felici
743 1979 974 2036 victoria
997 1977 1298 2033 exercitum
1318 1974 1525 2029 ducens
1547 2014 1564 2039 ,
1602 1973 1809 2027 honore
1852 1984 2053 2041 magno
2082 1983 2170 2023 re-

567 2082 838 2235 ,νρὲηἱὲιί
863 2161 1040 2217 Hann.
1071 2176 1123 2215 a.
1154 2156 1507 2228 10-16-1017.)
1536 2155 1748 2210 Interea
1773 2152 1969 2208 Petrus
1991 2149 2171 2223 Unga-

578 2257 786 2310 riorum
812 2271 906 2308 rex
936 2270 967 2308 a
1003 2253 1241 2323 quodam
1274 2260 1507 2321 tyranno
1546 2246 1868 2301 Pannonico
1897 2252 2090 2314 captus
2114 2251 2171 2297 et

579 2358 800 2404 cecatus
822 2389 837 2413 ,
860 2347 948 2400 ille
979 2346 1075 2416 qui
1095 2360 1222 2399 eum
1249 2343 1533 2412 expulerat
1554 2355 1782 2411 regnare
1808 2338 1993 2408 coepit.
2026 2334 2168 2389 Cor-

579 2457 683 2513 pus
710 2440 886 2495 sancti
922 2437 1175 2493 Widonis
1199 2436 1265 2490 de
1307 2433 1459 2489 Italia
1488 2434 1712 2486 allatum
1738 2439 1822 2485 est
1852 2428 2068 2499 Spiram
2100 2426 2170 2508 ab

580 2535 907 2605 imperatore
930 2530 1186 2585 Hciurico
1211 2529 1244 2584 8
1272 2543 1418 2582 anno
1443 2526 1594 2597 regni
1620 2526 1740 2595 ejus
1761 2566 1776 2592 ,
1801 2523 2015 2594 imperii
2050 2520 2171 2590 ejus

579 2640 725 2682 anno
764 2625 815 2693 1,
858 2625 927 2680 ab
963 2623 1341 2679 incarnatione
1383 2619 1601 2674 Domini
1638 2633 1784 2672 anno
1827 2616 1986 2681 1047,
2025 2614 2168 2669 indi-

580 2721 728 2775 tione
754 2719 840 2774 15.
877 2716 1209 2789 Snidegerus
1233 2730 1373 2785 papa
1417 2712 1553 2767 obiit
1581 2712 1776 2766 eodem
1811 2724 1923 2781 quo
1961 2707 2171 2764 consti-

579 2813 750 2868 tuitur
773 2811 1000 2867 auno".
1028 2808 1138 2864 Pro
1161 2824 1273 2879 quo
1306 2807 1496 2878 Boppo
1516 2806 1825 2861 ordinatur.

681 2906 749 2959 9.
777 2903 975 2976 (liena.
1023 2918 1075 2957 a.
1113 2900 1471 2970 1017-1048.)
1528 2897 1655 2954 Otto
1699 2898 1811 2952 dux
1865 2897 2170 2951 Suevorum

578 2992 733 3049 obiit.
779 2992 886 3047 Pro
929 3008 1039 3063 quo
1064 2989 1192 3045 Otto
1231 2989 1299 3044 de
1345 2987 1630 3044 Suinvurti
1677 2987 1936 3043 surrexit.
1986 2986 2171 3055 Boppo

2269 1895 2362 1965 qui
2391 1903 2446 1949 et
2478 1893 2610 1962 Leo,
2642 1913 2788 1953 anno
2832 1898 3229 1957 incarnationis
3259 1900 3472 1958 Domini
3506 1904 3633 1971 105l,
3655 1909 3743 1976 regni

2270 1997 2401 2037 vero
2427 1982 2671 2040 Heinrici
2699 1987 3048 2057 imperatoris
3084 1990 3167 2057 15,
3199 1992 3437 2062 gloriose
3460 1993 3600 2048 vitam
3625 1996 3744 2053 liuiilt.

2271 2076 2517 2146 sepultus
2540 2076 2732 2133 Roma:
2765 2080 2819 2133 in
2858 2081 3107 2137 aecclesia
3143 2082 3290 2137 beati
3328 2082 3490 2139 Petri.
3527 2084 3745 2140 Counradcs

2270 2168 2383 2224 dux
2411 2169 2757 2239 Noricorum,
2787 2172 3044 2231 federatis
3074 2175 3180 2232 sibi
3212 2175 3489 2249 Ungariis,
3510 2180 3745 2250 graviterre

2270 2263 2453 2320 bellat.
2486 2263 2619 2320 Item
2652 2266 2969 2325 Baldwinus
2997 2280 3052 2326 et
3073 2269 3412 2328 Gotel’ridus.

2344 2355 2430 2410 15.
2474 2354 2645 2411 Leoni
2680 2374 2834 2429 papa:
2868 2358 3244 2429 Gebehardus,
3285 2364 3382 2435 qui
3423 2372 3475 2419 et
3496 2363 3656 2429 Victor,
3674 2381 3745 2419 suc—

2271 2447 2559 2517 cessit(an.
2575 2449 2759 2515 1055).
2773 2451 3361 2512 Adalbertusniarchio
3380 2458 3525 2513 obiit.
3537 2456 3749 2512 Fanestri.

2271 2556 2375 2611 gna
2407 2538 2531 2595 fuit.
2564 2540 2856 2599 Heinricus
2886 2544 3185 2615 imperator
3213 2545 3425 2603 Italiam
3467 2564 3575 2603 cum
3592 2549 3746 2603 exc-nitu

2271 2638 2482 2699 petens,
2507 2632 2692 2687 omnia
2709 2649 2834 2688 cum
2852 2650 2986 2705 pace
3005 2636 3303 2707 disposuit;
3329 2648 3659 2710 revertensqne
3672 2654 3748 2706 nep

2271 2731 2382 2776 tam
2415 2738 2573 2779 suam
2596 2724 2896 2781 Beatriccm
2922 2744 3109 2783 secum
3135 2730 3315 2797 duxit,
3338 2732 3545 2802 indigne
3561 2742 3749 2785 cautim-

2273 2823 2400 2870 tans
2428 2828 2648 2887 propter
2674 2820 2951 2888 quandam
2983 2821 3105 2891 ejus
3133 2823 3506 2891 insolentiam,
3533 2839 3619 2895 qua
3640 2824 3749 2875 virere

2272 2917 2633 2962 consueverat
2665 2919 2885 2965 mortuo
2914 2911 3031 2965 viro
3059 2912 3180 2981 ejus
3218 2913 3501 2970 Bonifacio
3522 2916 3645 2969 duce.
3668 2910 3749 2964 \l'cl

2272 2997 2382 3051 dux
2409 2996 2823 3055 Carintbiorum
2856 3002 3012 3057 obiit.
3049 3002 3387 3061 Counradus
3414 3006 3518 3060 dux
3551 3013 3669 3061 ante:
3688 3000 3750 3056 ﬁo

578 3101 718 3156 papa
748 3083 882 3139 obiit
908 3099 1054 3137 anno
1077 3098 1188 3152 quo
1210 3081 1580 3137 constituitur.
1610 3080 1816 3147 Bruuo,
1839 3080 1934 3151 qui
1962 3088 2017 3134 et
2038 3079 2167 3147 Leo,
2199 3129 2240 3189 ε
2275 3086 2423 3141 ricns
2474 3089 2543 3142 ab
2586 3089 2915 3160 imperatore
2955 3094 3238 3162 expulsus,
3294 3095 3353 3150 in
3406 3095 3642 3150 Pannonia
3678 3093 3752 3146 ml

580 3175 971 3231 Tolanensium
1004 3176 1256 3240 antistes,
1281 3190 1419 3244 papa
1447 3174 1753 3228 ordinatur.

652 3268 739 3324 10.
790 3269 897 3342 (Cf.
945 3269 1018 3323 ib.
1058 3284 1110 3322 a.
1142 3267 1323 3337 1019.)
1359 3265 1651 3322 Heinricus
1684 3266 1983 3337 imperator
2028 3280 2173 3320 anno

580 3363 796 3434 imperii
848 3362 935 3417 sui
984 3361 1146 3416 tertio
1193 3360 1461 3431 quasdam
1509 3368 1693 3429 partes
1738 3359 1929 3414 Gallia:
1972 3358 2173 3413 invasit

579 3463 773 3511 contra
799 3450 1140 3508 Gotefridum
1174 3461 1228 3506 et
1255 3450 1659 3516 Baldewinum;
1689 3450 1891 3522 quibus
1913 3450 1980 3505 ad
2016 3449 2173 3505 dedi-

578 3550 787 3603 tionem
834 3544 1064 3611 coactis,
1106 3552 1160 3599 et
1195 3558 1367 3614 regno
1412 3543 1498 3598 his
1540 3543 1790 3614 partibus
1842 3541 2128 3612 paciﬁcate
2153 3583 2169 3606 ,

577 3643 753 3699 victor
794 3655 921 3694 cum
974 3638 1183 3692 honore
1226 3635 1537 3691 revertitur.
1584 3634 1838 3707 Synodus
1883 3620 2171 3706 Magontiie

578 3732 833 3788 habetur.
853 3729 956 3785 Cui
969 3728 1124 3784 affuit
1146 3726 1329 3782 Bruno
1344 3726 1679 3797 apostolicus
1692 3734 1747 3781 et
1764 3722 2052 3780 Heinricns
2068 3726 2172 3780 im-

580 3831 821 3894 perator.

655 3916 743 3970 11.
782 3911 911 3986 (Ib.
954 3928 1006 3967 a.
1044 3911 1249 3983 1050.)
1306 3910 1534 3984 Ungarii
1581 3910 1778 3966 iterum
1804 3910 1852 3941 ⁷³
1882 3909 2166 3965 rebellant.

580 4012 731 4081 Quos
743 4009 1097 4066 Gebehardns
1113 4007 1406 4079 episcopus
1418 4004 1993 4076 Radisponensis,vice
2008 4003 2171 4059 Hein-

580 4103 683 4158 rici
717 4100 1066 4172 imperatoris
1086 4099 1306 4154 obviam
1330 4096 1531 4164 factus,
1556 4097 1611 4152 in
1649 4095 1835 4169 fugam
1872 4110 2170 4152 conversos

580 4209 690 4249 non
712 4192 940 4248 minima
964 4192 1097 4247 cede
1108 4190 1333 4258 afﬂixit;
1355 4191 1581 4260 insuper
1605 4189 1796 4244 urbem
1820 4188 2081 4244 marchia:
2102 4187 2166 4242 “.

579 4280 946 4338 IIeimenburc
979 4281 1226 4338 aediliciis
1246 4288 1610 4337 restauralam
1634 4280 1859 4335 militari
1882 4279 2173 4335 obsidione

578 4375 783 4433 muniri
814 4373 968 4442 fecit;
1002 4377 1117 4446 ipse
1140 4390 1357 4430 summa
1388 4390 1515 4430 cum
1540 4390 1675 4444 pace
1708 4375 2036 4446 regreditur.

653 4468 742 4523 12.
783 4466 891 4540 (Ib.
942 4483 995 4523 a.
1052 4466 1238 4558 1051.)
1282 4465 1490 4521 Bartho
1523 4467 1971 4539 archiepiscopus
2010 4468 2165 4523 obiit.
2206 4478 2246 4532 D
2274 4491 2390 4529 mes
2425 4477 2629 4533 multas
2663 4480 2977 4549 provincias
3014 4484 3225 4539 afﬂixit.
3269 4484 3500 4558 Egestas
3531 4494 3578 4539 et
3611 4476 3755 4552 penult-1

577 4560 686 4618 Pro
701 4575 811 4632 quo
829 4560 1172 4630 Luitpoldus.
1188 4557 1477 4615 Heinricus
1495 4559 1791 4629 imperator
1813 4561 2010 4616 iterum
2032 4560 2169 4615 Pan-

578 4650 805 4709 noniam
830 4649 1139 4720 ingressus,
1161 4648 1340 4703 divisa
1363 4647 1420 4702 in
1440 4649 1580 4704 duas
1603 4658 1787 4719 partes
1817 4650 2168 4705 multitudine

579 4738 843 4804 militum,
866 4735 1146 4806 utrimque
1170 4734 1449 4807 regionem
1478 4735 1654 4805 ipsam
1678 4736 1831 4792 silvis
1854 4747 1909 4793 et
1931 4738 2168 4794 maxime

581 4838 853 4896 aquarum
903 4819 1324 4877 collectionibus
1371 4820 1791 4892 circumseptam
1847 4838 2126 4893 occupans
2146 4865 2163 4892 ,

581 4910 837 4979 intravit;
866 4909 963 4966 sed
991 4908 1083 4966 illa
1119 4926 1252 4983 gens
1281 4909 1472 4965 durior
1500 4911 1696 4966 ceteris
1739 4927 1863 4967 cum
1907 4927 2033 4983 rege
2063 4929 2165 4968 suo

581 5002 772 5058 dolose
797 5011 852 5058 et
874 5003 1142 5076 ignaviter
1163 5019 1365 5077 agens,
1404 5020 1505 5060 sua
1531 5004 1738 5075 pariter
1764 5020 1889 5061 cum
1927 5007 2052 5060 aliis
2075 5006 2162 5060 di-

581 5099 787 5171 ripiens
832 5095 979 5155 fame
1012 5106 1070 5155 et
1112 5098 1203 5156 sui
1251 5098 1550 5169 multisque
1597 5097 1844 5154 cladibus
1898 5097 2162 5153 lassatum

581 5200 833 5250 nostrum
866 5190 1081 5264 fugiens
1101 5191 1148 5224 ⁷⁸
1188 5190 1380 5247 evasit.
1414 5190 1613 5248 Milites
1649 5199 1834 5246 autem
1870 5190 2164 5260 imperato-

581 5290 688 5358 ris,
729 5297 941 5347 vastata
975 5305 1172 5361 magna
1198 5298 1354 5361 parte
1380 5290 1676 5363 provincia:
1716 5292 1905 5348 multis
1939 5294 2163 5367 insuper

2278 3181 2419 3235 male
2446 3182 2700 3237 moritur.
2733 3182 2963 3239 Arnolfo
2985 3183 3233 3259 Spirensi
3258 3189 3514 3260 episcopo
3530 3185 3752 3243 Coanndui

2275 3273 2563 3328 successit.

2348 3365 2435 3420 16.
2480 3365 2849 3425 Herimannus
2901 3385 3088 3427 comes
3131 3373 3485 3431 orientalium
3520 3374 3751 3430 Fratrem

2275 3456 2410 3511 obiit
2432 3456 2465 3510 6
2498 3456 2615 3512 Kal.
2648 3458 2776 3513 Feb.
2804 3460 3014 3533 (1056.)
3043 3463 3403 3522 Gebehardus
3438 3463 3753 3537 Radist

2274 3549 2586 3620 episcopus,
2609 3553 2793 3622 magni
2819 3554 3165 3625 imperatoris
3190 3557 3437 3616 ﬂeinrici
3463 3558 3754 3631 pauuusboe

2275 3641 2346 3697 tis
2381 3644 2592 3699 occulte
2616 3644 2895 3714 pessimus
2919 3647 3322 3718 deprehensus,
3347 3654 3518 3709 victus
3541 3662 3754 3721 atqueat?

2273 3735 2434 3789 todiee
2463 3737 2827 3806 mancipatus,
2857 3739 2950 3794 sed
2982 3741 3422 3800 misericorditer
3450 3738 3755 3803 tractatusﬂi-
3786 3735 3787 3806 ἰ

2274 3826 2348 3881 lio
2398 3828 2696 3884 remittitur
2733 3839 2790 3885 et
2830 3831 2946 3888 sedi
2977 3833 3227 3903 pristinae
3265 3839 3580 3911 restituitur,
3602 3832 3755 3891 Gottin-

2273 3920 2377 3976 dus
2413 3920 2524 3976 dux
2548 3923 2617 3976 ad
2648 3922 2985 3980 deditionem
3025 3927 3195 3982 venit.
3231 3927 3368 4000 (Cf.
3407 3927 3613 3995 Bentt)
3636 3925 3753 3992 Περι

2273 4013 2434 4068 cedes
2488 4030 2519 4068 a
2584 4014 2834 4071 barbaris
2893 4018 2986 4088 qui
3038 4018 3240 4076 Luitici
3294 4023 3549 4079 dicuntur
3589 4022 3632 4076 in
3668 4015 3755 4072 ὠτία

2274 4104 2483 4160 stianos
2525 4104 2667 4161 facta
2698 4116 2811 4174 est;
2855 4125 3091 4179 quorum
3132 4112 3361 4183 quidam
3401 4114 3581 4187 gladio,
3612 4106 3754 4180 qui!“

2277 4195 2609 4271 fugientes"
2652 4199 2709 4253 in
2753 4216 2895 4270 aqua
2944 4203 3256 4273 perierunt;
3298 4207 3445 4263 inter
3486 4220 3606 4277 quos
3641 4200 3757 4255 “3119-

2276 4289 2423 4344 balm
2456 4292 2704 4347 marchio
2737 4293 3029 4351 occiditur.
3055 4294 3276 4353 Ilisdem
3315 4299 3626 4372 temporibus
3660 4290 3753 4348 multi

2277 4382 2618 4438 diversarum
2654 4386 3060 4455 provinciarum
3111 4391 3391 4463 principes
3418 4392 3668 4464 perierunt.
3694 4384 3755 4438 Γιο

2276 4567 2517 4639 undique
2545 4573 2849 4641 praevaluit.
2885 4572 3052 4630 Multa
3088 4578 3233 4632 mala
3263 4586 3397 4634 tunc
3428 4575 3650 4649 temporis
3668 4570 3755 4625 ῐκιι

2274 4669 2419 4715 sunt.
2446 4660 2735 4721 Heinricus
2775 4665 3073 4737 imperator
3100 4669 3188 4725 bis
3215 4671 3495 4726 doloribus
3528 4667 3756 4724 cordetcaus

2274 4764 2637 4823 conpunctus,
2664 4757 2931 4814 infirmari
2963 4761 3148 4831 coepit,
3179 4773 3233 4818 et
3269 4765 3554 4834 perductus
3574 4750 3756 4829 υείιιιειά

2276 4854 2540 4914 mortem;
2570 4850 2803 4920 sapienti
2847 4860 3026 4908 tamen
3068 4870 3204 4911 usus
3230 4857 3482 4922 consilio,
3507 4855 3568 4910 ab
3585 4847 3756 4906 omnibus
3786 4847 3787 4922 ξ

2272 4937 2474 5007 quibus
2520 4943 2698 5010 potuit
2746 4945 2963 5000 veniam
3005 4955 3216 5016 petens,
3271 4948 3585 5019 quibusdam
3614 4936 3787 5019 Mil;

2270 5045 2393 5100 quae
2414 5031 2642 5088 abstulit
2671 5037 2988 5104 restituens,
3010 5041 3226 5096 cunctis
3252 5041 3344 5112 qui
3367 5050 3547 5097 contra
3577 5027 3755 5093 eum“?

2269 5136 2370 5191 Pas
2419 5124 2760 5184 damnabiles
2818 5129 3067 5188 fecerunt
3115 5134 3402 5200 relaxans,
3456 5134 3607 5189 tilium
3652 5134 3787 5182 solli

2271 5211 2584 5271 IIeinricum
2624 5218 2855 5277 Romani
2898 5225 3175 5294 pontificis
3215 5235 3609 5294 ceterorumque
3636 5212 3787 5289 μηδ’)

2273 5305 2436 5361 ficum
2473 5316 2528 5363 et
2564 5311 2874 5385 principum
2902 5317 3168 5375 electione
3204 5335 3386 5393 regem
3421 5311 3677 5375 constituit.
3698 5303 3757 5360 mi
3786 5322 3787 5393 ;

1900 5386 2134 5446 νΑῐιιΑῑ
2167 5393 2571 5457 LEC'I'IONES.

654 5476 821 5548 "lege
865 5476 1214 5548 impetrante.
1319 5477 1503 5548 “rege
1527 5495 1575 5532 c.
1681 5480 1883 5535 "deest
1914 5499 1959 5537 ε.

584 5554 665 5602 ιεε
698 5564 748 5602 ε.

1319 5477 1362 5508 ⁷¹
1380 5492 1503 5548 rege
1527 5495 1575 5532 c.

2094 5487 2139 5517 ⁷³
2168 5488 2242 5546 ite
2273 5506 2320 5544 ε.

2436 5493 2483 5525 ⁷ἰ
2512 5499 2885 5559 marchionem
2917 5520 2965 5560 ε.
3088 5506 3134 5539 ⁷⁸
3160 5505 3397 5579 fnigiens
3419 5522 3468 5561 ε.

2119 5649 2345 5706 NOTAE.

650 5735 797 5810 (187)
835 5744 912 5792 ita
943 5735 1065 5793 cod.
1102 5734 1375 5795 Murensis
1406 5737 1742 5794 llerimanni.

3570 5491 3738 5566 παρίω
