3828 6308
50 363 123 421 Μ

865 327 1237 391 CHRONICA.
1274 355 1346 365 —
1381 312 1779 380 CIIRONICON
1820 302 2280 368 llNIVERSALE.
2344 326 2349 329 η

3120 286 3231 351 ιω

52 436 3193 553 Ws

238 681 1038 818 EKKEHARDI
1095 665 1930 851 CHRONICON
1977 584 2953 777 'UNIVERSALE.

451 879 498 929 id
520 882 598 928 est
620 869 922 926 abbreviatio

344 945 1002 1049 EPYTHOME
1045 930 1525 1033 EUSEBII

1568 848 2837 1032 DESEQUENTIOPERE.

1367 1147 1798 1169 ἔ

93 1329 1541 1432 (Iliam)Moysen(188—89),gentisHebraicmductorem,
1573 1322 1620 1379 A

46 1418 110 1524 qui
123 1418 293 1522 primus
305 1418 541 1517 omnium
565 1437 949 1509 prophetarum
977 1437 1101 1484 ante
1123 1425 1415 1482 adventum
1435 1418 1543 1519 Dp-

46 1509 139 1599 uiini
156 1514 417 1609 Salvatoris
430 1531 644 1587 divinas
665 1528 810 1599 leges
825 1522 998 1580 sacris
1014 1516 1208 1575 litteris
1229 1509 1540 1583 explicavit,

46 1632 177 1689 Inachi
200 1602 347 1685 fuisse
374 1622 729 1694 temporibus,
780 1611 1138 1673 eruditissimi
1172 1608 1274 1664 viri
1300 1602 1541 1661 tradide-

45 1732 149 1789 runt,
187 1737 244 1778 ex
282 1716 475 1773 nostris
526 1713 780 1769 Clemens
808 1716 862 1764 et
890 1704 1205 1767 Africanus,
1252 1714 1320 1754 ex
1353 1695 1542 1752 Judeis

44 1815 242 1885 Iosephus
285 1819 336 1866 et
376 1807 585 1872 Justus,
621 1802 829 1860 veteris
878 1796 1136 1871 hystoriae
1188 1797 1541 1848 monumenta

44 1882 307 1976 replicantes.
346 1901 514 1955 Porro
545 1896 780 1952 Inachus
818 1890 1132 1965 Quingentis
1156 1885 1318 1944 annis
1345 1882 1545 1952 Troja-

45 2013 134 2051 num
153 1996 320 2051 bellum
347 1991 637 2048 antecedit.
682 1988 762 2043 Ex
790 1984 1025 2042 ethnicis
1055 1997 1185 2037 vero
1220 1978 1426 2050 impius
1453 1976 1543 2031 ille

43 2086 284 2158 Porphirius
305 2086 354 2140 in
374 2092 570 2156 quarto
592 2082 677 2137 sui
697 2079 881 2151 Operis
902 2077 1062 2143 libro,
1085 2073 1229 2145 quod
1250 2072 1542 2128 adversum

43 2196 110 2235 nos
133 2195 260 2235 casso
282 2179 456 2233 labore
476 2174 781 2240 contexuit,
810 2179 933 2242 post
977 2168 1198 2240 Moysen
1224 2162 1543 2221 Semirami-

43 2271 126 2327 dem
160 2271 304 2328 fuisse
333 2271 583 2336 allirmat,
620 2283 743 2339 qua:
782 2264 927 2337 apud
965 2261 1223 2333 Assyrios
1261 2265 1387 2314 ante
1420 2255 1545 2310 Ina—
1580 2284 1585 2289 ι

42 2364 157 2418 cltum
194 2364 414 2435 regnavit
447 2376 629 2417 annos
673 2357 795 2415 150.
838 2356 1027 2426 Itaque
1058 2353 1215 2424 juxta
1263 2364 1390 2406 eum
1436 2346 1542 2402 800

42 2471 134 2525 pene
157 2465 201 2512 et
220 2456 281 2512 50
303 2457 454 2511 annis
482 2453 728 2525 Trojano
756 2451 896 2506 bello
923 2448 1137 2520 Moyses
1167 2444 1353 2501 senior
1392 2443 1543 2496 inve-

42 2549 158 2604 nitur.
199 2549 320 2605 Cum
355 2550 468 2605 haec
491 2548 571 2604 ita
606 2562 666 2602 se
692 2546 951 2610 habeant,
996 2536 1369 2596 necessarium
1410 2532 1541 2590 duxi

44 2643 249 2698 veritatem
276 2642 583 2714 diligentius
603 2637 881 2715 persequi,
902 2644 958 2692 et
976 2643 1224 2703 tempora
1246 2644 1540 2702 regnorum

42 2745 243 2792 contrase
274 2736 495 2792 invicem
546 2748 770 2805 ponere,
817 2747 882 2787 ac
914 2729 1254 2800 singularum
1298 2724 1540 2796 gentium

42 2840 163 2883 annos
179 2828 517 2895 dinumerare,
548 2836 607 2881 ut
628 2826 760 2897 quid
788 2823 988 2893 cuique
1015 2828 1350 2876 coaetaneum
1378 2815 1544 2871 fuerit

42 2920 198 2974 curioso
219 2921 475 2990 possimus
500 2919 698 2976 ordine
720 2927 933 2972 notare.
964 2912 1155 2984 Neque
1179 2925 1268 2967 me
1291 2908 1448 2980 fugit,
1485 2907 1542 2961 in

43 3007 203 3068 Hebreis
226 3014 485 3091 codicibus
520 3013 780 3071 dissonos
819 3016 1044 3066 aetatum
1073 3021 1247 3061 annos
1286 3000 1540 3067 inveniri,

41 3101 205 3173 plusque
239 3105 313 3161 vel
354 3106 559 3172 minus,
596 3110 758 3174 prout
793 3098 1184 3171 interpretibus
1225 3095 1404 3151 visum
1436 3099 1542 3157 est,

43 3196 224 3265 lectitari,
244 3199 681 3270 sequendumque
708 3197 844 3252 illud
872 3195 1056 3266 potius
1088 3192 1236 3264 quod
1263 3188 1544 3259 exempla-

41 3285 188 3344 riorum
212 3291 481 3348 multitudo
506 3292 565 3345 in
589 3291 750 3345 Iidem
776 3289 961 3345 traxit.

88 3386 241 3445 Verum
282 3402 574 3464 utcumque
618 3392 745 3463 quis
784 3390 929 3446 volet
960 3395 1258 3459 computet,
1290 3385 1543 3457 reperiet,

41 3476 170 3535 Inachi
204 3486 552 3555 temporibus,
601 3498 765 3555 quem
817 3483 1056 3553 primum
1091 3480 1251 3551 Argis
1287 3493 1547 3550 regnasse

41 3570 162 3641 aiunt,
187 3578 533 3647 patriarcham
569 3576 909 3632 Hebreorum
952 3574 1126 3630 fuisse
1160 3573 1477 3640 lsrahelem,
1513 3586 1545 3626 a

40 3678 114 3734 quo
152 3668 207 3723 η
254 3671 417 3727 tribus
464 3671 728 3729 Israhelis
782 3669 1108 3726 vocabulum
1150 3669 1542 3724 sortitte'sunt.

43 3754 374 3820 Semiramidem
423 3774 611 3821 autem
673 3774 727 3821 et
777 3763 1055 3818 Abraham
1107 3761 1548 3832 contemporales

40 3845 161 3907 fuisse
196 3856 527 3915 manifestum
571 3858 675 3915 est.
723 3856 1143 3929 NamiMoyses,‘
1186 3844 1315 3912 licet
1357 3856 1550 3928 junior

41 3947 294 4010 supradictis
320 3952 407 4018 sit,
429 3951 690 4008 omnibus
716 3960 899 4007 tamen
921 3954 1062 4022 quos
1089 3950 1248 4006 Greci
1279 3950 1550 4021 antiquis-

40 4033 159 4091 simos
177 4049 345 4109 putant
379 4045 568 4100 senior
605 4045 1043 4115 deprehenditur,
1082 4042 1317 4099 Homero
1342 4043 1549 4099 scilicet

40 4132 75 4176 et
114 4126 308 4188 Hesiodo
355 4134 706 4207 Trojanoque
744 4137 906 4204 bello,
960 4152 1024 4193 ac
1071 4137 1245 4192 multo
1293 4135 1547 4206 superius

41 4213 222 4291 “aeole,
246 4225 443 4297 Museo,
482 4230 644 4298 Lino,
665 4230 922 4299 Chirone,
956 4224 1199 4301 Orpheo,
1231 4228 1461 4286 Castore
1484 4245 1549 4286 ac

40 4305 212 4383 Polluce,
248 4319 505 4390 Apolline,
554 4322 869 4393 Esculapio,
918 4322 1135 4390 Libero,
1182 4318 1454 4378 Mercurio
1494 4331 1551 4379 et

40 4410 179 4466 ceteris
210 4412 305 4472 diis
336 4419 581 4489 gentium
624 4419 910 4489 sacrisque
958 4418 1044 4474 vel
1090 4419 1328 4487 vatibus,
1375 4419 1550 4489 ipsius

43 4506 198 4569 tuoque
218 4504 355 4564 Iovis
374 4512 563 4581 gestis,
594 4527 757 4582 quem
789 4510 981 4567 Grecia
1008 4512 1062 4566 in
1098 4527 1222 4567 arce
1249 4511 1548 4567 divinitatis

40 4589 272 4692 Collocavit.
299 4598 427 4670 Hos,
455 4604 704 4675 inquam,
734 4619 925 4660 omnes
946 4619 1086 4675 quos
1106 4604 1548 4660 enumeravimus

40 4688 157 4784 fliam
173 4700 279 4758 post
295 4692 587 4767 Cecropem
610 4696 781 4753 Dilien
805 4697 871 4764 δι,
885 4697 1122 4767 primum
1137 4698 1329 4753 Attica:
1343 4713 1546 4770 regem,

38 4769 160 4833 fuisse
192 4787 576 4856 convincimus,
603 4789 900 4859 Cecropem
928 4796 1111 4844 autem
1151 4788 1322 4862 Moysi
1354 4769 1553 4846 coaeta-

41 4879 155 4969 [ιςιιω
178 4874 407 4946 hysteria:
436 4883 735 4942 ostendunt
770 4891 824 4938 et
861 4889 986 4938 ante
1017 4880 1318 4952 Troianum
1348 4881 1552 4938 bellum

41 4952 163 5016 fuisse
202 4971 347 5026 annis
396 4972 524 5029 550.
570 4973 728 5042 Quod
783 4989 852 5029 ne
888 4974 979 5030 cui
1017 4974 1246 5030 dubium
1282 4974 1553 5042 videatur,

40 5061 215 5119 s“luens
245 5064 377 5120 ratio
419 5067 499 5122 sic
549 5067 820 5137 probabit.
858 5066 1289 5139 Quadragesimo
1314 5068 1554 5125 secundo

41 5152 143 5198 anno
170 5148 361 5222 imperii
383 5157 612 5228 Augusti
634 5158 890 5215 Christus
916 5168 1076 5215 natus
1097 5167 1201 5227 est,
1251 5159 1319 5215 15
1339 5158 1555 5231 Tyberii

45 5242 144 5289 \nno
167 5245 418 5308 predicare
443 5264 605 5304 orsus
645 5260 747 5306 est.
801 5250 859 5305 Si
885 5252 1011 5322 quis
1056 5251 1224 5323 igitur
1250 5259 1554 5307 retrorsum

1576 2668 1616 2729 Β

1645 1314 1971 1386 computans
1998 1320 2269 1383 annorum
2302 1315 2614 1368 numerum,
2649 1299 2880 1355 alterum
2914 1297 3063 1353 Darii
3092 1296 3235 1370 regis

1643 1384 1935 1460 Persarum
1965 1404 2160 1469 querat
2180 1407 2408 1459 annum,
2435 1390 2539 1447 sub
2566 1404 2677 1461 quo
2700 1388 2959 1458 templum
2987 1384 3238 1442 Hieroso-

1644 1495 1900 1549 Iimorum
1928 1531 1943 1557 ,
1992 1486 2141 1559 quod
2194 1501 2226 1540 a
2278 1482 2595 1556 Babyloniis
2640 1479 2975 1535 destructum
3039 1476 3235 1545 fuerat,

1642 1585 2012 1640 instauratum
2050 1584 2175 1644 est,
2225 1574 2457 1646 reperiet
2502 1588 2535 1627 a
2582 1570 2801 1644 Tyberii
2841 1570 2911 1625 15
2960 1583 3135 1640 usque
3169 1568 3239 1623 ad

1644 1675 1868 1731 Darium
1904 1686 2079 1727 annos
2127 1666 2253 1725 540.
2305 1664 2454 1737 (190)
2505 1662 2660 1719 Darii
2714 1661 2916 1733 quippe
2966 1659 3238 1716 secundus

1642 1785 1822 1827 annus
1869 1764 2224 1838 sexagesima:
2273 1763 2478 1834 quinta!
2515 1758 2826 1831 olimpiadis
2880 1773 3025 1814 anno
3062 1758 3237 1829 primo
3274 1764 3303 1781 ’

1643 1862 1766 1931 fuit,
1820 1870 1875 1917 et
1921 1857 2141 1932 Tyberii
2192 1856 2362 1911 15m“!
2422 1854 2479 1908 in
2520 1852 2621 1907 201
2668 1850 2982 1921 olimpiadis
3033 1864 3239 1904 annum

1642 1950 1900 2026 quartum
1958 1947 2208 2005 incurrit.
2266 1944 2434 2000 Fiunt
2500 1958 2632 2015 ergo
2696 1943 2839 1998 inter
2896 1939 3122 1995 Darium
3187 1945 3243 1995 et

1644 2042 1863 2116 Tyberii
1903 2041 2092 2096 15mum
2122 2050 2328 2094 annum
2381 2033 2704 2105 olimpiades
2750 2031 2875 2099 156,
2931 2032 3064 2087 anni
3111 2031 3238 2097 546,

1642 2132 2009 2207 quadriennio
2054 2131 2113 2185 in
2164 2144 2274 2184 una
2327 2126 2621 2198 olimpiade
2668 2126 2983 2196 subputato.
3038 2122 3242 2179 Deinde

1644 2227 1885 2283 secundo
1947 2222 2098 2291 Darii
2171 2235 2319 2277 anno
2393 2217 2832 2291 septuagesimus
2888 2212 3242 2274 desolationis

1642 2317 1831 2389 templi
1887 2330 2066 2372 annus
2122 2313 2390 2384 expletur,
2450 2326 2480 2366 a
2531 2326 2640 2382 quo
2689 2325 2865 2381 usque
2894 2308 2963 2365 ad
3006 2309 3242 2381 primam

1632 2411 1994 2482 ‘olimpiadem
2024 2415 2329 2464 retrorsum
2375 2412 2738 2462 numerantur
2781 2403 3105 2474 olimpiades
3148 2400 3239 2469 64,

1644 2500 1925 2567 anni256,
1961 2498 2057 2569 qui
2087 2497 2341 2553 similiter
2386 2496 2756 2566 subputantur
2798 2509 2831 2549 a
2883 2508 3051 2563 supra
3096 2491 3243 2547 dicto

1643 2591 2000 2651 desolationis
2025 2591 2213 2661 templi
2244 2603 2389 2644 anno
2413 2602 2589 2658 usque
2618 2582 2685 2642 ad
2732 2585 2803 2642 49
2853 2600 3060 2641 annum
3096 2581 3243 2639 Ozia:

1645 2686 1790 2758 regis
1829 2681 2316 2757 Judaeorumhsub
2358 2695 2470 2751 quo
2507 2678 2704 2735 Ysaias
2744 2685 2800 2733 et
2835 2674 2975 2734 Osee
2997 2676 3238 2732 fuerunt.
3288 2720 3293 2723 .

1642 2778 1829 2849 Itaque
1854 2775 2031 2846 prima
2064 2773 2315 2845 olimpias
2345 2771 2401 2827 in
2450 2770 2630 2826 Ysaia:
2672 2777 2726 2825 et
2773 2770 3109 2840 reliquorum
3145 2767 3240 2840 qui

1643 2885 1769 2927 cum
1800 2883 1865 2923 eo
1895 2867 2361 2939 prophetaverunt
2387 2862 2620 2919 incurrit
2643 2869 2879 2917 anatem.
2918 2859 3160 2916 Rursum
3195 2860 3244 2915 si

1643 2979 1675 3018 a
1712 2963 1890 3034 prima
1919 2957 2211 3029 olimpiade
2257 2957 2325 3012 ad
2375 2954 2663 3026 superiora
2692 2961 2939 3024 tempora
2976 2959 3032 3009 et
3069 2966 3244 3022 usque

1644 3054 1713 3111 ad
1753 3053 2124 3125 captivitatem
2171 3047 2352 3119 Troja:
2401 3045 2754 3118 proveharis,
2786 3042 3030 3099 invenies
3070 3058 3243 3098 annos

1643 3147 1749 3205 405
1780 3147 1825 3179 ⁸³
1880 3159 2021 3217 quos
2069 3140 2451 3199 curiosissima
2476 3137 2775 3195 Grecorum
2804 3134 3047 3209 hysteria
3106 3150 3242 3191 eon-

1645 3238 1853 3296 scribit.
1894 3235 2028 3291 Item
2056 3234 2197 3306 apud
2224 3231 2467 3288 Hebreos
2496 3247 2526 3286 a
2558 3245 2722 3301 supra
2748 3229 2894 3284 dicto
2931 3224 3076 3282 Ozias
3098 3241 3244 3280 anno

1644 3339 1701 3387 et
1745 3328 2084 3400 temporibus
2133 3323 2313 3381 Ysaia:
2360 3323 2640 3395 prepheta:
2682 3335 2857 3391 usque
2905 3318 2973 3374 ad
3008 3315 3242 3373 Samson

1645 3430 1700 3479 et
1728 3422 1957 3477 tercium
1991 3433 2195 3474 annum
2232 3415 2456 3488 Lapdon
2483 3414 2687 3486 judicis
2715 3410 3040 3485 subputabis
3068 3424 3244 3465 annos

1646 3512 1753 3569 405
1779 3514 1846 3568 ⁸⁸.
1889 3502 2123 3567 Samson
2168 3518 2352 3587 autem
2383 3516 2655 3587 esthuem
2686 3506 2741 3561 in
2770 3504 3016 3577 corporis
3044 3503 3245 3558 robore

1647 3605 1864 3662 Herculi
1887 3604 2118 3661 similem
2153 3602 2337 3658 ferunt
2364 3599 2568 3673 posteri
2603 3598 2938 3655 Iudaeorum.
2977 3593 3045 3650 Et
3072 3593 3243 3649 michi

1646 3697 1898 3753 videntur
1952 3711 2063 3752 non
2117 3676 2350 3750 multum
2398 3692 2605 3749 distare
2654 3700 2920 3760 tempore,
2973 3685 3242 3757 siquidem

1647 3788 1810 3844 ambo
1843 3786 1990 3843 circa
2038 3784 2217 3856 Troia:
2260 3783 2634 3854 captivitatem
2679 3779 2919 3835 fuerunt.
2973 3774 3103 3832 Post
3130 3776 3247 3831 haec

1648 3881 1844 3936 iterum
1898 3880 1969 3936 ad
2014 3879 2198 3950 priora
2243 3882 2582 3941 convertere,
2637 3870 2695 3928 et
2742 3887 2868 3928 cum
2914 3868 3020 3925 529
3072 3882 3248 3923 annos

1650 3987 1917 4028 numerus
1968 3979 2115 4027 retro
2166 3966 2329 4026 actus
2386 3967 2487 4023 tibi
2547 3963 2885 4035 expleverit,
2945 3952 3243 4032 Cecropem

1649 4064 1836 4122 Delien
1863 4065 1911 4097 ⁸³
1949 4063 2249 4120 Grecorum
2274 4069 2329 4117 et
2354 4059 2577 4132 Moysen
2603 4057 2847 4112 invenies
2882 4053 3251 4111 Hebreorumr

1646 4154 1786 4210 Nam
1824 4171 1856 4211 a
1892 4154 1964 4210 «15
2020 4150 2279 4222 Cecr0pis
2325 4165 2473 4205 anno
2526 4162 2705 4218 usque
2756 4145 2827 4201 ad
2877 4136 3247 4216 captivitatem

1650 4247 1829 4319 Trojaa
1869 4254 1925 4303 et
1965 4244 2034 4300 ab
2075 4241 2211 4298 80"o
2258 4240 2435 4298 aetatis
2469 4239 2664 4311 Moysi,
2714 4236 2771 4292 in
2822 4251 2934 4306 quo
2985 4234 3246 4306 populum

1650 4339 2047 4398 Israheliticum
2091 4336 2159 4392 de
2203 4333 2439 4406 Egypto
2463 4328 2674 4396 eduxit,
2719 4342 2896 4399 usque
2921 4327 2990 4381 ad
3022 4325 3249 4380 tercium

1651 4446 1859 4487 annum
1932 4427 2158 4500 Lapdon
2221 4424 2425 4497 judicis
2498 4427 2888 4492 computantur
2939 4414 3070 4472 anni
3121 4415 3247 4471 529.

1646 4521 1835 4595 Itaque
1861 4522 1980 4578 sine
2004 4521 2112 4576 ulla
2144 4517 2498 4589 ambiguitate
2530 4513 2744 4585 Moyses
2776 4518 2831 4566 et
2857 4508 3118 4579 Cecrops,
3151 4522 3252 4580 qui

1647 4615 1858 4688 primus
1885 4604 2301 4668 Atheniensium
2332 4625 2431 4664 rex
2461 4606 2585 4673 fuit,
2617 4602 2830 4660 hisdem
2860 4600 3013 4657 fuere
3037 4609 3251 4669 tempo—
3288 4670 3295 4679 ‘

1649 4706 1824 4763 ribus.
1857 4704 2032 4759 Porro
2061 4703 2165 4759 iste
2194 4708 2279 4757 est
2302 4699 2542 4771 Cecrops
2571 4697 2736 4753 Dilies
2776 4694 2822 4727 ⁸³
2844 4691 3119 4764 indigena,
3147 4690 3251 4746 sub

1652 4814 1763 4871 quo
1809 4798 2050 4870 primum
2083 4795 2139 4851 in
2171 4810 2297 4851 arce
2333 4793 2476 4849 oliva
2512 4801 2634 4846 orta
2657 4796 2763 4857 est,
2813 4795 2868 4843 et
2916 4783 3049 4840 urbs
3079 4783 3253 4838 Athe-

1653 4890 1927 4946 niensium
1980 4903 2049 4944 ex
2099 4885 2357 4942 Minerva:
2409 4880 2768 4954 appellatione
2813 4889 3014 4931 nomen
3059 4871 3261 4929 sortita.

1654 4993 1757 5038 est.
1789 4979 1890 5037 Hic
1929 4981 2142 5052 primus
2181 4978 2427 5034 omnium
2455 4974 2643 5030 Jovem
2671 4967 2979 5042 appellavit,
3012 4980 3165 5021 aram
3198 4964 3253 5021 ei

1657 5068 1851 5129 statuit
1900 5073 2205 5142 bovemque
2250 5066 2596 5131 immolavit,
2650 5061 2985 5119 simulachra
3029 5056 3255 5129 reperit,

1655 5173 1712 5220 et
1734 5164 1984 5219 victimas
2013 5163 2233 5230 obtulit,
2283 5171 2634 5232 nequaquam
2681 5154 2842 5210 istius
2890 5151 3039 5207 modi
3085 5150 3250 5205 rebus

1658 5257 1714 5312 in
1748 5256 1943 5314 Grecia
1966 5271 2211 5327 unquam
2232 5254 2407 5320 visis;
2453 5259 2633 5307 cetera
2681 5262 2901 5321 quoque
2944 5260 3068 5317 quae
3104 5242 3247 5314 apud

1248 5362 1482 5419 VARUE
1523 5366 1924 5426 LECTIONES.

90 5439 121 5469 ⁸¹
148 5444 193 5497 in
226 5449 332 5515 loco
359 5471 480 5508 raso
508 5455 556 5509 l.
634 5456 679 5488 ⁸³
718 5453 763 5510 ν
783 5473 969 5511 ecorr.
999 5456 1051 5510 1.
1086 5454 1153 5509 VI
1183 5442 1335 5513 Hier.
1411 5457 1458 5488 ⁸³
1496 5458 1575 5513 ita
1598 5477 1627 5513 e
1651 5477 1789 5517 corr.
1822 5462 1872 5517 1.
1946 5461 1991 5494 ⁸³
2029 5477 2057 5515 e
2081 5476 2202 5515 corr
2232 5460 2282 5514 1.

1464 5549 1703 5608 NOTAE.

92 5630 295 5716 (ES-89)
331 5640 465 5698 Tota
488 5643 735 5714 praefatio
762 5644 954 5715 paucis
978 5645 1204 5700 mutatis
1227 5659 1291 5701 ex
1306 5642 1554 5705 Eusebio

44 5698 401 5785 lhéﬂieronymo
422 5698 687 5770 translato
712 5698 987 5785 descripta
1002 5698 1111 5772 est.

93 5773 207 5847 (I90)
241 5773 495 5842 Numeros
525 5795 576 5842 et
608 5795 780 5843 totam
819 5773 1098 5855 annorum
1118 5786 1552 5858 supputationem

1660 5646 2017 5704 Ekkehardus
2066 5647 2123 5701 in
2166 5644 2521 5717 sequentibus
2562 5643 2726 5717 paulo
2769 5640 3021 5709 mutavit,
3064 5637 3246 5694 verbis

1660 5728 1843 5776 tamen
1866 5711 2179 5791 Hieronymi
2198 5711 2449 5773 servatis.
