3828 6308
557 287 664 347 499

1750 290 2148 348 EKKEIIARDI
2188 288 2656 348 URAUGIENSIS
3659 295 3728 353 πο

555 399 761 458 Greeus
797 417 937 459 mira
987 414 1290 476 laetantur,
1327 406 1631 475 posteriora
1675 405 1936 488 Cecropis
1985 406 2144 463 annis
2171 409 2222 468 Α
2248 406 2460 461 mordio
2489 405 2830 474 incipientes,
2880 403 3255 480 generationes
3297 411 3498 474 patrum
3526 405 3582 461 ab
3612 408 3730 467 Adam

553 492 1057 562 deprehenduntur.
1097 496 1178 553 Sit
1205 512 1335 569 ergo
1358 497 1616 567 Cecropis
1657 499 2046 569 consequentia
2090 507 2146 555 et

555 581 752 656 Moysi.
790 584 923 642 Post
941 587 1088 645 hunc
1120 589 1451 645 describitur
1494 588 1759 645 diluvium
1802 590 1906 646 sub
1937 589 2146 646 Deuca-

555 676 723 746 lione,
752 678 1063 736 incendium
1095 679 1491 749 subPhetonte,
1517 680 1890 749 Ericthonius,
1916 681 2146 738 Vulcani

556 780 610 824 et
637 768 818 826 Terra
842 771 1008 838 ﬁlius,
1037 771 1453 845 Dardanusque,
1482 773 1576 845 qui
1608 772 1935 829 Dardaniam
1958 775 2148 830 condi-

557 861 659 930 dit,
706 860 874 918 Libia
914 879 1134 934 quoque
1158 874 1349 935 raptus
1375 873 1431 920 et
1457 864 1707 936 Europa,
1751 879 1906 921 sacra
1933 864 2148 922 Cereris

556 963 721 1025 atque
747 953 1036 1010 delubrum
1058 954 1261 1025 Ysidis,
1299 956 1359 1012 in
1396 953 1650 1012 Eleusina
1690 953 1963 1012 frumenta
1991 955 2150 1028 Trip-

555 1047 763 1116 tolemi,
789 1064 1018 1119 regnum
1052 1047 1235 1118 Trois,

625 1137 791 1208 Cujus
821 1138 901 1194 dii
929 1149 1114 1193 natum
1145 1138 1489 1196 Ganimedem
1514 1141 1584 1194 ad
1607 1140 1782 1195 sidera
1809 1149 2020 1211 raptum

633 1228 770 1284 Vina
794 1229 916 1286 Iovi
951 1233 1156 1304 magnis
1184 1233 1459 1287 voluerunt
1481 1233 1700 1304 fundere
1724 1235 1936 1289 mensis.

556 1322 678 1391 Quo
705 1333 951 1395 tempore
979 1324 1242 1381 Tantalus
1271 1333 1326 1380 et
1359 1324 1560 1397 Tycius
1603 1323 1826 1381 fuerunt
1865 1334 1919 1380 et
1961 1323 2152 1395 Apollo

557 1423 721 1472 natus
758 1425 882 1483 est;
925 1432 1052 1472 nam
1089 1416 1319 1484 Latona,
1367 1415 1516 1474 Jovis
1555 1417 1815 1487 coniunx,
1859 1432 1955 1488 per
1986 1414 2154 1488 Tyeia

556 1506 696 1579 fugit
718 1523 926 1580 regna;
964 1508 1185 1564 Latona
1230 1517 1414 1564 autem
1464 1518 1518 1565 et
1563 1508 1716 1565 Jovis
1759 1509 1903 1564 lilius
1935 1509 2148 1580 Apollo.

557 1597 694 1655 Post
725 1615 868 1670 quos
893 1599 1158 1656 Cathmus
1187 1599 1402 1658 Thebas
1423 1601 1588 1669 venit,

629 1691 739 1758 Qui
787 1691 1025 1747 Semelen
1052 1695 1250 1765 genuit,
1282 1695 1347 1748 de
1369 1711 1474 1766 qua
1504 1693 1863 1765 pulcherrima
1892 1694 2068 1765 proles

632 1784 791 1838 Liber
815 1784 1131 1856 condignam
1151 1795 1312 1856 partu
1348 1785 1469 1839 tulit
1494 1787 1639 1841 edita
1676 1786 1901 1856 frugem.

2246 513 2420 568 usque
2448 499 2515 552 ad
2543 496 2689 563 Noe,
2734 505 2788 552 et
2829 513 2862 552 a
2903 495 3019 551 Noe
3064 505 3191 567 post
3231 495 3482 558 diluvium
3527 513 3660 569 usque
3687 506 3730 559 ad

2246 591 2521 645 Abraham
2561 590 2961 655 describamus,
2993 589 3187 644 deinde
3227 603 3352 644 cum
3379 588 3553 644 ceteris
3573 593 3734 660 scripto-

2247 682 2401 740 ribus
2444 683 2514 737 ab
2560 681 2836 736 Abraham
2871 689 2927 737 et
2974 696 3008 735 a
3063 678 3206 735 Nino
3251 694 3421 750 usque
3467 680 3530 736 ad
3563 693 3732 740 nostram

2246 782 2459 830 atatem
2488 772 2748 828 inferiora
2777 782 3023 844 tempora
3050 785 3458 842 prosequamur,
3477 778 3525 824 et
3549 773 3683 828 statim
3699 776 3734 829 in

2247 865 2517 937 principio
2562 866 2670 931 sui,
2717 874 3146 921 commemorato
3194 863 3353 929 Belo,
3395 861 3510 918 Nini
3540 874 3672 933 patre,
3701 877 3734 921 et

2249 956 2436 1029 Egialo
2489 955 2856 1011 Sieioniorum
2905 971 3053 1027 rege,
3101 955 3434 1010 Hebreorum
3466 954 3681 1010 Abraham
3703 968 3736 1011 et

2249 1049 2601 1121 Assyriorum
2646 1047 2848 1103 Ninum
2889 1057 2944 1104 et
2997 1047 3410 1103 Semiramidem
3447 1061 3738 1116 prepommns,

2250 1139 2381 1213 quia
2402 1155 2578 1213 neque
2596 1140 2934 1196 Athenarum
2967 1141 3143 1196 adhuc
3165 1139 3298 1195 urbs
3323 1154 3488 1209 neque
3505 1138 3739 1209 Argivom

2251 1249 2480 1305 regnum
2523 1247 2722 1288 nomen
2773 1242 3076 1303 acceperat,
3118 1232 3250 1288 solis
3275 1230 3522 1286 Sicinniis
3547 1231 3590 1283 in
3613 1229 3741 1285 Grecis

2252 1323 2592 1390 ﬂorentibus,
2621 1325 2765 1395 apud
2791 1339 2932 1394 quos
2969 1323 3307 1394 temporibus
3354 1321 3565 1377 Abraha
3597 1331 3639 1377 et
3664 1321 3741 1377 Nini

2253 1415 2523 1486 Enropem
2588 1415 2888 1472 secundum
2945 1431 3207 1487 regnasse
3268 1413 3463 1469 ferunt.
3529 1411 3649 1480 Quod
3682 1430 3742 1468 cur

2253 1508 2418 1565 etiam
2452 1515 2508 1563 et
2534 1522 2636 1563 nos
2671 1518 2944 1580 putemus,
2996 1506 3462 1563 demonstrabitur
3505 1505 3552 1560 in
3589 1520 3744 1574 sequen-

2255 1600 2403 1656 tibus
2451 1599 2519 1654 ⁸⁷.

2330 1691 2388 1745 Si
2413 1691 2559 1745 enim
2589 1690 2878 1762 diligenter
2901 1705 3194 1746 enumeres
3221 1704 3254 1743 a
3291 1687 3658 1759 quadragesimo
3674 1697 3742 1741 trr-

2256 1783 2341 1838 cio
2363 1797 2509 1838 anno
2534 1781 2660 1838 Nini
2682 1798 2856 1854 usque
2880 1782 2949 1837 ad
2990 1781 3038 1814 ⁸⁸
3077 1780 3256 1851 Troja
3277 1779 3629 1850 captivitatem,
3649 1779 3742 1831 inre-

558 1874 733 1935 Porro
759 1875 920 1939 Liber
959 1886 1013 1933 et
1041 1892 1181 1948 quos
1211 1893 1339 1933 mox
1369 1877 1657 1934 inferimus
1690 1887 1815 1949 post
1844 1877 2153 1934 ducentesi-
2254 1874 2374 1930 nies
2425 1890 2598 1930 annos
2626 1874 2751 1942 854,
2795 1875 2926 1930 item
2966 1873 3020 1928 in
3062 1872 3285 1928 Sicione
3327 1887 3359 1926 a
3405 1871 3473 1925 22
3505 1886 3622 1924 anno
3654 1870 3742 1939 regis

559 1983 714 2024 mum
761 1984 968 2024 annum
1018 1967 1278 2040 Cecropis
1328 1969 1581 2037 fuerunt,
1630 1969 1800 2025 Linus
1853 1969 2062 2025 scilicet
2099 1977 2156 2024 et
2255 1965 2489 2036 Europis
2510 1979 2684 2036 usque
2707 1966 2773 2021 ad
2797 1965 3172 2037 supradictum
3196 1974 3413 2034 tempus
3432 1961 3617 2018 eosdem
3635 1976 3742 2014 annos

560 2058 727 2115 Zetus
746 2069 801 2115 et
816 2059 2153 2134 Amphyon,Museus,0rpheus,Minos,Perseus,
2257 2058 2504 2114 invenies
2544 2059 2671 2126 854,
2728 2058 2872 2128 apud
2928 2056 3172 2113 Hebreos
3221 2070 3442 2127 quoque
3483 2069 3513 2110 a
3553 2052 3742 2108 nativitate

558 2148 906 2222 Eseulapius,
931 2151 1126 2207 Castor
1151 2161 1206 2207 et
1233 2152 1426 2208 Pollux
1454 2153 1676 2224 gemini,
1717 2152 2000 2219 Hercules,
2027 2168 2153 2208 eum
2256 2148 2532 2203 Abraham
2592 2162 2769 2217 usque
2826 2147 2894 2202 ad
2959 2147 3189 2201 tercium
3245 2159 3451 2200 annum
3505 2142 3676 2212 Lapdon
3716 2142 3741 2171 "

559 2259 673 2314 quo
719 2242 912 2314 Apollo
951 2244 1174 2300 servivit
1226 2243 1477 2300 Admeto.
1529 2242 1660 2300 Post
1709 2261 1850 2314 quos
1877 2239 2020 2299 facta
2073 2251 2161 2299 est
2252 2238 2456 2309 judicis
2477 2237 2835 2306 Hebreorum,
2875 2237 3251 2308 quiTrojanis
3282 2232 3742 2306 temporibuspopulo

560 2333 742 2405 Troia
801 2335 1110 2404 subversio,
1155 2351 1321 2408 quam
1370 2335 1638 2392 Homerus
1689 2337 1854 2406 longo
1908 2337 2158 2406 sequitur
2258 2329 2479 2402 prefuit,
2526 2346 2682 2401 aque
2726 2331 2774 2363 ’θ
2818 2329 3139 2400 supputabis
3188 2343 3368 2383 annos
3389 2327 3508 2393 854,
3543 2326 3640 2380 item
3657 2323 3740 2392 apud

561 2427 851 2483 intervallo
875 2446 890 2495 ;
926 2425 1198 2484 Homerus
1223 2436 1405 2483 autem
1432 2427 1633 2484 Solone
1660 2437 1714 2483 et
1741 2427 1923 2484 Talete
1946 2427 2156 2484 Milesio

562 2518 869 2589 ceterisque
915 2519 1008 2590 qui
1055 2535 1181 2575 cum
1231 2520 1320 2577 his
1364 2531 1572 2590 septem
1611 2519 1881 2590 sapientes
1904 2519 2158 2591 appellati

559 2616 694 2664 eunt
740 2610 914 2664 multo
983 2609 1137 2680 prior
1181 2609 1492 2681 reperitur;
1556 2610 1751 2666 deinde
1819 2610 2159 2682 Pythagoras

559 2701 761 2768 extitit,
812 2701 906 2772 qui
959 2716 1017 2758 se
1063 2717 1172 2757 non
1223 2702 1523 2773 sapientem
1555 2711 1615 2757 ut
1639 2703 1870 2772 priores,
1902 2703 1995 2758 sed
2025 2703 2160 2774 phy-

560 2791 879 2862 losophum,
916 2791 968 2848 id
1004 2800 1088 2849 est
1115 2802 1416 2849 amatorem
1449 2794 1749 2864 sapientia,
1799 2794 1906 2850 dici
1942 2795 2112 2849 voluit
2143 2812 2158 2861 ;

561 2899 726 2953 quem
760 2883 1269 2952 secutusSocrates,
1299 2885 1394 2955 qui
1415 2882 1697 2940 Platonem
1721 2885 1975 2950 erudivit,
2001 2902 2030 2940 a
2051 2899 2163 2957 quo

564 2974 808 3032 famosas
853 2976 909 3030 in
964 2985 1147 3046 partes
1185 2977 1545 3048 phyIOSOphia
1591 2977 1769 3032 divisa
1812 2987 1914 3032 est.
1953 2975 2155 3035 Ilorum

563 3063 811 3136 singulos
829 3064 986 3135 juxta
1034 3063 1283 3120 ordinem
1312 3065 1555 3120 historia
1603 3065 1720 3120 suis
1765 3066 1903 3120 locis
1956 3065 2162 3122 insere-

560 3169 710 3212 mus.
758 3153 928 3227 Igitur
961 3154 1178 3228 Moyses
1204 3165 1434 3212 cunctos
1457 3173 1598 3227 quos
1626 3173 1794 3228 supra
1834 3157 2163 3212 memoravi-

565 3263 692 3302 mus
712 3246 1000 3314 antecedit,
1025 3248 1154 3319 quia
1175 3256 1333 3303 atate
1351 3247 1606 3319 Cecropis
1635 3246 1805 3304 fuisse
1826 3257 2163 3306 monstratus

564 3345 669 3392 est.
705 3336 784 3392 Ab
810 3336 1146 3409 octogesimo
1173 3346 1354 3394 autem
1379 3355 1524 3394 anno
1551 3338 1723 3411 Moysi
1757 3348 1811 3394 et
1849 3341 2164 3411 egressione

566 3427 738 3484 Israel
783 3445 850 3485 ex
889 3429 1097 3502 Egypto
1141 3447 1364 3486 rursum
1411 3431 1478 3486 ad
1533 3433 1818 3503 superiora
1869 3448 2165 3490 conversus

566 3535 745 3590 usque
794 3519 861 3574 ad
901 3519 1140 3589 primum
1183 3536 1388 3575 annum
1443 3519 1676 3576 Abrahae
1719 3522 1958 3593 reperies
1990 3538 2166 3578 annos

567 3609 677 3667 503
708 3609 775 3677 "’,
830 3626 970 3682 quos
999 3611 1252 3667 similiter
1298 3628 1330 3667 a
1373 3612 1443 3668 15
1491 3628 1637 3668 anno
1687 3611 1946 3685 Cecropis
1992 3630 2168 3684 usque

569 3703 640 3757 ad
684 3700 886 3758 Ninum
933 3711 990 3758 et
1039 3703 1458 3759 Semiramidem
1508 3704 1861 3778 Assyriorum
1890 3707 2167 3778 principes

569 3791 679 3849 505
733 3793 782 3825 ⁸⁸
839 3794 1180 3865 subputabis.
1245 3793 1466 3850 Primus
1534 3795 1734 3866 quippe
1797 3797 1948 3850 omni
2001 3796 2164 3865 Asia,

567 3883 813 3956 exceptis
846 3883 1012 3952 Indis,
1061 3882 1255 3952 Ninus,
1297 3883 1608 3952 Bellvﬁlius,
1640 3885 1946 3956 imperavit.
1979 3885 2170 3958 Itaque

571 3972 924 4031 manifestum
988 3983 1072 4032 est
1119 3975 1397 4033 Abraham
1439 3975 1567 4031 Nini
1618 3985 1777 4033 atate
1827 3985 2166 4049 generatum,

567 4068 727 4137 juxta
775 4081 900 4121 eum
959 4075 1140 4123 tamen
1190 4084 1482 4124 numerum
1530 4084 1693 4139 quem
1746 4070 2167 4126 contractiorem

570 4157 808 4214 editione
838 4157 1053 4231 vulgata
1103 4173 1288 4216 sermo
1335 4159 1523 4231 prebet
1558 4157 1822 4216 Hebreus.
1876 4157 2076 4214 Verum
2110 4160 2166 4214 in

570 4250 888 4308 curiositate
930 4267 999 4307 ne
1047 4267 1252 4320 cesses,
1288 4261 1342 4308 et
1383 4268 1508 4308 cum
1556 4252 1793 4308 divinam
1828 4251 2168 4323 Scripturam

571 4342 860 4415 diligenter
908 4345 1196 4412 evolveris,
1255 4361 1286 4400 a
1339 4345 1622 4400 nativitate
1667 4344 1944 4400 Abraham
1992 4358 2168 4413 usque

572 4434 641 4488 ad
669 4434 837 4489 totius
865 4435 1016 4490 orbis
1045 4434 1318 4490 diluvium
1365 4433 1610 4490 invenies
1657 4443 1957 4490 retrorsum
1994 4449 2167 4488 annos

571 4521 682 4577 292
729 4522 902 4592 (191),
946 4523 1075 4578 item
1113 4538 1144 4577 a
1171 4523 1376 4578 diluvio
1405 4524 1474 4578 ad
1496 4523 1670 4578 Adam
1702 4539 1876 4579 annos
1909 4523 2066 4591 1656,
2107 4523 2163 4579 in

573 4615 774 4687 quibus
803 4615 950 4670 nulla
990 4615 1207 4686 penitus
1243 4631 1343 4671 nec
1378 4615 1552 4672 Greca
1593 4633 1694 4672 nec
1719 4617 1974 4684 barbara,
2023 4627 2077 4672 et
2107 4627 2169 4672 ut

574 4708 630 4762 in
651 4723 942 4764 commune
966 4709 1180 4780 loquar,
1206 4709 1353 4763 nulla
1375 4710 1590 4786 gentilis
1609 4709 1882 4765 invenitur
1903 4711 2165 4782 hysteria.

2261 2420 2547 2492 IEgyptios
2572 2420 2640 2475 ab
2661 2428 2818 2476 atate
2832 2419 2956 2474 Nini
2979 2427 3034 2474 et
3052 2417 3451 2485 Semiramidis,
3474 2430 3570 2487 quo
3585 2424 3740 2483 temprre

2263 2511 2330 2566 16
2374 2511 2488 2582 jam
2514 2511 2750 2566 dinastia
2773 2511 2979 2566 Thebei
3004 2509 3278 2582 Egyptiis
3300 2509 3620 2579 imperabant,
3637 2520 3741 2572 usque

2261 2603 2330 2657 ad
2364 2601 2682 2657 vicesimam
2708 2602 3021 2667 dinastiam,
3049 2601 3103 2656 id
3127 2611 3213 2656 est
3231 2607 3559 2670 potestatem,
3579 2605 3620 2652 et
3633 2610 3742 2666 regem

2263 2693 2484 2765 IEgypti
2515 2693 2784 2761 Theoren,
2826 2694 2921 2764 qui
2963 2694 3034 2750 ab
3076 2683 3318 2749 Homero
3354 2691 3556 2762 Polipus
3582 2698 3740 2748 vocatur,

2263 2785 2367 2840 sub
2392 2801 2502 2856 quo
2535 2787 2699 2841 etiam
2746 2785 2908 2857 Troja
2957 2794 3115 2856 capta
3165 2793 3275 2854 est,
3323 2785 3616 2856 colliguntur
3642 2795 3742 2851 supra

2263 2877 2394 2951 dicti
2422 2877 2552 2931 anni
2582 2877 2708 2932 854.

2334 2967 2503 3039 Igitur
2548 2977 2946 3040 consequenter
3001 2984 3114 3026 uno
3158 2969 3461 3041 eodemque
3506 2975 3687 3036 tempore
3711 2961 3742 3014 l

2267 3060 2458 3116 ordine
2489 3061 2874 3132 descriptionis
2895 3077 3166 3132 ponemus
3186 3061 3482 3127 Abraham,
3517 3059 3666 3114 Ninum
3696 3051 3744 3106 vel

2269 3152 2684 3210 Semiramidem
2704 3197 2720 3222 ,
2779 3154 3074 3226 Eumpem,
3145 3153 3520 3226 Egyptiorum
3566 3149 3740 3204 Theban

2264 3243 2421 3302 Nunc
2449 3246 2613 3302 etiam
2644 3246 2778 3301 illud
2813 3245 2867 3301 in
2893 3249 3027 3302 eura
3052 3255 3156 3313 est,
3185 3256 3248 3301 ut
3277 3246 3586 3302 Hebreorum
3605 3254 3744 3312 quoqua

2265 3352 2440 3393 annos
2467 3337 2522 3391 in
2545 3345 2785 3408 quatuor
2812 3346 3058 3408 tempora
3088 3337 3420 3403 dividamus,
3461 3337 3538 3390 ab-
3561 3332 3743 3387 Abraham

2266 3441 2444 3497 usque
2470 3427 2539 3481 ad
2563 3425 2808 3498 Moysen,
2835 3443 2867 3482 a
2897 3427 3081 3499 Moyse
3120 3444 3301 3498 usque
3335 3427 3402 3483 ad
3424 3427 3620 3498 primam
3641 3419 3745 3475 adii-

2265 3519 2536 3574 cationem
2581 3519 2788 3589 templi,
2835 3519 2905 3575 ab
2949 3519 3313 3576 aediﬁcatione
3355 3519 3528 3589 templi
3565 3508 3745 3584 usquead

2266 3610 2564 3667 secundam
2607 3628 2716 3682 qua
2759 3611 3124 3668 instauratum
3149 3620 3233 3668 est
3262 3612 3334 3679 ",
3363 3613 3430 3667 ab
3459 3605 3746 3666 instauratione

2265 3703 2389 3774 ejus
2407 3718 2584 3774 usque
2608 3703 2676 3758 ad
2699 3691 2991 3760 adventum
3016 3704 3221 3759 Christi
3252 3702 3486 3759 Domini.
3507 3701 3546 3754 Δ
3563 3695 3746 3753 nativitate

2267 3795 2470 3866 Quippe
2519 3795 2796 3852 Abraham
2848 3811 3026 3867 usque
3072 3796 3141 3853 ad
3190 3795 3416 3868 Moysen
3471 3803 3522 3850 et
3557 3798 3745 3862 egressum

2268 3886 2437 3943 Israel
2475 3903 2543 3943 ex
2584 3886 2821 3960 Egypto
2869 3897 3262 3960 computantur
3309 3888 3436 3944 anni
3481 3884 3589 3949 505,
3627 3876 3748 3934 eximit

2269 3994 2446 4050 usque
2473 3979 2542 4035 ad
2569 3979 2918 4035 Salomonem
2947 3988 3003 4036 et
3025 3979 3257 4051 primam
3296 3976 3656 4036 aediﬁcationem
3673 3978 3749 4022 tem-

2269 4069 2343 4142 pli
2375 4071 2502 4126 anni
2531 4072 2635 4126 478
2664 4073 2732 4140 ",
2779 4073 3080 4128 secundum
3125 4072 3397 4128 minorem
3444 4080 3599 4125 tamen
3631 4072 3749 4116 num“

2269 4178 2416 4229 rum,
2447 4179 2612 4234 quem
2664 4165 2866 4220 tercius
2911 4164 3223 4236 Regnorum
3254 4166 3390 4220 liber
3417 4162 3650 4219 continet;
3674 4164 3748 4206 1W

2263 4252 2422 4324 juxta
2451 4233 2706 4309 volumen
2754 4233 3015 4310 Judicuni
3055 4233 3421 4325 supputantur
3460 4249 3572 4307 anni
3602 4243 3699 4303 600;
3730 4252 3747 4287 ³

2273 4343 2568 4400 Salomone
2613 4361 2740 4402 vero
2793 4361 2968 4416 usque
3015 4346 3082 4400 ad
3128 4346 3564 4402 instaurationem
3609 4329 3748 4400 templi.

2199 4468 2244 4522 Β
2269 4454 2392 4508 qua
2425 4439 2529 4494 sub
2554 4437 2718 4494 Dario
2746 4438 3039 4494 Persarum
3071 4454 3196 4510 rege
3225 4438 3369 4494 facta
3401 4446 3496 4502 est,
3523 4431 3749 4522 colligi”!ull

2271 4529 2401 4583 anni
2449 4529 2575 4595 5I2,
2621 4544 2785 4600 porro
2838 4546 2869 4584 a
2915 4529 3078 4584 Dario
3124 4530 3388 4601 usquead
3437 4519 3747 4598 predicatiomfIn

2272 4618 2490 4674 Domini
2514 4617 2683 4675 Jhesu
2731 4621 2934 4677 Christi
2977 4629 3032 4676 et
3075 4637 3249 4692 usque
3301 4621 3370 4676 ad
3422 4619 3583 4673 -15πιαιιι
3619 4616 3746 4692 annual

2273 4711 2493 4784 Tyberii
2522 4711 2785 4782 principis
2806 4690 3182 4767 Romanorum
3202 4712 3484 4782 explentur
3501 4702 3607 4760 anni
3626 4693 3695 4752 517
3709 4690 3746 4738 "-

577 4800 726 4870 (192)
754 4800 930 4867 Quam
967 4801 1037 4854 ob
1061 4816 1176 4854 rem
1202 4816 1393 4856 omnes
1421 4801 1789 4874 hystoriarum
1815 4802 2108 4873 scriptores
2138 4820 2170 4858 a
2275 4804 2464 4874 Itaque
2501 4803 2664 4858 simul
2709 4804 2848 4858 ﬁunt
2887 4805 2956 4859 ab
3000 4805 3278 4858 Abraham
3332 4815 3498 4872 usque
3537 4795 3591 4850 ad
3635 4788 3748 4842 15""

577 4889 740 4956 Nino,
785 4891 880 4963 qui
907 4907 1011 4948 suo
1045 4907 1214 4964 regno
1261 4908 1371 4947 non
1419 4900 1708 4948 contentus
1755 4893 1931 4948 aliena
1975 4894 2173 4950 invasit
2277 4894 2496 4968 Tyberii
2544 4912 2749 4950 annum
2776 4896 2906 4950 anni
2949 4895 3092 4950 2042
3128 4897 3194 4950 ³⁸.
3247 4894 3497 4950 Similiter
3526 4905 3551 4944 a
3585 4883 3637 4938 «15
3664 4887 3748 4976 Ἢ)

577 4988 633 5034 et
661 4980 782 5036 ideo
803 4983 1014 5053 primus
1039 4998 1298 5054 regnasse
1319 4983 1538 5049 dicitur,
1577 4991 1882 5054 temporum
1904 4983 2172 5056 incipiunt.
2277 4965 2404 5042 Nini
2445 4987 2490 5018 ⁸⁸
2531 5002 2706 5057 usque
2740 4987 2808 5041 ad
2859 4987 3034 5041 46W“
3083 4987 3343 5057 CecrOpis
3385 4992 3502 5040 sunt
3542 4974 3640 5034 anni
3672 4965 3746 5024 505i

578 5072 930 5142 digestiones.
975 5072 1086 5130 Nos
1114 5075 1183 5128 ab
1213 5075 1332 5145 ipso
1373 5074 1664 5130 mundana
1707 5077 2001 5132 creationis
2052 5077 2167 5147 pri-
2276 5078 2471 5134 exinde
2522 5095 2697 5149 usque
2737 5080 2805 5133 ad
2848 5079 3218 5150 captivitatem
3261 5078 3433 5148 Troia
3475 5070 3583 5129 anni
3617 5060 3700 5120 3‘39.
3728 5066 3747 5104 ³

1898 5232 2131 5287 νΑιυλΕ
2171 5233 2570 5291 LECTIONES.

658 5343 704 5373 ⁸⁵
741 5341 784 5393 V
813 5361 840 5396 e
871 5360 1009 5399 corr.
1189 5347 1235 5420 ff
1271 5363 1299 5400 e
1329 5364 1464 5420 corr.
1521 5349 1593 5420 l._
1647 5349 1691 5379 ⁸⁷
1735 5349 1787 5402 in
1816 5363 1919 5420 sae
1948 5363 2086 5420 corr.
2143 5349 2193 5402 1.
2273 5349 2318 5380 ⁸⁸
2355 5366 2384 5404 a
2416 5351 2609 5420 quadr.
2653 5382 2720 5390 —
2759 5352 2826 5406 ad
2857 5369 2884 5404 e
2920 5368 3057 5404 corr.
3101 5351 3121 5404 1
3155 5370 3169 5416 ;
3215 5360 3264 5404 et
3316 5336 3742 5420 ubique

591 5417 1116 5489 Ψ³Ξὲἕῖ9ἱ3ΐ¹υ¹αυῗ¹ο
1193 5417 1240 5448 δ’
1280 5427 1316 5472 ι·
1347 5435 1398 5473 ³·
1432 5419 1467 5472 1ο
1499 5419 1552 5472 ίη
1575 5418 1690 5484 Ιρτο
1720 5435 1842 5472 ταδο
1870 5419 1917 5471 1.
2043 5419 2088 5449 ⁹⁰
2129 5420 2188 5474 it.
2213 5435 2368 5489 aque
2403 5395 2593 5474 e‘rorr.
2629 5421 2678 5474 1.
2791 5423 2836 5454 ³⁸
2879 5432 2993 5477 tum
3036 5431 3121 5477 est
3152 5395 3181 5476 ἓ
3209 5437 3344 5476 corr.
3375 5395 3428 5473 Ii
3512 5412 3551 5444 "
3579 5395 3740 5460 55""

591 5485 639 5517 ν³
681 5481 796 5537 VIII
826 5482 981 5539 Hier.
1057 5487 1103 5518 "
1139 5489 1248 5542 duo
1273 5505 1301 5543 e
1338 5506 1477 5544 corr.
1515 5491 1564 5543 1.
1603 5481 1670 5543 IV
1702 5489 1855 5543 Hier.
1935 5489 1981 5520 9"
2011 5489 2226 5544 'nini—
2249 5481 2340 5543 ὒν
2382 5507 2410 5545 e
2452 5507 2616 5559 corn,
2650 5501 2706 5546 ut
2739 5493 2964 5562 videtur,
3013 5493 3063 5548 1.

2103 5627 2332 5685 NOTAE.

652 5729 802 5802 (191)
839 5729 1110 5791 Numeros
1132 5731 1446 5808 Hieronymi
1473 5734 1826 5794 Ekliehardus
1852 5741 2100 5797 mutavit.
2354 5741 2502 5815 (19'2)
2543 5741 2670 5799 Hac
2701 5741 2836 5798 ELk.
2867 5740 3083 5814 adjecit.
