3828 6308
57 361 129 418 501

56 471 317 543 captivitate
336 467 511 543 Troja‘.
535 487 709 543 usque
731 470 797 528 ad
821 474 1051 543 primam
1083 474 1431 546 olimpiadem
1455 476 1583 530 anni
1616 476 1662 533 A

55 563 134 620 ‘05
163 563 220 630 ",
255 577 284 618 a
315 561 485 633 prima
506 562 796 634 elimpiade
825 579 1000 635 usque
1021 565 1088 620 ad
1112 565 1407 621 secundam
1435 564 1585 620 Darii

53 669 217 709 annum
244 661 293 709 et
326 646 777 711 instaurationem
813 656 997 727 templi
1057 657 1184 711 anni
1225 657 1355 724 256,
1398 658 1467 712 ab
1497 657 1584 711 in-

53 746 340 802 stauratione
376 745 557 817 templi
593 763 768 817 usque
805 748 873 802 ad
918 748 1102 803 15ωιιω
1127 748 1344 821 Tyberii
1378 764 1591 803 annum

52 834 504 906 etpredicationem
548 835 752 892 Christi
801 835 931 891 anni
971 836 1076 893 547
1114 838 1181 892 ’⁷.
1232 836 1372 893 Sunt
1397 853 1528 910 ergo
1553 854 1585 894 a

52 924 162 981 Nino
200 933 249 981 et
292 925 645 982 Semiramide
692 926 741 960 ⁸⁸
782 942 960 998 usque
1003 929 1072 985 ad
1124 929 1311 984 15πιυω
1367 928 1583 1002 Tyberii

50 1018 240 1074 Cesaris
259 1032 458 1072 annum
487 1017 631 1074 2042
663 1020 794 1075 anni
821 1020 888 1088 ”,
930 1035 1073 1092 quos
1110 1029 1164 1076 et
1194 1022 1264 1077 ab
1306 1020 1584 1077 Abraham

53 1125 189 1181 usque
206 1110 267 1165 ad
293 1108 581 1183 Tyberium
607 1118 930 1184 supputatos
952 1113 1315 1169 ostendimus.

104 1202 199 1289 Sed
230 1219 294 1258 ne
339 1204 536 1275 longus
584 1203 726 1261 forte
771 1220 1130 1262 numerorum
1192 1207 1329 1262 ordo
1376 1207 1582 1279 aliquid

52 1295 326 1351 turbationis
350 1295 557 1363 afferat,
583 1313 615 1351 a
648 1298 959 1354 conditione
982 1299 1145 1370 primi
1168 1299 1411 1355 hominis
1429 1298 1580 1368 Adae,

52 1388 121 1457 qui
158 1396 295 1444 sexto
334 1389 623 1447 mundanae
674 1391 966 1447 creationis
1013 1392 1100 1447 die
1152 1390 1425 1447 formatus
1465 1401 1580 1460 est,

52 1478 339 1551 genealogias
361 1482 716 1552 antiquorum
755 1492 973 1556 patrum
1006 1500 1181 1555 usque
1207 1484 1273 1539 ad
1306 1484 1581 1539 Abraham

50 1572 374 1640 conferamus,
437 1582 498 1630 ut
541 1572 718 1631 facilis
758 1576 1064 1646 praebeatur
1106 1577 1368 1643 inventio,
1424 1577 1582 1648 cujus

52 1662 170 1719 Greci
187 1665 259 1719 vel
284 1665 497 1720 barbari
525 1675 685 1722 aetate
721 1668 1001 1739 prophetae
1033 1678 1088 1723 et
1127 1685 1282 1741 reges
1311 1677 1364 1724 et
1400 1685 1584 1725 sacer-

51 1755 166 1811 dotes
186 1755 505 1813 Hebreorum
533 1758 758 1827 fuerint,
788 1759 1027 1831 itemque
1054 1760 1396 1817 diversarum
1445 1777 1579 1834 gen-

51 1848 153 1900 tium
176 1847 299 1903 falso
321 1846 512 1905 crediti
535 1849 634 1920 dii,
666 1851 760 1922 qui
791 1852 1009 1921 heroes,
1046 1868 1169 1923 quae
1205 1854 1337 1909 urbs
1366 1855 1586 1924 quando
1617 1849 1660 1904 Β

50 1942 237 2008 condita,
277 1942 367 2012 qui
400 1944 468 1998 de
498 1943 806 2000 illustribus
848 1945 985 2001 viris
1010 1945 1358 2017 phylosophi,
1386 1955 1580 2016 poetae,

51 2032 285 2104 principes,
309 2036 401 2106 qui
425 2036 726 2107 scriptores
747 2036 817 2069 ¹⁶⁰
846 2037 1124 2092 variorum
1145 2053 1371 2107 operum
1397 2037 1586 2093 extite-

50 2122 146 2191 rint,
165 2132 209 2179 et
235 2127 275 2181 si
302 2143 406 2196 qua
427 2127 537 2182 alia
559 2127 720 2198 digna
744 2128 1009 2184 memoria
1032 2127 1242 2200 putavit
1262 2128 1581 2199 antiquitas,

50 2237 140 2289 qua:
183 2223 414 2278 universa
463 2224 523 2280 in
571 2225 688 2281 suis
717 2224 853 2280 locis
896 2239 1023 2279 cum
1068 2240 1283 2281 summa
1319 2224 1593 2281 brevitate

51 2329 278 2381 ponemus.

100 2404 242 2475 (Ιειυ.)
278 2407 378 2462 Sex
404 2406 473 2441 ¹⁰¹
505 2408 701 2465 diebus
735 2424 917 2465 rerum
949 2417 1259 2466 creaturam
1295 2408 1439 2465 Deus
1466 2408 1583 2465 for-

49 2500 191 2566 mavit,
211 2501 375 2571 primo
399 2502 490 2558 die
512 2504 757 2560 condidit
783 2504 981 2572 lucem,
1025 2505 1268 2561 secundo
1288 2505 1377 2561 die
1398 2505 1586 2560 ﬁrma-

51 2597 256 2656 mentum,
313 2593 484 2648 tercio
526 2594 784 2663 speciem
831 2594 1000 2650 maris
1049 2604 1105 2650 et
1150 2603 1330 2662 teme,
1385 2603 1584 2665 quarto

50 2680 200 2749 sidera,
229 2685 409 2755 quinto
438 2686 622 2757 pisces
663 2696 716 2742 et
756 2688 1033 2755 volucres,
1082 2697 1235 2745 sexto
1280 2690 1486 2747 bestias
1530 2697 1585 2746 et

49 2772 254 2843 iumenta,
283 2787 334 2833 et
356 2778 659 2834 novissime
688 2779 754 2834 ad
793 2779 1207 2836 similitudinem
1251 2796 1411 2836 suam
1455 2780 1587 2837 fecit

50 2867 231 2933 primum
265 2870 542 2927 hominem
569 2872 743 2926 Adam
778 2872 949 2944 (195).
993 2872 1035 2926 A
1064 2873 1224 2944 cujus
1269 2873 1584 2930 conditione

50 2966 87 3009 et
128 2961 287 3015 mundi
333 2964 614 3019 creatione
659 2979 836 3035 usque
868 2964 936 3019 ad
964 2964 1232 3019 diluvium
1279 2963 1581 3021 secundum

50 3051 257 3119 quosdam
287 3054 457 3126 (Jonn.
507 3055 588 3111 De
630 3056 693 3111 Ii.
724 3054 781 3112 S.
814 3074 828 3125 ;
869 3056 1014 3112 Bsnx
1046 3056 1124 3113 De
1166 3056 1243 3112 VI
1285 3059 1398 3130 cet.)
1431 3074 1582 3116 com-

51 3152 250 3208 putantur
290 3149 412 3204 anni
470 3148 620 3204 2212
645 3192 661 3218 ,
728 3151 1031 3207 secundum
1078 3150 1399 3208 Hebraicam
1450 3167 1580 3208 vero

50 3237 269 3295 veritatem
290 3242 429 3298 mille
452 3244 702 3299 sexcenti
726 3244 1124 3317 quinquaginta
1148 3262 1271 3314 sex;
1300 3246 1355 3301 in
1379 3247 1580 3318 quibus

50 3330 167 3384 annis
190 3333 350 3389 adhuc
391 3336 520 3391 rudi
546 3343 598 3391 et
624 3335 860 3408 simplici
902 3338 1189 3393 hominum
1230 3347 1425 3394 natura
1469 3321 1596 3396 non

50 3434 162 3491 reges
203 3427 286 3482 sed
324 3426 660 3484 familiarum
714 3430 893 3501 capita
935 3445 1037 3487 suo
1075 3430 1133 3486 in
1171 3445 1368 3504 genere
1401 3440 1581 3501 erant,

49 3528 227 3580 quorum
248 3520 372 3576 ordo
395 3520 715 3593 bujusmodi
745 3521 869 3577 fuit.

99 3606 240 3681 (Ιειυ.)
273 3613 438 3691 Adam
488 3629 639 3668 anno
683 3613 808 3669 vitae
856 3628 971 3670 suae
1018 3612 1123 3668 150
1192 3613 1376 3686 genuit
1425 3613 1579 3682 Seth,

48 3700 115 3767 qui
134 3717 215 3771 pro
234 3703 356 3760 Abel
382 3714 551 3761 natus
575 3713 693 3773 est,
719 3706 1218 3777 interpretaturque
1246 3708 1580 3773 resurrectio,

49 3789 139 3857 quia
165 3792 209 3846 in
240 3809 299 3850 eo
327 3790 394 3829 m
421 3797 815 3855 resuscitatum
842 3803 928 3853 est
953 3812 1140 3852 semen
1165 3797 1400 3869 justum,
1435 3799 1582 3870 quod

47 3891 105 3935 est
147 3886 309 3959 stirpis
345 3889 589 3945 ﬁliorum
636 3889 752 3957 Dei,
788 3890 1073 3961 quoniam,
1126 3905 1252 3947 cum
1311 3898 1457 3947 esset
1500 3892 1586 3946 vir

47 3977 256 4047 egregius,
275 3979 581 4038 imitatores
599 3982 686 4038 sui
701 3981 844 4038 ﬁlios
862 3982 1106 4053 reliquit,
1129 3982 1222 4053 qui
1238 3982 1583 4053 disciplinam

45 4076 182 4122 rerum
206 4072 503 4127 caelestium
535 4081 589 4128 et
617 4082 874 4129 ornatum
903 4088 1095 4128 earum
1140 4073 1397 4144 primitus
1430 4073 1589 4129 inve-

47 4170 211 4216 nerunt.
233 4165 393 4221 Adam
415 4181 553 4222 vero
575 4181 699 4221 cum
720 4175 866 4222 esset
884 4181 1157 4221 annorum
1184 4166 1310 4232 9’50,
1334 4172 1586 4222 mortuus

46 4256 106 4303 est
126 4262 168 4307 ct
190 4271 356 4311 rerum
383 4272 661 4313 summam
690 4256 802 4311 ﬁlio
833 4272 936 4312 suo
959 4254 1090 4311 Seth
1112 4255 1353 4327 reliquit.

96 4340 238 4417 (13m)
311 4347 439 4404 Seth
491 4364 640 4404 anno
687 4350 813 4406 vita!
861 4365 975 4405 suae
1028 4349 1131 4405 105
1177 4349 1366 4422 genuit
1413 4348 1583 4418 Enos,

44 4431 209 4493 vivente
251 4439 418 4497 Adam
464 4452 525 4499 et
577 4442 814 4499 habente
869 4459 1044 4505 annos
1097 4444 1224 4500 255.
1284 4443 1386 4502 Hic
1435 4442 1585 4500 EnoS

1606 3207 1654 3271 C

933 357 1299 416 CHRONICA.
1338 392 1400 400 -
1444 356 1838 417 CilRONlCON
1878 361 2338 418 UNIVERSALE.

3166 367 3271 423 502

1756 478 1965 533 Cainan
1992 493 2135 534 anno
2163 478 2289 534 vitae
2311 491 2425 533 suae
2447 475 2847 549 septuagesimo
2888 479 3074 551 genuit
3104 480 3272 538 Mala-

1688 571 1808 638 leel,
1831 572 1989 642 cujus
2016 586 2213 626 nomen
2237 570 2622 641 interpretatur
2633 568 2898 640 plantatio
2921 570 3038 641 Dei,
3057 573 3272 629 vivente

1686 665 1864 719 adhuc
1903 664 2075 718 Adam
2104 671 2159 717 et
2186 662 2418 718 habente
2457 678 2632 718 annos
2670 663 2796 718 595.
2830 664 3039 720 Cainan
3085 673 3270 723 autem

1684 765 1973 829 postquam
1999 752 2133 810 vixit
2159 770 2333 810 annos
2354 753 2478 822 910,
2507 765 2758 812 mortuus
2787 766 2888 812 est.

1757 847 1930 921 (lsm.)
1955 847 2238 903 Malalehel
2265 864 2411 903 anno
2442 848 2568 903 vita:
2615 864 2730 904 sua:
2766 848 2836 905 65
2871 851 3057 923 genuit
3097 849 3269 920 Jarct,

1684 941 1778 1013 qui
1831 941 2219 1012 interpretatur
2252 941 2567 996 descendens
2616 941 2729 999 sive
2768 960 3052 1014 superans,
3096 944 3270 1002 Adam

1684 1034 1864 1089 adhuc
1884 1032 2098 1088 vivente
2118 1042 2173 1088 et
2202 1034 2436 1089 habente
2466 1050 2639 1089 annos
2660 1034 2925 1107 460.1pse
2948 1045 3129 1093 autem
3158 1034 3270 1093 Ma—

1683 1126 1878 1181 lalehel
1904 1141 2030 1181 cum
2066 1125 2292 1182 vixisset
2316 1142 2491 1182 annos
2512 1126 2639 1193 895,
2672 1136 2924 1185 mortuus
2944 1138 3047 1185 est.
3118 1144 3123 1151 ·

1753 1219 1943 1275 Jareth
1989 1235 2135 1275 anno
2174 1219 2300 1275 vitm
2344 1234 2459 1275 sua:
2506 1218 2608 1273 l62
2640 1221 2827 1291 genuit
2857 1218 3068 1289 Enoch,
3096 1220 3272 1277 Adam

1683 1312 1863 1368 adhuc
1902 1311 2118 1368 vivente
2158 1320 2212 1367 et
2253 1310 2359 1366 622
2381 1326 2556 1366 annos
2592 1311 2842 1367 habente.
2873 1309 3059 1367 Jareth
3085 1322 3271 1369 autem

1682 1422 1808 1463 cum
1841 1413 1987 1461 esset
2011 1418 2282 1460 annorum
2317 1401 2444 1472 942,
2471 1412 2720 1459 mortuus
2741 1411 2844 1459 est.

1755 1498 1942 1555 Enoch
1991 1513 2135 1555 anno
2180 1497 2305 1552 vitae
2372 1512 2485 1551 sua:
2525 1495 2597 1551 65
2653 1495 2839 1567 genuit
2884 1495 3270 1564 Mathusalam,

1682 1592 1897 1648 vivente
1939 1590 2120 1645 adhuc
2163 1586 2335 1645 Adam
2362 1598 2415 1644 et
2439 1588 2673 1642 habente
2712 1602 2889 1643 annos
2926 1587 3050 1642 687.
3083 1588 3270 1645 Enoch

1684 1692 1867 1739 autem
1896 1691 2186 1755 postquam
2221 1682 2356 1737 vixit
2392 1696 2567 1736 annos
2591 1679 2718 1749 565,
2743 1690 2934 1752 raptus
2961 1689 3045 1736 est
3075 1697 3105 1735 a
3135 1680 3268 1749 Deo,

1686 1780 1917 1849 ideoque
1938 1776 2063 1833 linis
2093 1776 2213 1848 ejus
2237 1792 2347 1831 non
2371 1775 2645 1831 invenitur
2668 1774 3034 1844 conscriptus.
3064 1773 3274 1828 Dicitur

1686 1879 1867 1925 autem
1914 1869 2085 1923 multa
2132 1867 2443 1938 scripsisse,
2471 1867 2567 1922 sed
2611 1867 2680 1921 ab
2718 1865 3044 1936 antiquitate
3076 1880 3272 1935 suspe-

1686 1970 1787 2018 cta:
1817 1962 1884 1994 ¹⁰³
1927 1961 2049 2016 fidei
2076 1961 2357 2031 repudiata
2405 1967 2552 2015 sunt.
2581 1956 2750 2014 Judas
2772 1966 2955 2014 tamen
2992 1959 3274 2030 apostolus

1684 2053 1740 2107 in
1765 2052 1993 2125 epistola
2017 2068 2116 2108 sua
2156 2053 2466 2123 exemplum
2488 2052 2555 2107 de
2600 2050 2747 2108 illius
2770 2051 2929 2106 dictis
2954 2049 3127 2121 ponit.
3163 2048 3276 2107 Hac

1684 2145 2035 2219 generatione
2069 2145 2467 2216 concupierunt
2512 2143 2609 2199 ﬁlii
2653 2142 2750 2199 Dei
2790 2143 2928 2199 tilias
2964 2143 3273 2211 hominum,

1685 2240 1790 2295 hoc
1818 2247 1901 2295 est
1922 2238 2018 2294 lilii
2046 2235 2178 2294 Seth
2203 2238 2346 2293 tilias
2369 2236 2525 2292 Cain.

1756 2330 2118 2387 Mathusalam
2148 2345 2294 2385 anno
2325 2328 2450 2384 vitae
2497 2344 2612 2385 suae
2655 2326 2759 2382 187
2804 2327 2991 2400 genuit
3012 2324 3273 2393 Lamech,

1684 2404 1865 2481 adhuc
1904 2425 2076 2480 Adam
2117 2423 2332 2479 vivente
2365 2430 2420 2478 et
2462 2436 2637 2477 annos
2686 2420 2792 2476 874
2830 2421 3082 2475 habente.
3116 2419 3276 2473 Anno

1684 2528 1866 2575 autem
1894 2516 2214 2574 Mathusalae
2237 2515 2364 2584 245,
2397 2531 2523 2571 cum
2554 2512 2700 2569 ﬁlius
2726 2512 2845 2584 ejus
2871 2511 3109 2568 Lameeh
3131 2518 3278 2566 esset

1685 2626 1954 2667 annorum
1982 2610 2071 2677 56,
2108 2616 2359 2663 mortuus
2381 2616 2463 2663 est
2490 2604 2666 2660 Adam
2692 2619 2838 2659 anno
2857 2603 2982 2657 vitae
3004 2618 3118 2657 sua:
3146 2601 3273 2657 930.

1683 2702 1799 2759 Hac
1843 2701 2194 2775 generatione
2235 2699 2350 2754 nati
2394 2705 2522 2754 sunt
2574 2703 2854 2767 gygantes.
2900 2691 3013 2748 Hac
3057 2706 3278 2762 quoque

1683 2803 1842 2852 aetate
1881 2792 2061 2862 Jubal,
2099 2790 2193 2864 qui
2215 2799 2333 2846 erat
2364 2791 2431 2846 de
2466 2805 2663 2861 genere
2706 2786 2863 2851 Cain,
2896 2794 3068 2839 artem
3097 2783 3274 2838 musi-

1684 2904 1803 2945 cam
1835 2886 2056 2958 reperit,
2092 2885 2251 2956 cujus
2279 2885 2445 2939 etiam
2488 2881 2658 2938 frater
2689 2879 2987 2936 Tubalcain
3021 2876 3146 2933 aeris
3169 2874 3289 2947 feri

1682 2981 1839 3052 rique
1861 2979 2111 3035 inventor
2140 2977 2260 3034 fuit.
2295 2975 2663 3032 Mathusalam
2693 2974 2860 3046 igitur
2876 2972 3030 3043 juxta
3058 2978 3269 3040 septua-

1683 3073 1832 3145 ginta
1862 3070 2225 3142 lnterpretum
2265 3068 2731 3140 computationem
2770 3064 3043 3136 reperitur
3069 3061 3274 3116 vixisse

1683 3174 1808 3238 post
1832 3165 2098 3222 diluvium
2127 3179 2302 3219 annos
2334 3163 2423 3237 14,
2452 3168 2675 3233 prepter
2701 3158 2849 3231 quod
2870 3153 3120 3211 nonnulli
3147 3168 3275 3208 cum

1685 3273 1810 3313 cum
1838 3266 1990 3328 patre
2024 3272 2125 3310 suo
2154 3254 2363 3319 Enoch,
2397 3251 2491 3324 qui
2517 3251 2814 3306 translatus
2834 3255 2937 3314 est,
2965 3246 3279 3317 aliquantu-

1684 3348 1800 3402 lum
1825 3345 2018 3414 fuisse,
2041 3346 2218 3401 donec
2238 3341 2503 3399 diluvium
2533 3339 2836 3413 prcteriret,
2863 3337 3001 3393 falsa
3021 3333 3279 3415 opinione

1683 3439 2021 3525 existimant.
2056 3436 2282 3493 Certum
2304 3443 2489 3491 tamen
2528 3443 2633 3501 est,
2668 3441 2730 3489 ut
2762 3440 2988 3488 sanctus
3018 3426 3281 3502 Augusti-

1684 3548 1791 3587 nus
1816 3531 1871 3586 in
1890 3500 2045 3585 'iibro
2067 3529 2133 3585 de
2153 3528 2385 3584 Civitate
2432 3500 2647 3582 Domini
2676 3524 2788 3597 (xv,
2824 3521 2912 3588 ιι)
2944 3521 3097 3587 dicit,
3117 3500 3129 3502 ’
3151 3533 3295 3599 eum.

1684 3632 1807 3695 post
1846 3622 2114 3679 diluvium
2152 3637 2262 3676 non
2288 3618 2512 3685 vixisse,
2541 3617 2634 3674 sed
2663 3617 2717 3671 in
2748 3616 2868 3686 ipso
2891 3628 3038 3668 anno
3060 3627 3170 3682 quo
3189 3609 3278 3665 di-

1685 3716 1893 3771 luvium
1918 3714 2123 3771 factum
2159 3721 2245 3770 est
2288 3720 2567 3767 mortuum
2612 3724 2756 3777 esse,
2786 3707 3076 3763 habentem
3102 3717 3309 3773 annos

1684 3816 1993 3880 nongentos
2019 3806 2300 3879 sexaginta
2326 3818 2543 3860 novem.

1756 3899 1994 3956 Lamech
2031 3914 2178 3954 anno
2211 3898 2336 3954 vitae
2370 3912 2484 3953 sure
2520 3893 2624 3951 182
2679 3891 2866 3967 genuit
2901 3889 3034 3958 Noe,
3071 3890 3161 3945 cui
3197 3888 3283 3943 di~

1683 3992 1814 4047 vino
1832 3992 2054 4064 jubetur
2081 3990 2304 4047 oraculo
2352 3987 2623 4045 aedificare
2676 4001 2859 4042 arcam
2913 3997 3060 4039 anno
3104 3989 3282 4038 πιθα

1687 4100 1801 4139 sum
1823 4081 2284 4154 quingentesimo,
2319 4096 2448 4155 cum
2475 4079 2621 4134 Deus
2650 4077 2829 4133 delere
2850 4075 3166 4145 disponeret
3188 4073 3284 4127 ho-
3342 4132 3347 4151 η

1688 4174 1864 4230 mines
1891 4181 2115 4244 propter
2137 4170 2407 4226 malieiam
2445 4185 2636 4225 eorum
2665 4167 2815 4238 (lsm.
2842 4184 2857 4235 ;
2885 4164 3100 4221 Jossrn.
3131 4180 3171 4231 ι,
3197 4162 3276 4234 4).

1687 4262 1949 4320 Homines
2003 4271 2183 4317 autem
2219 4261 2366 4316 illius
2404 4257 2688 4329 temporis,
2728 4256 2824 4327 qui
2864 4271 2961 4325 per
3000 4253 3279 4325 ingenium
3365 4253 3385 4319 ξ

1687 4357 1948 4414 divinitus
1972 4354 2233 4411 traditum
2264 4368 2362 4425 per
2389 4360 2473 4407 tot
2520 4365 2791 4405 annorum
2829 4348 2953 4403 vita:
2982 4345 3166 4431 spacia
3194 4343 3281 4399 di—

1686 4465 1971 4505 versarum
2000 4438 2202 4503 artium
2233 4455 2287 4502 et
2319 4443 2732 4514 disciplinarum
2769 4447 3077 4511 repertores
3103 4444 3281 4503 erant,

46 4527 184 4595 cepit,
225 4533 330 4589 sive
355 4545 415 4590 ut
448 4544 679 4592 sanctus
715 4536 1056 4609 Augustinus
1078 4536 1234 4608 juxta
1272 4538 1584 4595 translatio-
1619 4567 1662 4622 ο
1689 4559 1812 4601 cum
1841 4542 2169 4614 predixisset
2201 4540 2282 4596 eis
2304 4539 2476 4595 Adam
2509 4536 2705 4609 spiritu
2730 4535 2825 4592 Dei
2850 4535 3066 4608 plenus,
3096 4540 3281 4588 exter-

46 4632 136 4674 ncm
173 4623 316 4680 aliam
361 4627 495 4683 dicit
540 4628 641 4701 (De
686 4629 787 4684 civ.
839 4628 960 4696 Dei,
1008 4644 1119 4697 xv,
1170 4628 1258 4701 18)
1305 4630 1580 4700 speravit,

48 4708 242 4771 invocare
255 4733 448 4775 nomen
465 4719 709 4777 Domini.
735 4719 984 4792 Cumque
1004 4720 1229 4779 vixisset
1255 4719 1384 4777 Seth
1406 4738 1582 4779 annos

45 4800 136 4871 912,
162 4818 393 4869 mortuus
434 4821 542 4870 est.

98 4894 241 4975 (Isim)
274 4902 418 4962 Enos
470 4922 617 4962 anno
658 4907 785 4963 vitae
826 4922 941 4963 sua:
985 4908 1345 4980 nonagesimo
1392 4908 1582 4980 genuit

45 4982 223 5061 Cainan,
243 4996 331 5066 qui
359 4999 755 5070 interpretatur
780 5008 976 5054 natura
1004 4998 1132 5066 Dei,
1162 5000 1377 5056 vivente
1401 4999 1573 5056 Adam

47 5084 85 5129 et
101 5079 296 5142 habente
320 5104 495 5146 annos
533 5092 659 5148 525.
692 5090 943 5164 Cumque
962 5100 1111 5149 esset
1131 5091 1281 5149 Enos
1302 5109 1572 5149 annorum

48 5166 139 5241 905,
163 5187 390 5238 mortuus
410 5193 517 5240 est.

1690 4635 2045 4691 minationem
2099 4634 2348 4689 omnium
2393 4647 2601 4694 rerum,
2649 4644 2818 4685 unam
2862 4628 3007 4699 ignis
3056 4625 3279 4690 virtute,

1689 4727 1916 4781 alteram
1939 4740 2207 4796 aquarum
2229 4724 2282 4779 vi
2313 4740 2378 4779 ac
2411 4721 2760 4778 multitudine
2810 4718 2928 4774 fore
2971 4727 3282 4784 venturam,

1687 4817 1948 4874 facientes
1967 4818 2106 4872 duas
2132 4818 2439 4884 columnas,
2470 4810 2637 4870 imam
2669 4813 2890 4884 quidem
2905 4829 2968 4867 ex
2997 4812 3282 4879 lateribus,

1689 4910 1916 4965 alteram
1962 4924 2030 4964 ex
2077 4908 2372 4979 lapidibus,
2432 4905 2628 4961 studiis
2667 4904 2785 4960 suis
2836 4905 3058 4959 inventa
3107 4903 3161 4959 in
3194 4904 3282 4962 his

1688 5002 2150 5071 conscripserunt,
2181 5015 2249 5055 ne
2274 4999 2584 5054 delerentur
2620 4995 2885 5051 memoria
2913 5010 3035 5066 quae
3059 4994 3282 5065 sapien-

1682 5103 1766 5149 ter
1823 5093 2167 5149 invenerunt.
2236 5090 2480 5158 Quarum
2529 5089 2742 5160 lapidea
2798 5087 2973 5144 fertur
3014 5087 3282 5143 diluvium

1682 5187 1921 5243 evasisse
1951 5194 2003 5241 et
2027 5185 2292 5240 hactenus
2321 5183 2376 5237 in
2401 5180 2557 5252 Syria
2596 5196 2937 5253 permanere.
2966 5178 3142 5252 (ἴδω.)
3171 5178 3279 5235 La-
3312 5240 3315 5243 λ

1343 5327 1581 5383 VARle
1609 5327 2014 5385 LECTIONES.

55 5401 183 5501 Μ”Πι
200 5424 363 5501 corr.
488 5412 565 5501 ,Ἦ
606 5412 764 5501 ξεν.

133 5489 178 5543 q.
200 5492 240 5533 s.
262 5496 288 5535 e
311 5499 446 5537 corr.
483 5484 534 5538 1.

46 5548 96 5592 ω
126 5560 150 5597 ε
176 5563 296 5606 corr.
325 5552 375 5608 1.
453 5554 523 5586 ⁸⁸³
546 5565 813 5628 susceptae
836 5557 886 5611 1.
915 5567 1016 5612 etc.

875 5416 919 5448 ⁸⁷
955 5414 1047 5469 VII
1076 5432 1105 5471 e
1128 5432 1270 5472 corr.
1301 5418 1353 5471 1.
1383 5416 1496 5471 Vill
1525 5418 1680 5473 Hier.

650 5486 718 5519 ¹⁰¹
758 5484 924 5560 Addit
949 5487 1002 5541 5.
1046 5488 1305 5543 rubrum:
1345 5487 1541 5560 Incipit
1563 5490 1701 5545 liber
1734 5489 1829 5560 qui
1855 5491 2059 5545 dicitur
2093 5490 2443 5546 cronicorum
2482 5489 2597 5544 sive
2618 5490 2850 5545 annalis.

2343 5418 2389 5451 ⁹⁹
2423 5417 2536 5500 duo
2564 5418 2695 5473 anni
2717 5435 2744 5473 e
2765 5435 2923 5520 1ςονν.
2947 5418 3015 5520 ‘10..
3029 5414 3099 5470 IV
3127 5415 3274 5500 (fier.

3053 5504 3184 5558 quia
3222 5505 3279 5544 in

1794 5418 1841 5451 ⁸⁸
1880 5419 2151 5475 semirade
2180 5420 2230 5474 1.

1494 5653 1702 5712 NOTAE
1716 5693 1729 5712 .

1494 5653 1537 5709 Ν
1590 5653 1729 5712 TE.

97 5731 416 5826 Cujus
457 5742 782 5826 chronicam.
818 5746 874 5801 in
908 5744 1116 5826 Chron.
1164 5653 1586 5826 Wirzburgens?
1601 5750 1667 5806 ad
1717 5751 1946 5810 verbum
1993 5751 2325 5825 cxscriptam
2360 5752 2491 5809 dixi.
2539 5750 2672 5809 Ekk.
2729 5766 2859 5807 vero
2908 5749 2997 5805 hic
3050 5747 3166 5819 ejus
3210 5789 3213 5792 ν

44 5809 356 5871 narrationem
388 5826 457 5871 ex
481 5814 605 5873 aliis
626 5814 869 5874 fontibus
895 5816 1053 5873 valde
1075 5818 1379 5890 ampliavit.

3392 5048 3401 5157 ἱ
