3828 6308
571 248 681 371 seu
1718 288 2114 349 EKKEllARDl
2151 289 2615 348 unwomusrs
2864 302 2867 307 ·
3659 300 3726 361 ω

570 410 735 467 mech
756 424 890 466 vero
913 410 1217 479 comesset
1254 422 1527 465 annorum
1577 407 1699 476 777,
1720 408 1964 480 quinque
2000 407 2159 464 annis
2187 411 2233 470 Α
2261 418 2438 477 usque
2480 401 2697 461 ad‘Noe
2731 411 2789 459 et
2845 402 3135 471 diluvium,
3179 403 3452 463 continens
3488 422 3625 466 annos
3640 412 3726 471 1656

570 510 699 559 ante
726 501 991 560 diluvium
1036 511 1286 559 mortuus
1326 509 1431 558 est.
1478 500 1561 557 Ex
1601 517 1767 572 supra
1793 501 1954 557 dictis
1976 508 2161 556 autem
2260 496 2562 552 secundum
2598 492 2864 562 Hebreos,
2898 494 3059 565 juxta
3104 496 3435 567 septuaginta
3478 494 3727 573 Interpretes,

570 594 784 668 liquido
825 595 1014 662 claret,
1045 594 1330 650 exordium
1361 593 1666 649 litterarum
1711 592 1783 649 ab
1830 592 1950 664 ipso
1981 591 2159 663 primo
2257 589 2420 645 2262.
2456 588 2563 657 (Cf.
2605 588 2737 645 Ann.
2789 588 3011 660 Chron.)
3059 588 3194 646 Dein
3245 591 3470 649 secunda
3506 602 3615 651 atas
3641 598 3727 655 inci.

572 685 796 743 homine
824 686 1074 758 cmpisse,
1120 686 1216 757 qui
1263 686 1443 741 adhuc
1471 693 1771 756 supererat,
1805 685 2026 756 quando
2062 685 2161 740 lilii
2257 683 2355 753 pit.
2388 680 2492 754 (Cf.
2517 680 2669 751 lsm.)

570 779 693 851 ejus
723 780 781 835 in
813 764 1093 851 sapientiae
1117 779 1299 836 studio
1324 777 1625 834 fervebant.
2332 772 2506 846 (lsrn.)
2547 772 2675 830 Sem
2720 789 2847 831 cum
2879 783 3024 830 esset
3071 789 3341 831 annorum
3379 785 3585 846 centum,
3610 783 3731 851 gena

640 869 757 927 Noe
811 886 939 926 cum
991 871 1416 944 qu’ngeutorum
1463 880 1609 927 esset
1636 884 1932 938 annorum,
1974 869 2162 941 genuit
2256 864 2537 937 Arpbaxat
2564 865 2786 921 biennio
2807 876 2931 936 post
2957 866 3246 922 diluvium.

577 961 727 1030 Sem,
766 961 939 1019 Cham
970 970 1024 1018 et
1044 960 1237 1034 Jafeph
1260 952 1374 1032 "°‘,
1405 971 1626 1019 centum
1675 961 1836 1018 annis
1862 970 1988 1018 ante
2015 961 2163 1018 dilu-
2326 958 2607 1030 Arphaxat
2634 974 2780 1015 anno
2802 959 2872 1016 '55
2917 957 3085 1032 [alias
3110 959 3215 1016 155
3246 956 3341 1032 ⁸⁵⁸]
3391 961 3557 1033 genuit
3591 961 3730 1030 Sale:

566 1054 741 1123 vium,
798 1054 854 1110 in
910 1051 1109 1125 quibus
1158 1054 1326 1113 etiam
1382 1055 1545 1113 annis
1593 1070 1779 1111 arcam
1831 1053 2154 1122 fabricavit;
2256 1065 2367 1122 quo
2388 1051 2599 1123 antiqui
2624 1050 2928 1108 Samaritae.

566 1147 968 1204 sexcentesimo
994 1156 1178 1204 autem
1214 1147 1337 1219 ejus
1371 1163 1518 1204 anno
1550 1147 1815 1205 diluvium
1848 1145 2152 1203 inundavit.
2329 1141 2454 1200 Sale
2499 1159 2647 1200 anno
2690 1143 2760 1199 30
2806 1143 2996 1218 genuit
3042 1140 3243 1212 Heber,
3279 1159 3315 1200 a
3347 1158 3453 1216 quo
3476 1142 3731 1206 Bebreidini
3784 1140 3785 1149 “

565 1237 626 1295 ln
662 1239 749 1295 bis
771 1255 902 1312 ergo
947 1230 1394 1313 generationibus
1432 1239 1620 1296 decem
1655 1238 1724 1294 ab
1754 1238 1921 1295 inicio
1965 1236 2156 1294 mundi
2254 1242 2404 1291 sunt.

570 1347 748 1403 usque
796 1332 866 1388 ad
906 1332 1176 1389 diluvium
1231 1332 1388 1403 juxta
1433 1329 1776 1404 septuaginta
1825 1330 2156 1402 lnterpretes
2324 1324 2503 1382 Heber
2545 1342 2695 1383 anno
2750 1327 2821 1385 54
2867 1325 3035 1401 [alias
3092 1326 3196 1385 154
3243 1326 3339 1402 ¹⁰⁵]
3386 1330 3553 1401 genuit
3586 1330 3732 1388 FalecL

562 1430 953 1493 computantur
977 1421 1108 1476 anni
1132 1421 1297 1489 2262,
1318 1421 1474 1494 juxta
1512 1419 1834 1477 Hebraicam
1865 1435 1993 1475 vero
2013 1418 2161 1474 veri-
2253 1415 2425 1489 Cujus
2448 1419 2791 1490 temporibus
2811 1419 3079 1477 aedificata
3110 1428 3196 1477 est
3221 1419 3415 1487 turris,
3437 1420 3648 1478 incitante
3669 1424 3733 1478 δο-

567 1523 737 1571 tatem
764 1515 928 1583 1656,
970 1524 1032 1572 ut
1065 1524 1295 1575 sanctus
1338 1515 1681 1588 Augustinus
1720 1523 1970 1572 testatur.
2001 1513 2156 1573 Jose-
2252 1509 2431 1567 mines
2468 1510 2536 1568 ad
2585 1511 2843 1583 injuriam
2883 1519 2941 1567 et
2977 1510 3355 1583 contemptum
3391 1511 3481 1568 Dei
3528 1511 3735 1571 Nerulum
3784 1516 3785 1575 Ϊ

564 1609 711 1678 phus
730 1615 911 1663 autem
938 1607 1037 1678 (De
1057 1592 1171 1664 ant.
1192 1606 1323 1662 Jud.
1340 1624 1379 1677 l,
1403 1623 1453 1664 c.
1471 1608 1550 1680 5.)
1575 1607 1825 1664 dicitduo
1849 1607 1999 1662 milia
2025 1606 2150 1663 656.
2253 1613 2507 1676 gygante,
2544 1613 2741 1676 nepote
2760 1603 2897 1674 Noe,
2938 1606 3053 1663 lilio
3081 1606 3293 1663 scilicet
3327 1605 3490 1673 Chus,
3509 1607 3588 1663 lilii
3607 1607 3733 1675 Chia,
3784 1638 3785 1680 ;

564 1692 674 1769 Qui
701 1699 865 1756 etiam
901 1700 1033 1757 dicit
1056 1720 1079 1769 ε.
1116 1688 1333 1755 Νιιιιιιδ⁷
1353 1701 1530 1773 itaque
1561 1709 1920 1772 perscrutetur
1945 1700 2152 1771 prisco-
2252 1692 2496 1751 ﬁliiNoe.
2525 1693 2701 1766 Hujus
2722 1705 2906 1754 autem
2928 1696 3161 1752 altitudo
3182 1696 3353 1753 turris
3377 1697 3557 1753 dicitur
3572 1699 3735 1755 tenuisse

564 1808 686 1847 rum
707 1793 862 1863 ﬁnes,
885 1802 1143 1866 quantum
1171 1810 1297 1847 cum
1325 1794 1436 1848 suis
1462 1793 1594 1863 ﬁliis
1618 1810 1900 1865 eorumque
1920 1793 2030 1847 avis
2060 1801 2154 1846 aut
2186 1786 2230 1846 Β
2259 1802 2544 1845 numerum
2572 1788 2816 1860 quinque
2841 1787 3056 1853 milium
3100 1802 3369 1860 passuum
3408 1796 3460 1844 et
3493 1787 3595 1855 l7i,
3613 1790 3736 1859 paula-

562 1883 737 1938 atavis
757 1901 909 1938 suam
934 1885 1050 1956 quis
1070 1884 1618 1952 extenderetwtatem,
1645 1883 1735 1938 sed
1753 1892 1964 1938 tantum
1978 1890 2154 1938 ortum
2252 1877 2353 1934 tim
2379 1880 2435 1936 in
2472 1879 2761 1938 altioribus
2792 1889 3058 1948 coartata,
3096 1889 3156 1936 ut
3188 1878 3406 1952 pondus
3439 1879 3672 1935 imminens
3688 1879 3735 1934 la-

562 1991 746 2030 eorum
773 1985 823 2031 et
850 1977 1208 2048 generationes
1234 1976 1496 2031 attendat.
2253 1973 2415 2029 cilius
2455 1974 2754 2030 sustineret
2799 1971 2906 2045 (Cf.
2952 1972 3082 2028 Gen.
3130 1988 3187 2028 ι.
3234 2003 3308 2013 -
3338 1971 3484 2043 Isin.)
3522 1971 3735 2028 Divisiooes

638 2067 744 2124 Sed
769 2084 870 2129 nec
903 2069 1006 2125 hos
1034 2070 1204 2136 solos,
1235 2069 1333 2141 qui
1358 2070 1415 2127 in
1452 2068 1558 2125 hoc
1591 2068 1784 2125 ordine
1814 2067 2151 2136 scribuntur,
2252 2073 2437 2120 autem
2466 2065 2778 2137 linguarum
2815 2064 2885 2120 72
2914 2063 3087 2120 fuisse
3117 2062 3383 2136 hystorize
3411 2062 3736 2129 declarant,non

569 2170 898 2234 genuerunt,
950 2177 1078 2217 cum
1113 2162 1379 2232 scriptum
1425 2161 1497 2218 sit
1540 2160 1608 2216 de
1644 2161 1926 2235 .singulis:
1973 2163 2152 2233 genuit
2251 2157 2402 2230 quod
2438 2157 2786 2225 solummodo
2815 2166 2896 2213 tot
2924 2157 3179 2212 homines
3213 2165 3349 2211 tunc
3382 2154 3588 2229 fuissent
3616 2161 3735 2208 etnon

561 2252 705 2323 ﬁlios
732 2261 783 2309 et
804 2253 971 2322 ﬁlias,
1001 2268 1194 2310 verum
1229 2253 1285 2311 hi
1317 2246 1527 2308 tantum
1561 2262 1920 2308 assumuntur
1951 2269 1984 2308 a
2009 2253 2154 2309 veri-
2251 2250 2477 2321 plures;
2515 2248 2611 2304 sed
2656 2257 2739 2305 tot
2770 2249 2887 2320 jam
2920 2249 3196 2320 principes
3242 2247 3558 2303 familiarum
3589 2261 3639 2302 ex
3658 2243 3736 2299 ﬁliis

560 2344 688 2402 dico
712 2345 1170 2418 bystoriographo
1196 2344 1402 2418 Moyse,
1433 2360 1501 2402 ex
1523 2345 1722 2416 quibus
1742 2343 1856 2401 Noe
1877 2361 2003 2401 cum
2026 2345 2152 2403 filiis
2249 2341 2366 2399 Noe
2392 2351 2712 2414 procreatos
2736 2341 2997 2410 ostendit,
3023 2341 3120 2414 qui
3150 2340 3388 2415 populos
3410 2349 3463 2397 et
3487 2348 3637 2412 gentes
3654 2353 3735 2394 cun-

560 2437 680 2496 suis
722 2438 955 2495 ducebat
1000 2437 1291 2510 originem,
1326 2453 1424 2509 per
1474 2452 1616 2509 quos
1658 2444 1713 2494 et
1749 2438 1988 2494 mundus
2028 2446 2153 2509 post
2250 2435 2508 2492 diderunt
2534 2433 2640 2505 (Cf.
2671 2433 2905 2506 Bson.)

558 2538 869 2588 ceterorum
905 2531 1189 2586 hominum
1226 2530 1582 2602 perditionem
1612 2529 1668 2584 in
1698 2529 1903 2586 diluvio
1926 2538 2046 2585 erat
2066 2544 2152 2585 re-
2319 2528 2367 2584 A
2399 2528 2726 2586 confusione
2768 2544 2902 2585 vero
2946 2529 3264 2600 linguarum
3295 2536 3353 2585 et
3400 2527 3606 2600 primatu
3626 2522 3735 2580 lich
3784 2522 3785 2602 )

557 2623 892 2681 staurandus
913 2622 1020 2694 (Cf.
1044 2623 1179 2679 Anc.
1210 2622 1288 2678 De
1316 2624 1416 2679 civ.
1440 2621 1559 2690 Dei,
1584 2639 1674 2691 xv,
1708 2621 1820 2694 15).
2250 2636 2428 2692 usque
2473 2621 2542 2677 ad
2579 2621 2920 2677 nativitatem
2973 2619 3231 2687 Abrahae,
3275 2620 3374 2691 qui
3397 2628 3627 2675 natnsest
3645 2630 3735 2672 uno

628 2711 807 2785 (1311).)
839 2711 1141 2770 Transacto
1174 2722 1356 2769 autem
1388 2713 1613 2779 diluvio,
1650 2728 1777 2768 arca
1799 2709 1913 2768 Noe
1941 2710 2151 2769 sedisse
2249 2713 2346 2769 45°
2381 2712 2508 2769 Nini
2530 2713 2675 2785 regis
2719 2700 3095 2785 Assyriorum,
3143 2721 3522 2783 computantur
3552 2707 3649 2765 anui
3677 2706 3732 2759 l9|

554 2804 792 2863 refertur
817 2804 873 2860 in
896 2805 1177 2861 montibus
1202 2805 1475 2865 Armeniae
1495 2804 1589 2876 qui
1611 2805 1869 2861 dicuntur
1889 2803 2145 2860 Araratb.
2250 2805 2555 2863 secundum
2603 2806 2929 2863 llebraicam
2976 2806 3299 2875 veritatem,
3356 2803 3622 2863 secundum
3652 2799 3736 2854 alios
3784 2799 3785 2876 ξ

557 2896 803 2954 Fuerunt
835 2906 1015 2954 autem
1048 2897 1145 2953 lilii
1190 2896 1302 2953 Noe
1323 2906 1455 2964 tres,
1502 2913 1570 2952 ex
1617 2896 1817 2968 quibus
1859 2896 1928 2950 72
1963 2904 2150 2968 gentes
2251 2896 2453 2971 (Jonn.)
2492 2913 2623 2955 vero
2659 2899 2786 2955 5M.

555 2999 693 3046 ortae
715 2997 867 3058 sunt,
889 2989 944 3046 id
975 2998 1061 3046 est
1082 2990 1150 3045 de
1170 2988 1365 3061 Japhet
1404 2991 1491 3055 15,
1516 2989 1583 3045 de
1611 2988 1784 3045 Cham
1814 2987 1904 3057 50,
1929 2989 1996 3046 de
2019 2987 2067 3044 Si

2318 2989 2518 3048 Falech
2561 3007 2709 3047 anno
2750 2992 2877 3048 vitae
2908 3007 3023 3048 suae
3060 2990 3131 3047 50
3179 2990 3349 3066 [alias
3393 2986 3589 3060 l50"']
3620 2982 3735 3058 sem

552 3080 646 3137 27.
685 3080 851 3145 Vixit.
880 3090 1063 3138 autem
1103 3078 1216 3138 Noe
1245 3091 1368 3152 post
1407 3080 1671 3138 diluvium
1715 3081 1820 3136 550
1861 3081 2041 3149 annis,
2094 3090 2149 3138 et
2177 3134 2215 3156 η
2250 3079 2389 3138 Reu.
2437 3081 2612 3155 (Ism.)
2655 3081 2755 3140 His
2792 3083 3131 3156 temporibus
3174 3068 3415 3155 primum
3459 3081 3622 3151 templa
3653 3091 3736 3131 col-

556 3182 809 3232 mortuus
833 3183 918 3233 est
942 3190 1213 3231 annorum
1239 3134 1366 3233 ὗδο.
1511 3192 1517 3199 ’
2174 3134 2218 3193 c
2250 3134 2456 3230 structa
2484 3134 2635 3243 suni,
2666 3184 2727 3230 ut
2747 3134 2970 3247 quiderm
2997 3134 3209 3244 dicunt:
3238 3185 3297 3232 et
3318 3174 3527 3246 quidam

626 3266 806 3338 (Jonn.
831 3265 917 3322 Cf.
948 3267 1180 3339 Bson.)
1214 3264 1261 3321 A
1303 3264 1464 3338 cujus
1501 3264 1767 3338 regimine
1809 3265 1890 3321 vel
1931 3265 2000 3321 ab
2028 3265 2147 3337 ipso
2248 3267 2490 3340 gentium
2530 3277 2791 3339 tanquam
2813 3268 2892 3324 dii
2925 3268 3144 3324 adorari
3167 3276 3472 3339 ceperunt.

554 3359 761 3417 diluvio
794 3375 971 3431 usque
1017 3359 1085 3414 ad
1114 3356 1441 3416 divisionem
1471 3358 1804 3431 linguarum,
1851 3375 1975 3431 quae
2016 3359 2147 3415 item
2318 3358 2424 3416 Riu
2450 3375 2596 3417 anno
2624 3361 2803 3417 aetatis
2824 3375 2938 3421 suae
2966 3360 3037 3427 52
3060 3359 3225 3433 [alias
3253 3359 3358 3416 150
3383 3357 3474 3431 ³⁸⁵]
3509 3353 3657 3428 genuit
3676 3349 3736 3403 5³-

550 3453 626 3510 ob
649 3451 848 3509 delicta
893 3450 1281 3507 aedilicantium
1324 3450 1518 3508 turrim
1554 3450 1608 3505 in
1655 3464 1851 3522 campo
1901 3449 2149 3507 Sennaar
2244 3453 2407 3519 ruch,
2431 3452 2535 3508 sub
2563 3469 2675 3524 quo
2703 3451 3031 3525 Scytharum
3072 3468 3307 3526 regnum
3344 3459 3577 3510 exortum
3594 3440 3737 3513 esth

551 3545 697 3604 facta
720 3553 825 3613 est,
847 3553 903 3601 et
926 3559 1100 3616 usque
1130 3543 1326 3611 Heber,
1363 3543 1421 3600 in
1444 3558 1555 3627 quo
1593 3541 1932 3600 Hebreorum
1960 3554 2015 3600 et
2038 3542 2146 3598 lin-
2245 3544 2459 3615 primus
2485 3545 2741 3618 regnavit
2772 3545 3023 3605 Tbanus.

551 3654 660 3713 gna
686 3637 869 3709 prisca
891 3636 1174 3705 remansit,
1204 3635 1335 3708 quia
1365 3652 1466 3693 nec
1511 3625 1567 3692 in
1609 3635 1701 3692 illa
1742 3636 2146 3706 conspiratione
2319 3636 2529 3695 Sarucb
2565 3653 2713 3696 anno
2758 3638 2885 3694 vitae
2914 3653 3029 3695 sua:
3072 3636 3143 3694 50
3172 3635 3339 3710 [alias
3382 3634 3479 3693 150
3509 3630 3588 3706 ⁸⁸⁸]
3619 3625 3738 3702 genii)

550 3729 857 3787 adificandi
907 3727 1177 3797 interfuit,
1225 3738 1355 3785 sunt
1391 3727 1521 3784 anni
1563 3728 1866 3784 secundum
1903 3725 2146 3784 Hebreos
2244 3726 2481 3786 Nachor.
2934 3778 2937 3779 ν

551 3830 776 3883 centum
823 3830 879 3879 et
924 3837 1091 3890 unus,
1131 3821 1292 3894 juxta
1332 3820 1472 3876 alios
1505 3835 1636 3876 vero
1669 3820 1795 3886 551,
1837 3818 1931 3892 qui
1961 3819 2148 3890 plures
2313 3821 2531 3881 Nachor
2554 3838 2699 3881 anno
2725 3824 2905 3881 aetatis
2930 3839 3045 3881 sua:
3085 3823 3180 3892 29,
3209 3823 3329 3879 sive
3358 3831 3419 3879 ut
3445 3819 3530 3877 alii
3550 3814 3736 3890 (195)·το-

551 3930 729 3985 annos
750 3914 949 3987 cuique
978 3902 1318 3988 generationi
1341 3912 1723 3981 attribuentes,
1748 3911 1912 3967 etiam
1936 3909 2147 3966 Cainan
2245 3914 2365 3972 lunt
2389 3915 2476 3984 79,
2504 3916 2692 3988 genuit
2720 3915 2923 3984 Thare,
2956 3915 3061 3973 sub
3084 3931 3198 3988 quo
3226 3931 3461 3986 regnum
3483 3907 3735 3981 Assyrian!

551 4006 830 4080 quendam
878 4005 1022 4063 inter
1062 4006 1347 4078 Arphaxat
1383 4012 1439 4061 ct
1483 4003 1608 4061 Sale
1648 4012 1877 4076 ponunt,
1920 4003 2009 4060 cui
2043 4003 2147 4059 125
2244 4015 2300 4062 et
2323 4005 2689 4064 Sicioniorum
2711 4007 2979 4065 exoritur.

550 4114 730 4156 annos
755 4099 1024 4166 tribuunt,
1051 4098 1318 4168 dicentes,
1341 4098 1622 4170 Arphaxat
1637 4096 1893 4171 genuisse
1914 4095 2144 4165 Cainan,
2316 4098 2476 4171 (Anc.
2504 4100 2637 4156 ibid.
2678 4117 2792 4168 xvi,
2823 4116 2873 4156 c.
2905 4100 2981 4174 1.)
3018 4099 3203 4157 Thare
3244 4113 3393 4155 anno
3439 4097 3550 4153 vitae
3581 4099 3737 4148 sunt

548 4190 760 4250 Cainan
795 4208 927 4249 vero
978 4188 1129 4277 ﬁalc.
1170 4190 1232 4271 In
1273 4192 1378 4249 hac
1419 4192 1676 4264 opinione
1711 4190 1889 4248 Lucas
1926 4205 2147 4263 quoque
2243 4191 2587 4262 ptuagesimo
2624 4192 2815 4264 genuit
2847 4191 3146 4260 Abraham,
3179 4207 3328 4247 anno
3356 4186 3617 4258 Niniregis

547 4285 882 4358 evangelista
911 4273 1134 4342 secutus
1155 4285 1501 4359 septuaginta
1524 4284 1876 4356 Interpretes,
1907 4283 2142 4339 eundem
2245 4281 2453 4338 riorum
2504 4284 2618 4352 45°,
2654 4284 2751 4356 qui
2778 4284 2847 4316 ³⁸⁸
2880 4291 2965 4341 est
3018 4299 3200 4340 annus
3250 4283 3467 4339 circiter
3508 4273 3738 4336 uiillesimmi

544 4375 756 4453 Cainan
781 4377 838 4433 in
885 4376 1078 4433 ordine
1119 4376 1448 4449 genealogia:
1482 4384 1702 4447 patrum
1751 4377 1806 4432 in
1850 4374 2144 4447 Evangelia
2242 4374 2408 4429 2ῒ>8ιι⁸
2434 4383 2562 4431 ante
2586 4376 2864 4432 conditam
2890 4374 3144 4444 Romam,
3168 4376 3319 4431 velut
3345 4375 3561 4431 alterum
3587 4367 3630 4422 in
3643 4359 3735 4418 acci-

546 4484 653 4525 suo
681 4468 834 4540 ponit
852 4469 1081 4526 dicens:
1114 4468 1221 4535 Qui
1256 4469 1359 4540 fuit
1392 4466 1538 4536 Sale,
1563 4469 1652 4541 qui
1680 4468 2022 4539 fuitCainan,
2051 4468 2142 4539 qui
2173 4490 2223 4552 υ
2245 4463 2408 4525 dente
2429 4467 2804 4541 Babyloniam.
3711 4542 3717 4549 .

546 4562 652 4633 fuit
688 4561 991 4633 Arpliaxat,
1036 4562 1128 4635 qui
1163 4563 1265 4634 fuit
1313 4560 1469 4627 Sem,
1525 4571 1751 4620 sanctus
1800 4561 2136 4635 Augustinus
2317 4561 2397 4617 Eo
2432 4570 2616 4618 autem
2649 4570 2894 4633 tempore
2934 4576 3047 4633 quo
3088 4568 3254 4621 natus
3279 4568 3369 4616 est
3402 4554 3735 4613 Abraham"Ir

546 4655 651 4722 (De
670 4657 771 4713 civ.
814 4655 956 4726 Dei,
1005 4672 1118 4723 xvi,
1166 4655 1252 4729 l0)
1291 4656 1458 4713 etiam
1493 4664 1549 4713 et
1594 4655 1851 4713 Jordanis
1895 4656 2060 4728 (Mus.
2099 4672 2139 4724 ι,
2244 4655 2432 4711 nentia
2459 4655 2701 4726 gentium
2738 4671 2906 4727 regna
2927 4663 3085 4711 erant
3104 4654 3232 4721 tria,
3251 4651 3612 4709 Sicioniorum.
3630 4637 3735 4704 £3!"

546 4763 604 4823 p.
629 4748 758 4820 222)
782 4749 1077 4821 episcopus
1105 4749 1340 4806 eundem
1358 4749 1533 4805 simili
1563 4749 1728 4805 modo
1752 4758 1981 4821 ponunt,
2012 4765 2139 4806 cum
2244 4748 2505 4818 ptiorum,
2528 4749 2879 4821 Assyriorum
2911 4766 2926 4816 ;
2971 4748 3066 4803 sed
3109 4746 3457 4818 Assyriorum
3501 4737 3637 4796 multo

546 4816 607 4894 in
628 4816 1141 4913 bibliotheca—(liii)
1170 4840 1346 4897 sancti
1373 4838 1673 4896 Hieronimi
1709 4816 2013 4896 secundum
2043 4838 2141 4896 He-
2242 4816 2522 4912 potentius
2544 4816 2710 4912 atque
2735 4839 3049 4906 sublimius,
3090 4816 3231 4910 quia
3247 4824 3342 4894 rex
3370 4837 3463 4897 ille
3491 4816 3733 4889 Ninus,“

544 4929 790 4988 braicam
818 4933 1102 4990 veritatem
1126 4950 1238 4990 non
1265 4933 1551 5002 habeatur,
1580 4933 1677 4990 sed
1699 4932 1978 5004 Arphaxat
2013 4932 2137 4989 Sale
2243 4932 2411 4999 filius,
2436 4933 2707 4989 universm
2732 4931 2876 4988 Asia:
2899 4932 3131 5003 populos
3158 4938 3385 5002 excepta
3409 4924 3549 4983 India
3570 4915 3663 4975 huic
3680 4922 3733 4962 re-

546 5020 804 5090 genuisse
824 5023 1059 5091 dicatur,
1086 5032 1183 5081 aut
1209 5022 1330 5096 ipso
1358 5023 1891 5104 Hieronimognescio
1918 5041 2026 5096 qua
2055 5041 2115 5080 ra
2242 5039 2351 5096 guo
2366 5024 2774 5096 subjugaverat.
2796 5022 2950 5080 Unde
2971 5032 3026 5079 et
3044 5021 3324 5093 primusin
3352 5015 3543 5074 mundo
3556 5010 3734 5078 regnis“

545 5109 697 5166 tione
716 5111 924 5170 Cainan
954 5125 1320 5187 pretereunte,
1364 5126 1460 5173 aut
1505 5117 1836 5189 scriptorum
1877 5118 2012 5172 vitio
2045 5118 2133 5173 ni-
2239 5119 2464 5188 dicitur,
2492 5136 2602 5175 non
2630 5121 2775 5191 quod
2808 5120 2899 5175 ille
2946 5119 3159 5191 primus
3200 5133 3295 5171 rex
3324 5122 3487 5177 esset,
3514 5119 3616 5163 cum
3636 5103 3734 5170 1⁸³⁸⁸

546 5201 718 5258 mium
741 5218 1113 5274 permanente.
1144 5208 1305 5266 Ratio
1335 5226 1465 5266 vero
1486 5224 1758 5266 annorum
1789 5210 1924 5266 satis
1951 5210 2006 5266 in
2029 5210 2134 5265 hoc
2240 5210 2388 5266 illius
2429 5210 2592 5266 Belus
2635 5190 2761 5265 ante
2793 5190 2957 5264 illum,
2997 5210 3066 5264 65
3102 5214 3407 5280 regnasset,
3449 5200 3534 5257 sed
3570 5190 3733 5267 quia”

544 5295 924 5353 conturbatur.
2239 5303 2440 5374 guandi
2471 5302 2769 5374 cupiditate
2787 5320 2953 5375 regna
2979 5314 3202 5358 externa
3242 5297 3539 5355 invasisset.
3559 5281 3733 5379 hihi"

615 5385 799 5444 Prima
848 5398 1031 5446 autem
1076 5394 1263 5449 mundi
1310 5402 1442 5451 :etas
1480 5403 1803 5451 numeratur
1842 5395 1912 5449 ab
1956 5394 2129 5449 Adam
2238 5394 2321 5448 ria
2371 5393 2539 5465 igitur
2572 5395 2914 5465 prevaluerat
2960 5394 3272 5449 dominatus
3324 5386 3497 5460 impia:
3532 5377 3730 5438 σὶνίυωί

1360 5498 1371 5505 “
1838 5485 2073 5541 ἺΑΒΙᾸΕ
2109 5484 2513 5541 LECTIONES.
2548 5502 2553 5505 λ

630 5574 699 5608 ⁸⁸³
734 5577 813 5630 ita
848 5577 895 5632 1.
979 5578 1045 5609 ¹⁰⁵
1073 5580 1148 5633 ita
1189 5581 1240 5634 in
1283 5583 1517 5653 margine
1548 5583 1597 5637 1.
1680 5582 1746 5614 ¹⁰³
1780 5580 1873 5652 qui
1901 5577 2136 5635 CCXXX

1124 5597 1148 5633 α
1189 5581 1240 5634 in
1283 5583 1517 5653 margine
1548 5583 1597 5637 1.
1680 5582 1746 5614 ¹⁰³
1780 5580 1873 5652 qui
1901 5576 2315 5635 CCXXXVIIIus
2360 5595 2387 5632 e
2416 5596 2554 5634 corr.
2592 5582 2636 5634 1.

2090 5668 2320 5727 ΝΟΤΙΕ.
2666 5714 2677 5721 .

617 5756 767 5827 (191)
792 5757 851 5816 ld
875 5768 963 5818 est
986 5758 1177 5818 Biblia.
2084 5762 2087 5765 '
2316 5760 2463 5842 (ltiti)
2500 5759 2579 5817 Ita
2602 5774 2816 5830 semper
2847 5758 3106 5817 Isidorus.
