3828 6308
55 315 134 375 363

914 310 1281 389 cnnomc'x.
1320 365 1391 375 —
1428 333 1823 401 cunomcon
1863 339 2320 402 UNlVERSALE.

3149 351 3256 409 εσυ

58 435 171 536 iiii-il
198 433 277 491 illa
301 454 312 490 ε
339 434 409 536 lit
433 438 479 536 si
497 436 812 536 hoc‘videro,
840 459 942 536 non
976 449 1117 501 sicut
1143 449 1450 520 prophetam
1478 454 1579 507 aut
1600 458 1649 517 Α
1678 454 1902 511 factum.
1946 458 2050 525 Qui
2079 461 2155 516 ait
2179 481 2190 516 :
2221 461 2331 516 Rex
2356 460 2634 535 Phylippe,
2672 473 2918 520 nascetur
2956 465 3052 520 tibi
3085 467 3255 536 ﬁtius,

34 528 266 591 .dirinum,
294 527 382 580 sed
404 528 541 581 sicut
565 529 720 584 deum
746 541 794 586 te
828 534 1081 592 adorabo.
1126 538 1223 596 His
1257 541 1438 610 dictis,
1467 542 1574 601 Ne-

58 617 272 672 ctanebus
311 618 436 674 exiit
466 622 728 679 continuo
769 626 824 680 in
875 628 1180 697 desertum,
1230 636 1575 708 evellensque

60 709 214 764 herbas
248 718 298 764 et
342 713 649 780 exprimens
693 734 918 786 sucum,
970 721 1098 779 fecit
1150 726 1573 786 incantationem

57 798 315 870 Olimpiadi,
350 811 408 858 ut
444 807 719 864 videretur
753 810 830 866 illi
857 814 1014 883 quasi
1045 831 1140 886 per
1173 821 1447 876 somnium
1477 838 1572 880 ve-

58 892 215 947 raciter
233 892 568 953 Hammonem
591 900 752 957 deum
774 907 1137 964 concumbere
1158 925 1365 968 secum.
1388 912 1577 971 Necta-

59 984 193 1041 nebus
225 1000 344 1041 vero
365 991 657 1048 concubuit
686 1010 812 1051 cum
842 1012 925 1054 ea.
963 997 1066 1066 Qui
1096 1017 1220 1057 cum
1249 1006 1576 1063 surrexisset

60 1079 111 1133 ab
126 1093 193 1145 ea,
213 1080 337 1136 dixit
358 1082 430 1137 illi
456 1102 469 1138 :
498 1083 711 1155 Mulier,
739 1092 1025 1162 concepisti
1054 1094 1376 1165 defensorem
1404 1109 1573 1163 tuum,

60 1167 179 1223 Mane
199 1179 364 1226 autem
391 1171 555 1242 facto,
586 1192 710 1233 cum
738 1179 830 1234 illa
860 1184 1190 1241 surrexisset
1215 1188 1424 1256 alecto,
1450 1188 1577 1246 fecit

59 1259 202 1315 venire
238 1263 300 1317 ad
341 1279 397 1319 se
437 1264 837 1340 Nectanebum,
890 1275 1125 1334 recitans
1176 1278 1252 1333 illi
1299 1282 1575 1338 somnium

61 1352 168 1421 quod
203 1354 408 1411 viderat.
436 1358 506 1412 At
544 1360 633 1416 ille
662 1362 800 1419 dixit
828 1384 841 1419 :
877 1364 1072 1424 Omnia
1112 1372 1241 1426 scio.
1286 1371 1575 1429 Faciamus

60 1442 231 1511 aliquod
255 1446 545 1517 arbitrium,
575 1454 702 1522 quia
729 1455 880 1510 aliud
907 1468 985 1513 est
1014 1463 1228 1529 veritas,
1258 1465 1409 1520 aliud
1431 1484 1574 1522 som-

60 1531 185 1625 nium.
213 1531 311 1625 lste
337 1535 462 1591 deus
487 1542 700 1609 quando
726 1546 889 1601 veniet
916 1550 987 1602 ad
1013 1560 1081 1617 te,
1110 1554 1336 1625 figuram
1368 1556 1578 1613 habebit

59 1620 268 1689 draconis,
291 1634 464 1693 postea
502 1628 789 1688 humanam
833 1637 1061 1704 formam
1191 1645 1291 1698 mei
1324 1646 1577 1701 similitu-

62 1709 165 1808 dine.
190 1712 248 1768 At
283 1715 366 1771 illa
395 1718 508 1774 αἰιά
544 1720 685 1777 Bene
718 1726 932 1796 dixisti,
966 1734 1238 1803 prapheta,
1271 1738 1440 1808 recipe
1483 1755 1576 1792 cu-

62 1801 255 1899 biculum,
275 1817 321 1862 et
340 1826 428 1880 ego
456 1812 505 1866 si
530 1815 711 1871 uidero
742 1818 861 1887 hoc,
885 1801 1081 1878 habebo
1109 1834 1159 1880 te
1190 1829 1343 1897 quasi
1371 1801 1575 1899 patrem

61 1896 187 1961 pueri.
213 1895 354 1964 Quod
391 1918 517 1959 cum
559 1904 765 1964 factum
800 1923 968 1981 esset,
994 1931 1119 1971 cum
1153 1895 1479 1978 surrexisset
1506 1923 1576 1978 ab

60 2000 120 2051 ea,
142 1992 372 2056 percussit
396 2010 564 2053 manu
594 2000 739 2058 illius
760 2013 999 2074 uterum,
1024 2009 1267 2082 dixitque
1292 2013 1368 2068 illi
1395 2033 1408 2068 :
1445 2013 1575 2070 Hazc

60 2082 268 2177 conceptio
297 2086 364 2140 sit
388 2089 704 2159 victorialis,
736 2105 787 2150 et
828 2099 974 2154 nullo
1006 2103 1158 2157 modo
1184 2104 1571 2177 subjugabitur.

61 2166 352 2269 Cum-autem
381 2183 641 2253 cmpisset
682 2187 1048 2267 intumescere
1077 2166 1446 2269 uterusvej’us,
1474 2215 1574 2256 vo-

62 2262 444 2358 catonllectanebo
481 2274 661 2331 dixit:
705 2262 993 2351 Propheta,
1035 2287 1163 2357 quid
1196 2262 1441 2358 facturus
1474 2293 1575 2347 erit

63 2349 292 2456 flrglippus
316 2362 361 2415 si
376 2364 597 2456 redierit
617 2369 643 2422 .9
670 2369 771 2425 Cui
797 2349 887 2429 ille
912 2393 923 2429 :
952 2349 1082 2431 Noli
1103 2349 1459 2451 expavescere,
1481 2401 1574 2456 ego

64 2441 221 2543 tibi-ero
242 2449 291 2502 in
320 2452 665 2522 adiutorium.
697 2458 902 2517 Taliter
932 2441 1193 2535 persuasa
1220 2441 1572 2543 Olimpiades,

62 2531 298 2626 adulterata
318 2553 399 2596 est
414 2544 482 2599 ab
504 2545 729 2605 homine
759 2554 917 2623 quasi
932 2531 975 2609 -a
1002 2556 1123 2612 dco.
1147 2558 1290 2616 Inter
1315 2531 1430 2618 hinc
1448 2531 1577 2620 fecit

62 2617 332 2727 Sectanebus
356 2617 869 2727 19"incantationes,
908 2654 963 2700 ct
999 2650 1251 2727 apparuit
1287 2617 1571 2725 Phylippo,

62 2714 178 2809 quasi
197 2717 381 2809 videret
424 2723 786 2787 Hammonem
834 2734 995 2791 deum
1034 2713 1404 2800 concumbere

59 2796 296 2899 olimpiade
317 2820 367 2865 et
386 2813 571 2872 dicere
588 2818 638 2872 ei
665 2837 678 2873 ε
702 2820 915 2891 Mulier,
933 2829 1218 2899 concepisti
1239 2796 1471 2888 statim;
1485 2796 1577 2890 ii;

60 2891 259 2993 {insanin
286 2913 422 2959 tuum
447 2925 479 2962 a
508 2919 661 2979 patre
686 2929 782 2967 suo
809 2891 1099 2989 Phylippo,
1120 2932 1174 2977 et
1195 2925 1353 2993 quasi
1372 2926 1578 2984 videret

61 2983 193 3040 celata
206 2994 331 3058 pueri
362 2998 608 3055 membra
650 3016 916 3061 consuere
955 3018 1118 3080 atque
1155 2983 1371 3084 signare
1412 3018 1577 3073 anulo

61 3088 202 3178 aureo,
228 3084 301 3138 cui
317 3086 499 3178 inerat
531 3090 671 3162 lapis
700 3093 909 3153 habens
931 3098 1263 3172 insculptum
1288 3105 1392 3161 sibi
1413 3117 1579 3178 caput

62 3162 189 3267 ιιξιῗιιιδ
209 3175 585 3267 etclaritatem
617 3183 750 3240 solis
780 3195 834 3242 et
873 3162 1128 3258 gladium.
1159 3192 1220 3262 (f.
1256 3194 1401 3266 195).
1427 3162 1576 3267 ,ἰξωο

61 3256 201 3346 videns
222 3261 497 3341 Phylippus
527 3277 791 3339 surrexit.
815 3291 870 3335 et
882 3256 1222 3339 convocavit
1245 3287 1313 3341 ad
1342 3256 1403 3343 se
1427 3256 1575 3346 ario-

61 3341 165 3451 ξξιιξι,
201 3354 281 3451 (pii
329 3358 779 3434 interpretaretur
823 3356 1121 3428 somnium.
1172 3374 1273 3430 Cui
1323 3378 1569 3435 ariolus:

61 3433 191 3540 Scias,
210 3443 465 3540 l’ltglippe,
500 3473 601 3526 pro
630 3468 794 3526 certo,
821 3464 949 3532 quia
984 3468 1217 3538 concepit
1245 3433 1571 3540 Olimpiades

60 3544 133 3583 non
148 3534 199 3587 ab
215 3538 401 3599 homine
424 3548 515 3601 sed
540 3567 574 3602 a
600 3550 714 3617 deo,
746 3563 797 3607 et
824 3553 917 3609 ille
937 3558 1027 3626 qui
1051 3534 1297 3615 nascetur
1316 3534 1575 3634 pertinget

58 3636 175 3725 atque
199 3638 256 3683 ad
288 3636 529 3694 orientem
565 3645 848 3712 pugnando
879 3655 1036 3717 atque
1069 3649 1308 3707 civitates
1339 3670 1433 3723 per
1452 3654 1571 3725 gla-

58 3710 432 3816 diutticapiendo.
480 3730 616 3788 Post
641 3710 761 3790 lucc
804 3710 1107 3810 Philippus,
1137 3710 1359 3816 accepta
1401 3710 1573 3803 victo-

132 3807 198 3908 l”,
218 3815 369 3908 rediit
386 3820 787 3895 Macedoniam,
817 3831 906 3885 cui
931 3807 1286 3903 Olympiadas
1306 3840 1573 3907 processit

58 3894 235 4000 ἶδξίδω·
262 3905 424 3973 Quam
446 3930 576 3970 cum
602 3919 964 3989 oscularetur,
993 3924 1224 3983 intuitus
1247 3894 1370 3984 ealm
1392 3932 1530 3985 dixit
1555 3951 1566 3985 :

57 3982 128 4092 Cui
160 4001 198 4047 te
230 4002 507 4072 tradidisti,
555 4007 935 4081 Olympiadas?
962 4014 1239 4083 Peccasti;
1280 4021 1335 4073 in
1377 4039 1528 4092 quem
1548 4025 1573 4077 ?

58 4081 120 4184 ξεά
148 4100 229 4184 non
251 4099 486 4165 peccasti,
513 4102 640 4171 quia
665 4103 769 4157 vim
792 4122 823 4159 a
845 4105 942 4161 deo
965 4081 1290 4166 sustinuisti.
1327 4081 1440 4184 Ego
1464 4116 1571 4169 ita-

56 4181 281 4273 Ὕίθιωη
301 4183 392 4240 Ι¹⁰⁶
416 4205 508 4258 Per
530 4195 794 4247 somnium
826 4197 957 4263 vidi,
988 4201 1209 4268 proinde
1232 4181 1568 4273 inreprehen-

57 4260 183 4320 sibilt‘s
200 4287 295 4327 esse
320 4278 527 4337 videris.
561 4281 808 4350 Quadam
834 4303 964 4343 vero
987 4260 1075 4346 die
1102 4307 1225 4347 cum
1258 4260 1571 4364 epularetur

58 4366 124 4457 rex
141 4369 180 4415 et
203 4367 339 4424 valde
371 4371 529 4430 laetus
558 4386 722 4444 esset,
756 4377 1098 4440 Nectanebus
1123 4400 1221 4455 per
1242 4396 1411 4453 artem
1448 4404 1559 4443 ma-

57 4463 185 4557 gica}!
212 4466 600 4537 transfiguravit
637 4488 695 4527 se
723 4473 779 4528 in
818 4473 1051 4532 formam
1081 4478 1361 4547 draconis,
1390 4491 1444 4536 et
1475 4499 1570 4553 per

57 4544 238 4641 mettum
265 4557 551 4617 triclinium
583 4566 821 4634 transiit,
866 4584 930 4623 ac
952 4570 1286 4629 terribiliter
1315 4544 1569 4641 sibilavit,

57 4635 161 4735 finde
180 4646 398 4704 convivis
432 4653 690 4710 omnibus
711 4666 969 4726 pavorem
1011 4660 1260 4729 incussit,
1289 4673 1344 4719 et
1373 4680 1572 4735 appro-

55 4733 268 4827 linquens
292 4741 354 4793 ad
388 4738 769 4814 Olimpiadem,
801 4750 984 4819 posuit
1019 4763 1184 4822 caput
1215 4754 1268 4809 in
1304 4733 1569 4827 gremium

55 4821 155 4911 {EIUS-
177 4821 327 4889 Quem
353 4833 542 4891 videns
583 4837 903 4911 Phylippus,
931 4841 1071 4898 dixit
1089 4821 1358 4902 omnibus
1387 4866 1399 4901 :
1446 4847 1573 4902 Vere

56 4902 165 5014 "in:
180 4916 434 4979 draconem
462 4929 594 4996 vidi,
625 4932 837 5001 quando
864 4944 1048 4990 contra
1077 4937 1320 4992 inimicos
1353 4956 1490 4994 meos
1516 4944 1571 4994 in

54 5003 192 5102 pratia
217 5010 305 5077 fui.
337 5015 461 5074 Post
485 5036 690 5090 paucos
718 5041 850 5081 vero
882 5026 1001 5083 dies
1023 5044 1149 5084 cum
1173 5028 1457 5102 Philippus
1482 5014 1615 5089 ερ-’Ῐ

55 5087 166 5197 deret
184 5103 334 5174 solus,
358 5126 521 5179 parva
544 5118 793 5186 quadam
821 5121 940 5176 avis
963 5123 1208 5178 ascendit
1229 5125 1282 5179 in
1306 5126 1424 5195 ejus
1450 5143 1573 5197 gre-

56 5194 200 5289 ftllltut.
222 5203 522 5275 peperitque
554 5225 739 5264 ovum.
779 5212 936 5278 Quod
976 5215 1177 5271 cadens
1200 5217 1266 5271 de
1292 5194 1416 5273 sinu
1456 5194 1574 5289 ejus

55 5283 94 5377 δυ
128 5286 317 5355 terram,
354 5294 591 5354 divisum
627 5310 730 5367 est,
773 5311 829 5357 et
869 5304 1001 5359 exiit
1049 5305 1174 5361 inde
1214 5283 1575 5377 parvissimus

55 5374 246 5466 seillene,
269 5385 354 5451 qui
378 5402 576 5458 gyrans
598 5407 761 5449 ovum
789 5396 962 5451 voluit
987 5396 1192 5454 intrare
1216 5374 1274 5453 in
1300 5400 1451 5466 illud,
1480 5402 1573 5456 sed

57 5465 289 5556 antequam
315 5472 699 5538 intromisisset
732 5494 916 5556 caput,
956 5482 1250 5545 defunctus
1289 5500 1392 5546 est.
1433 5490 1574 5546 Tur-

56 5543 175 5611 llalus
212 5574 377 5624 autem
423 5587 521 5628 rex
557 5579 767 5633 vocavit
815 5580 1085 5649 ariolum,
1135 5592 1191 5638 et
1235 5586 1485 5639 recitavit
1521 5586 1571 5642 ei

1603 3181 1643 3238 C

1604 4524 1647 4577 D

1674 547 1764 617 qui
1797 547 1945 602 debet
1981 566 2199 621 regnare
2238 563 2289 607 et
2322 554 2548 609 circuire
2592 563 2759 609 totum
2790 555 3042 609 mundum
3072 555 3275 625 subju—.

1675 637 1847 708 gando
1869 655 2065 706 omnes,
2090 649 2138 695 et
2165 650 2445 713 antequam
2469 653 2759 699 revertatur
2780 644 2837 699 in
2860 654 3055 700 terram
3079 636 3257 710 suam,

1676 729 1948 784 morietur.
1990 730 2456 803 Appropinquavit
2493 742 2674 789 autem
2716 733 3008 804 Olimpiadi
3043 718 3258 807 tempus
3290 762 3356 818 ,ι

1676 819 1942 889 pariendi,
1967 828 2023 875 et
2046 837 2171 876 cum
2195 821 2403 878 doleret
2433 831 2613 879 .llCl‘llS
2646 823 2786 895 ejus,
2815 823 2943 880 fecit
2971 823 3156 879 venire
3189 823 3260 878 ad

1677 930 1736 971 se
1747 914 2137 972 Nectanebum.
2163 915 2411 983 Quicum
2438 917 2695 988 inciperet
2723 927 3059 988 computare,
3083 912 3254 972 dixit:

1676 1004 1971 1063 Paululum
2002 1016 2049 1062 te
2077 1007 2310 1075 subleva,
2344 1007 2692 1079 Olimpiades,
2730 1009 2794 1064 de
2820 1014 2939 1064 sede
2978 1020 3101 1077 tua,
3132 1010 3261 1080 quia

1677 1101 1774 1155 hac
1796 1100 1927 1155 hora
1952 1100 2231 1155 conturbat
2259 1099 2340 1155 sol
2364 1102 2541 1155 omnia
2565 1101 2839 1156 elementa.
2868 1100 2933 1157 Et
2961 1110 3086 1173 post
3119 1116 3257 1172 pau-

1678 1193 1851 1249 lulum
1874 1194 2082 1264 peperit
2107 1190 2460 1263 Olimpiades,
2488 1201 2542 1248 et
2566 1191 2658 1248 ubi
2691 1209 2827 1264 puer
2849 1193 3044 1251 cecidit
3065 1193 3118 1248 in
3143 1201 3257 1248 ter-

1676 1301 1817 1352 ram,
1844 1285 2030 1342 statim
2058 1283 2201 1341 facta
2235 1293 2363 1340 sunt
2389 1283 2604 1356 fulgura
2625 1293 2788 1355 atque
2811 1285 3050 1340 tonitrua
3073 1294 3127 1340 et
3146 1293 3262 1340 ter.-

1677 1384 1941 1431 remotus.
1967 1373 2124 1442 Quod
2146 1389 2271 1430 cum
2296 1373 2525 1430 vidisset
2547 1371 2847 1445 Phylippus
2870 1373 3003 1429 dixit
3031 1393 3043 1428 :
3073 1371 3117 1429 0
3144 1391 3261 1428 ntu-

1677 1468 1795 1535 lier,
1826 1467 2052 1539 cogitavi
2088 1468 2144 1520 in
2184 1467 2338 1521 corde
2363 1482 2477 1521 meo
2511 1475 2567 1520 ut
2592 1465 2736 1520 nullo
2764 1467 2915 1521 modo
2940 1465 3263 1521 enutriretur

1677 1561 1776 1615 iste
1811 1558 2131 1630 infantulus;
2173 1560 2300 1629 quia
2334 1575 2438 1613 non
2481 1568 2558 1614 est
2587 1573 2651 1613 ea:
2698 1575 2778 1613 me
2823 1556 3131 1629 conceptus;
3167 1559 3261 1613 sed

1677 1651 1803 1721 quia
1837 1647 2086 1720 intellego
2121 1649 2258 1720 quod
2303 1657 2379 1703 est
2419 1658 2697 1719 conceptus
2726 1665 2759 1703 a
2788 1649 2904 1716 deo,
2943 1659 2991 1703 et
3014 1650 3069 1703 in
3105 1658 3265 1719 partu

1677 1741 1789 1811 ejus
1833 1740 2089 1794 elementa
2124 1741 2323 1794 mutari
2360 1741 2529 1806 video,
2560 1741 2831 1794 nutriatur
2864 1741 2919 1794 in
2958 1742 3267 1795 memoriam

1679 1835 1802 1900 mei,
1834 1832 1988 1904 quasi
2022 1832 2269 1903 proprius
2290 1833 2360 1885 sit
2390 1831 2537 1901 filius
2570 1848 2738 1897 meus,
2774 1832 3181 1902 imponaturque
3217 1832 3266 1885 ei

1678 1942 1864 1980 nomen
1885 1923 2206 1978 Alexander.
2249 1921 2376 1979 Haec
2414 1922 2628 1979 dicente
2662 1921 2947 1995 Pliylippo,
2985 1930 3269 1993 coeperunt

1677 2017 1892 2073 nutrire
1932 2016 2036 2072 sub
2070 2015 2221 2071 omni
2263 2015 2544 2087 diligentia
2586 2030 2839 2086 puerum.
2875 2014 3049 2085 Cujus
3092 2015 3267 2086 ﬁgura

1677 2124 1855 2180 neque
1880 2108 2023 2180 patri
2051 2122 2229 2179 neque
2264 2107 2427 2162 matri
2456 2106 2885 2173 assimilabatur,
2916 2121 3077 2163 coma
3107 2105 3263 2176 capi-

1677 2201 1747 2257 tis
1773 2201 1893 2271 ejus
1921 2200 2078 2272 quasi
2101 2199 2297 2268 leonis,
2328 2199 2473 2256 oculi
2504 2198 2624 2270 ejus
2650 2214 2760 2253 non
2794 2196 3176 2254 similabantur
3197 2196 3267 2252 ad

1678 2293 1930 2359 invicem,
1957 2291 2051 2349 sed
2078 2307 2221 2347 unus
2239 2299 2355 2347 erat
2376 2291 2549 2362 niger,
2576 2290 2733 2347 albus
2756 2291 2911 2358 alter,
2935 2291 3126 2347 dentes
3146 2289 3268 2362 ejus

1676 2395 1836 2441 erant
1870 2386 2038 2451 acuti,
2083 2384 2321 2454 impetus
2363 2400 2495 2440 vero
2536 2383 2681 2439 illius
2727 2384 2888 2455 quasi
2932 2381 3104 2440 leonis
3150 2391 3270 2438 erat

1679 2476 1937 2534 fervidus.
1971 2476 2144 2532 Datus
2169 2491 2301 2532 vero
2330 2476 2399 2532 ad
2435 2476 2675 2532 studium
2702 2475 3106 2549 phylosopliiae,
3140 2490 3267 2531 cum

1677 2568 1901 2625 sedebat
1944 2569 2001 2622 in
2040 2568 2205 2624 scolis
2235 2584 2359 2623 cum
2399 2567 2792 2638 condiscipulis
2828 2558 2967 2635 suis,
2999 2581 3126 2645 sepe
3165 2583 3269 2638 pu-

1677 2660 1860 2732 gnavit
1883 2675 2009 2715 cum
2040 2660 2141 2728 eis,
2171 2675 2376 2731 eosque
2404 2659 2622 2716 devicit.
2648 2656 2754 2715 Ubi
2779 2670 2963 2715 autem
2986 2658 3164 2715 factus
3183 2666 3270 2715 est

1677 2767 1947 2807 annorum
1970 2751 2276 2820 duodecim,
2306 2751 2682 2807 instruebatur
2707 2765 2830 2806 cum
2858 2750 2981 2806 aliis
3002 2750 3269 2807 militibus

1677 2844 1836 2915 quasi
1883 2844 1953 2899 ab
2000 2860 2260 2916 pugnam.
2315 2842 2519 2899 Videns
2559 2852 2741 2899 autem
2787 2858 2882 2899 rex
2924 2842 3269 2900 velocitatem

1677 2933 1816 3003 ejus,
1841 2933 1980 2989 dixit
2002 2933 2070 2989 ad
2095 2949 2220 2989 eum
2251 2922 2273 2988 εΔ
2299 2931 2432 3001 Fili,
2457 2933 2622 3005 diligo
2646 2933 2973 2989 velocitatem
3003 2942 3150 2988 tuam
3180 2942 3268 2989 at-

1677 3037 1776 3092 que
1818 3024 2107 3093 ingenium,
2132 3023 2222 3078 sed
2266 3024 2438 3077 tristis
2474 3032 2666 3093 extsto,
2691 3024 2818 3097 quia
2841 3024 3015 3096 figura
3038 3033 3132 3080 tua
3164 3040 3271 3079 non

1679 3113 2014 3169 assimilatur
2044 3115 2225 3169 michi.
2255 3114 2428 3182 Quem
2455 3115 2648 3173 videns
2676 3114 3008 3188 Olimpiades
3036 3116 3268 3186 tristem,

1676 3206 1891 3261 vocavit
1936 3204 2330 3274 Nectanebum,
2368 3214 2423 3263 et
2471 3207 2609 3263 dixit
2654 3207 2752 3264 ei:
2817 3207 3165 3263 Perscrutare
3217 3215 3271 3263 et

1676 3298 1952 3370 intellege,
2014 3299 2141 3370 quid
2199 3300 2390 3371 cogitet
2452 3298 2749 3372 Phylippus
2809 3300 2983 3371 facere
3038 3300 3104 3355 de
3162 3316 3264 3355 me.

1746 3384 1849 3458 Qui
1888 3401 2213 3462 computans
2243 3392 2381 3447 dixit
2422 3410 2434 3446 :
2470 3391 2738 3464 Cogitatio
2769 3392 2919 3448 it'lius
2957 3394 3154 3448 munda
3188 3402 3269 3448 est

1673 3501 1799 3555 erga
1841 3493 1923 3550 te;
1954 3484 2036 3538 sol
2057 3485 2196 3539 enim
2227 3485 2440 3555 respicit
2468 3486 2522 3539 in
2545 3486 2813 3556 quandam
2842 3484 3083 3553 stellam,
3111 3502 3272 3556 sepa-

1676 3584 1879 3630 rantem
1910 3576 2232 3630 desiderium
2274 3593 2450 3631 suum.
2509 3576 2809 3632 Alexander
2844 3592 2974 3633 vero
3010 3585 3141 3633 tunc
3188 3577 3267 3633 ibi

1673 3676 1808 3722 erat.
1842 3666 1946 3733 Qui
1973 3666 2070 3721 ubi
2101 3668 2207 3723 hoc
2238 3667 2475 3734 audivit,
2521 3668 2658 3723 dixit
2694 3687 2705 3723 :
2739 3667 2923 3735 Pater,
2951 3669 3033 3724 ha:
3062 3669 3266 3739 stellte,

1672 3772 1804 3827 quas
1835 3765 1891 3809 tu
1935 3766 2240 3826 computus,
2282 3766 2536 3827 apparent
2570 3757 2627 3810 in
2663 3757 2793 3812 cmlo
2815 3758 2840 3813 ?
2865 3757 2967 3814 Cui
2996 3756 3267 3815 Nectane-

1672 3848 1776 3903 bus
1794 3847 1860 3879 ¹⁹⁸
1888 3848 1964 3902 ait
1996 3866 2009 3902 :
2039 3845 2248 3914 Etiam,
2282 3848 2385 3917 ﬁli.
2414 3847 2720 3904 Alexander
2747 3848 2885 3904 dixit
2917 3868 2929 3903 :
2960 3848 3030 3904 Et
3050 3866 3265 3920 possum

1673 3955 1762 3993 eas
1796 3939 1972 3993 videre
2004 3939 2135 3992 hora
2178 3940 2450 3994 serotina?
2487 3938 2831 3997 Nectanebus
2870 3940 2947 3995 ait
2989 3960 3001 3996 :
3044 3940 3269 4013 Sequere

1675 4049 1755 4086 tne
1804 4041 2062 4086 nocturna
2109 4033 2239 4087 hora
2299 4034 2356 4087 in
2400 4051 2679 4104 campum,
2725 4043 2774 4090 et
2814 4035 3089 4091 ostendant
3143 4037 3262 4092 tibi.

1674 4123 1978 4179 Alexander
2005 4123 2144 4178 dixit
2171 4142 2182 4177 :
2217 4123 2286 4177 Et
2318 4124 2493 4193 fatum
2526 4134 2674 4179 tuum
2709 4128 2993 4197 agnoscis?
3025 4127 3125 4183 Cui
3154 4126 3267 4184 Ne-

1673 4214 1936 4269 ctanebus
1989 4212 2234 4268 :Etiam
2289 4216 2519 4289 fortiter.
2568 4215 2876 4272 Alexander
2928 4218 3065 4273 dixit
3108 4238 3120 4273 :
3161 4220 3267 4273 Ars

1675 4306 1810 4360 bona
1834 4315 1911 4360 est
1963 4315 2013 4360 et
2044 4314 2165 4370 opto
2179 4290 2497 4371 eam'scire;
2525 4316 2577 4361 et
2597 4323 2702 4378 qua
2731 4318 2897 4363 morte
2918 4308 3071 4364 debes
3090 4312 3226 4365 mori
3243 4312 3271 4365 ?

1674 4398 1779 4466 Qui
1809 4399 1946 4454 dixit
1991 4418 2003 4453 :
2036 4399 2079 4452 A
2111 4399 2227 4469 ﬁlio
2263 4415 2377 4454 meo
2407 4400 2627 4455 moriar.
2661 4398 2789 4457 Haec
2811 4401 2996 4457 omnia
3029 4402 3265 4473 loquen-

1672 4492 1744 4547 do
1763 4534 1777 4557 ,
1806 4500 2028 4547 secutus
2051 4500 2136 4548 est
2154 4506 2281 4547 eum
2310 4492 2615 4549 Alexander
2636 4508 2736 4565 per
2760 4503 2978 4551 noctem
3000 4504 3155 4551 extra
3183 4495 3259 4550 ci-

1672 4584 1916 4639 vitatem.
1958 4583 2018 4657 (f.
2055 4584 2203 4656 196.)
2229 4584 2333 4640 Cui
2370 4585 2509 4641 dixit
2550 4583 2895 4644 Nectanebus
2932 4607 2945 4643 :
2994 4587 3140 4654 Fili,
3175 4603 3261 4640 re-

1673 4675 1813 4746 spice
1846 4675 2050 4743 stellas,
2082 4684 2132 4729 et
2158 4676 2273 4731 vide
2296 4677 2507 4731 stellam
2531 4676 2782 4734 Herculis
2798 4678 3059 4750 quomodo
3091 4678 3263 4732 tristis

1672 4776 1779 4833 est;
1810 4768 1966 4823 stella
1996 4785 2114 4823 vero
2140 4767 2326 4823 Hermi
2363 4769 2488 4823 lteta
2515 4777 2622 4838 est,
2650 4777 2702 4823 et
2730 4768 2886 4823 stella
2914 4766 3064 4822 lovis
3087 4766 3259 4821 clara.

1677 4857 1768 4914 Sic
1796 4875 2017 4914 sursum
2056 4858 2384 4929 respiciente
2410 4858 2751 4926 Nectanebo,
2789 4859 3021 4915 accessit
3048 4858 3098 4913 ei
3136 4872 3269 4928 pro-

1673 4950 1797 5021 pius
1820 4951 2148 5019 Alexander,
2180 4960 2233 5006 et
2262 4951 2523 5020 impetum
2547 4949 2755 5006 faciens
2784 4949 2839 5007 in
2869 4965 2995 5005 eum
3026 4948 3267 5021 precipi-

1674 5040 1810 5095 tavit
1840 5040 1895 5094 in
1926 5039 2172 5106 foveam,
2196 5039 2382 5096 dicens
2409 5057 2424 5093 :
2458 5038 2593 5095 Cum
2627 5039 2830 5094 nescias
2866 5048 3097 5094 terrenas
3132 5057 3265 5094 cau-

1674 5146 1783 5196 sas,
1810 5145 1973 5200 quare
2006 5129 2223 5184 voluisti
2265 5138 2314 5184 te
2340 5129 2695 5183 intromittere
2733 5128 2797 5184 de
2833 5128 3129 5184 celestibus
3160 5128 3269 5184 ele-

1676 5222 1906 5293 mentis?
1940 5219 2042 5276 Cui
2079 5219 2424 5276 Nectanebus
2471 5220 2548 5275 ait
2580 5239 2592 5274 :
2625 5219 2905 5292 Cognitum
2953 5221 3114 5276 michi
3164 5221 3268 5291 fuit

1677 5316 1802 5382 hoc,
1833 5316 1961 5385 quia
1991 5316 2068 5369 sic
2097 5313 2277 5368 debuit
2317 5306 2479 5366 michi
2498 5314 2729 5379 evenire;
2767 5330 2872 5368 non
2903 5314 3053 5385 potui
3086 5321 3263 5367 tamen

1673 5405 1888 5460 evadere
1904 5446 1918 5471 ,
1945 5405 2049 5458 nisi
2072 5404 2232 5458 michi
2258 5404 2354 5457 hoc
2377 5404 2715 5474 contingeret.
2742 5404 3041 5461 Alexander
3077 5403 3213 5459 di-xit
3241 5418 3257 5456 :

1675 5494 1815 5561 Quia
1843 5512 1935 5566 ego
1960 5512 2079 5551 sum
2105 5495 2251 5565 filius
2287 5503 2427 5550 tuus.
2459 5494 2559 5551 Cui
2589 5494 2933 5554 Nectanebus
2953 5497 3031 5555 ait
3061 5515 3075 5552 :
3104 5495 3182 5549 Tu
3203 5512 3257 5549 es

1674 5588 1852 5645 utiaue
1877 5587 2024 5652 ﬁlius
2062 5604 2225 5642 meus.
2264 5586 2358 5643 ille
2386 5597 2567 5646 autem
2595 5590 2688 5646 ubi
2713 5589 2967 5662 cognovit
2994 5590 3123 5662 quia
3160 5604 3261 5660 pa-

1212 5721 1218 5727 σ
1266 5698 1497 5756 VARI/IS
1548 5694 1952 5759 LECTIONES.

108 5761 156 5791 ‘"
176 5781 411 5839 nccmbus
436 5785 484 5840 l.
563 5786 625 5821 "7
659 5789 797 5843 deest
829 5790 872 5844 ι.
956 5791 1019 5825 ¹⁹³
1044 5793 1378 5849 nectanebus
1404 5794 1453 5849 l.
