3828 6308
492 312 596 370 567

1668 306 2066 364 EKKEHARDI

2206 304 2573 365 AUGIENSIS
2840 334 2847 341 -
3648 307 3724 365 563

490 434 576 481 ter
603 425 724 496 ejus
746 433 910 492 esset,
933 424 1200 480 dubitavit
1226 440 1352 479 eum
1381 424 1653 480 dimittere
1674 424 1729 478 in
1758 423 1912 479 fovea
1936 466 1949 491 ,
1983 424 2078 479 sed
2112 432 2153 487 Α
2183 422 2250 478 Et
2283 424 2512 480 recessit
2540 423 2611 477 ab
2653 436 2740 478 eo.
2772 420 2906 477 Post
2949 436 3187 493 paucam
3224 429 3440 491 tempus
3472 420 3612 475 venit
3638 423 3726 480 dies

494 517 727 573 elevavit
762 532 889 572 eum
931 517 985 571 in
1023 517 1284 573 humeros
1312 532 1473 584 suos,
1501 525 1555 572 et
1583 515 1821 587 portavit
1849 516 1903 571 in
1933 516 2084 586 pala-

494 608 653 663 tium.
681 607 838 676 Quod
868 608 961 664 ubi
986 608 1120 663 vidit
1147 616 1322 663 mater
1344 608 1486 680 ejus,
1516 608 1653 663 dixit
1687 606 1833 663 :Fili
1857 608 2086 663 Alexan-

493 702 620 765 der,
656 700 783 772 quid
812 709 890 755 est
930 700 1064 754 hoc?
1103 697 1204 771 Qui
1251 699 1341 754 ille
1372 717 1385 753 :
1427 697 1631 769 Corpus
1677 697 1947 753 Nectaneb
1984 707 2080 753 est.

493 790 562 847 Et
590 793 677 846 illa
705 811 717 845 :
754 791 1086 846 Nectanebus
1112 800 1267 862 pater
1287 801 1408 847 tuus
1429 791 1555 861 fuit.
1580 788 1672 847 llle
1703 798 1886 846 autem
1907 790 2042 845 dixit
2068 810 2082 845 :

497 883 772 949 Quomodo
806 884 1050 938 stulticia
1086 892 1180 938 tua
1210 884 1353 955 fecit.

566 976 626 1049 (f.
682 976 848 1046 195‘.)
891 975 1127 1043 Quidam
1177 985 1359 1032 autem
1389 992 1454 1031 ex
1485 975 1793 1047 Capadocia
1834 975 2083 1031 adduxe-

494 1076 625 1122 runt
662 1067 928 1139 Pliylippo
966 1068 1275 1140 poledrum,
1339 1068 1392 1123 id
1442 1078 1527 1124 est
1572 1068 1781 1138 pullum
1819 1068 2082 1138 equinum

493 1175 752 1231 maguum
775 1202 790 1229 ,
819 1160 1046 1230 ligatum
1077 1175 1144 1215 ex
1175 1160 1325 1215 omni
1356 1169 1508 1229 parte
1545 1158 1777 1214 diversis
1797 1158 2081 1229 ligaturis;

494 1252 813 1307 comedebat
848 1252 995 1307 enim
1035 1251 1307 1308 homines.
1343 1250 1517 1319 Quem
1541 1251 1710 1323 jussit
1755 1267 1849 1306 rex
1880 1249 2084 1305 includi

493 1344 754 1401 cancellis
810 1343 1034 1412 ferreis,
1092 1353 1153 1399 ut
1200 1355 1448 1415 raptores
1496 1351 1550 1399 et
1604 1344 1848 1399 latrones
1885 1342 2086 1414 aliique

493 1434 896 1501 malefactores,
932 1434 1028 1505 qui
1066 1432 1198 1491 feris
1228 1434 1641 1505 deputarentur,
1679 1434 1749 1489 ab
1774 1434 1879 1489 hoc
1903 1447 2086 1489 come-

493 1527 772 1583 derentur.
801 1525 862 1597 (ἲ.
894 1525 1038 1598 196.)
1062 1525 1370 1582 Alexander
1403 1536 1586 1583 autem
1622 1526 1800 1582 audax
1832 1524 2011 1581 factus
2032 1534 2087 1581 et

494 1620 675 1687 fortis,
708 1619 925 1675 transiit
969 1620 1206 1689 quadam
1235 1619 1323 1675 die
1353 1635 1450 1691 per
1470 1635 1597 1675 eum
1627 1619 1811 1675 locum
1862 1617 1957 1673 ubi
1993 1633 2087 1673 ca-

495 1711 672 1767 ballus
706 1712 795 1765 ille
831 1711 1078 1767 inclusus
1112 1720 1248 1780 erat,
1280 1711 1778 1781 vidensquejaeere
1810 1718 1937 1766 ante
1958 1725 2082 1765 cum

496 1801 840 1855 summitates
877 1817 1140 1857 manuum
1181 1810 1235 1857 et
1280 1801 1477 1874 pedum
1514 1801 1917 1868 humanorum,
1963 1816 2086 1873 quae

497 1892 603 1947 sibi
655 1891 1074 1964 superfuerant,
1124 1893 1358 1951 miratus
1393 1902 1499 1961 est,
1555 1894 1815 1965 misitque
1861 1910 2084 1948 manum

498 2001 656 2040 suam
705 2001 804 2056 per
864 1986 1135 2042 cancellos
1179 1987 1246 2041 ad
1274 2002 1422 2041 eum.
1475 1985 1567 2041 llle
1616 1986 1801 2042 statim
1846 1986 2088 2042 extendit

499 2078 701 2132 collum
732 2093 916 2145 suum,
940 2086 994 2133 et
1023 2078 1189 2149 cmpit
1220 2078 1461 2133 lambere
1488 2093 1715 2132 manum
1748 2077 1919 2145 illius,
1944 2092 2090 2133 eom-

499 2169 824 2240 plicatisque
852 2171 1085 2241 pedibus
1118 2154 1351 2241 proiecit
1377 2185 1436 2225 se
1463 2169 1518 2224 in
1548 2178 1783 2237 terram,
1832 2179 2090 2226 tornans-

499 2275 608 2333 q-ie
651 2273 814 2332 caput
854 2262 1095 2333 rcSpexit
1127 2262 1495 2319 Alexandrum
1539 2263 1699 2333 quasi
1740 2261 2086 2317 blandiendo.

500 2353 606 2421 Qui
646 2355 965 2427 intellegens
995 2355 1333 2412 voluntatem
1364 2354 1595 2422 caballi,
1622 2354 1834 2423 aperuit
1871 2353 2089 2409 cancel-

502 2446 616 2501 lum
640 2454 694 2502 et
731 2447 894 2517 coepit
928 2456 1214 2503 mansuete
1253 2454 1478 2519 tangere
1514 2446 1738 2503 dorsum
1774 2448 1894 2517 ejus
1925 2461 2090 2501 manu

505 2539 751 2608 dextera,
781 2540 1074 2611 statimque
1102 2540 1348 2597 caballus
1373 2540 1537 2611 coepit
1566 2554 1950 2597 mansuescere
1970 2555 2090 2594 am-

502 2632 678 2702 plius,
710 2641 764 2687 et
798 2632 938 2689 sicut
970 2633 1125 2689 canis
1153 2633 1388 2689 blandiri
1427 2632 1567 2688 solet
1593 2632 1816 2689 domino
1848 2646 1982 2699 suo,
2014 2631 2095 2688 sic

502 2725 595 2782 ille
639 2724 1020 2781 blandiebatur
1060 2724 1391 2801 Alexandro.
1432 2723 1526 2781 llle
1571 2734 1754 2781 autem
1793 2723 2095 2781 ascendens

506 2834 672 2889 super
699 2819 1127 2890 eum,equitavit
1156 2817 1326 2886 foras,
1354 2816 1839 2890 vocavitquel209)
1862 2816 2095 2872 eundem

507 2900 789 2968 caballum,
813 2911 1145 2970 bucel‘alum.
1177 2911 1336 2980 Quod
1358 2929 1484 2969 cum
1510 2912 1738 2968 vidisset
1770 2909 2095 2982 Phylippus,

508 3004 648 3059 dixit
689 3024 701 3057 :
747 3003 858 3059 Fili
905 3005 1239 3071 Alexander,
1281 3022 1488 3060 omnem
1512 3004 1899 3059 divinationem
1942 3002 2097 3057 modo

2185 517 2550 583 constitutus,
2596 516 2652 571 in
2687 529 2800 586 quo
2824 515 3003 587 juncti
3040 523 3171 572 sunt
3210 513 3371 569 ambo
3401 513 3471 569 ad
3511 529 3724 585 pugnam.

2188 607 2526 665 Sonantibus
2552 623 2685 679 ergo
2718 608 2895 675 tubis,
2927 621 3122 663 omnes
3145 604 3356 662 Nicolai
3396 605 3599 660 milites
3630 609 3729 662 moti

2186 709 2317 756 sunt
2345 699 2680 755 unanimiter
2707 699 2775 754 ad
2804 714 3066 770 pugnam,
3089 712 3231 769 quos
3254 712 3448 753 omnes
3471 696 3731 753 Alexander

2185 792 2408 864 propria
2445 807 2612 847 manu
2647 791 2867 847 occidit.
3534 835 3543 839 -

2252 883 2528 940 Reversus
2555 892 2740 939 autem
2761 899 2890 940 cum
2918 883 3173 949 victoria,
3204 881 3414 938 invenit
3445 880 3730 952 Pbylipptm

2186 976 2427 1034 sociasse
2456 977 2561 1033 sibi
2607 976 2882 1047 quandam
2928 976 3152 1031 nomine
3179 974 3562 1045 Cleopatram,
3602 984 3733 1029 matre

2185 1086 2287 1126 sua
2307 1069 2513 1142 ejecta;
2544 1067 2735 1140 sicque
2759 1068 2853 1123 illo
2882 1069 3106 1124 sedente
3146 1067 3203 1122 in
3229 1065 3464 1137 nuptiali
3496 1066 3731 1128 convivio,

2186 1161 2468 1233 ingressus
2512 1159 2821 1215 Alexander
2850 1159 3028 1215 dixit:
3060 1157 3248 1226 Pater,
3290 1158 3475 1228 accipe
3518 1174 3554 1210 a
3595 1173 3664 1210 me
3690 1157 3737 1211 de

2185 1256 2360 1325 prima
2395 1270 2511 1308 mea
2544 1269 2721 1324 pugna
2752 1251 3082 1307 victorialem
3104 1267 3384 1315 coronam;
3410 1259 3591 1304 tamen
3609 1265 3738 1319 quen-

2185 1348 2254 1401 do
2285 1345 2642 1401 celebraturus
2666 1362 2785 1399 sum
2830 1345 3044 1417 nuptias
3086 1345 3275 1399 matris
3303 1360 3472 1411 mete,
3513 1343 3737 1414 jangmto

2186 1438 2270 1492 illi
2304 1438 2593 1504 maritum,
2637 1436 2707 1491 ad
2748 1437 2892 1508 ipsas
2939 1437 3154 1507 nuptias
3194 1446 3251 1491 tu
3296 1453 3401 1491 non
3447 1435 3735 1489 imitaberis.

2189 1528 2344 1587 Unus
2371 1538 2551 1585 autem
2578 1546 2646 1585 ex
2680 1528 3155 1586 discumbentibus
3182 1528 3375 1601 Lysias
3406 1527 3560 1583 dixit
3594 1546 3607 1580 :
3631 1526 3740 1597 Phy-

2186 1622 2327 1693 lippe
2351 1662 2367 1689 ,
2421 1637 2487 1675 ea:
2524 1619 2808 1692 Cleopatra
2852 1629 3102 1683 nascetur
3135 1619 3233 1673 tibi
3266 1618 3415 1689 [ilius
3453 1619 3645 1673 similis
3667 1619 3736 1670 tri.

2188 1712 2303 1771 Hoc
2338 1712 2570 1770 audiens
2594 1712 2924 1781 Alexander,
2948 1712 3224 1783 percussit
3252 1727 3380 1767 eum
3415 1725 3556 1765 eum
3591 1709 3743 1765 baculo

2187 1823 2350 1878 quem
2384 1807 2605 1863 tenebat
2641 1806 2697 1862 in
2728 1821 2925 1875 manu,
2947 1815 3004 1862 et
3030 1813 3281 1861 mortuus
3311 1801 3427 1861 est.
3450 1802 3650 1859 Videas
3668 1805 3743 1858 hoc

2188 1899 2485 1972 Pbylippus
2519 1900 2696 1954 iratus
2742 1907 2827 1954 est
2849 1941 2865 1966 ,
2908 1908 2964 1954 et
2996 1899 3214 1969 erigens
3255 1913 3314 1953 se
3345 1897 3615 1967 impetum
3652 1896 3745 1951 {erit

2190 1993 2245 2047 in
2297 2007 2465 2059 eum,
2515 1991 2612 2047 sed
2660 1990 2718 2046 in
2763 1991 2883 2061 ipso
2905 1991 3113 2060 impetu
3141 1989 3359 2046 cecidit.
3399 1988 3469 2061 (l’.
3517 1989 3651 2057 197.)
3673 1988 3745 2043 Cui
3814 1988 3815 2009 ‘

2188 2084 2325 2140 dixit
2359 2083 2664 2139 Alexander
2695 2103 2707 2138 :
2735 2081 2840 2149 Qui
2864 2082 3165 2154 subjugasti
3194 2082 3380 2136 Asiam
3401 2091 3458 2136 et
3490 2080 3745 2151 Europen,

2189 2191 2353 2247 quare
2379 2192 2537 2246 super
2555 2176 2707 2247 pedes
2738 2184 2857 2230 tuos
2894 2191 3000 2230 non
3023 2184 3137 2229 stas
3157 2176 3183 2229 ?
3205 2173 3297 2230 Sic
3317 2190 3457 2246 ergo
3492 2175 3747 2230 exturbata

2191 2276 2322 2324 sunt
2354 2268 2486 2341 ipsa:
2512 2268 2737 2339 nuptiae,
2759 2276 2814 2323 et
2838 2266 3136 2340 Phylippus
3155 2267 3469 2339 egrotabat.
3510 2266 3629 2322 Post
3646 2282 3748 2338 pau-

2193 2375 2290 2415 cos
2312 2360 2429 2416 dies
2456 2360 2701 2416 introivit
2722 2360 3032 2416 Alexander
3057 2360 3283 2415 visitare
3308 2360 3501 2420 illum.
3532 2370 3585 2416 et
3610 2360 3745 2414 dixit:

2194 2452 2475 2524 Phylippe,
2492 2454 2732 2524 quamvis
2756 2469 2859 2508 non
2880 2454 2955 2508 sit
2979 2453 3067 2508 lea:
3093 2462 3151 2507 at
3178 2463 3228 2507 te
3261 2468 3443 2507 vocem
3476 2468 3547 2507 ea:
3568 2452 3746 2513 nantia.

2195 2564 2298 2601 non
2329 2548 2425 2603 tibi
2447 2548 2635 2619 loquor
2665 2556 2721 2602 ut
2748 2546 2896 2618 ﬁlius
2920 2548 3011 2602 sed
3034 2556 3091 2602 ut
3119 2549 3360 2613 amicus;
3386 2549 3486 2618 fac
3524 2548 3640 2602 bene
3664 2563 3749 2599 νικ-

2194 2642 2314 2695 lieri
2336 2624 2419 2696 dli
2448 2643 2533 2696 cui
2562 2643 2701 2697 male
2745 2642 2949 2714 fecisti,
3001 2653 3052 2698 et
3099 2660 3203 2697 non
3242 2646 3312 2699 sit
3346 2644 3449 2698 tibi
3484 2660 3623 2698 cura
3659 2643 3749 2713 quia
3822 2714 3823 2727 χ

2195 2730 2415 2802 Lysiam
2436 2732 2626 2787 occidi.
2653 2731 2794 2787 Bene
2823 2733 2948 2803 feci,
2986 2741 3044 2787 tu
3071 2743 3247 2787 autem
3281 2733 3425 2787 male
3464 2734 3661 2803 fecisti,
3690 2749 3751 2784 ro-
3822 2740 3823 2749 ‘

2196 2821 2307 2877 lens
2331 2840 2411 2877 me
2440 2832 2710 2893 percutere
2737 2824 2938 2899 gladio.
2954 2823 3023 2879 Et
3062 2823 3751 2897 ﬂevithylippus.Alexan-

2197 2914 2295 2970 der
2319 2922 2503 2971 autem
2537 2916 2629 2972 ubi
2660 2916 2793 2972 vidit
2821 2924 3032 2987 patrem
3054 2917 3384 2989 plorantem,
3411 2918 3625 2973 dimisit
3641 2932 3751 2977 eum.

2198 3016 2255 3064 et
2296 3007 2486 3065 abiens
2523 3008 2591 3064 ad
2639 3009 3055 3076 matrem,dixit
3079 3009 3129 3065 ei
3175 3026 3190 3062 :
3235 3009 3437 3075 Mater,
3480 3009 3592 3063 noli
3625 3017 3755 3062 tenere

509 3099 727 3170 cognovi
755 3100 809 3152 in
843 3107 920 3165 te,
950 3107 1000 3154 et
1039 3100 1150 3153 scio
1173 3100 1300 3171 quia
1337 3107 1391 3151 tu
1422 3098 1574 3153 debes
1609 3112 1825 3168 regnare
1852 3103 1970 3167 post
1995 3111 2095 3150 me.
2127 3116 2172 3178 ρ
2204 3099 2403 3155 malam
2435 3101 2758 3156 voluntatem
2796 3101 2990 3172 patris,
3012 3102 3139 3173 quia
3168 3100 3410 3173 quamvis
3429 3100 3756 3156 absconditam

578 3191 722 3246 Inter
755 3192 857 3245 hec
890 3189 1067 3246 lactus
1101 3190 1407 3245 Alexander
1435 3203 1707 3244 annorum
1754 3186 2097 3258 quindecim,

510 3285 648 3340 dixit
675 3284 743 3339 ad
771 3283 1095 3356 Phylippum
1126 3301 1136 3337 :
1164 3281 1350 3350 Pater,
1386 3282 1432 3335 si
1459 3290 1626 3352 potest
1649 3281 1796 3350 ﬁeri,
1824 3279 1994 3350 dirige
2024 3295 2103 3332 me

513 3379 782 3432 sedentem
808 3378 863 3430 in
906 3393 1085 3431 curru.
1131 3374 1387 3447 Dixitque
1420 3390 1511 3430 rex
1551 3393 1565 3429 :
1604 3372 1827 3429 Gratum
1862 3373 2101 3442 accipio,

513 3469 617 3541 ﬁli,
643 3468 880 3539 daboque
912 3467 1007 3521 tibi
1048 3465 1283 3521 caballos
1313 3473 1520 3520 centum
1547 3473 1596 3519 et
1633 3462 1703 3518 40
1726 3462 1880 3516 utilia
1915 3477 2105 3516 aureo-

512 3577 634 3615 rum
677 3559 989 3626 solidorum,
1013 3568 1063 3614 et
1114 3559 1245 3614 vade
1287 3575 1404 3612 cum
1453 3558 1585 3611 bono
1629 3554 1855 3610 auxilio.
1903 3553 2105 3609 Exiens

513 3656 700 3725 itaque
721 3653 1029 3709 Alexander
1056 3653 1201 3708 venit
1231 3653 1287 3708 in
1318 3650 1747 3722 Peloponensem
1773 3690 1788 3716 ,
1817 3655 1879 3703 ut
1906 3646 2109 3702 faceret

514 3762 757 3818 pugnam
778 3761 905 3801 cum
935 3743 1181 3810 Nicolao,
1220 3758 1347 3815 rege
1369 3742 1541 3814 ipsius
1576 3740 1890 3813 provinciae.
1932 3736 2105 3805 Quem

514 3840 709 3896 videns
755 3837 1033 3907 Nicolaus,
1075 3838 1213 3893 dixit
1246 3857 1260 3891 :
1292 3836 1394 3891 Dic
1426 3836 1618 3902 michi,
1644 3836 1760 3906 quis
1788 3850 1841 3888 es
1877 3833 1975 3887 tu?
2006 3829 2108 3887 Cui

519 3932 613 3988 ille
646 3951 659 3988 :
686 3931 799 4004 Ego
828 3949 945 3986 sum
979 3931 1298 3996 Alexander,
1339 3929 1485 3999 ﬁlius
1509 3927 1783 3999 Phylippi.
1810 3924 1912 3981 Cui
1941 3924 2107 3980 Nico-

517 4027 643 4082 laus
666 4045 679 4082 :
708 4026 871 4093 Quem
902 4043 982 4081 me
1008 4025 1233 4096 speras?
1259 4022 1405 4078 Dixit
1430 4020 1739 4077 Alexander
1766 4039 1779 4075 :
1822 4018 1900 4073 Tu
1930 4035 1983 4073 es
2013 4016 2111 4070 Ni-

519 4117 725 4184 colaus,
763 4134 855 4171 rea:
882 4116 1233 4179 Arideorum;
1262 4114 1355 4168 sed
1383 4129 1483 4167 non
1508 4111 1733 4167 elcvetur
1753 4126 1843 4164 cor
1869 4118 2019 4162 tuum
2053 4107 2110 4160 in

555 4210 831 4281 uperbiam
870 4210 997 4280 quia
1045 4207 1202 4262 habes
1233 4206 1481 4261 honorem
1513 4203 1741 4275 regalem
1760 4244 1775 4267 ,
1810 4200 1942 4256 solet
1971 4200 2111 4254 enim

523 4302 746 4358 uweniri
772 4303 830 4355 in
856 4302 969 4373 fato
990 4298 1393 4370 humano,quod
1410 4296 1583 4367 major
1600 4294 1869 4361 perveniat
1891 4294 1961 4348 ad
1984 4309 2111 4359 par-

517 4398 736 4450 vitatem
774 4406 823 4449 et
858 4410 1051 4465 parvus
1081 4393 1151 4447 ad
1183 4390 1627 4463 magnitudinem.
1667 4387 1770 4443 Cui
1794 4385 2054 4441 Nicolaus
2094 4405 2108 4439 :

517 4488 661 4543 Bene
689 4488 900 4542 dixisti.
937 4486 1013 4541 Tu
1050 4486 1218 4540 nescis
1258 4494 1306 4539 te
1340 4485 1535 4555 ipsum,
1564 4498 1680 4537 mea
1707 4489 1884 4534 autem
1916 4488 2111 4533 natura

518 4579 1004 4653 inreprehensibilis
1024 4587 1122 4634 est.
1148 4577 1250 4631 Dic
1274 4587 1450 4631 tamen
1476 4574 1636 4630 michi
1663 4573 1956 4638 veritatem,
1979 4587 2110 4642 qua-

521 4693 579 4730 re
612 4678 671 4730 in
690 4676 788 4730 has
816 4683 993 4745 partes
1029 4672 1257 4727 venisti?
1291 4668 1393 4726 Cui
1430 4666 1736 4724 Alexander
1769 4664 1879 4721 ait:
1914 4663 2111 4718 Recede

521 4787 554 4823 a
592 4786 693 4836 me,
725 4769 909 4835 homo,
955 4766 1082 4838 quia
1114 4780 1275 4837 neque
1306 4772 1362 4817 tu
1394 4762 1553 4816 habes
1589 4758 1795 4830 aliquid
1833 4757 2111 4811 adversum

524 4879 636 4931 me,
660 4878 753 4916 nec
778 4877 870 4933 ego
895 4863 1173 4914 adversum
1216 4865 1264 4911 te
1308 4854 1368 4910 1n
1392 4855 1499 4910 hoc
1527 4851 1787 4908 Nicolaus
1813 4849 1968 4904 valde
1997 4848 2110 4903 ira~

524 4963 615 5009 tus
634 4952 770 5007 dixit
798 4971 810 5005 :
842 4949 977 5011 Ecce
1001 4947 1150 5020 quali
1178 4945 1379 5001 homini
1401 4949 1607 5015 loquor.
1631 4941 1739 4997 Per
1764 4939 2111 4995 saluationem

523 5045 696 5116 patris
733 5045 863 5112 mei,
897 5045 942 5097 si
969 5044 1221 5112 impetum
1241 5056 1441 5111 spuma:
1468 5038 1523 5092 in
1552 5036 1746 5108 faciem
1779 5034 1893 5104 ejus
1925 5031 2113 5101 ejicio,

527 5139 801 5193 morietur.
828 5137 896 5193 Et
916 5137 1134 5208 exspuit
1154 5136 1222 5191 ad
1242 5150 1370 5191 eum
1395 5142 1452 5190 et
1473 5133 1612 5188 dixit
1644 5151 1657 5186 :
1685 5129 1831 5184 Tolle
1859 5128 1956 5182 hoc
1975 5126 2116 5198 quod

530 5242 578 5287 te
611 5233 756 5286 decet
789 5230 1045 5299 accipere,
1077 5228 1273 5293 catule,
1300 5226 1427 5298 quia
1454 5240 1557 5278 non
1581 5220 1864 5278 erubescis.
1905 5217 1994 5273 Ille
2013 5232 2115 5272 au-

529 5334 639 5381 tem
664 5323 954 5380 continens
980 5337 1039 5377 se
1065 5320 1366 5377 secundum
1387 5317 1694 5374 doctrinam
1721 5310 2117 5385 pliylosophize,

527 5418 664 5475 dixit
698 5436 711 5471 :
744 5414 986 5479 Nicolae,
1027 5430 1119 5485 per
1155 5414 1490 5468 nativitatem
1533 5426 1706 5464 meam
1744 5415 2022 5478 paternam
2066 5412 2117 5456 et

526 5527 619 5565 per
651 5518 859 5564 uterum
889 5506 1079 5561 matris
1112 5520 1240 5560 mea:
1261 5521 1295 5558 α
1314 5504 1411 5557 deo
1431 5504 1803 5573 inpregnatum
1822 5540 1836 5565 ,
1862 5505 1915 5551 et
1943 5504 1992 5549 te
2025 5510 2118 5565 per

532 5620 683 5657 arma
724 5601 1025 5666 devincam,
1059 5606 1108 5651 et
1146 5597 1382 5669 patriam
1419 5603 1568 5649 tuam
1605 5590 1764 5646 michi
1798 5587 2112 5658 subjugabo.

2203 3194 2275 3247 sit
2329 3202 2603 3263 peccatum
2650 3201 2834 3262 tuum,
2869 3193 3197 3264 reprehensio
3248 3203 3431 3248 tamen
3488 3204 3580 3249 tua
3613 3191 3755 3246 stabit.

2208 3284 2413 3339 Bonum
2431 3293 2509 3340 est
2545 3294 2604 3340 ut
2631 3300 2769 3340 uxor
2787 3302 2991 3357 semper
3026 3286 3266 3356 subjecta
3310 3287 3383 3340 sit
3424 3287 3639 3340 marito.
3666 3281 3761 3337 llas

2206 3377 2394 3434 dicens
2417 3420 2431 3445 ,
2477 3378 2703 3434 adduxit
2732 3392 2853 3434 eam
2879 3377 3162 3451 Phylippo.

2281 3469 2411 3526 Post
2447 3486 2653 3541 paucos
2696 3470 2816 3527 dies
2848 3478 3114 3526 venerunt
3158 3470 3322 3542 legati
3368 3468 3529 3525 Darii
3573 3467 3698 3540 regis
3714 3466 3761 3519 al

2207 3560 2531 3635 Phylippum
2557 3605 2572 3631 ,
2650 3563 2931 3634 exigentes
2993 3563 3064 3618 ab
3120 3578 3188 3619 eo
3241 3562 3543 3619 tributum.
3596 3560 3762 3627 Quae;

2208 3654 2512 3711 Alexander
2541 3655 2619 3710 ait
2652 3674 2665 3710 :
2693 3654 2777 3710 Ite
2816 3664 2865 3709 et
2887 3654 3049 3724 dicite
3081 3654 3253 3708 Dario
3280 3670 3299 3708 :
3327 3654 3565 3721 Quando
3588 3650 3765 3719 Phy“;-

2208 3762 2305 3817 pus
2328 3763 2433 3801 non
2453 3746 2675 3801 habebat
2707 3746 2917 3817 ﬁlium,
2951 3745 3157 3818 gallina
3186 3745 3483 3817 generabat
3515 3746 3566 3799 ei
3590 3756 3764 3796 aurem

2210 3857 2385 3904 ovum,
2409 3856 2545 3894 nunc
2572 3849 2749 3894 autem
2773 3838 3037 3909 Phylippo
3066 3847 3226 3892 natus
3254 3847 3336 3891 est
3363 3836 3546 3906 ﬁlius,
3565 3845 3613 3890 et
3640 3832 3765 3904 galli-

2210 3949 2280 3987 na
2320 3934 2467 4003 facta
2491 3940 2568 3987 est
2595 3929 2820 3986 sterilis.
2845 3930 2957 3987 Hec
2985 3931 3193 3997 dicens,
3218 3928 3371 3984 dedit
3397 3930 3489 3985 eis
3514 3924 3767 3983 absolutio-

2211 4041 2360 4091 nem,
2390 4034 2444 4081 et
2471 4024 2685 4080 remisit
2704 4038 2799 4079 eos
2831 4038 3036 4079 vacuos
3065 4022 3132 4077 ad
3157 4021 3385 4077 Darium
3419 4036 3630 4093 regem.

2279 4116 2412 4173 Post
2449 4117 2550 4172 hec
2580 4116 2862 4173 rebellavit
2896 4114 3161 4187 Pbylippo
3203 4112 3504 4179 Armenia,
3535 4123 3590 4166 ct
3610 4108 3768 4165 direxit

2212 4207 2343 4263 illuc
2361 4207 2733 4262 Alexandrum
2761 4220 2888 4262 cum
2911 4204 3177 4271 exercitu,
3208 4211 3270 4257 ut
3291 4210 3635 4275 expugnaret
3655 4214 3768 4254 eam.

2210 4298 2271 4353 ln
2294 4297 2608 4354 Macedonia
2631 4311 2761 4352 vero
2780 4304 2898 4352 erat
2916 4295 3139 4367 quidam
3163 4295 3330 4349 homo
3353 4293 3584 4348 nomine
3605 4291 3767 4345 Pansa

2214 4392 2306 4449 nia
2336 4391 2616 4462 subjectus
2646 4389 2939 4462 Phylippo,
2975 4388 3072 4460 qui
3100 4386 3511 4457 concupiscens
3552 4382 3771 4453 Olimpia-

2150 4463 2191 4520 Ῐ)
2217 4483 2361 4549 dem,
2392 4481 2521 4538 fecit
2540 4490 2735 4537 contra
2763 4495 2943 4552 regem
2968 4478 3285 4545 consilium,
3318 4485 3376 4533 et
3410 4476 3668 4532 adnnavit
3693 4472 3771 4529 sibi

2217 4573 2501 4645 populum,
2537 4579 2859 4642 armataque
2888 4583 3055 4624 manu
3080 4567 3231 4623 venit
3258 4582 3426 4638 super
3457 4566 3766 4639 Phylippnm.

2218 4666 2322 4732 Qui
2342 4681 2467 4735 cum
2483 4664 2534 4720 ei
2548 4672 2696 4736 terga
2711 4669 2967 4729 verteret,
2987 4661 3200 4716 vibrata
3225 4660 3385 4715 basta
3406 4657 3674 4714 Pausania
3684 4670 3773 4725 ιιττ·

2218 4752 2794 4826 cussitPhylippumin
2805 4751 2993 4818 dorso,
3010 4750 3104 4821 qui
3119 4758 3302 4805 tamen
3326 4764 3435 4804 non
3450 4748 3639 4805 statim
3663 4758 3773 4799 mor-

2219 4855 2349 4903 tuus
2373 4856 2486 4915 est,
2510 4847 2607 4903 sed
2624 4847 2799 4919 jacuit
2820 4847 3117 4904 semivivus
3139 4846 3193 4900 in
3206 4844 3775 4917 campo.Pausaniave-

2217 4956 2281 4995 ro
2292 4948 2490 5011 putans
2512 4955 2639 4996 eum
2654 4949 2953 5008 mortuum,
2965 4939 3207 4995 elevatus
3217 4946 3323 5005 est,
3338 4931 3773 5007 intransquepah-

2217 5033 2357 5089 tium
2380 5048 2507 5088 cum
2526 5033 2758 5089 audacia
2779 5075 2794 5101 ,
2826 5031 3094 5089 abstraxit
3115 5030 3242 5087 inde
3257 5028 3641 5101 Olimpiadem.
3664 5025 3775 5079 Inter

2220 5125 2336 5181 haec
2350 5140 2604 5182 reversus
2612 5125 2918 5181 Alexander
2926 5125 2993 5180 de
3001 5123 3278 5190 Armenia,
3291 5120 3503 5178 invenit
3513 5119 3771 5175 maximam

2220 5218 2685 5288 perturbationem
2732 5218 2788 5274 in
2818 5215 3156 5274 Macedonia.
3197 5214 3402 5270 Exiens
3423 5221 3616 5267 autem
3638 5207 3776 5263 Olim-

2220 5310 2427 5381 piades,
2451 5311 2617 5382 erepit
2643 5309 2945 5367 vociferare
2968 5310 3037 5366 ad
3065 5304 3683 5370 Alexandrum,dicens:
3699 5298 3719 5352 l
3738 5297 3774 5347 ti

2219 5409 2331 5467 est,
2361 5399 2691 5466 Alexander,
2726 5402 2950 5456 victoria
2993 5408 3117 5467 tua,
3147 5399 3237 5453 ubi
3275 5399 3443 5469 fatum
3477 5393 3620 5467 quod
3646 5409 3675 5443 α
3695 5388 3775 5441 dtis

2220 5493 2492 5564 accepisti,
2515 5503 2574 5546 ut
2595 5510 2730 5549 esses
2757 5493 3050 5549 victorialis
3075 5502 3124 5547 et
3148 5490 3436 5546 vindicans
3472 5504 3558 5540 me
3576 5493 3773 5555 patrm-

2220 5604 2316 5656 quc
2369 5588 2555 5640 tuum?
2584 5586 2706 5653 Quo
2758 5587 2945 5643 audito
2986 5584 3288 5652 Pausania,
3332 5578 3462 5636 exiit
3514 5587 3577 5634 ut
3604 5574 3773 5632 vident

2044 5678 2271 5736 ΝΟΤΑΕ.

602 5784 751 5856 (209)
818 5783 1117 5853 rocavitque
1167 5796 1212 5835 e.
1269 5796 1314 5833 ε.
1369 5779 1416 5834 b.
1457 5794 1525 5835 ex
1571 5776 1677 5833 alio
1706 5776 1943 5848 quodam
1972 5773 2112 5831 libro
2152 5850 2157 5853 _

2212 5772 2475 5850 sumpsit.

3815 2064 3817 2179 Ν

3818 2280 3819 2373 ψ
