3828 6308
67 318 143 375 559
936 317 1304 379 CllRONlCA.
1343 352 1411 363 —
1445 317 1843 401 CllRONlQON
1882 316 2344 375 UNIVERSALE.
3181 314 3287 372 570

46 428 390 487 Alexandrum.
445 426 537 484 ille
595 436 779 486 autem
820 430 1035 490 vibrato
1079 437 1259 507 gladio
1307 437 1581 510 percussit
1606 440 1655 499 Α
1682 435 1994 501 Persarum,
2036 449 2154 505 quae
2174 438 2483 505 cowquatur
2500 446 2679 486 arena
2701 430 2887 485 maris.
2925 427 3154 484 Tantum
3177 445 3275 484 au-

66 520 369 586 l‘ausaniam,
410 528 464 574 et
504 521 690 577 statim
741 533 993 583 mortuus
1037 536 1140 585 est.
1202 528 1469 602 Venitque
1509 529 1587 585 illi
1624 560 1629 566 ι
1691 543 1809 580 rum
1841 535 1914 580 est
1937 526 1995 579 in
2022 523 2271 591 Persida,
2308 531 2367 578 ut
2398 523 2576 577 vincat
2615 521 2916 577 claritatem
2941 520 3089 576 solis.
3127 518 3276 576 Unde

65 612 253 668 nuncius
291 610 428 681 quod
450 621 504 666 et
540 620 694 683 pater
722 615 845 686 ejus
870 617 986 687 jam
1017 630 1344 690 moreretur,
1376 630 1430 677 et
1454 622 1589 678 abiit
1690 627 1892 689 oportet
1924 626 1972 672 te
1999 619 2248 688 paenitere
2279 617 2335 671 in
2360 616 2456 671 hoc
2479 615 2617 687 quod
2647 624 2893 687 operatus
2923 632 2975 669 es
3000 656 3015 683 ,
3039 615 3165 687 quia
3188 655 3203 681 ,
3227 614 3277 668 si

64 706 113 759 ad
137 720 259 758 eum.
298 700 361 757 Ut
392 711 573 757 autem
597 704 732 760 vidit
757 722 885 763 eum
928 708 1226 782 Phylippus
1249 753 1266 779 ,
1294 712 1432 768 dixit
1459 712 1537 766 illi
1571 730 1583 766 :
1689 712 1746 765 in
1779 711 1896 780 ipsa
1926 710 2171 764 stulticia
2206 724 2536 781 perseverare
2562 707 2819 774 volueris,
2854 708 3089 778 dirigam
3131 705 3201 759 ad
3228 713 3277 758 te

66 794 148 849 Fili
171 793 466 861 Alexander,
501 796 621 865 jam
656 796 812 853 lwtus
839 802 1063 870 moriar,
1089 804 1219 874 quia
1260 804 1437 873 fecisti
1470 806 1587 860 vin-
1689 802 2040 857 viudicatores
2084 802 2173 873 qui
2206 811 2255 856 te
2297 800 2693 873 apprehendant
2722 841 2738 866 ,
2784 808 2834 854 et
2878 816 2980 854 non
3012 798 3276 870 quomodo

63 889 237 952 dictum,
262 886 534 941 occidendo
559 888 837 945 inimicum
861 908 1055 947 meum.
1082 892 1209 950 Haec
1234 895 1422 952 dicens
1446 911 1581 952 mor-
1690 895 1865 967 ﬁlium
1909 893 2162 966 Phglippi
2184 935 2200 961 ,
2239 893 2329 948 sed
2368 892 2628 965 quomodo
2665 891 2954 963 principem
3006 889 3278 945 latronum

64 990 159 1035 tuus
192 988 285 1035 est.
318 978 623 1036 Alexander
658 998 789 1038 vero
834 984 1056 1053 plorans
1110 995 1344 1043 mortem
1385 988 1586 1058 patris,
1691 988 1837 1042 cruci
1864 995 1913 1041 te
1938 987 2077 1058 afﬁgi
2098 985 2408 1057 precipiam.

63 1072 161 1125 abiit
190 1079 236 1126 et
259 1071 495 1141 sepelivit
522 1088 671 1130 eum.
719 1074 906 1132 Altero
946 1078 1035 1133 die
1072 1079 1267 1135 sedens
1302 1079 1358 1134 in
1388 1079 1590 1135 throno
1757 1075 1911 1132 Hane
1943 1075 2233 1147 epistolam
2278 1089 2403 1131 cum
2448 1072 2782 1144 precepisset
2821 1070 3129 1127 Alexander
3171 1069 3278 1140 legi

62 1157 192 1234 pains
211 1164 305 1230 sui,
342 1166 653 1223 convocatis
675 1169 934 1226 omnibus
953 1170 1132 1226 dixit:
1166 1169 1211 1228 0
1220 1171 1437 1241 juvenes
1470 1170 1590 1226 Ma-
1690 1184 1876 1225 coram
1919 1167 2186 1223 militibus
2228 1166 2364 1234 suis,
2421 1164 2706 1221 audientes
2765 1163 3072 1220 contristati
3124 1170 3274 1218 sunt.

63 1258 250 1324 redones,
274 1255 1085 1332 Tracirnses,Thesalonicenses,
1109 1262 1515 1330 Lacedemones,
1540 1273 1591 1318 et
1691 1261 1903 1325 Quibus
1926 1260 2017 1316 ille
2048 1260 2126 1316 ait
2157 1279 2171 1315 :
2210 1257 2393 1315 Nolite
2414 1258 2723 1313 contristari
2756 1256 2812 1311 in
2839 1256 3007 1312 verbis
3043 1255 3280 1327 epistola:

63 1349 163 1415 alii,
187 1349 445 1403 intuemini
469 1359 519 1404 et
554 1352 723 1407 videte
746 1352 1134 1423 Alexandrum,
1162 1365 1215 1410 et
1248 1355 1434 1426 procul
1454 1356 1525 1409 sit
1556 1373 1590 1410 a
1691 1353 1870 1424 hujus.
1897 1352 1983 1406 An
2005 1351 2217 1407 nescitis
2257 1352 2386 1422 quia
2430 1366 2586 1404 canes
2621 1347 2847 1402 multum
2872 1347 3132 1402 latrantes
3157 1346 3279 1399 nul-

63 1441 169 1493 vobis
200 1442 342 1494 timor
364 1441 745 1498 barbarorum!
770 1444 839 1499 In
872 1463 953 1502 me
979 1447 1169 1501 sithoc
1191 1489 1209 1513 ,
1233 1447 1363 1518 quia
1383 1456 1433 1501 et
1467 1445 1589 1501 illos
1691 1443 1802 1499 lum
1838 1443 2080 1513 effectum
2112 1444 2320 1514 faciunt
2347 1444 2373 1497 ?
2402 1440 2694 1498 Credamus
2740 1440 2921 1511 itaque
2961 1438 3100 1510 quod
3139 1438 3279 1491 veri‘

62 1531 294 1603 subjugabo
311 1542 358 1588 et
387 1534 442 1588 in
470 1536 748 1590 servitium
777 1538 920 1594 vobis
948 1538 1109 1594 dabo.
1137 1538 1388 1611 Quisquis
1411 1556 1477 1593 ex
1509 1554 1593 1593 vo-
1694 1545 1856 1591 tatem
1882 1536 2029 1590 dicat
2052 1535 2163 1590 haec
2197 1533 2423 1606 epistola
2445 1549 2464 1587 :
2492 1533 2585 1587 sed
2612 1548 2743 1603 opus
2779 1539 2857 1585 est
2892 1530 3036 1585 nobis
3071 1538 3280 1584 strenue

64 1624 121 1676 bis
143 1623 365 1692 coluerit,
390 1625 550 1680 tollat
572 1644 725 1683 arma
746 1645 815 1684 ex
834 1630 1039 1701 palatio
1063 1648 1176 1686 meo
1196 1640 1248 1686 et
1268 1639 1512 1702 preparet
1535 1647 1591 1684 se
1692 1636 1741 1681 et
1769 1628 1982 1698 fortiter
2004 1642 2241 1698 pugnare
2266 1643 2386 1680 cum
2414 1624 2545 1692 illis,
2576 1632 2627 1679 et
2662 1640 2768 1677 non
2802 1623 2859 1677 in
2888 1620 3281 1692 vacuum,quia

65 1713 115 1765 ad
134 1713 382 1783 pretium,
416 1725 467 1769 et
509 1718 602 1788 qui
648 1717 918 1786 noluerit,
946 1728 1116 1774 armet
1159 1736 1213 1774 se
1244 1720 1411 1775 armis
1454 1720 1585 1773 suis.
1625 1780 1665 1791 _
1692 1719 1911 1773 illorum
1956 1719 2158 1774 divitia:
2206 1716 2525 1791 compellunt
2574 1732 2667 1771 nos
2724 1730 2976 1788 pugnare.
3018 1712 3133 1769 Hoc
3186 1713 3281 1767 ubi

65 1803 272 1860 Dixerunt
297 1806 345 1862 ei
373 1808 622 1864 seniores
653 1828 667 1865 :
693 1809 807 1864 Rex
845 1809 1171 1877 Alexander,
1217 1809 1402 1864 multis
1436 1810 1591 1864 annis
1625 1803 1668 1834 ³³
1694 1810 1862 1878 dixit,
1896 1809 2137 1881 preeepit
2171 1808 2289 1865 suis
2318 1808 2636 1864 hominibus
2657 1804 3121 1877 comprehendere
3150 1819 3279 1874 por-

65 1898 347 1955 militavimus
372 1902 519 1970 patri
550 1911 641 1956 tuo
660 1943 676 1969 ,
705 1912 753 1957 et
776 1903 944 1958 virtus
970 1920 1073 1957 non
1096 1912 1174 1958 est
1197 1902 1348 1957 nobis
1366 1944 1382 1971 ,
1407 1911 1467 1957 ut
1493 1919 1592 1957 an-
1692 1904 1885 1960 titores
1907 1902 2154 1973 epistola:
2175 1910 2231 1957 et
2244 1901 2585 1972 cruciﬁgere.
2610 1899 2681 1954 At
2708 1899 2782 1953 illi
2810 1898 3067 1953 dixerunt
3097 1914 3110 1952 :
3138 1894 3284 1949 Male

62 1991 219 2056 gestias
239 1990 364 2060 ferre
393 1992 700 2059 valeamus;
723 1994 881 2062 unde,
908 1995 957 2049 si
982 1996 1079 2050 tibi
1106 1994 1299 2066 placet,
1324 2002 1593 2050 recusetur
1694 1993 1830 2064 facis
1852 2008 1872 2057 ,°
1903 2008 2062 2062 quam
2090 1992 2232 2045 enim
2266 1989 2480 2062 culpam
2502 2006 2595 2044 nos
2622 1988 2872 2043 habemus
2892 1988 2918 2042 ?
2939 1986 3150 2054 Quibus
3172 1985 3280 2040 ait:

62 2095 87 2132 a
104 2082 220 2136 nobis
247 2083 431 2138 militia
457 2101 625 2155 quam
647 2086 920 2141 [metemus
947 2089 1155 2160 egimus
1182 2088 1269 2142 η’.
1295 2086 1593 2157 Respondit
1696 2083 1756 2139 Si
1791 2101 1884 2155 ego
1911 2084 2194 2155 malefacio
2218 2124 2233 2150 ,
2264 2083 2487 2137 senioris
2529 2082 2692 2136 vestri
2712 2080 2858 2134 dicta
2893 2096 2976 2134 me
3005 2078 3102 2132 hoc
3129 2094 3282 2149 agere

62 2170 343 2231 Alexander:
373 2173 552 2246 Magis
585 2175 825 2231 volumus
858 2193 945 2231 vos
969 2176 1159 2231 habere
1185 2178 1241 2231 in
1277 2177 1594 2232 militiuno-
1694 2178 2051 2250 compellunt,
2093 2178 2183 2249 qui
2226 2176 2423 2233 direxit
2468 2192 2557 2231 vos
2593 2175 2748 2247 quasi
2789 2173 2858 2227 ad
2900 2172 3182 2227 latronem.
3219 2170 3281 2241 (f.

64 2272 145 2316 stra
164 2281 298 2336 quam
313 2266 553 2336 juvenes,
580 2268 708 2339 quia
719 2267 929 2338 juvenis
954 2268 1221 2339 conﬁdens
1250 2269 1304 2323 in
1319 2268 1594 2338 juventute
1697 2271 1844 2344 199.)
1871 2272 1942 2327 At
1970 2272 2049 2327 illi
2079 2271 2337 2327 dixerunt
2373 2288 2386 2325 :
2420 2268 2657 2324 Proinde
2680 2267 2896 2337 scripsit
2926 2268 3037 2320 haec
3059 2263 3282 2330 Darius,

63 2368 135 2406 sua
173 2356 378 2425 acquirit
420 2367 666 2424 mortem,
699 2359 877 2412 senior
903 2366 1081 2413 autem
1111 2358 1223 2430 agit
1250 2359 1430 2412 omnia
1472 2374 1595 2413 cum
1695 2366 1824 2436 quia
1851 2365 2017 2418 nescit
2050 2362 2470 2434 magnitudinem
2500 2361 2687 2416 tuam?
2734 2359 2823 2414 sed
2852 2358 3001 2430 quia.
3033 2372 3125 2410 nos
3151 2354 3288 2409 ridi-

64 2445 251 2501 consilio.
275 2446 385 2504 lloe
403 2449 619 2518 dicens,
652 2448 782 2506 fecit
801 2465 898 2507 eos
925 2453 1295 2522 acquiescere,
1328 2459 1390 2507 ut
1408 2458 1595 2508 essent
1696 2475 1813 2512 mus
1843 2455 2233 2529 intelligibilem
2254 2456 2651 2527 imperatorem,
2676 2453 2723 2506 si
2746 2452 3060 2506 redierimus
3079 2490 3094 2516 ,
3118 2447 3286 2517 diffa—

64 2536 102 2589 ίιι
124 2538 278 2594 militia
315 2556 434 2596 Sila.
1696 2549 1933 2603 mabitur
1959 2564 2052 2621 per
2084 2563 2178 2602 nos
2232 2563 2421 2602 nomen
2466 2554 2636 2600 tuum.
2675 2542 2833 2600 Tunc
2874 2540 3117 2613 preecpit
3162 2538 3286 2593 illos

111 2627 157 2697 (Γ.
182 2630 309 2701 l98.)
334 2630 468 2689 Post
508 2632 609 2688 hee
645 2643 973 2706 congregata
1014 2634 1363 2690 multitudine
1388 2676 1403 2702 ,
1430 2634 1597 2705 erepit
1695 2639 1895 2697 dimitti
1915 2648 1971 2695 et
2008 2638 2074 2695 ad
2106 2638 2419 2695 convivium
2447 2652 2610 2694 suum
2633 2634 2840 2691 vocari.
2879 2632 3143 2689 Sedentes
3182 2630 3287 2684 ita-

63 2721 120 2773 ire
142 2719 358 2790 Romam,
386 2724 588 2780 deinde
617 2724 850 2794 perrexit
880 2726 936 2780 in
960 2724 1202 2781 Africam
1235 2726 1383 2799 (210)
1407 2726 1596 2797 sicque
1696 2749 1803 2805 quc
1825 2748 1949 2789 cum
1980 2748 2047 2789 eo
2070 2740 2124 2787 et
2148 2731 2523 2798 convivantes,
2546 2728 2803 2784 dixerunt
2826 2726 2876 2783 ei
2910 2745 2930 2804 ε⁶
2949 2723 3285 2790 Βοηιὲηαιοτ.

64 2813 285 2868 contendit
304 2816 355 2870 in
378 2816 701 2888 IEgyptnm.
722 2816 1016 2875 Audientes
1037 2816 1278 2891 [Egyptii
1302 2820 1595 2876 adventum
1697 2824 1744 2878 si
1770 2822 1942 2894 placet
1971 2821 2224 2892 potestati
2248 2830 2372 2888 tute,
2398 2820 2605 2891 precipe
2627 2816 2773 2873 mille
2796 2816 2992 2871 milites
3005 2814 3073 2846 ⁸⁸⁸
3105 2812 3286 2867 nobis-

62 2903 172 2972 ejus,
191 2906 421 2964 exierunt
459 2909 678 2969 obviam
706 2910 781 2978 ei,
804 2919 861 2966 et
900 2909 1294 2965 honorabiliter
1334 2925 1594 2981 snsecpc-
1698 2931 1816 2969 cum
1861 2915 2063 2981 venire,
2108 2921 2159 2970 et
2210 2913 2479 2967 trademus
2511 2911 2609 2965 tibi
2646 2909 2896 2964 Darium.
2930 2908 3000 2961 At
3040 2906 3131 2961 ille
3162 2904 3238 2959 ait
3270 2923 3283 2959 :

60 3004 169 3049 runt
197 3012 320 3054 eum.
359 2999 575 3055 Invenit
621 3010 803 3056 autem
850 3001 925 3056 ibi
966 3001 1204 3073 regalem
1244 3010 1482 3058 statuam
1529 3017 1598 3056 ex
1699 3004 1933 3060 Lwletur
1970 3004 2179 3058 animus
2213 3011 2379 3059 vester
2404 3003 2460 3057 in
2501 3001 2584 3056 his
2628 3002 2684 3056 in
2727 2999 2915 3071 quibus
2945 2997 3159 3075 sedetis,
3192 3011 3288 3067 pro

62 3101 281 3145 marmore
308 3090 983 3164 nigro,intcrrogantiqne
1016 3092 1177 3163 cujus
1198 3101 1364 3161 esset,
1390 3092 1595 3149 dictum
1622 3125 1668 3183 ο
1701 3097 1987 3152 traditione
2020 3104 2197 3151 autem
2243 3097 2403 3151 vestri
2424 3094 2649 3151 senioris
2688 3109 2792 3147 non
2834 3090 3106 3145 dabuntur
3145 3086 3289 3143 vobis

61 3183 124 3228 est
152 3178 275 3247 quod
295 3177 592 3236 Nectancbi
619 3179 765 3252 regis
785 3190 951 3238 esset.
977 3180 1083 3249 Qui
1103 3182 1181 3237 ait
1211 3199 1224 3235 :
1261 3179 1596 3237 Nectanebus
1632 3177 1667 3183 ⁷
1701 3188 1845 3244 mille
1867 3188 2063 3243 milites
2076 3179 2182 3243 ¹⁰¹.’

60 3278 176 3332 pater
198 3287 325 3327 meus
351 3283 450 3328 est.
493 3271 562 3328 Et
584 3273 1216 3344 amplexatusstatuam,
1247 3274 1600 3330 osculabatur
1765 3280 1887 3337 Alio
1922 3277 2105 3352 itaque
2140 3280 2231 3337 die
2271 3279 2413 3336 sedit
2446 3277 2754 3335 Alexander
2776 3319 2791 3345 ,
2817 3285 2873 3333 et
2908 3273 3075 3347 jussit
3120 3271 3290 3328 scribi

59 3372 168 3413 eam.
194 3358 307 3418 Inde
342 3363 587 3433 perrexit
608 3363 663 3418 in
696 3362 941 3435 Syriam;
972 3364 1066 3420 sed
1088 3362 1229 3436 Syrii
1252 3363 1481 3419 viriliter
1514 3378 1601 3418 rc-
1700 3372 1990 3444 epistolam
2017 3372 2183 3429 Dario
2212 3373 2582 3429 continentem
2611 3371 2686 3425 ita
2720 3388 2733 3424 :

60 3447 268 3507 aluerunt
299 3455 368 3520 ei,
411 3464 836 3533 pugnantcsque
872 3471 1000 3511 eum
1025 3470 1121 3523 eo,
1151 3456 1467 3511 occiderunt
1496 3455 1597 3510 ali-
1772 3462 1887 3517 Rex
1909 3461 2231 3529 Alexander,
2264 3461 2515 3533 Phylippi
2553 3459 2701 3531 ﬁlius
2731 3467 2780 3513 et
2813 3454 3157 3526 Οιὶηῖρὶαάίε,
3182 3462 3289 3506 ιε’·-

59 3556 165 3607 quos
183 3558 242 3600 ex
268 3545 458 3603 militia
488 3546 630 3618 ejus.
661 3546 892 3615 Quidam
926 3557 1109 3604 autem
1135 3564 1202 3605 ex
1225 3548 1307 3604 eis
1340 3549 1601 3604 abeuntes
1703 3568 1950 3606 renorum
1974 3552 2083 3623 regi
2110 3550 2300 3619 Dario,
2336 3551 2578 3622 proximo
2610 3548 2738 3604 solis
2762 3590 2778 3615 ,
2811 3546 3009 3601 lucenti
3040 3560 3146 3597 una
3171 3557 3293 3596 cum

63 3626 285 3689 l’ersidam
305 3678 319 3703 ,
358 3638 764 3692 nunciaverunt
791 3637 952 3692 Dario
988 3638 1103 3710 regi
1130 3639 1600 3709 presumptioncm
1704 3644 1944 3699 Persidis
1975 3644 2103 3699 diis.
2137 3642 2369 3698 Dedecus
2390 3651 2467 3698 est
2499 3651 2610 3696 tam
2637 3638 2968 3695 lucidissima
2998 3645 3154 3707 atque
3179 3650 3292 3687 ma-

60 3722 319 3782 .\lcxandri.
355 3727 463 3796 Qui
498 3745 623 3785 cum
671 3730 1044 3786 sciscitaretur
1081 3730 1149 3786 de
1197 3740 1407 3786 statura
1448 3730 1599 3809 ejus,
1704 3737 2138 3807 gnificentissimo
2171 3736 2483 3806 imperatori
2518 3734 2654 3789 talia
2684 3732 2839 3788 verba
2882 3730 3107 3801 dirigere
3131 3743 3293 3799 parvo

57 3817 366 3876 ostenderunt
391 3822 440 3878 ei
465 3822 737 3892 depictam
764 3823 1054 3894 imaginem
1084 3822 1398 3878 Alexandri.
1428 3820 1602 3889 Quem
1703 3827 1928 3894 homini,
1956 3835 2007 3882 et
2037 3826 2256 3881 cottidie
2284 3834 2585 3897 suspectum
2621 3840 2832 3879 manere
2857 3822 2961 3877 ledi
2985 3836 3133 3892 posse
3155 3836 3187 3872 a
3212 3834 3293 3871 me

58 3904 125 3959 ille
150 3907 437 3979 despiciens
471 3926 573 3982 pro
601 3912 869 3982 parvitate
900 3909 1089 3968 forma:
1108 3912 1278 3980 illius,
1308 3912 1491 3967 statim
1515 3912 1569 3967 di

1781 3962 1793 3987 ,
1826 3920 1994 3991 quies
2033 3935 2225 3990 parens
2253 3918 2383 3974 solis
2412 3928 2461 3973 et
2504 3918 2699 3974 resides
2746 3917 2803 3971 in
2843 3914 3029 3969 throno
3050 3912 3189 3968 velut
3236 3912 3293 3965 in

59 3998 166 4053 rexit
199 4001 242 4055 ei
276 4018 495 4074 sperum
534 4012 589 4057 ct
618 4003 827 4076 virgam
864 4014 1145 4059 curvatam
1189 4012 1245 4059 et
1283 4003 1603 4058 cantharum
1709 4011 1900 4065 ωιΙιενε
1930 4019 1981 4065 et
2024 4009 2190 4082 fulges
2214 4028 2333 4065 cum
2373 4010 2479 4065 dii;
2519 4010 2781 4066 Persidis.
2814 4007 2906 4062 Dii
2948 4022 3173 4078 namque
3209 4004 3296 4057 in~

54 4105 235 4150 auream
258 4112 380 4153 eum
408 4097 646 4168 epistola
675 4097 768 4152 tali
800 4116 814 4152 :
1705 4098 1954 4154 mortales
1974 4101 2305 4168 irascuntur,
2336 4102 2383 4155 si
2414 4099 2665 4155 mortales
2693 4098 2925 4153 homines
2950 4111 3131 4151 eorum
3161 4093 3294 4148 socii

108 4182 200 4239 Rex
232 4205 407 4261 regum
442 4198 803 4257 terrenarum,
830 4206 1021 4260 parens
1042 4189 1194 4257 solis,
1220 4188 1310 4260 qui
1341 4187 1477 4243 lucet
1499 4204 1605 4242 una
1705 4190 1832 4260 efﬁci
1874 4197 2155 4244 conantur.
2201 4188 2451 4243 Mortalis
2480 4206 2572 4261 ego
2599 4205 2736 4256 sum,
2759 4197 2809 4243 et
2844 4187 2923 4241 sic
2961 4186 3109 4241 venio
3139 4183 3209 4237 ad
3246 4192 3295 4236 te

53 4292 144 4329 rum
169 4278 397 4336 Persidis
431 4283 574 4349 diis,
599 4280 803 4352 famulo
825 4297 938 4336 meo
972 4282 1146 4352 dirigo
1181 4280 1456 4352 gaudium.
1492 4278 1607 4333 Au-
1711 4281 1868 4352 quasi
1890 4296 2025 4343 cum
2069 4282 2287 4336 mortali
2334 4282 2540 4336 homine
2583 4289 2934 4353 pugnaturus.
2961 4278 3103 4345 Quia
3151 4292 3292 4342 vero,

52 4365 363 4444 diridcnique
388 4374 456 4428 de
488 4384 558 4442 te,
580 4373 719 4445 quod
743 4389 838 4444 pro
867 4390 980 4428 mea
1003 4373 1181 4427 venias
1202 4371 1494 4426 inimicicia
1514 4388 1608 4443 per
1708 4374 1979 4430 laudando
2021 4384 2070 4431 te
2093 4417 2110 4445 ,
2156 4377 2346 4432 dixisti
2400 4385 2447 4431 te
2486 4375 2675 4431 habere
2724 4374 2985 4446 plurimas
3032 4371 3248 4426 divitias
3275 4410 3293 4435 ,

52 4475 203 4515 mnam
230 4465 498 4535 gloriam;
526 4475 845 4537 quapropter
865 4465 1097 4536 precipio
1122 4463 1219 4518 tibi
1241 4471 1455 4517 turnat‘e
1467 4479 1607 4534 gres-
1634 4498 1684 4558 υ
1708 4469 1902 4523 acuisti
1927 4476 2123 4523 mentes
2152 4479 2359 4524 nostras
2387 4478 2437 4524 et
2469 4469 2645 4541 fecisti
2677 4485 2769 4523 nos
2815 4467 3063 4539 fortiores
3094 4465 3151 4519 in
3183 4464 3293 4518 vir—

53 4566 158 4605 sunt.
180 4553 300 4610 llrdi
330 4575 458 4630 ergo
500 4557 570 4611 ad
610 4566 832 4612 matrem
857 4565 1005 4610 tuam
1030 4598 1045 4623 ,
1071 4565 1120 4610 et
1160 4555 1365 4627 quiesce
1389 4554 1445 4608 in
1484 4555 1606 4609 sinu
1634 4553 1672 4558 ⁷
1710 4570 1838 4628 tute,
1863 4568 1919 4615 ut
1944 4563 2283 4634 acquiramus
2315 4563 2531 4618 divitias
2566 4572 2786 4618 vestras.
2820 4559 2881 4616 Si
2902 4567 3079 4614 autem
3102 4566 3179 4625 tu,
3204 4558 3295 4629 qui

50 4642 187 4700 illius.
232 4648 421 4704 Direxi
466 4659 643 4704 autem
690 4651 787 4703 tibi
820 4665 1029 4720 sperant
1053 4658 1100 4702 ct
1146 4664 1359 4702 curvam
1405 4648 1607 4719 virgam
1709 4671 1931 4725 magnus
1957 4671 2031 4722 es,
2056 4664 2385 4727 pugnaturus
2414 4673 2615 4711 mecum
2645 4656 2847 4710 veneris
2870 4696 2887 4722 ,
2907 4654 2954 4707 si
2977 4650 3163 4707 viceris
3190 4666 3294 4717 me,

50 4736 428 4810 cantharamque
461 4728 676 4793 auream
704 4781 719 4807 ,
749 4749 806 4793 ut
831 4755 1076 4793 exerceas
1099 4746 1147 4792 et
1175 4737 1372 4809 cogites
1385 4736 1562 4807 jocant

1783 4762 1813 4799 n
1839 4744 2051 4799 habebis
2077 4744 2309 4813 laudem,
2349 4748 2477 4818 quia
2509 4745 2875 4800 latrunculum
2902 4743 3101 4809 vicisti,
3126 4742 3173 4795 si
3196 4757 3295 4794 au-

49 4841 250 4884 ίίηιδιιηι-
288 4831 566 4904 cognosco
603 4833 807 4903 διαίρων
836 4833 964 4903 quia
1002 4846 1203 4901 ραιιρεν
1236 4845 1289 4883 οδ
1324 4837 1375 4882 ει
1424 4828 1607 4881 νηίδα·-
1708 4845 1811 4891 tem
1844 4853 1938 4907 ego
1965 4845 2012 4892 te
2044 4839 2235 4907 vicero,
2267 4855 2515 4910 magnam
2534 4838 2731 4893 habebo
2754 4835 2988 4903 laudem,
3020 4851 3147 4906 quia
3176 4850 3294 4886 ma-

51 4917 154 4971 rime
175 4921 401 4993 indiges;
444 4923 537 4977 sed
568 4924 675 4977 cito
705 4923 948 4993 resipisce
968 4939 1000 4975 a
1026 4920 1269 4975 stulticia
1304 4929 1395 4975 tua
1420 4930 1468 4973 et
1498 4919 1563 4973 da

1783 4929 2206 4998 iﬁcentissimum
2255 4930 2355 4985 vici
2390 4931 2780 5001 imperatorem.
2808 4927 2949 4993 Quia
2982 4941 3100 4979 vero
3135 4924 3295 4978 michi

50 5011 252 5065 mam-um
267 5014 338 5045 sio
388 5030 553 5085 quam
594 5015 710 5085 agi,
754 5012 948 5085 gloria,
1003 5011 1081 5066 Tu
1120 5013 1259 5067 enim
1291 5010 1605 5066 coadunasti
1712 5021 1958 5075 direxisti
1988 5021 2190 5093 virgam
2224 5038 2443 5077 curvam
2470 5032 2520 5077 et
2542 5037 2749 5093 sperant
2782 5029 2832 5075 et
2876 5027 3154 5074 cantaram
3193 5033 3295 5074 au-

48 5102 267 5164 quosdam
293 5103 654 5171 latrunculos,
683 5113 732 5158 ct
776 5105 852 5157 vis
889 5104 1168 5174 confligere
1207 5118 1327 5156 cum
1357 5101 1560 5155 multits

1785 5130 1875 5181 tm,
1901 5131 1994 5185 per
2026 5116 2227 5188 virgam
2270 5132 2483 5171 curvam
2521 5114 2766 5187 intellego
2821 5114 2948 5186 quia
3007 5122 3297 5171 curvantur

49 5190 146 5246 dine
171 5195 481 5252 Persarum.
517 5197 658 5265 Quin
704 5200 864 5252 immo
903 5200 1080 5270 cogita
1112 5198 1160 5252 si
1193 5198 1388 5268 poteris
1424 5213 1561 5250 numt

1785 5215 1832 5259 te
1863 5221 1942 5259 me
1975 5223 2117 5278 reges
2160 5208 2554 5278 potentissimi,
2601 5224 2695 5279 per
2737 5223 2945 5278 sperant
2981 5206 3296 5272 rotundam,

50 5298 145 5337 rare
164 5290 342 5344 stellas
369 5290 523 5356 caeli;
545 5302 594 5346 et
617 5293 664 5346 si
698 5292 932 5363 potueris
955 5289 1256 5345 coadunare
1276 5288 1509 5343 homines
1536 5295 1562 5341 ιι

1785 5298 1837 5352 ia
1863 5299 2044 5353 tenebo
2072 5300 2453 5355 rotunditatem
2483 5301 2644 5354 totius
2671 5299 2876 5367 mundi,
2899 5315 2992 5369 per
3016 5305 3297 5352 cantaram

50 5375 134 5430 tius
162 5382 374 5449 mundi,
406 5399 502 5437 nec
528 5385 605 5438 sic
648 5384 939 5453 prevalebis
990 5383 1233 5438 resistere
1273 5379 1610 5435 multitudini
1714 5404 1931 5442 auream
1975 5406 2056 5444 me
2091 5390 2338 5463 intellego
2372 5392 2712 5447 victoriosum
2739 5408 2849 5449 esse
2879 5399 2929 5445 et
2975 5403 3187 5446 censum
3229 5386 3295 5442 ab

1333 5468 1566 5525 VARIIE
1624 5472 2025 5534 LECTIONES.

104 5559 161 5593 ¹”
184 5565 481 5622 habuimus
530 5577 583 5623 et
617 5583 830 5639 egimus
861 5568 912 5623 5.
990 5567 1063 5600 ’θ’
1106 5562 1363 5623 daemonii
1411 5560 1444 5633 l|
1499 5577 1582 5617 ea.
1620 5568 1668 5622 ί.
1749 5572 1815 5603 ²⁰³
1845 5573 2052 5646 equites
2075 5574 2139 5632 (ἓ.

1164 5670 1168 5673 ⁷
1526 5667 1753 5727 NOTAE.

108 5748 238 5826 (210)
280 5753 377 5811 llic
405 5754 563 5826 plura
589 5744 953 5815 omissa'sunt
982 5759 1049 5814 ab
1076 5756 1415 5814 Eltkeliardo.
