3828 6308
470 342 569 398 57!
662 330 667 337 Ὺ

1630 340 2028 397 EKKEHARDI
2061 340 2527 404 URAUGIENSIS
3640 350 3729 406 57?.

469 455 711 510 omnibus
740 456 985 523 recipere,
1017 454 1154 508 sicut
1179 470 1211 507 a
1243 462 1311 521 te,
1345 453 1433 515 qui
1467 469 1690 524 magnus
1711 471 1786 522 es,
1813 470 1935 525 ego,
1964 454 2053 524 qui
2083 457 2131 516 Α
2158 455 2398 527 epistolae
2417 499 2432 523 ,
2464 472 2582 529 qua:
2607 455 2765 509 michi
2799 428 3115 523 adveniunt,
3145 457 3430 529 impellunt
3464 474 3548 512 me
3579 459 3733 514 volen-

466 564 660 619 parv'ts
686 563 826 607 sunt.
844 558 1122 600 cantaram
1151 564 1367 601 auream
1395 548 1590 615 accepi.

539 639 680 695 Htee'
692 640 939 694 scribens
965 637 1287 704 Alexander,
1318 640 1536 695 vocavit
1563 638 1978 710 apocrisiarios,
2003 646 2059 694 et

467 736 693 792 donavit
715 737 818 792 illis
841 745 1119 792 cantaram
1159 751 1384 792 auream
1412 744 1468 792 et
1500 737 1809 807 epistolam.
1845 737 2058 805 Quibus

468 830 800 886 abeuntibus
824 829 1133 899 preparavit
1155 847 1213 884 se
1242 830 1358 899 ipse
1386 838 1446 884 ut
1468 829 1572 884 iter
1598 828 1820 885 faceret.

536 923 773 994 Recepta
818 923 1003 993 itaque
1033 923 1232 978 Darius
1263 923 1493 994 epistola
1523 932 1578 977 et
1617 924 1849 991 relecta,
1886 923 2058 980 iratus

467 1025 571 1083 est,
602 1016 929 1087 scripsitque
950 1016 1183 1087 satrapis
1213 1016 1329 1072 suis
1349 1015 1634 1085 epistolam
1674 1016 1834 1071 talem
1865 1035 1877 1070 :

532 1110 645 1164 Rea;
702 1109 992 1164 Persarum
1040 1109 1238 1163 Darius
1281 1108 1513 1178 satrapis
1552 1109 1683 1163 suis.
1739 1108 2055 1163 Audiuimus

466 1203 642 1273 itaque
676 1202 814 1273 quod
837 1202 982 1272 [ilius
1012 1200 1286 1271 Phylippi,
1318 1200 1620 1255 Alexander
1670 1200 1913 1267 Macedo,
1952 1201 2058 1255 ele-

466 1305 620 1350 vatus
644 1296 799 1349 estin
838 1293 1106 1361 stulticia,
1132 1303 1182 1348 et
1207 1294 1427 1348 intravit
1452 1294 1504 1346 in
1527 1303 1723 1348 terram
1748 1293 1911 1360 Asiw,
1939 1292 2056 1363 qa‘te

466 1403 587 1441 mea
610 1394 718 1453 est,
752 1387 801 1440 ei
825 1385 1143 1456 depredatus
1172 1393 1248 1438 est
1284 1400 1421 1438 eam.
1459 1383 1791 1453 Quapmpter
1825 1385 2056 1453 precipio

468 1479 611 1533 vobis
660 1487 717 1531 ut
756 1476 1165 1549 apprehendatis
1215 1492 1332 1531 eum
1363 1487 1410 1531 et
1446 1478 1656 1530 ducatis
1687 1478 1757 1530 ad
1793 1495 1894 1544 me,
1919 1480 2056 1533 sicut

462 1581 580 1627 tam
613 1588 829 1641 magnos
862 1579 914 1625 et
939 1571 1100 1641 fortes
1128 1579 1176 1624 et
1199 1570 1468 1640 adjutores
1498 1571 1706 1639 imperii
1738 1571 1841 1624 mei
1876 1571 2056 1637 decet;

2164 557 2266 602 tem
2294 546 2552 602 nolentem
2576 547 2646 601 ad
2684 547 2795 602 htec
2828 564 2945 618 quae
2962 548 3104 619 facio
3129 557 3178 603 et
3198 566 3316 619 quae
3335 550 3483 603 dico.
3515 547 3638 603 Noli
3656 568 3730 604 co-

2162 638 2334 707 gitare
2387 638 2525 708 quod
2557 654 2650 707 pre
2695 653 2886 708 pavore
2906 656 3056 694 vante
3079 648 3184 694 tute
3204 639 3395 711 gloria:
3424 640 3660 695 recedam
3681 643 3734 696 de

2162 726 2277 781 loco
2306 727 2437 791 isto,
2472 743 2568 796 pro
2599 736 2740 781 certo
2788 729 2929 782 scias
2973 730 3102 800 quia
3142 729 3276 783 vado
3312 730 3497 785 videre
3535 740 3732 784 matrem

2165 833 2362 884 meam,
2390 832 2508 888 qua:
2542 818 2791 888 obpressa
2824 828 2904 873 est
2939 819 3121 873 valida
3156 820 3517 890 inﬁrmitate;
3558 821 3643 874 sed
3669 831 3733 874 tc-

2163 927 2281 965 men
2318 925 2420 964 non
2447 919 2563 980 post
2599 910 2827 964 multum
2852 920 3056 983 tempus
3083 911 3382 966 renovando
3408 928 3496 965 me
3527 911 3731 965 redeant.

2160 998 2245 1053 Ad
2266 1001 2428 1054 vicem
2455 1016 2572 1054 vero
2601 1001 2849 1055 sementis
2870 1002 3170 1072 papaveris,
3200 1001 3342 1073 quod
3370 1000 3545 1055 michi
3567 1002 3735 1053 misisti

2161 1108 2256 1161 pro
2280 1092 2687 1147 inmensurabili
2710 1108 2927 1148 numero
2950 1092 3303 1159 militiwtuaa,
3331 1093 3519 1163 dirigo
3549 1092 3642 1145 tibi
3662 1092 3739 1144 hoc

2160 1184 2336 1254 piper,
2372 1192 2429 1237 ut
2457 1199 2745 1255 agnoscas,
2786 1184 2913 1255 quia
2950 1183 3347 1237 multitudinem
3380 1182 3637 1236 sementis
3662 1199 3740 1251 pe—

2160 1275 2367 1344 paveris
2390 1275 2553 1329 vincit
2580 1274 2844 1344 fortitudo
2873 1274 3030 1344 hujus
3056 1274 3364 1345 parvissimi
3390 1274 3622 1344 piperis.

2232 1363 2384 1420 Hanc
2414 1363 2702 1435 epistolam
2738 1364 2888 1420 dedit
2910 1363 3223 1419 Alexander
3248 1361 3637 1434 apocrisiariis
3664 1361 3744 1416 Da-

2162 1456 2371 1512 riicum
2397 1471 2570 1527 parvo
2592 1457 2798 1527 pipere,
2825 1456 3042 1528 illisque
3067 1455 3421 1523 abeuntibus,
3452 1455 3630 1526 erepit
3649 1454 3743 1525 ipse

2162 1550 2341 1605 redire
2362 1550 2429 1605 ad
2456 1559 2684 1605 matrem
2709 1565 2889 1605 suam.

467 1672 527 1716 ut
547 1640 827 1732 pueriliter
848 1662 1112 1733 ﬂagellem
1134 1661 1319 1728 illum,
1344 1672 1392 1717 et
1429 1663 1673 1716 indutum
1708 1680 1942 1733 purpura
1968 1665 2053 1718 di—

2231 1643 2655 1699 Potentissimus
2684 1652 2867 1699 autem
2895 1643 2982 1698 vir
3007 1642 3233 1715 quidam
3260 1640 3534 1713 princeps
3559 1640 3745 1696 militia

468 1755 642 1823 rigant
678 1752 833 1806 illum
877 1752 1171 1824 Olintpiadi
1214 1754 1376 1808 matri
1411 1771 1522 1808 sua:
1558 1756 1613 1808 in
1647 1753 2052 1824 Macedoniam,

2160 1733 2309 1789 Darii
2340 1735 2487 1805 regis
2516 1733 2743 1790 sedebat
2783 1734 2875 1790 illo
2923 1744 3167 1805 tempore
3210 1748 3338 1789 eum
3372 1733 3569 1788 valida
3604 1748 3745 1788 manu

468 1845 596 1914 quia
650 1860 754 1898 non
795 1845 938 1899 decet
962 1863 1078 1899 eum
1119 1863 1371 1917 pugnare,
1424 1847 1515 1901 sed
1558 1849 1613 1901 in
1646 1850 1917 1918 provincia
1955 1866 2055 1904 sua
2089 1814 2130 1868 Β
2158 1840 2325 1896 super
2350 1825 2630 1893 Arabiam,
2664 1826 2757 1895 qui
2793 1839 3031 1918 movens,
3067 1840 3128 1880 se
3174 1840 3301 1880 cum
3328 1824 3497 1918 omni
3526 1825 3742 1918 θιθνςῖιει

468 1945 614 1991 stare
636 1946 686 1990 et
711 1938 861 2007 pueri
896 1954 1037 1992 more
1067 1937 1266 1993 ludere.

540 2028 858 2101 Relegentes
893 2029 1077 2101 itaque
1120 2039 1353 2104 satrapa:
1394 2031 1682 2104 epistolam
1708 2076 1723 2101 ,
1760 2035 2055 2106 rescripse-

469 2133 600 2180 runt
620 2125 671 2180 ei
699 2125 781 2182 sic
809 2144 823 2180 :
2043 2120 2049 2125 ’

535 2219 664 2291 Regi
721 2219 1013 2275 Persarum
1060 2220 1227 2274 Dario
1262 2236 1355 2292 ego
1405 2218 1633 2283 Primus
1655 2230 1704 2276 et
1742 2222 2054 2278 Antilocltus

467 2322 707 2383 satrapes
743 2313 1018 2383 gaudium.
1066 2310 1217 2368 Sciat
1266 2314 1634 2384 magnitudine
1680 2324 1881 2383 vestra,
1931 2316 2055 2387 quia

466 2422 588 2460 cum
633 2406 747 2475 ipso
782 2404 1120 2471 Alexandro,
1149 2422 1300 2476 quem
1341 2422 1562 2476 puerum
1599 2407 1812 2474 dicitis,
1843 2425 2057 2479 congre—

466 2507 593 2568 gata
633 2497 976 2551 multitudine
1012 2497 1390 2568 pugnavimus,
1421 2505 1471 2551 et
1506 2505 1650 2569 terga
1681 2500 1930 2553 vertimus
1976 2500 2053 2566 ei,

463 2599 515 2643 et
538 2590 625 2644 via:
660 2589 723 2644 de
753 2605 913 2642 manu
942 2587 1091 2643 illius
1121 2591 1405 2644 evasimus.
1438 2588 1579 2655 Quia
1618 2607 1733 2645 vero
1762 2606 1854 2645 nos
1877 2591 2058 2645 dicitis

464 2681 675 2752 imperii
718 2682 1020 2752 adjutores,
1057 2698 1259 2737 necesse
1286 2691 1363 2737 est
1402 2690 1460 2736 ut
1497 2692 1725 2738 vestram
1777 2701 2057 2755 queramus

465 2772 692 2828 salutem
712 2815 728 2840 ,
751 2773 972 2845 ideoque
999 2774 1238 2829 volumus
1265 2775 1410 2829 vobis
1448 2784 1628 2829 notum
1654 2791 1764 2829 esse
1781 2817 1795 2841 ,
1822 2776 1947 2846 quia
1973 2776 2058 2830 ltic

374 2884 379 2889 ·
467 2867 711 2936 funditus
743 2867 1028 2938 dissipabit
1051 2866 1287 2938 Syriam.

538 2957 678 3011 Cum
712 2967 893 3014 autem
922 2959 1143 3030 legisset
1168 2958 1368 3015 Darius
1394 2960 1538 3015 hanc
1558 2958 1846 3031 epistolam
1871 3002 1887 3029 ,
1912 2961 2062 3017 venit

468 3057 522 3103 et
538 3048 678 3104 alter
695 3050 950 3118 nuncius,
966 3051 1111 3121 quod
1127 3050 1434 3107 Alexander
1445 3052 1771 3123 applicasset
1782 3069 1944 3124 super
1960 3052 2062 3109 llu-

467 3142 640 3210 vium,
655 3144 962 3213 quidicitur
976 3144 1188 3216 Straga.
1206 3143 1405 3200 Iterum
1423 3147 1705 3216 scripsitei
1729 3147 2013 3218 epistolam
2042 3164 2055 3201 :
2089 3161 2131 3221 ε

545 3232 748 3287 Darius
798 3250 890 3287 rea:
930 3233 1222 3288 Persarum
1261 3236 1435 3307 dirigo
1479 3237 1577 3290 hoc
1628 3236 1952 3293 Alexandro.
1996 3237 2061 3291 In

473 3324 719 3379 universo
739 3324 934 3379 mundo
954 3324 1237 3380 laudatum
1262 3337 1340 3382 est
1361 3345 1548 3383 nomen
1584 3327 1772 3397 Darii,
1807 3331 1933 3400 quin
1956 3331 2060 3384 im-

476 3433 561 3472 mo
596 3417 759 3471 etiam
787 3416 865 3471 dii
889 3417 1113 3473 laudant
1146 3436 1332 3475 nomen
1352 3420 1499 3491 ejus;
1520 3431 1570 3476 et
1592 3422 1855 3493 quomodo
1885 3432 1940 3477 tu
1964 3440 2062 3476 au-

474 3525 566 3563 sus
605 3523 658 3562 es
702 3509 931 3563 transire
974 3509 1199 3578 flumina
1238 3520 1289 3565 et
1310 3529 1454 3587 mare
1481 3530 1544 3567 ac
1575 3523 1773 3568 montes
1814 3523 1863 3568 et
1891 3515 2062 3569 venire

476 3610 661 3653 contra
697 3600 817 3654 me?
848 3598 964 3654 Hoc
998 3600 1176 3670 fuerat
1201 3602 1297 3657 tibi
1319 3620 1567 3675 magnum
1604 3622 1820 3672 nomen,
1861 3615 1919 3660 ut
1948 3607 2062 3661 sine

477 3705 557 3744 me
588 3692 843 3746 tenuisses
875 3693 1159 3762 imperium
1201 3693 1563 3764 Macedoniae,
1601 3697 1691 3751 sed
1734 3699 2060 3767 confortatus

473 3797 527 3835 es
550 3789 599 3835 et
623 3784 950 3853 congregasti
974 3785 1143 3838 socios
1169 3793 1306 3851 tuos,
1332 3795 1381 3840 et
1405 3788 1551 3841 vadis
1574 3789 1857 3860 pugnando
1879 3799 1927 3844 et
1949 3790 2063 3845 dis-

476 3874 702 3944 sipando
737 3876 974 3930 civitates
1008 3894 1170 3933 meas.
1201 3878 1393 3933 Melius
1425 3880 1520 3934 tibi
1542 3882 1704 3951 fuerit
1722 3883 1971 3953 paenitere
1999 3884 2062 3938 de

475 3967 633 4021 malis
688 3968 793 4022 tuis
817 4010 833 4036 ,
870 3979 1149 4040 antequam
1192 3972 1458 4045 acciperes
1504 3990 1536 4026 a
1566 3990 1645 4028 me
1679 3974 1937 4044 injuriam
1962 4018 1977 4044 ,
2010 3986 2061 4031 et

474 4061 724 4116 absconse
748 4061 950 4132 faceres
988 4063 1251 4135 refugium
1280 4064 1350 4118 ad
1378 4081 1459 4119 me
1477 4107 1490 4132 ,
1517 4067 1607 4137 qui
1632 4083 1749 4121 sum
1778 4066 2024 4122 dontinus
2042 4111 2059 4137 ,

472 4161 670 4207 utnon
719 4171 1060 4225 congregares
1106 4156 1272 4211 multa
1319 4157 1463 4212 mala
1517 4176 1675 4230 super
1716 4170 1785 4215 te.
1837 4160 2060 4217 Deberes

470 4247 609 4300 enim
631 4264 727 4317 pro
750 4247 1104 4319 ltocsgloriari
1121 4291 1136 4316 ,
1160 4250 1287 4320 quia
1320 4250 1602 4321 epistolam
1632 4252 1696 4307 de
1728 4270 1808 4308 me
1836 4254 2061 4325 recipere

469 4341 658 4412 dignus
698 4342 868 4410 fuisti.
914 4341 982 4397 Ut
1018 4351 1197 4397 autem
1235 4360 1521 4414 cognoscas
1564 4346 1740 4416 qualis
1772 4356 1823 4400 et
1860 4357 2061 4418 quanta

467 4445 546 4490 est
579 4437 774 4493 militia
803 4455 940 4504 mea,
980 4438 1225 4510 signiﬁco
1251 4440 1348 4492 tibi
1376 4456 1467 4509 per
1494 4439 1630 4493 hanc
1651 4449 1933 4495 sementem
1958 4459 2059 4512 pa-

468 4531 676 4599 paveris
720 4547 881 4602 quant
915 4507 1087 4585 dircasi
1110 4507 1226 4586 tibi.
1269 4530 1330 4600 (f.
1368 4507 1519 4602 200.)
1550 4531 1611 4587 Si
1634 4550 1755 4604 ergo
1787 4533 1921 4587 hanc
1957 4507 2057 4588 nu-
2094 4507 2136 4561 D

470 4636 673 4674 merare
695 4621 955 4690 potueris,
982 4638 1073 4691 pre
1104 4630 1241 4676 certo
1268 4623 1634 4682 numerabitur
1645 4625 1869 4695 populus
1886 4642 2051 4680 meus.

472 4709 626 4778 Quod
648 4713 696 4766 si
714 4712 886 4783 facere
904 4698 1021 4767 'nan
1042 4713 1262 4783 poteris,
1288 4724 1539 4768 revertere
1559 4716 1629 4769 ad
1666 4726 1862 4771 terram
1886 4726 2055 4786 tuam,

469 4812 519 4856 et
550 4804 788 4874 amplius
813 4820 918 4858 non
948 4805 1200 4859 ascendat
1220 4806 1277 4859 in
1308 4822 1398 4860 cor
1433 4814 1581 4860 tuum
1606 4807 1737 4862 talia
1763 4809 1955 4879 facere.

540 4895 677 4950 Cum
704 4904 885 4951 autem
923 4898 1201 4953 venissent
1225 4898 1567 4973 apocrisiarii
1594 4901 1664 4955 ad
1688 4901 2056 4959 Alexandrum

470 4997 753 5058 pmtantes
792 4989 1081 5059 epistolam
1121 5002 1174 5046 et
1221 5000 1520 5047 sementem
1560 4995 1881 5063 papaveris,
1930 4996 2063 5068 legit

469 5078 784 5147 epistolam,
815 5082 1152 5153 tendensque
1180 5099 1403 5137 manum
1432 5084 1555 5140 tulit
1584 5085 1650 5140 de
1680 5096 1924 5144 semente
1960 5105 2059 5160 pa-

470 5170 687 5240 paveris
715 5179 768 5225 ct
820 5173 970 5228 misit
999 5174 1054 5228 in
1101 5190 1163 5230 os
1206 5191 1401 5245 suum,
1458 5178 1833 5251 mandensque
1879 5180 2058 5238 dixit:

2157 1919 2283 1974 inde
2308 1961 2323 1985 ,
2372 1918 2522 1973 stetit
2571 1925 2762 1974 contra
2796 1917 3184 1983 Alexandrum,
3238 1925 3292 1972 et
3346 1916 3529 1986 coepit
3575 1916 3746 1971 acriter

2156 2026 2399 2083 pugnare
2428 2026 2553 2065 cum
2601 2025 2689 2066 eo.
2744 2008 2913 2065 Valde
2957 2025 3119 2064 ntane
3152 2009 3484 2064 inchoatum
3514 2017 3602 2063 est
3628 2024 3743 2079 pra-

2156 2103 2314 2169 lium,
2345 2111 2398 2157 et
2428 2111 2729 2174 pugnatum
2774 2112 2859 2157 est
2908 2116 3082 2172 usque
3111 2101 3178 2155 ad
3208 2101 3347 2156 solis
3390 2115 3681 2165 occasum,
3707 2111 3748 2154 et

2157 2209 2333 2264 neque
2362 2194 2417 2248 bi
2447 2208 2624 2264 neque
2651 2191 2727 2247 illi
2779 2192 2972 2248 molles
3001 2191 3203 2246 inventi
3237 2198 3386 2258 sunt,
3417 2207 3562 2246 cum
3592 2200 3746 2245 tanien

2159 2287 2432 2357 utrimque
2462 2285 2619 2340 multi
2647 2284 3011 2352 cecidissent;
3064 2283 3157 2338 sed
3205 2282 3424 2337 leniter
3466 2292 3745 2352 pugnatum

2157 2387 2241 2434 est
2269 2393 2366 2449 per
2397 2387 2507 2433 tres
2533 2377 2827 2432 continuos
2860 2375 2998 2431 dies.
3044 2373 3180 2430 Post
3226 2373 3346 2429 inec
3370 2372 3588 2429 defecit
3621 2373 3744 2444 prin-

2159 2483 2287 2539 ceps
2308 2468 2518 2523 militia:
2545 2466 2715 2534 Darii,
2743 2473 2798 2522 et
2815 2465 3052 2522 cum’ltis
3076 2464 3171 2536 qui
3196 2463 3603 2534 superfuerant
3624 2473 3743 2517 tanta

2158 2558 2449 2613 velocitate
2477 2556 2615 2631 fugit
2648 2557 2702 2611 in
2733 2556 3038 2624 Persidam,
3064 2556 3216 2626 quod
3261 2564 3392 2609 ante
3426 2553 3660 2610 Darium
3684 2555 3749 2608 in-

2161 2651 2310 2705 venit
2337 2650 2747 2720 apocrisiarios,
2778 2648 2874 2719 qui
2921 2646 3221 2720 epystolam
3271 2645 3588 2701 Alexandri
3613 2655 3663 2700 et
3686 2646 3751 2714 pi-

2160 2758 2257 2813 per
2284 2749 2660 2812 portaverunt,
2708 2750 2926 2797 tenente
2956 2739 3122 2795 Dario
3172 2738 3499 2808 epistolam.
3554 2738 3748 2793 Seruu-

2160 2832 2321 2887 batnr
2347 2840 2528 2886 autem
2576 2829 2773 2885 Darius
2802 2845 2834 2884 a
2864 2829 3078 2900 legatis,
3108 2825 3239 2897 quid
3294 2824 3518 2882 faceret
3543 2826 3747 2880 Alexan-

2162 2923 2259 2978 der
2292 2924 2359 2978 de
2396 2932 2638 2978 semente
2677 2922 2986 2992 papaveris.
3021 2921 3089 2973 At
3119 2919 3197 2973 illi
3221 2918 3499 2974 dixerunt
3533 2938 3547 2973 :
3581 2918 3752 2988 Appa-

2162 3014 2342 3069 hendit
2386 3023 2437 3069 et
2483 3014 2808 3081 momordit,
2861 3020 2911 3068 et
2955 3011 3290 3083 despicienda
3315 3011 3467 3065 dixit
3504 3027 3527 3065 :
3570 3031 3591 3063 ι
3621 3010 3752 3064 Multi

2163 3114 2283 3161 sunt
2311 3106 2402 3160 sed
2428 3104 2631 3161 molles.
2669 3125 2688 3157 ι
2714 3106 2952 3175 Accepto
2980 3104 3164 3174 itaque
3191 3101 3390 3158 Darius
3424 3103 3643 3174 pipere,
3672 3101 3753 3155 mi-

2165 3201 2237 3257 sit
2267 3201 2322 3255 in
2354 3215 2418 3255 os
2455 3215 2640 3265 suum,
2674 3198 3051 3268 mandensque
3099 3196 3239 3251 dixit
3290 3211 3423 3251 cum
3478 3195 3749 3252 lacrimis:

2162 3292 2336 3347 Pauci
2361 3299 2482 3346 sunt
2519 3292 2609 3346 sed
2640 3292 2900 3345 duriores.
2956 3288 3160 3344 Vidcus
3207 3288 3314 3343 hoc
3360 3288 3639 3359 princeps
3682 3287 3757 3340 ille

2163 3386 2257 3457 qui
2283 3387 2349 3441 de
2368 3386 2557 3456 prndio
2584 3384 2751 3452 venit,
2779 3384 2946 3439 dixit:
2967 3382 3168 3449 Etiam,
3200 3366 3543 3449 dominator,
3582 3397 3753 3451 pasces

2162 3489 2479 3551 pugnatvres
2502 3478 2655 3532 habet
2673 3476 2994 3544 Alexander,
3013 3479 3102 3530 sed
3120 3475 3291 3545 ‘fortes
3312 3484 3463 3540 sunt,
3477 3473 3756 3540 multosque

2163 3574 2358 3627 milites
2387 3588 2525 3626 meos
2552 3571 2876 3625 occiderunt.
2902 3568 3209 3624 Alexander
3232 3578 3419 3623 autem
3438 3609 3455 3633 ,
3509 3583 3627 3622 non
3657 3567 3753 3621 ela-

2163 3674 2251 3721 tus
2272 3681 2372 3737 pro
2396 3664 2647 3730 victoria,
2664 3663 2831 3736 jussit
2850 3662 3067 3733 sepeliri
3089 3661 3185 3733 qui
3207 3661 3274 3718 de
3290 3660 3410 3719 suis
3433 3660 3753 3717 ceciderant.

2234 3780 2367 3836 Post
2410 3780 2516 3835 luet
2570 3778 2832 3850 applicuit
2880 3778 2936 3833 in
2979 3776 3242 3832 Achaiam
3272 3817 3291 3843 ,
3330 3775 3430 3830 ubi
3465 3776 3755 3847 subjugatz

2163 3882 2291 3928 sunt
2319 3872 2369 3927 ei
2396 3872 2644 3926 civitates
2696 3871 2915 3936 multae,
2944 3869 3239 3940 junxitque
3287 3868 3505 3923 militia:
3540 3884 3656 3923 suae
3677 3868 3755 3921 de-

2163 3980 2281 4021 cem
2307 3974 2361 4019 ct
2388 3972 2612 4034 septena
2641 3962 2812 4018 milia.
2844 3959 2973 4017 lude
2998 3960 3246 4016 ascendit
3272 3960 3332 4015 in
3354 3968 3611 4016 montem
3637 3958 3753 4013 Tan-

2161 4074 2309 4126 rum,
2340 4065 2393 4112 et
2423 4056 2571 4112 venit
2600 4056 2656 4110 in
2701 4055 2978 4110 civitatem
3026 4052 3390 4130 Persepolim,
3424 4054 3482 4107 in
3510 4069 3622 4124 qua
3648 4063 3755 4107 sunt

2163 4165 2359 4206 novem
2386 4164 2578 4215 musae,
2610 4147 2807 4203 deinde
2835 4146 2984 4201 venit
3033 4145 3089 4200 in
3118 4144 3386 4216 Frigiam,
3418 4145 3481 4200 in
3508 4145 3753 4215 templum

2163 4243 2309 4314 quod
2340 4242 2541 4298 dicitur
2595 4239 2739 4296 Solis
2767 4281 2783 4307 ,
2833 4238 2888 4293 in
2918 4254 3029 4310 quo
3050 4239 3119 4269 ²⁰²
3164 4247 3220 4293 et
3249 4237 3597 4293 oblationem
3624 4236 3753 4291 fecit.

2164 4334 2293 4392 Inde
2321 4335 2470 4391 venit
2501 4334 2570 4389 ad
2603 4332 2830 4389 ﬂuvium
2862 4330 3283 4400 Scamandrum,
3313 4330 3413 4401 qui
3442 4339 3527 4385 est
3562 4330 3617 4383 in
3645 4328 3752 4382 lati-

2165 4427 2351 4483 tudine
2373 4426 2682 4482 cubitorum
2704 4424 2966 4495 quinque.
2992 4421 3141 4476 Dixit
3164 4430 3353 4476 autem
3381 4421 3476 4477 bis
3496 4420 3595 4491 qui
3617 4429 3757 4475 erant

2164 4520 2238 4575 ibi
2275 4539 2287 4575 :
2330 4519 2484 4573 Beati
2520 4519 2647 4572 estis
2679 4517 2768 4587 qui
2810 4514 3013 4569 habetis
3034 4513 3221 4568 laudes
3252 4513 3494 4567 doctoris
3522 4510 3752 4565 Homeri.

2165 4611 2231 4667 Et
2258 4611 2406 4667 stetit
2432 4618 2558 4665 ante
2586 4624 2713 4664 eum
2742 4607 2910 4662 homo
2962 4605 3052 4661 cui
3103 4620 3309 4660 nomen
3337 4602 3687 4679 Clﬁomidis,
3709 4608 3755 4655 et

2165 4703 2303 4760 dixit
2336 4722 2348 4758 :
2377 4701 2678 4756 Alexander
2706 4715 2817 4767 rex,
2849 4697 3075 4768 majores
3105 4695 3293 4751 laudes
3347 4712 3565 4767 possunt
3598 4695 3755 4764 facere

2166 4796 2263 4850 tibi
2287 4795 2350 4850 de
2379 4796 2482 4848 tuis
2514 4792 2810 4847 actionibus
2848 4806 3009 4863 quam
3051 4789 3263 4861 fecisset
3311 4786 3604 4854 Homerus,
3642 4785 3754 4856 quis

2164 4889 2284 4959 plus
2309 4890 2472 4943 miras
2495 4888 2713 4942 virtutes
2736 4886 2912 4956 fecisti
2941 4900 3099 4955 quam
3128 4883 3183 4936 lti
3204 4882 3296 4954 qui
3325 4882 3542 4953 fuerunt
3571 4879 3751 4948 Trajan

2163 4981 2469 5037 Alexander
2495 4980 2632 5035 dixit
2676 4998 2688 5034 :
2730 4976 2905 5048 Magis
2939 4975 3123 5031 vellem
3151 4991 3264 5029 esse
3301 4973 3601 5044 discipulus
3653 4968 3750 5025 lio-

2164 5076 2297 5130 meri
2326 5090 2486 5144 quam
2512 5072 2698 5126 habere
2727 5069 2940 5124 laudem
2958 5066 3207 5122 Achillis.
3231 5066 3368 5123 Post
3394 5068 3506 5121 haec
3538 5065 3751 5120 veniens

2162 5166 2222 5222 in
2269 5165 2639 5222 Macedoniam
2661 5206 2676 5233 ,
2714 5163 2922 5218 invenit
2969 5168 3205 5216 matrem
3238 5176 3402 5216 suam
3438 5160 3671 5215 levatam
3695 5156 3751 5208 de

483 5262 643 5318 Video
675 5305 689 5330 ,
750 5265 876 5335 quia
933 5266 1114 5336 populi
1156 5266 1303 5321 illius
1356 5269 1513 5324 multi
1560 5280 1719 5339 sunt,
1771 5273 1862 5327 sed
1922 5274 2061 5328 sicut
2121 5259 2481 5338 Linﬁrmila'te
2514 5272 2635 5326 sua,
2666 5264 2723 5313 εἴ
2752 5256 2968 5310 limatus
2996 5261 3082 5309 εει
3107 5268 3236 5307 cum
3270 5268 3358 5308 93-

470 5357 567 5411 ltoc
603 5372 774 5410 senten
803 5359 1078 5426 papaveris
1104 5358 1285 5415 molles
1312 5372 1453 5417 sunt.
1495 5362 1939 5436 Snpervenerunt
1959 5384 2063 5423 au--

469 5457 582 5503 tem
611 5448 662 5503 ci
700 5447 926 5515 nuncii,
960 5449 1338 5521 signiﬁcantes
1363 5454 1413 5509 ei
1451 5455 1823 5514 inﬁrmitatem
1863 5460 2060 5517 matris

466 5558 602 5599 sua}.
640 5539 817 5607 Quam
848 5556 974 5595 cum
1005 5543 1280 5614 audisset,
1307 5548 1528 5618 scripsit
1561 5549 1723 5608 Dario
1757 5553 1839 5609 sic
1865 5573 1877 5609 :

534 5634 647 5690 Rea:
698 5630 999 5687 Alexander
1049 5632 1217 5688 Dario
1272 5639 1381 5708 regi
1427 5639 1736 5699 Persarum.
1795 5644 2059 5700 Plurima:

2212 5372 2367 5428 uPost
2396 5372 2513 5428 lucc
2539 5371 2730 5428 exiens
2754 5370 2821 5425 de
2868 5366 3188 5424 Macedonia
3212 5408 3228 5431 ,
3277 5365 3427 5421 venit
3470 5364 3527 5419 in
3577 5361 3751 5417 locum

2163 5464 2258 5537 qui
2289 5464 2490 5520 dicitur
2516 5464 2747 5529 Abdira;
2788 5460 3037 5517 homines
3086 5467 3269 5514 autem
3322 5457 3487 5528 ipsius
3512 5450 3750 5508 civitatis

2161 5558 2477 5613 clauserunt
2518 5562 2726 5626 portas,
2760 5560 2822 5607 ut
2853 5566 2962 5606 non
2994 5550 3373 5622 ingrederetur
3421 5546 3509 5601 ibi.
3578 5542 3748 5597 Iratus

2160 5647 2466 5705 Alexander
2503 5647 2671 5718 jussit
2703 5654 2761 5701 ut
2791 5643 3179 5699 incenderetur
3237 5641 3442 5698 civitas.
3495 5635 3748 5691 Videon-5

1770 5736 2000 5793 VARUE
2044 5739 2174 5797 Ι.Εο
2190 5745 2213 5793 l
2232 5743 2453 5797 IUNILS.

540 5790 609 5821 ’θ’
642 5800 695 5846 et
731 5796 1056 5853 sacriﬁcavit
1090 5807 1140 5853 ct
1174 5814 1206 5853 θ
