3828 6308
101 334 190 392 575
1013 319 1381 378 CHRONICA.
1424 351 1491 361 —-
1523 319 1920 378 CHRONICON
1960 319 2420 379 UNIVERSALE.

3241 319 3346 379 574

99 455 254 504 autem
301 440 476 513 ignem
529 438 626 509 qui
694 446 852 493 erant
903 437 957 492 in
1013 437 1234 494 civitate
1261 479 1277 501 ,
1324 436 1584 493 dixerunt
1634 440 1725 496 :A
1752 438 1907 503 Quod
1936 441 1983 493 si
2015 455 2117 493 non
2139 438 2322 506 vultis,
2345 443 2510 493 estote
2534 436 2781 507 fortiores
2824 435 2973 502 meis,
3019 436 3105 490 sin
3146 444 3344 504 autem,

99 533 307 610 (£201.)
349 530 673 595 Alexander,
716 546 821 584 non
864 528 1164 584 rebellando
1212 528 1309 584 tibi
1358 528 1650 583 clausimus

96 638 268 699 portas.
310 622 397 678 sed
433 621 667 676 timendo
696 620 945 688 Darium,
991 636 1056 675 ne
1104 620 1313 675 audiret
1357 635 1453 674 nos
1481 628 1654 673 tecum

97 724 257 791 fecisse
277 723 515 787 pactam,
552 724 603 769 et
628 712 914 783 dissiparet
938 729 1052 768 nos.
1077 712 1298 783 Apertis
1319 726 1451 783 ergo
1479 710 1654 782 portis

96 810 283 869 transiit
304 849 320 873 ,
366 815 423 863 et
466 806 617 862 venit
662 805 718 861 in
766 803 1032 870 Olintum,
1062 804 1189 860 inde
1218 802 1651 870 Chaldeopolim,

97 903 322 973 venitque
347 898 418 955 ad
447 896 677 955 ﬂuvium
701 897 799 968 qui
850 897 1052 953 dicitur
1079 884 1269 961 Xeuis,
1300 904 1355 950 et
1381 896 1656 965 oppressit

94 1010 175 1049 eos
198 991 363 1047 fames
394 988 598 1057 valida,
628 997 684 1044 et
714 994 1205 1043 murmuraverunt
1241 986 1384 1042 inter
1421 986 1655 1042 se‘mili-

94 1093 197 1149 tes,
242 1082 481 1138 dicentes
537 1098 552 1136 :
597 1078 908 1149 Defecerunt
956 1076 1155 1132 caballi
1205 1078 1393 1132 nostri.
1444 1076 1657 1143 Quibus

93 1174 372 1231 Alexander
398 1173 538 1229 dixit
572 1191 585 1227 :
627 1171 743 1226 Viri
772 1169 1159 1226 commilitones
1186 1170 1310 1235 mei,
1346 1179 1397 1224 et
1435 1170 1482 1224 si
1511 1169 1656 1240 defe-

92 1272 244 1319 cerunt
263 1262 461 1318 caballi
481 1263 662 1329 vestri,
685 1261 1004 1331 desperastis
1034 1276 1120 1315 vos
1150 1261 1214 1315 de
1241 1259 1452 1315 salute?
1502 1258 1654 1326 Quod

91 1359 129 1410 si
156 1372 237 1411 nos
268 1356 576 1421 vixerimus,
604 1353 839 1410 caballos
874 1354 1189 1424 festinanter
1216 1354 1578 1419 inveniemus;
1607 1354 1655 1408 si

91 1465 188 1503 vero
206 1464 290 1502 uos
319 1448 598 1513 morimur,
623 1446 821 1501 caballi
852 1463 953 1500 non
990 1454 1112 1500 sunt
1160 1445 1307 1499 nobis
1348 1446 1652 1501 necessarii.

92 1538 397 1600 chtinemus
444 1548 621 1593 tamen
654 1522 738 1592 ire
785 1538 844 1592 in
871 1537 1047 1593 locum
1091 1536 1272 1605 talem,
1316 1537 1406 1591 ubi
1447 1536 1656 1591 cibaria

91 1632 213 1687 nobis
232 1633 341 1687 sint
366 1640 419 1687 et
443 1630 670 1686 caballis
697 1632 917 1686 nostris.
961 1629 1028 1686 Et
1055 1639 1339 1701 coeperunt
1367 1646 1448 1686 ire
1474 1630 1542 1688 ad
1573 1631 1657 1686 lo-

90 1741 192 1783 cum
214 1725 303 1796 qui
335 1724 516 1781 dictus
561 1732 649 1780 est
682 1722 914 1790 Locrus,
947 1724 1043 1779 ubi
1081 1723 1406 1780 invenerunt
1436 1722 1654 1795 cybaria

1756 529 2115 602 subjugamini
2140 530 2300 586 michi
2351 530 2564 600 fortiori
2615 528 2779 583 vobis.
2829 527 3192 611 Athenienses
3217 545 3348 584 vero

1753 632 2083 695 rogaverunt
2108 623 2473 679 Demostenen
2527 621 2926 693 phylosophum
2953 661 2969 687 ,
3003 629 3064 675 ut
3089 621 3246 676 daret
3267 621 3348 676 eis

1754 706 2070 771 consilium.
2101 716 2207 783 Qui
2233 730 2484 771 annuens
2511 730 2679 770 manu
2727 714 3016 784 imperavit
3045 713 3346 780 silentium,

1753 817 1809 861 et
1836 805 2016 860 dixit:
2057 804 2170 860 Viri
2196 807 2330 860 cives
2380 806 2517 871 mei,
2564 820 2836 859 commune
2884 802 3163 857 consilium
3209 802 3347 856 dabo

1754 896 1918 950 vobis.
1992 893 2052 950 Si
2116 896 2266 949 scitis
2313 912 2399 949 vos
2445 894 2578 949 tales
2622 910 2731 948 esse
2778 902 2837 947 ut
2879 895 3081 947 vincere
3130 893 3347 962 possitis

1754 987 2139 1054 Alexandrum,
2172 997 2400 1059 pugnate
2432 1004 2552 1041 cum
2584 1003 2677 1054 eo,
2724 987 2807 1041 sin
2837 994 3035 1054 autem,
3069 986 3345 1054 ﬂectamus

1756 1096 1850 1135 nos
1876 1080 1972 1134 sub
2001 1088 2258 1150 potestate
2303 1096 2557 1134 manuunt
2580 1078 2718 1149 ejus,
2749 1080 2876 1150 quia
2904 1078 2970 1133 de
3012 1077 3140 1133 caelo
3187 1078 3349 1133 datur

1754 1173 1804 1226 ei
1834 1172 2185 1242 adjutorium.
2220 1171 2287 1227 Et
2314 1186 2438 1228 cum
2468 1171 2641 1227 multa
2669 1171 2986 1241 hujusmodi
3015 1179 3345 1242 perorasset,

1756 1263 2030 1334 acquievit
2073 1263 2122 1319 ei
2169 1262 2406 1334 populus
2455 1261 2655 1328 omnis,
2686 1269 2740 1317 et
2774 1269 3081 1317 statuerunt
3113 1261 3347 1334 dirigere

1757 1356 1835 1411 illi
1861 1354 2194 1412 victorialem
2217 1343 2505 1420 coronam,
2535 1361 2853 1423 pensantem
2880 1353 3049 1409 libras
3072 1353 3346 1425 quinqua-

1756 1448 1926 1519 ginta.
1979 1446 2042 1517 (ἶ.
2075 1446 2229 1517 205.)
2281 1445 2491 1514 Quibus
2534 1446 2624 1501 ille
2671 1445 2790 1501 ait:
2824 1444 2965 1512 Quia
3012 1446 3156 1502 dedit
3203 1446 3347 1501 vobis

1756 1538 2092 1593 Demostenes
2131 1537 2411 1594 consilium
2445 1537 2509 1592 de
2532 1536 2827 1591 salvatione
2872 1543 3042 1591 vestra
3070 1544 3119 1591 et
3145 1536 3347 1599 fecistis

1755 1629 1938 1697 illud,
1988 1630 2181 1685 amodo
2238 1630 2615 1701 confortamini
2662 1638 2711 1684 et
2757 1637 2921 1683 estote
2955 1627 3112 1696 salvi,
3145 1628 3349 1683 nullam

1758 1721 2191 1776 contrarietatem
2227 1720 2544 1775 sustinentes
2579 1735 2613 1772 a
2647 1735 2746 1773 me.

90 1818 250 1886 multa,
276 1825 335 1873 et
364 1815 698 1873 animalibus
728 1830 954 1887 pascua.
1004 1814 1134 1872 Inde
1178 1815 1458 1871 venientes
1486 1816 1542 1870 in
1568 1814 1653 1869 lo-
1686 1813 1730 1871 Β
1830 1810 1957 1867 [nde
1986 1818 2209 1881 accepta
2236 1811 2447 1879 militia,
2472 1808 2711 1880 perrexit
2737 1806 3212 1865 Laccdemoniam.
3243 1804 3351 1860 La-

89 1926 191 1964 cum
217 1910 310 1981 qui
358 1909 540 1965 dictus
590 1917 679 1966 est
724 1903 1173 1979 Tragachantes,
1208 1908 1535 1964 invenerunt
1579 1906 1655 1963 ibi

87 2002 323 2071 templum
352 2000 656 2071 Apollonis,
685 1999 780 2056 ubi
830 2000 1004 2055 voluit
1049 1999 1360 2056 Alexander
1411 1999 1655 2055 invenire

86 2092 449 2148 divinationem
480 2108 512 2147 a
540 2089 752 2163 virgine
801 2088 1048 2147 Zacbora
1079 2090 1381 2148 sacerdote.
1430 2090 1532 2146 Cui
1562 2092 1655 2148 illa

87 2184 203 2240 dixit
229 2204 241 2239 :
269 2183 397 2239 Non
417 2193 495 2239 est
523 2185 655 2239 hora
681 2184 1049 2238 divinationis.
1094 2181 1346 2239 Secunda
1383 2198 1512 2239 vero
1538 2184 1657 2239 vice

85 2274 399 2349 dixitApollo
414 2294 428 2330 :
446 2273 687 2330 Heracli.
709 2273 1013 2331 Alexander
1022 2260 1180 2330 dixit:
1192 2274 1235 2330 0
1250 2273 1541 2345 Propheta,
1556 2275 1657 2329 mi-

87 2364 154 2421 chi
182 2384 364 2422 nomen
407 2376 490 2449 est
529 2367 816 2425 Heraclius
843 2370 869 2423 ξ)
914 2385 1037 2439 ergo
1060 2368 1219 2438 periit
1247 2368 1508 2422 divinatio
1538 2376 1651 2423 tua.

90 2455 200 2514 lude
217 2459 387 2514 movit
426 2458 729 2515 exercitum
771 2466 827 2514 et
869 2458 1096 2514 veniens
1136 2457 1473 2514 Thebaidam
1520 2458 1660 2514 dixit

87 2547 294 2607 Thebeis
328 2569 342 2604 :
380 2550 518 2606 Date
542 2551 702 2605 michi
747 2551 853 2606 400
892 2553 1032 2606 viros
1065 2560 1302 2607 armatos
1333 2553 1424 2624 qui
1447 2553 1658 2608 veniant

87 2641 134 2695 in
151 2643 468 2713 adjutorium
493 2643 673 2698 michi.
704 2643 786 2699 Illi
809 2653 993 2701 autem
1016 2645 1333 2701 clauserunt
1356 2654 1547 2717 portas
1567 2663 1659 2701 ar-

87 2733 304 2806 matique
327 2735 686 2791 ascendentes
709 2751 930 2792 murum
953 2737 1020 2792 ad
1046 2746 1284 2808 quatuor
1308 2739 1480 2807 milia,
1502 2739 1656 2795 dixe-

88 2832 200 2878 runt
229 2824 280 2880 ei
325 2823 687 2895 :Alexander,
722 2827 771 2880 si
812 2844 915 2881 non
961 2829 1256 2895 recesseris,
1306 2830 1658 2900 pugnabintus

90 2922 255 2969 tecum.
299 2915 605 2973 Alexander
659 2918 950 2976 subridens
995 2920 1132 2976 dixit
1166 2939 1179 2975 :
1211 2919 1521 2977 Fortissimi
1555 2923 1658 2977 mi-

66 3006 193 3062 'lites
222 3018 337 3064 sunt
365 3009 596 3078 'Thebei,
645 3012 949 3067 clauserunt
986 3015 1130 3068 intra
1196 3023 1379 3085 portas
1410 3057 1424 3082 ,
1471 3023 1521 3070 et
1580 3016 1658 3070 sic

86 3099 250 3156 dicunt
278 3117 332 3156 se
351 3119 587 3173 pugnare
632 3119 854 3159 mecum.
900 3104 1087 3161 Omnis
1116 3106 1269 3160 homo
1297 3108 1452 3178 fortis
1482 3108 1657 3164 volens

88 3208 301 3262 pugnare
326 3196 380 3250 in
410 3211 655 3266 campum
687 3197 820 3265 emit,
845 3213 949 3252 non
981 3197 1254 3269 clauditur
1287 3201 1432 3255 intra
1478 3201 1658 3256 urbem

83 3281 207 3334 sicut
242 3282 404 3354 virgo.
441 3283 506 3340 Et
536 3287 777 3357 precepit
821 3286 1087 3359 militibus
1116 3289 1233 3346 suis
1262 3291 1449 3346 urbem
1478 3292 1655 3362 obpu-

85 3388 259 3442 gnare,
287 3383 612 3447 captamque
634 3378 895 3446 incendit,
926 3395 1308 3452 murumquea
1332 3381 1659 3439 fundamen-

85 3464 146 3519 tis
168 3466 320 3521 evelli
347 3469 655 3539 precipiens
686 3471 839 3526 abiit.
897 3471 1103 3528 Thebei
1156 3489 1287 3530 vero
1315 3475 1408 3545 qui
1441 3491 1658 3535 reman-

84 3571 254 3617 serant
283 3564 535 3618 abierunt
590 3563 856 3636 Delplium
911 3567 981 3623 ad
1014 3568 1355 3638 Apollinem,
1392 3586 1658 3641 responsa

79 3661 375 3722 querentes,
399 3654 448 3710 si
473 3654 694 3712 deberet
717 3657 912 3714 civitas
939 3673 1132 3714 eorum
1160 3661 1496 3717 reaediﬁeari.
1524 3662 1659 3730 Qui-

80 3741 173 3799 bus
197 3744 399 3801 dictum
428 3756 513 3803 est
546 3766 558 3802 :
589 3746 693 3803 Ille
724 3750 815 3821 qui
844 3750 981 3805 hanc
1000 3752 1269 3807 civitatem
1294 3753 1658 3824 wdificaturus

76 3842 166 3901 est,
194 3843 296 3888 tres
320 3837 568 3892 victorias
599 3838 830 3907 habebit,
851 3849 968 3911 post
984 3858 1117 3913 quas
1143 3860 1263 3897 eam
1294 3845 1656 3915 rewdiﬁcabit.

144 3926 444 3984 Alexander
474 3938 657 3987 autem
694 3931 975 4002 profectus
999 3942 1084 3990 est
1110 3935 1459 4004 Chorintum,
1496 3953 1659 4009 roga-

78 4027 364 4090 veruntque
392 4036 519 4077 eum
551 4020 860 4079 Chorinthii
911 4034 973 4082 ut
1021 4024 1233 4082 luderet
1283 4043 1409 4082 cum
1463 4028 1545 4085 eis
1604 4031 1664 4084 in

77 4110 343 4179 curribus,
362 4121 418 4167 et
447 4113 514 4169 ad
546 4113 655 4170 boc'
677 4117 1049 4185 spectaculum
1073 4128 1451 4176 convenerunt
1478 4121 1656 4177 multi.

79 4196 301 4258 Secutus
319 4212 405 4258 est
427 4213 614 4259 autem
635 4204 1004 4263 Alexandrum
1032 4211 1117 4264 vir
1147 4208 1401 4266 Thebcus
1428 4225 1663 4284 magnus

78 4301 130 4345 et
150 4294 425 4381 gloriosus
450 4338 466 4364 ,
520 4296 611 4352 cui
658 4313 858 4355 nomen
902 4298 1277 4373 Clytomagus.
1336 4302 1662 4359 Astantibus

76 4395 204 4440 vero
224 4386 288 4441 ad
316 4388 421 4444 hoc
451 4390 830 4459 spectaculum
860 4391 998 4447 dixit
1038 4392 1348 4450 Alexander
1380 4412 1393 4448 :
1424 4393 1556 4460 Quis
1597 4410 1664 4450 ea:

1758 1901 2063 1958 cedemonii
2088 1916 2220 1956 vero
2249 1902 2565 1957 clauserunt
2613 1909 2801 1971 portas
2827 1941 2842 1967 ,
2896 1906 2951 1954 et
2996 1897 3351 1954 ascendentes

1757 2009 1925 2050 naves
1955 1993 2209 2049 exierunt
2235 1993 2286 2048 ei
2321 1993 2537 2048 obviam
2568 1993 2756 2063 prmlio
2802 1990 3004 2047 navali.
3041 1988 3349 2045 Alexander

1757 2099 1890 2142 vero
1919 2085 2138 2141 irruens
2165 2100 2330 2155 super
2357 2101 2452 2142 eos
2505 2085 2598 2156 qui
2630 2085 2687 2139 in
2715 2085 2889 2140 muris
2915 2091 3070 2140 erant
3094 2081 3351 2138 mineru-

1756 2175 1873 2245 bat,
1922 2176 2018 2247 qui
2049 2176 2105 2230 in
2138 2176 2369 2232 navibus
2393 2217 2408 2242 ,
2463 2175 2575 2248 igni
2603 2176 2839 2245 desuper
2868 2174 3060 2242 misso,
3092 2172 3352 2229 incende-~

1757 2269 1869 2325 bat.
1899 2267 2083 2325 Multis
2111 2268 2277 2341 igitur
2305 2269 2680 2339 pereuntibus,
2714 2268 2812 2339 qui
2846 2265 3234 2337 superfuerunt
3259 2281 3352 2321 ve-

1758 2370 1959 2416 nerunt
1982 2361 2051 2416 ad
2080 2362 2245 2432 pedes
2266 2360 2580 2429 Alexandri,
2610 2360 3043 2416 misericordiam
3070 2358 3354 2430 postulan-

1757 2461 1861 2509 tes.
1891 2452 2105 2520 Quibus
2134 2453 2320 2509 statim
2350 2453 2625 2510 concessit
2658 2454 2985 2508 libertatem.
3023 2451 3227 2508 Deinde
3254 2466 3355 2521 per

1759 2543 2007 2600 Ciliciam
2037 2545 2320 2616 ingressus
2347 2555 2431 2601 est
2459 2554 2658 2600 terram
2680 2544 2996 2601 Persarum.
3025 2543 3222 2601 Darius
3249 2544 3354 2599 ita-

1759 2652 1867 2707 que
1896 2652 2237 2707 congregans
2268 2637 2542 2707 principes
2586 2646 2642 2692 et
2680 2638 2954 2707 sapientes
2982 2651 3137 2705 suos,
3168 2634 3352 2692 consi-

1760 2729 1946 2785 silium
1975 2729 2167 2784 habuit
2193 2744 2321 2784 cum
2348 2729 2430 2785 eis
2457 2729 2589 2800 quid
2628 2744 2787 2799 agere
2819 2728 3119 2798 debuisset,
3143 2735 3199 2785 et
3227 2727 3305 2783 ait
3335 2745 3349 2782 :

1764 2821 1833 2877 Ut
1859 2822 2027 2889 video,
2058 2822 2173 2885 iste
2203 2822 2295 2893 qui
2341 2822 2417 2876 sic
2445 2821 2727 2893 pugnando
2761 2822 2925 2889 vadit,
2958 2820 3270 2892 adjungitur
3296 2820 3355 2874 in

1758 2915 1952 2970 virtute
1993 2922 2044 2968 et
2075 2914 2320 2969 victoria.
2374 2912 2488 2985 Ego
2535 2914 2845 2984 reputabant
2889 2912 3043 2968 illum
3088 2908 3228 2968 sicut
3266 2912 3354 2967 la-

1763 3016 1964 3062 tronem
1993 3007 2071 3062 ire
2098 3007 2390 3077 predando.
2436 3005 2529 3061 ille
2572 3015 2751 3061 autem
2793 3007 2932 3060 sicut
2960 3022 3052 3061 rea:
3078 3014 3278 3078 pugnat
3303 3012 3354 3059 et

1760 3099 2032 3165 humiliat,
2062 3108 2112 3153 et
2137 3108 2395 3171 quantum
2423 3116 2516 3154 nos
2569 3098 2807 3154 volumus
2837 3097 3069 3153 exaltari
3096 3115 3252 3169 super
3281 3097 3353 3152 il-

1684 3162 1726 3219 C
1758 3190 1892 3259 lum,
1926 3162 2074 3248 tanta
2103 3162 2331 3264 amplius
2359 3193 2635 3248 exaltatur
2664 3208 2853 3247 nomen
2876 3192 3010 3262 ejus.
3042 3162 3260 3258 Dubito,
3294 3207 3357 3245 ne

1759 3286 1969 3357 adjuvet
1999 3285 2153 3339 illum
2178 3285 2362 3339 divina
2391 3285 2742 3355 providentia,
2773 3284 2947 3339 volens
2975 3283 3056 3339 illi
3080 3282 3358 3338 concedere

1761 3370 1905 3448 regni
1931 3378 2216 3447 dgadema,
2248 3387 2305 3432 ut
2333 3377 2472 3431 sicut
2518 3394 2612 3431 nos
2658 3378 2954 3448 optavimus
3009 3378 3175 3431 eicere
3200 3373 3357 3429 illum

1762 3468 1827 3523 de
1874 3467 2073 3523 Ellada
2101 3511 2116 3534 ,
2168 3470 2247 3524 ita
2281 3485 2377 3523 nos
2421 3470 2579 3523 eiciat
2610 3468 2701 3523 ille
2734 3469 2798 3523 de
2829 3467 3077 3523 Persida.
3130 3467 3278 3523 Unde
3310 3467 3357 3521 si

1762 3560 1953 3630 placet,
1982 3562 2271 3631 cogitemus
2300 3560 2365 3615 de
2393 3560 2567 3616 salute
2602 3570 2805 3628 nostra,
2862 3577 2954 3615 nec
2999 3560 3353 3630 despiciamus

1763 3653 1915 3707 illuni
1944 3652 2290 3724 superbiendo
2318 3669 2413 3724 pro
2440 3654 2536 3708 hoc
2563 3654 2690 3725 quia
2721 3662 2951 3708 tenemus
2981 3669 3194 3723 regnum
3222 3650 3359 3706 Per-

1761 3762 1965 3811 sarum,
2000 3762 2061 3800 ne
2087 3746 2226 3815 forte
2250 3747 2488 3816 parvitas
2530 3746 2681 3801 illius
2728 3754 2929 3801 crescat
2970 3754 3019 3800 et
3050 3744 3360 3817 magnitudo

1763 3846 1945 3893 nostra
1967 3837 2203 3907 deﬁciat.
2237 3836 2363 3893 Haec
2392 3837 2607 3893 dicente
2636 3836 2822 3903 Dario,
2849 3835 3156 3904 Ocsiather,
3190 3833 3358 3891 frater

1767 3929 1910 3999 regis
1937 3927 2106 3994 Darii,
2138 3928 2275 3982 dixit
2306 3948 2319 3983 :
2362 3927 2726 3999 Magniﬁcam"
2772 3928 3135 3982 Alexandrum
3174 3925 3361 3981 dimit-

1765 4020 1918 4091 tenda
1948 4019 2032 4073 illi
2062 4018 2339 4086 Ellaaam,
2369 4029 2419 4074 et
2464 4022 2521 4075 in
2547 4021 2643 4074 hoc
2671 4020 2925 4090 ﬁduciam
2949 4022 2996 4075 ei
3032 4019 3359 4087 concessisti,

1764 4120 1819 4164 ut
1847 4110 1967 4180 plus
1996 4112 2308 4167 exardescat
2340 4112 2545 4183 ingredi
2578 4110 2883 4166 Persidam.
2917 4111 2977 4181 (ς.
3003 4110 3155 4182 204.)
3189 4109 3359 4178 Unde,

1763 4203 1810 4255 si
1841 4202 1939 4255 tibi
1966 4201 2157 4272 placet,
2192 4203 2280 4273 fac
2310 4205 2448 4258 sicut
2480 4202 2572 4257 ille
2598 4203 2767 4274 facit;
2798 4202 2889 4256 ille
2914 4204 3122 4273 quippe,
3152 4202 3362 4273 quando

1764 4293 1874 4347 vult
1904 4310 2137 4365 pugnare
2162 4312 2281 4348 cum
2309 4295 2511 4366 aliqua,
2538 4312 2642 4349 non
2672 4276 3137 4364 mittilprincipes,
3161 4293 3249 4347 sed
3272 4310 3366 4364 per

1764 4394 1924 4440 semet
1949 4387 2120 4456 ipsum
2154 4387 2320 4454 vadit,
2354 4397 2403 4442 et
2430 4388 2740 4443 antecedens
2763 4403 2939 4449 omnes
2970 4394 3236 4456 satrapas,
3265 4402 3366 4456 pu-

75 4475 216 4531 tabis
251 4480 386 4534 exiet
431 4480 645 4537 luctans
672 4482 875 4537 inludo
929 4485 1078 4538 ista?
1123 4483 1226 4539 Cui
1271 4484 1661 4558 Ctytomachus
1690 4508 1739 4567 Β
1765 4485 1889 4548 gnat
1935 4478 2180 4547 viriliter,
2211 4488 2262 4535 et
2302 4482 2533 4551 acquirit
2571 4480 2673 4535 sibi
2725 4496 2914 4534 nomen
2965 4487 3015 4533 ct
3059 4478 3361 4533 victoriam.

76 4566 210 4623 dixit
234 4589 246 4624 :
274 4569 335 4627 Si
359 4571 535 4642 placet
573 4576 824 4645 potestati
848 4584 1053 4644 vestrm,
1086 4593 1180 4649 ego
1201 4578 1445 4649 pugnabo
1467 4587 1519 4633 et
1548 4580 1662 4633 vin-

73 4674 210 4716 cam.
248 4664 556 4721 Alexander
583 4665 723 4723 dixit
755 4686 768 4723 :
802 4665 862 4724 Si
893 4677 998 4724 tres
1040 4670 1249 4737 viceris,
1301 4670 1656 4727 coronaberis.

78 4750 142 4818 (ἰ.
174 4752 313 4824 202.)
363 4756 638 4829 Pugnavit
663 4775 815 4831 ergo,
846 4760 1085 4832 vicitque
1132 4770 1187 4817 et
1223 4763 1362 4819 alios
1388 4763 1528 4819 duos
1557 4782 1570 4830 ;
1607 4772 1663 4819 et

74 4844 213 4900 dixit
237 4848 308 4904 illi
338 4860 671 4920 preconator
708 4871 720 4907 :
783 4852 877 4907 Dic
922 4853 1070 4907 nobis
1120 4870 1303 4909 nomen
1339 4864 1507 4911 tuum.
1555 4854 1661 4923 Qui

77 4934 155 4990 ait
191 4954 204 4991 :
234 4937 354 4995 Sine
388 4942 624 4996 civitate.
676 4943 923 5000 Audiens
968 4945 1073 5000 hoc
1123 4946 1429 5002 Alexander
1475 4946 1611 5002 dixit
1645 4966 1657 5002 :

76 5025 126 5083 0
154 5029 444 5091 beatissime
468 5044 517 5088 et
552 5034 906 5104 pulcherrime
954 5045 1217 5104 certatur,
1264 5047 1324 5091 ut
1373 5039 1502 5109 quid
1552 5040 1665 5095 sine

74 5117 318 5179 civitate?
344 5125 740 5199 Clytomaclius
768 5129 909 5183 dixit
940 5148 952 5183 :
988 5129 1179 5200 Magne
1227 5131 1536 5200 imperator,
1567 5149 1666 5186 an-

74 5219 275 5283 tequam
300 5227 356 5272 tu
383 5236 544 5286 esses,
578 5220 741 5276 habui
771 5222 1039 5276 civitatem
1058 5265 1073 5287 ,
1108 5239 1244 5277 nunc
1275 5233 1455 5278 autem
1495 5241 1588 5295 per
1617 5233 1666 5279 te

76 5304 335 5365 civitatem
387 5329 491 5367 non
544 5312 729 5368 habeo.
818 5313 1084 5371 lntellexit
1155 5315 1263 5371 hoc
1338 5331 1663 5386 responsum

72 5394 372 5459 Alexander
421 5413 478 5460 et
502 5404 643 5460 dixit
670 5407 1018 5477 preconatori
1057 5427 1070 5461 :
1134 5405 1435 5477 Vociferare
1491 5418 1548 5461 ut
1593 5410 1663 5462 sit

79 5486 324 5561 Thebcus,
346 5504 394 5549 et
415 5504 733 5564 potestatem
758 5495 949 5551 habeat
977 5497 1341 5567 reaedificandi
1370 5499 1660 5553 civitatem.

156 5578 338 5641 Exiens
366 5588 490 5644 inde
515 5587 824 5644 Alexander
845 5589 997 5645 venit
1024 5590 1286 5656 Athenas,
1316 5590 1573 5662 misitque
1595 5591 1665 5647 ad

74 5668 423 5735 Athenienses
443 5680 499 5735 iu
526 5681 625 5736 hcc
649 5680 811 5736 verba
840 5701 852 5735 :
882 5681 1065 5735 Nichil
1092 5700 1123 5735 a
1147 5681 1288 5736 vobis
1313 5692 1455 5754 apto,
1480 5684 1582 5737 nisi
1610 5694 1664 5738 ut

77 5762 309 5824 militetis
358 5774 448 5827 sub
483 5776 701 5844 imperio
737 5792 844 5831 ntro
879 5787 925 5830 et
977 5793 1053 5831 me
1107 5777 1344 5832 ltafcatis
1386 5780 1659 5833 seniorem.

1763 4568 1921 4625 Alius
1968 4578 2187 4642 satrapa
2220 4572 2358 4627 dixit
2393 4592 2405 4626 :
2438 4572 2743 4627 Alexander
2785 4573 2839 4626 in
2877 4572 3118 4625 omnibus
3147 4570 3364 4641 peritis-

1762 4662 1931 4716 simus
1972 4674 2048 4716 est
2076 4704 2091 4730 ,
2138 4672 2189 4718 et
2221 4664 2277 4717 in
2320 4663 2467 4718 nullo
2509 4664 2775 4734 offendit,
2820 4664 3100 4733 omniaque
3140 4659 3367 4715 viriliter

1764 4773 1944 4827 agens,
1978 4756 2205 4827 formam
2235 4767 2285 4811 et
2314 4758 2563 4812 virtutem
2591 4757 2745 4811 habet
2790 4755 2975 4810 leonis.
3013 4753 3165 4819 Quod
3194 4754 3241 4807 si
3269 4750 3365 4807 tibi

1762 4847 1955 4916 placet,
1986 4850 2134 4903 mitte
2164 4850 2220 4903 in
2251 4867 2427 4909 omnes
2476 4851 2607 4920 fines
2659 4858 2797 4914 tuus,
2828 4857 2879 4903 et
2908 4865 3161 4919 congrcga
3188 4856 3367 4901 satra-

1764 4956 1859 5010 pas
1885 4942 2120 5007 ontnium
2141 4943 2410 5014 gentium;
2438 4951 2559 4997 sunt
2576 4942 2715 4996 enint
2746 4941 2895 4994 nobis
2920 4950 3095 5011 gentes
3118 4939 3365 5010 plurima

1765 5032 1884 5103 plus
1913 5050 2072 5105 quam
2105 5044 2311 5088 centum
2351 5035 2769 5106 quinquaginta,
2806 5042 2856 5087 et
2886 5050 3167 5097 queramus
3202 5034 3364 5088 auxi-
3452 5102 3463 5111 .

1765 5129 1898 5184 lium
1940 5148 1972 5184 a
2015 5131 2138 5185 diis.
2190 5129 2330 5186 Dum
2362 5147 2492 5201 ergo
2522 5130 2718 5184 Darius
2746 5135 3075 5200 congregata
3114 5128 3366 5184 multitu-

1766 5225 1893 5279 dine
1919 5225 2323 5290 consiliaretur,
2353 5223 2661 5278 Alexander
2704 5238 2916 5277 moram
2949 5220 3157 5277 faciens
3187 5222 3243 5277 in
3273 5220 3367 5276 Ci-

1767 5316 1914 5383 licia,
1950 5317 2101 5372 venit
2147 5318 2215 5372 ad
2268 5315 2546 5388 quandam
2584 5330 2783 5387 aquam
2832 5316 3282 5385 pulcherrimam,
3310 5322 3368 5370 et

1768 5408 1972 5464 accidit
2000 5411 2051 5465 ei
2082 5410 2368 5466 delectatio
2403 5418 2464 5465 ut
2508 5410 2781 5465 lavaretur
2811 5408 2867 5463 in
2902 5423 2990 5475 eo,
3021 5408 3115 5464 sed
3140 5423 3236 5478 per
3266 5404 3366 5461 fri-

1768 5500 2047 5573 giditatem
2079 5502 2436 5573 apprehendit
2466 5519 2595 5558 eum
2640 5503 2797 5558 dolor
2826 5501 3040 5572 capitis,
3066 5507 3124 5555 et
3149 5508 3366 5570 egrota-

1767 5595 1845 5648 vit
1878 5593 2108 5649 fortiter.
2139 5594 2296 5661 Quod
2323 5595 2570 5651 videntes
2596 5596 2939 5661 Macedones,
2970 5591 3129 5649 valde
3180 5593 3364 5649 tristes

1766 5685 1941 5741 ell‘ecti
1967 5699 2114 5753 sunt,
2149 5697 2450 5745 metuentes
2474 5706 2540 5743 ne
2565 5689 2780 5744 audiret
2808 5687 3025 5750 Darius,
3055 5694 3110 5741 et
3138 5683 3361 5751 faceret,

1770 5796 1933 5847 super
1958 5796 2052 5837 eos
2074 5780 2336 5853 impetum
2368 5791 2530 5853 atque
2560 5782 2763 5840 deleret
2793 5781 2935 5836 illos.
2969 5778 3204 5839 Quidam
3235 5791 3365 5834 vero
