3828 6308
411 324 518 380 575

1581 326 1977 382 EKKEHARDI
2018 326 2482 386 UMUGIENSIS
3580 329 3662 382 576

409 436 628 507 juvenis
663 438 887 494 nomine
915 437 1234 512 Phylippus,
1281 455 1447 510 quem
1475 438 1735 512 diligebat
1762 441 1996 496 Alexan-
2024 446 2070 504 Α
2100 442 2290 498 debitis
2320 442 2707 508 Macedoniam,
2744 443 2846 497 nisi
2874 443 3022 514 prius
3058 443 3228 497 vicero
3260 449 3477 496 cunctos
3502 441 3668 495 barba-

411 527 510 581 der
538 527 668 596 quia
694 529 939 586 medicus
967 539 1104 596 erat,
1136 530 1388 600 promisit
1418 530 1469 586 ei
1519 546 1578 586 se
1613 531 1870 587 daturum
1896 545 1999 600 po-

413 621 622 675 tionem
655 623 801 677 unde
851 638 1019 679 sanus
1071 623 1238 678 ﬂeret.
1288 623 1548 694 Princeps
1576 632 1761 679 autem
1792 623 2001 679 militize

411 713 660 781 quidam,
707 714 801 784 qui
845 715 1059 769 tenebat
1101 713 1437 779 Armeniam,
1469 716 1596 771 odio
1627 715 1817 770 habuit
1854 715 2001 772 hunc

417 805 712 872 medicum,
740 807 868 876 quia
917 808 1243 877 diligebatur
1269 825 1299 862 a
1331 824 1477 880 rege,
1507 808 1861 878 scribensque
1884 809 2000 878 epi-

419 897 613 950 stolam
647 898 846 953 direxit
873 899 1179 956 Alexandro
1221 900 1410 956 dicens
1448 920 1461 955 :
1501 900 1698 955 Caveas
1746 909 1794 955 te
1827 917 1860 954 a
1887 917 1998 954 me-

415 987 535 1040 dico
577 988 944 1060 Phglippo'”,
990 1001 1040 1046 et
1091 1011 1154 1048 ne
1184 994 1331 1048 bibas
1369 995 1636 1064 potionem
1679 995 1828 1064 ejus,
1874 996 2000 1065 quia

414 1081 657 1148 promisit
697 1082 744 1134 ei
790 1081 990 1138 Darius
1031 1101 1124 1138 rea:
1147 1101 1378 1138 sororem
1424 1101 1576 1138 suam
1615 1085 1671 1138 in
1697 1085 1998 1156 conjugium

415 1174 543 1227 dare
572 1183 621 1228 et
652 1185 943 1230 consortem
971 1179 1114 1248 regni
1141 1179 1332 1250 facere,
1361 1179 1406 1232 si
1437 1178 1726 1248 interﬁciat
1761 1187 1829 1232 te.
1860 1177 2000 1233 Cum

416 1274 595 1318 autem
646 1275 993 1335 preparasset
1040 1265 1334 1338 Phylippus
1375 1266 1651 1338 potionem
1679 1309 1695 1334 ,
1766 1267 2002 1338 portavit

416 1366 542 1410 ante
567 1373 782 1427 regem;
836 1358 931 1413 sed
959 1367 1250 1428 antequam
1277 1358 1508 1426 biberet,
1540 1358 1857 1428 supervenit
1885 1357 2003 1428 epi-

414 1450 554 1503 stola
583 1449 694 1504 illa.
729 1448 832 1516 Qui
861 1451 1136 1520 accipiens
1164 1459 1216 1506 et
1245 1451 1428 1522 legens
1448 1458 1739 1520 antequam
1770 1450 1998 1517 biberet,

418 1555 528 1594 non
561 1550 646 1596 est
679 1541 929 1597 turbatus
958 1585 972 1609 ,
1017 1543 1145 1612 quia
1177 1543 1244 1598 de
1288 1542 1392 1598 ﬂde
1420 1542 1668 1614 Phylippi
1693 1551 1810 1597 erat
1839 1557 1998 1598 secu-

418 1647 531 1687 rus.
566 1631 780 1688 Tenens
810 1633 994 1704 itaque
1026 1651 1131 1688 una
1168 1651 1335 1690 manu
1363 1635 1672 1704 epistolam,
1706 1635 1874 1690 altera
1909 1650 2002 1688 ac-

417 1725 627 1794 cipiens
654 1726 930 1794 potionem
957 1769 972 1793 ,
1009 1727 1331 1797 respiciebat
1373 1728 1431 1782 in
1478 1725 1674 1782 faciem
1727 1725 1996 1798 Phylippi.

416 1817 520 1872 Cui
567 1818 703 1873 dixit
749 1817 1044 1891 Phylippus
1097 1840 1109 1876 :

419 1923 607 1978 magne
627 1908 934 1979 imperator,
958 1912 1048 1965 sed
1093 1911 1206 1966 bibe
1232 1912 1402 1966 illam.
1435 1909 1630 1965 Statim
1657 1910 1825 1964 ebibit
1855 1925 1996 1964 eam.

423 1998 487 2053 Et
517 2009 805 2070 postquam
866 2003 1042 2070 bibit,
1089 2004 1334 2073 porrexit
1379 2005 1666 2074 epistolam
1714 2001 2000 2074 Phylippo.

422 2091 638 2148 llelecta
667 2093 964 2166 Phylippus
997 2095 1225 2164 epistola
1273 2096 1411 2150 dixit
1442 2115 1454 2150 :
1492 2093 1615 2148 Non
1655 2110 1772 2148 sum
1815 2093 2000 2164 culpa-

421 2185 563 2254 t:ilis,
587 2185 903 2255 Alexander,
925 2188 1061 2240 sicut
1086 2187 1196 2241 haec
1229 2186 1450 2256 epistola
1485 2185 1634 2239 dicit.
1680 2184 1792 2238 Rex
1818 2192 2001 2238 autem

420 2290 589 2330 sanus
617 2274 862 2342 eﬂ'ectus,
910 2276 1124 2331 vocavit
1169 2275 1489 2348 Pbylippum
1516 2317 1530 2342 ,
1581 2274 2004 2344 amplexansque

421 2369 620 2423 collum
651 2371 792 2438 ejus,
823 2370 960 2426 dixit
998 2389 1010 2424 :
1046 2369 1374 2440 Cognovisti,
1417 2368 1708 2440 Phylippe,
1747 2375 2003 2439 quantum

425 2468 474 2512 te
503 2459 748 2530 diligam,
770 2470 817 2514 et
840 2478 999 2532 quam
1024 2462 1278 2530 ﬁduciam
1310 2463 1364 2515 in
1400 2470 1447 2515 te
1471 2461 1712 2524 habeam,
1737 2461 1829 2530 qui
1854 2459 2002 2530 prius

419 2555 684 2621 potionem
707 2555 834 2620 bibi,
865 2564 914 2608 et
937 2555 1014 2608 sic
1032 2554 1308 2624 epistolam
1332 2554 1430 2607 tibi
1459 2554 1708 2623 porrexi?
1733 2552 1835 2606 Cui
1860 2550 2004 2620 Phy-

421 2645 601 2716 lippus
628 2645 766 2700 dixit
799 2665 810 2700 :
843 2646 955 2699 Fac
987 2648 1156 2700 venire
1206 2648 1376 2716 ipsum
1403 2646 1688 2709 hominem,
1736 2645 1824 2715 qui
1867 2643 2003 2696 hanc

417 2737 697 2808 epistolam
746 2740 842 2792 tibi
881 2741 1098 2804 direxit,
1140 2741 1265 2810 quia
1307 2755 1385 2792 me
1421 2737 1516 2792 tibi
1541 2737 1673 2790 talia
1703 2752 1795 2807 pro
1833 2735 2005 2789 salute

424 2843 515 2883 tua
537 2831 711 2900 facere
724 2832 830 2901 ipse
847 2831 1254 2886 noluitJubens
1277 2846 1404 2899 ergo
1426 2831 1576 2883 illum
1599 2828 1804 2893 venire,
1823 2826 2005 2896 inqui-

421 2924 548 2980 sivit
573 2940 720 2991 eum,
749 2924 1140 2994 inveniensque
1169 2920 1692 2994 culpabilem,jussit
1723 2919 2001 2974 decollari.

493 3016 703 3073 Dehinc
744 3032 972 3072 movens
1024 3015 1321 3071 exercitum
1347 3057 1362 3080 ,
1415 3013 1560 3068 venit
1605 3013 1658 3066 in
1690 3009 1922 3065 Mediam
1951 3017 2007 3064 et

2102 551 2209 602 ros,
2239 536 2564 605 confortetur
2588 551 2730 588 mens
2761 543 2954 602 vestra,
2985 543 3036 588 et
3060 534 3320 604 fortitudo
3348 550 3540 603 pugna
3564 537 3671 587 esti-

2103 635 2273 680 metur
2320 625 2464 679 vobis
2515 625 2691 694 jocus.
2752 624 2966 692 Quibus
3019 626 3095 680 ita
3145 621 3515 689 confortatis,
3564 639 3672 680 ecce

2101 717 2391 773 multitudo
2417 717 2652 772 militum
2672 715 2820 772 Darii
2851 716 3180 787 applicuisse
3205 715 3505 770 nunciatur
3532 729 3673 784 super

2101 808 2325 863 ﬂuvium
2352 807 2560 879 Tigrin.
2604 806 2888 884 Principes
2931 816 3114 863 autem
3150 807 3364 862 militia:
3398 821 3564 876 super
3593 822 3674 860 eos

2100 906 2256 954 erant
2276 898 2538 969 quinque.
2562 897 2948 954 Convenerunt
2970 898 3135 970 igitur
3160 898 3214 953 in
3239 914 3440 968 campo
3462 897 3676 952 Alexan-

2100 991 2198 1047 der
2227 1006 2354 1046 cum
2381 989 2498 1047 suis
2521 998 2577 1045 et
2621 990 2898 1062 principes
2938 991 3148 1047 militiae
3179 990 3353 1058 Darii,
3400 999 3458 1045 et
3499 992 3678 1046 acriter

2100 1091 2498 1155 pugnaverunt.
2540 1081 2637 1138 Vir
2679 1092 2863 1138 autem
2905 1083 3128 1154 quidam
3166 1083 3235 1138 de
3274 1082 3466 1138 Persis
3513 1083 3679 1137 animo

2102 1189 2248 1238 acer,
2276 1173 2508 1228 induens
2537 1187 2597 1228 se
2635 1182 2842 1228 vestem
2876 1181 2931 1228 ct
2969 1189 3123 1228 arma
3155 1171 3534 1236 Macedonica,
3564 1173 3680 1226 abiit

2102 1270 2350 1326 occidere
2374 1268 2767 1335 Alexandrum,
2795 1268 3113 1338 mixtusque
3137 1267 3409 1322 militibus
3431 1267 3553 1336 ejus
3575 1276 3681 1335 post

2103 1373 2316 1434 tergum
2347 1361 2513 1426 illius,
2542 1360 2941 1431 evaginatoque
2976 1359 3157 1432 gladio
3183 1367 3296 1414 tam
3329 1357 3549 1412 fortiter
3577 1372 3685 1426 per-

2102 1455 2275 1511 cussit
2304 1461 2467 1524 caput
2495 1453 2635 1522 ejus,
2663 1460 2724 1507 ut
2749 1461 2805 1507 et
2831 1452 3040 1523 galeam
3074 1449 3441 1507 transforaret
3463 1458 3518 1504 et
3540 1458 3685 1518 caput

2103 1547 2433 1602 vulneraret.
2472 1543 2780 1614 Statimque
2824 1543 3304 1615 apprehenderunt
3337 1556 3473 1596 eum
3501 1541 3684 1593 milites

2103 1637 2420 1703 Alexandri,
2451 1645 2506 1691 et
2532 1635 2808 1690 duxerunt
2833 1643 2960 1690 ante
2987 1651 3134 1690 eum.
3173 1633 3276 1688 Cui
3308 1632 3454 1688 dixit
3473 1631 3690 1685 Alexan-

2105 1731 2202 1786 der
2237 1749 2250 1785 :
2285 1729 2330 1784 0
2355 1737 2564 1782 strenue
2589 1726 2687 1790 vir,
2719 1726 2847 1796 quid
2870 1735 2948 1781 est
2974 1727 3108 1780 hoc?
3151 1723 3254 1780 Cui
3279 1723 3562 1779 barbarus
3583 1723 3651 1775 ait
3676 1741 3686 1773 :

1169 1819 1298 1875 Noli
1343 1837 1676 1892 expavescere
1713 1821 1998 1889 potionem,
2033 1787 2075 1844 Β
2107 1821 2189 1876 Ne
2216 1823 2426 1876 estimes
2463 1836 2563 1887 me,
2595 1818 2920 1885 dominator,
2955 1818 3298 1873 Macedonem
3333 1832 3450 1870 esse
3476 1857 3493 1881 ,
3542 1814 3691 1868 Persa

2102 1933 2218 1970 sum
2233 1916 2322 1970 '°'.
2368 1915 2602 1970 Promisi
2650 1916 2819 1970 Dario
2868 1913 3076 1984 auferre
3107 1918 3266 1980 caput
3299 1918 3456 1962 tuum
3479 1950 3495 1974 ,
3539 1916 3589 1962 et
3614 1906 3692 1959 ille

2102 2009 2381 2079 spopondit
2411 2008 2571 2062 michi
2601 2008 2771 2078 ﬁliam
2805 2022 2956 2062 suam
2994 2005 3051 2059 in
3081 2003 3393 2073 conjugium
3424 2010 3479 2055 et
3511 2001 3691 2071 regales

2101 2102 2422 2172 provincias.
2462 2099 2617 2154 Tunc
2647 2099 2954 2154 Alexander
2994 2095 3235 2152 ostendit
3283 2109 3420 2149 eum
3455 2094 3693 2148 omnibus

2103 2193 2324 2248 milibus
2353 2191 2507 2256 suis,
2555 2199 2609 2245 et
2637 2190 2773 2244 dixit
2819 2207 2832 2244 :
2897 2186 3006 2241 Viri
3054 2184 3371 2240 Macedones
3402 2225 3419 2249 ,
3476 2183 3693 2236 com-cuit

2103 2286 2343 2341 omnibus
2365 2284 2624 2337 militibus
2655 2283 2816 2336 talem
2848 2280 3035 2334 habere
3061 2277 3466 2348 fortitudinem,
3499 2285 3552 2330 et
3575 2290 3693 2330 con-

2110 2380 2267 2434 tinuo
2299 2375 2508 2430 dimisit
2540 2375 2692 2428 illum
2723 2373 2874 2428 abire
2901 2415 2915 2439 ,
2971 2371 3245 2441 cmpitque
3272 2383 3532 2446 pugnare
3560 2366 3694 2420 forti-

2102 2475 2204 2537 ter,
2229 2479 2282 2525 et
2311 2469 2624 2525 ceciderunt
2650 2482 2718 2520 ex
2746 2464 2998 2520 barbaris
3027 2463 3205 2517 multi.
3239 2459 3346 2527 Qui
3376 2459 3629 2514 videntes
3647 2474 3696 2512 se

2104 2565 2336 2620 multum
2363 2561 2558 2628 minui,
2589 2558 2881 2630 fugerunt,
2913 2565 2967 2612 et
3017 2562 3342 2626 persecutus
3390 2562 3485 2608 est
3539 2566 3697 2621 usque

2105 2657 2356 2712 Bactram
2383 2661 2439 2709 et
2459 2651 2738 2723 applicuit.
2764 2649 2885 2704 Alia
2911 2648 2998 2704 die
3022 2645 3382 2718 apprehendit
3405 2643 3693 2706 civitatem,

2106 2749 2417 2818 invenitque
2446 2745 2521 2801 ibi
2547 2752 2778 2800 matrem
2826 2741 2975 2796 Darii
3017 2751 3072 2796 et
3101 2753 3334 2794 uxorem
3361 2737 3696 2806 eandemque

2106 2856 2351 2897 sororem
2377 2847 2432 2896 et
2459 2839 2597 2894 duas
2626 2836 2768 2891 ﬁlias
2797 2834 2939 2906 ejus,
2973 2831 3268 2904 posuitque
3298 2829 3354 2884 in
3393 2845 3463 2884 ea
3493 2828 3699 2884 civitate

2107 2934 2305 3008 solium
2336 2945 2521 2996 suum,
2557 2936 2611 2983 et
2639 2925 2952 2996 subjugavit
2978 2922 3082 2978 sibi
3112 2935 3307 2976 omnes
3335 2919 3695 2988 circumposi-

2109 3035 2193 3079 tas
2221 3023 2486 3078 civitates.
2527 3019 2659 3074 Post
2702 3019 2823 3074 hzec
2851 3031 2996 3071 unus
3022 3029 3089 3070 ex
3118 3012 3477 3085 principibus
3505 3011 3699 3065 militia

420 3111 735 3166 Armeniam
779 3125 1056 3180 magnam,
1088 3117 1141 3164 θῐ
1178 3107 1490 3178 subiugavit
1519 3122 1632 3172 ea"
1665 3103 1859 3159 deinde
1887 3117 2003 3157 am“
2021 3110 2076 3204 ’ρ
2112 3115 2257 3170 Darii
2283 3111 2616 3185 presumpsit
2641 3109 2829 3165 venire
2855 3107 2924 3163 ad
2950 3105 3344 3170 Alexandrum,
3366 3113 3428 3159 et
3449 3103 3591 3158 dixit
3618 3103 3662 3156 ei
3687 3121 3696 3152 :

422 3203 631 3257 δυῖλνίῑ
657 3201 774 3256 dies
804 3203 1022 3267 multos:
1052 3210 1106 3254 ει
1131 3200 1414 3270 ingressus
1462 3206 1547 3252 εει
1571 3197 1752 3251 iocum
1789 3193 2003 3248 aridum
2037 3193 2076 3204 v
2108 3208 2426 3262 Dominator
2447 3202 2768 3269 Alexander,
2799 3201 3041 3272 princeps
3070 3197 3282 3252 militia!
3312 3195 3476 3250 Darii
3498 3212 3638 3258 sum,
3658 3205 3701 3246 et

419 3303 475 3347 et
500 3309 881 3359 cavernosum,
916 3293 970 3347 in
1017 3307 1127 3362 quo
1178 3307 1288 3346 non
1335 3289 1713 3345 inveniebatur
1761 3303 1924 3358 aqua,
1951 3295 2006 3342 et

423 3385 701 3439 transiens
728 3400 824 3453 per
850 3385 1031 3438 locum
1061 3383 1157 3454 qui
1184 3383 1363 3438 dictus
1391 3391 1473 3437 est
1498 3381 1824 3446 Andriaeus,
1856 3380 2006 3434 venit

421 3476 493 3531 ad
525 3476 748 3530 ﬂuvium
775 3475 1056 3530 Eufraten.
1098 3475 1310 3530 Ponens
1340 3489 1468 3545 ergo
1497 3480 1699 3537 castra,
1727 3472 1894 3541 jussit
1919 3469 2004 3526 af-

425 3567 553 3622 ferri
583 3569 748 3638 ligna,
780 3577 834 3623 et
862 3568 1168 3638 preparavit
1198 3576 1419 3637 pontem
1473 3581 1638 3636 super
1682 3565 1861 3636 ipsum
1898 3564 2005 3620 ﬂu-

421 3661 572 3716 vium
604 3677 727 3716 cum
760 3661 960 3716 tabulis
989 3668 1042 3714 et
1067 3660 1272 3715 catenis
1319 3657 1531 3725 ferreis,
1559 3658 1830 3726 jussitque
1859 3656 2006 3711 mili-

423 3755 573 3809 tibus
608 3753 725 3809 suis
755 3763 814 3808 ut
857 3753 1175 3808 transirent.
1229 3753 1334 3819 Qui
1365 3767 1488 3806 cum
1521 3750 1853 3816 dubitarent,
1885 3764 2008 3818 pre—

424 3846 569 3914 ecpit
593 3845 912 3900 custodibus
939 3845 1258 3899 animalium
1302 3852 1364 3900 ut
1384 3843 1679 3898 transirent
1703 3858 1827 3898 cum
1859 3843 2004 3896 omni

426 3945 690 4005 apparatu
746 3943 800 3990 et
851 3935 1110 4000 cibariis,
1167 3943 1223 3990 et
1270 3942 1395 4004 post
1439 3934 1558 3998 haec
1596 3933 1765 4004 jussit
1807 3933 2008 3988 milites

426 4026 682 4080 transire.
709 4025 918 4092 Quibus
943 4026 1119 4081 adhuc
1148 4025 1525 4081 dubitantibus
1555 4036 1608 4081 et
1636 4025 1874 4082 validum
1907 4024 2008 4080 ﬂu-

425 4116 499 4169 vii
526 4116 597 4148 m
643 4133 863 4172 cursum
914 4117 1316 4184 metuentibus,
1353 4117 1470 4188 ipse
1498 4117 1709 4187 primus
1735 4115 2004 4182 transivit,

425 4209 614 4279 sicque
644 4211 833 4264 Omnes
865 4210 1036 4265 secuti
1082 4220 1227 4266 sunt.
1279 4209 1340 4280 (f.
1370 4210 1521 4280 205.)
1573 4209 1795 4266 Flavius
1824 4218 2006 4265 autem

425 4301 620 4374 Tygris
673 4311 726 4357 et
757 4302 1007 4358 Euirates
1037 4304 1242 4358 vadunt
1293 4319 1390 4374 per
1431 4303 1664 4359 mediam
1703 4302 2009 4373 Mesopota-

423 4397 592 4450 miam
623 4405 676 4451 et
703 4396 1077 4468 Babyloniam,
1111 4406 1156 4452 et
1189 4397 1394 4451 intrant
1426 4395 1626 4451 Nilum.
1673 4395 1878 4451 Ferunt
1905 4411 2006 4450 au-

2105 3300 2395 3370 plurimum
2420 3295 2506 3350 illi
2530 3295 2738 3360 servivi,
2767 3300 2818 3347 et
2839 3291 3003 3346 nichil
3032 3291 3252 3362 dignum
3289 3287 3356 3342 ab
3404 3304 3468 3342 eo
3497 3287 3700 3355 recepi;

2106 3393 2153 3446 si
2184 3390 2280 3445 tibi
2313 3389 2514 3460 placet,
2547 3388 2620 3442 da
2668 3386 2819 3441 nobis
2849 3385 3026 3439 decem
3070 3382 3223 3436 milia
3267 3391 3632 3446 armatorum,
3658 3391 3701 3433 et

2105 3501 2198 3556 ego
2223 3483 2358 3537 dabo
2389 3481 2652 3551 principes
2680 3487 2886 3533 nostros
2911 3486 2960 3531 et
2989 3476 3161 3546 ipsum
3188 3473 3442 3527 Darium.
3468 3472 3702 3526 Alexan-

2106 3577 2204 3632 der
2227 3575 2366 3632 dixit
2395 3594 2407 3629 :
2437 3573 2605 3644 Perge
2632 3569 2994 3625 auxiliaturus
3038 3583 3210 3638 regem
3246 3575 3419 3630 tuum,
3451 3566 3585 3636 quia
3611 3581 3704 3617 non

2107 3670 2325 3724 credunt
2345 3667 2602 3733 extranei,
2635 3672 2910 3735 postquam
2946 3671 3062 3716 tuos
3091 3662 3168 3715 vis
3199 3675 3532 3730 expugnare.
3562 3657 3706 3713 Prin-

2107 3761 2255 3832 cipes
2304 3767 2485 3814 autem
2533 3755 2682 3810 Darii
2715 3754 2886 3808 Fictir
2911 3762 2964 3808 et
3007 3751 3190 3821 Stapsi
3223 3761 3274 3805 et
3306 3748 3542 3804 Nostadi
3576 3748 3704 3804 serio

2108 3860 2336 3922 pserunt
2367 3850 2532 3905 Dario
2581 3848 2648 3904 de
2695 3846 2854 3902 lactis
2883 3843 3199 3909 Alexandri,
3233 3841 3387 3913 quod
3418 3850 3474 3897 et
3503 3852 3706 3896 ternm

2108 3945 2402 4014 dissiparet
2428 3951 2483 3998 et
2509 3941 2711 3996 multos
2739 3939 3034 4004 occideret,
3065 3947 3118 3992 et
3168 3935 3327 3990 multi
3356 3950 3427 3988 ex
3460 3934 3588 3990 suis
3613 3947 3704 4003 po-

2109 4035 2430 4092 tentissimis
2453 4033 2768 4104 iunxissent
2793 4046 2852 4086 se
2881 4027 3192 4085 Alexandro
3220 4035 3275 4081 et
3326 4025 3553 4097 regales
3584 4040 3705 4095 pro-

2108 4126 2316 4182 vincias
2335 4125 2646 4193 multosque
2664 4123 2902 4177 honores
2930 4120 3240 4189 acciperent
3265 4117 3338 4170 ab
3359 4131 3452 4181 eo,
3479 4116 3710 4186 ideoque

2108 4217 2406 4290 prospiciat
2430 4216 2534 4272 sibi
2555 4223 2609 4271 et
2633 4215 2760 4281 illis,
2786 4222 3077 4283 antequam
3102 4209 3444 4282 ingrediatur
3474 4209 3550 4264 ad
3567 4223 3707 4263 eum.

2181 4308 2377 4365 Darius
2403 4310 2517 4363 inec
2546 4306 2794 4372 audiens,
2823 4304 3043 4374 scripsit
3073 4301 3142 4356 ad
3171 4299 3558 4354 Alexandrum
3591 4298 3668 4353 sic
3697 4315 3707 4348 :

2116 4403 2356 4456 Pervenit
2385 4402 2439 4456 in
2482 4417 2667 4454 manus
2701 4406 2908 4452 nostras
2939 4393 3165 4466 epistola
3212 4393 3277 4446 de
3311 4401 3408 4445 tua
3440 4392 3708 4462 superbia,

423 4499 532 4544 tem
560 4489 781 4560 quidam
815 4491 961 4560 quod
1022 4489 1123 4543 ista
1152 4489 1376 4544 ﬂumina
1405 4498 1756 4556 evacuentur,
1787 4487 2008 4558 quando
2041 4499 2084 4552 Ι)
2109 4493 2247 4565 quod
2275 4495 2466 4564 cogites
2509 4492 2680 4547 venire
2719 4506 2877 4560 prope
2901 4505 3014 4553 nos,
3049 4496 3104 4540 ut
3137 4484 3376 4555 loquaris
3413 4485 3707 4537 nobiscum.

421 4580 578 4636 Nilus
609 4582 837 4636 inundat
870 4581 1185 4653 A‘ngptum,
1216 4591 1269 4637 et
1299 4583 1521 4654 quando
1565 4582 1896 4638 subtraxerit
1926 4597 2004 4648 se,

422 4673 525 4730 ista
558 4675 1020 4744 superabundent.
1066 4675 1204 4732 Cum
1259 4685 1440 4732 autem
1495 4677 1782 4732 transisset
1828 4676 2008 4732 omnis

418 4767 694 4823 exercitus
723 4809 738 4833 ,
775 4767 935 4822 rediit
977 4775 1124 4824 retro
1175 4767 1518 4836 Alexander,
1567 4776 1618 4824 et
1665 4766 1792 4823 fecit
1841 4767 2007 4823 incidi

421 4867 662 4928 pontem.
697 4859 955 4914 Videntes
1006 4861 1110 4915 hoc
1159 4861 1358 4915 milites
1382 4904 1396 4926 ,
1433 4869 1718 4931 coeperunt
1759 4875 2008 4915 murmu-

421 4967 546 5004 rare
587 4960 642 5005 et
687 4953 868 5007 dicere
905 4970 920 5008 :
954 4950 1014 5007 Si
1055 4953 1308 5006 acciderit
1338 4952 1487 5006 nobis
1532 4962 1589 5006 ut
1637 4953 1903 5024 fugiamus
1945 4953 2008 5007 de

419 5041 626 5112 pra'lio,
650 5060 751 5097 non
774 5046 872 5098 erit
900 5046 1156 5099 transitus
1179 5045 1347 5100 nobis.
1373 5044 1584 5111 Quibus
1609 5044 1744 5099 dixit
1770 5043 2006 5098 Alexan-

417 5135 516 5189 der
549 5153 562 5189 :
595 5134 735 5189 Bene
778 5153 858 5191 me
897 5138 1260 5207 confortastis,
1295 5137 1508 5208 quando
1543 5136 1675 5190 talia
1711 5137 2007 5208 cogitastis,

417 5236 469 5281 ct
497 5243 590 5298 ego
622 5228 841 5297 proinde
892 5230 991 5300 feci
1034 5230 1254 5285 dissolvi
1305 5239 1514 5301 pontem
1561 5231 1724 5283 istum
1752 5271 1766 5294 ,
1814 5238 1874 5283 ut
1915 5239 2007 5283 aut

418 5322 662 5390 pugnetis
715 5321 939 5376 viriliter
988 5332 1038 5377 et
1083 5325 1329 5389 vincatis,
1382 5334 1475 5378 aut
1517 5324 1564 5378 si
1614 5322 1773 5378 vultis
1831 5326 2007 5394 fugere

416 5415 662 5482 pereatis,
693 5415 820 5484 quia
864 5415 1081 5468 victoria
1112 5433 1214 5468 non
1251 5417 1352 5469 erit
1397 5415 1477 5469 his
1521 5416 1611 5486 qui
1645 5415 1876 5486 fugiunt,
1909 5415 1998 5468 sed

417 5504 528 5559 illis
559 5522 651 5577 qui
694 5507 1018 5561 insecuntur.
1065 5507 1212 5562 Unde
1253 5509 1378 5577 quia
1415 5507 1560 5562 nullo
1598 5507 1753 5561 modo
1787 5507 1896 5573 iam
1922 5507 2000 5559 vi-

2112 4586 2263 4652 Quod
2309 4586 2354 4639 si
2400 4585 2630 4654 potuerit
2659 4583 2798 4652 ﬁeri,
2832 4596 3008 4635 omnes
3053 4575 3337 4632 orientales
3377 4576 3461 4629 dii
3494 4581 3710 4645 pergant

2108 4677 2346 4730 habitare
2370 4676 2424 4729 in
2452 4674 2738 4728 occidente.
2777 4670 2898 4725 Non
2942 4669 3170 4723 elevatur
3211 4681 3354 4720 mens
3394 4675 3493 4718 tua
3531 4667 3589 4718 in
3624 4666 3712 4715 hoc

2107 4766 2246 4838 quod
2277 4765 2484 4836 fecisti;
2513 4764 2589 4818 sic
2609 4761 2888 4833 preparavi
2915 4776 3016 4824 me,
3038 4757 3192 4829 quasi
3217 4764 3390 4809 mater
3420 4772 3545 4809 mea
3579 4770 3710 4807 rnor-

2111 4868 2202 4913 tua
2231 4859 2322 4927 sit,
2349 4866 2400 4913 et
2430 4857 2584 4929 quasi
2625 4871 2843 4910 uxorem
2884 4867 3151 4922 nunquam
3199 4849 3507 4903 habuerim.
3571 4847 3712 4902 Unde

2109 4949 2248 5004 scias
2311 4950 2438 5020 quia
2525 4963 2628 5002 non
2714 4946 2982 5017 quiescam
3053 4940 3368 5012 inquirendo
3451 4939 3711 5009 injurias-

2109 5059 2299 5098 meam.
2324 5039 2592 5111 Scriptum
2617 5039 2827 5111 quidem
2856 5036 3017 5092 michi
3042 5044 3118 5089 est
3156 5034 3284 5105 quia
3325 5033 3713 5102 benignitatem

2106 5151 2231 5206 erga
2256 5150 2393 5189 meos
2423 5133 2734 5199 ostenderis,
2771 5140 2945 5185 tamen
2987 5132 3083 5183 hoc
3125 5129 3287 5193 scias,
3333 5127 3487 5196 quia,
3539 5141 3710 5196 quan—

2109 5236 2444 5298 tumcumque
2465 5225 2576 5281 illis
2609 5223 2943 5294 benefaceris,
2968 5238 3048 5275 me
3075 5237 3179 5274 non
3207 5219 3423 5272 habebis
3447 5219 3709 5278 amicum,

2106 5329 2154 5376 et
2182 5329 2418 5386 econtra,
2441 5319 2487 5372 si
2520 5316 2658 5371 male
2685 5315 2795 5369 illis
2820 5313 3026 5385 feceris,
3053 5329 3158 5366 non
3181 5310 3412 5381 amplius
3442 5325 3533 5363 me
3557 5309 3714 5361 habeo

2109 5414 2187 5468 bis
2210 5413 2502 5467 inimicum.
2530 5409 2683 5464 Hanc
2705 5407 2949 5462 ultimam
2971 5405 3286 5460 sententiam
3309 5402 3572 5456 mandari
3597 5402 3706 5454 tibi.

2177 5505 2482 5562 Alexander
2530 5501 2803 5573 accipiens
2875 5498 3160 5570 epistolam
3187 5540 3202 5564 ,
3255 5495 3380 5568 legit
3447 5510 3522 5550 ac
3573 5493 3707 5554 risit,

1700 5621 1934 5677 VARUS
1974 5620 2375 5678 LEC'I‘IONliS.

1169 5716 1239 5748 ’°"
1262 5716 1484 5772 ﬂuvium
1521 5719 1566 5770 l.

951 5791 1018 5820 ’°'-‘
1052 5805 1108 5844 se
1139 5804 1189 5842 γ.
1227 5789 1273 5841 l.

487 5713 556 5746 ¹⁰³
585 5730 656 5768 m.
698 5713 757 5770 P.
795 5717 1005 5772 me'ieo
1042 5718 1089 5770 l.

416 5786 562 5839 debet
594 5787 646 5839 in
674 5788 788 5840 cod.
827 5789 871 5842 ι.

1657 5716 1725 5747 ²⁰⁷⁵
1784 5716 2006 5784 fortasse
2052 5730 2360 5786 peiurum,
2403 5721 2460 5767 ut
2509 5714 2560 5766 in
2606 5712 2720 5767 cod.
2774 5708 2970 5764 Bamb.
3037 5709 3160 5761 hist.
3218 5705 3547 5773 Alexandri,
3614 5699 3708 5776 legi
