3828 6308
87 346 172 402 577
1009 337 1381 397 CHRONICA.
1420 364 1492 381 -ο
1525 332 1920 392 CHRONlCON
1961 331 2419 392 UNIVERSALE.

3225 335 3331 392 578

86 455 438 526 rescripsitque
464 452 752 523 epistolam
781 449 944 505 talem
972 468 985 504 :
1009 450 1120 505 Rex
1141 450 1443 506 Alexander
1472 446 1641 502 Dario
1670 456 1712 514 Α
1744 445 2105 518 recitavitque
2146 446 2425 502 somnium
2452 444 2645 501 amicis
2690 445 2826 512 suis,
2857 445 2952 518 qui
2977 444 3248 503 dederunt
3279 443 3331 503 ei

88 551 195 623 regi.
230 547 529 618 Superbiam
559 554 608 600 et
634 545 914 601 elationem
948 559 1286 614 supervacua:
1320 541 1505 614 gloria:
1533 548 1637 596 tua:

62 632 189 695 ‘odio
210 639 385 693 habent
413 636 511 703 dii,
540 644 695 707 prout
716 635 888 701 video,
915 635 1042 706 quia
1068 650 1170 689 non
1194 649 1366 689 cessas
1392 631 1638 703 blasphe-

88 748 210 788 mare
231 747 384 802 usque
404 731 459 784 in
486 730 665 801 ﬁnem.
683 726 744 800 (f.
773 725 921 798 l06.)
949 726 1103 794 Quod
1133 725 1361 796 benefeci
1386 726 1513 793 tuis,
1537 742 1640 779 non

88 842 165 896 pro
200 833 281 877 tuo
319 824 502 876 timore
529 820 651 892 feci,
679 820 769 874 sed
800 820 995 874 habens
1026 834 1170 890 spem
1200 817 1444 871 intrandi
1465 817 1536 871 ad
1569 825 1637 882 te,

89 916 263 969 ostendi
300 913 374 967 eis
417 912 789 984 benignitatem
832 926 1023 977 meam,
1071 917 1129 963 ut
1173 917 1224 963 et
1248 917 1305 963 tu
1331 917 1481 980 grato
1501 908 1639 962 illud

90 1008 239 1061 animo
270 1006 524 1075 acciperes
548 1020 568 1069 ;
608 1003 698 1058 sed
734 1010 792 1056 ut
822 1003 1017 1069 sentio,
1049 1008 1104 1055 tu
1130 1017 1232 1055 non
1261 1018 1314 1056 es
1338 1001 1503 1055 animi
1537 1000 1640 1055 hu-

91 1099 228 1153 mani.
253 1096 377 1153 Htec
402 1097 626 1168 epistola
662 1112 778 1151 mea
810 1096 1003 1150 ultima
1028 1095 1099 1149 sit
1139 1094 1256 1149 tibi.
1302 1093 1440 1151 Cave
1467 1095 1642 1165 itaque

91 1199 207 1257 tc,et
227 1198 441 1243 mentem
466 1188 599 1243 habe
621 1189 676 1242 in
709 1196 775 1243 te.
815 1186 917 1243 Ubi
947 1202 1077 1259 ergo
1105 1186 1304 1243 direxit
1330 1187 1639 1258 epistolam,

90 1281 364 1353 preparavit
400 1295 480 1348 se,
516 1288 571 1336 et
603 1279 825 1351 scripsit
860 1280 1095 1351 satrapis
1124 1279 1242 1336 suis
1284 1280 1380 1351 qui
1407 1280 1642 1336 erantin

92 1373 219 1446 Syria
243 1382 294 1429 et
315 1371 681 1444 Cappadocia,
708 1368 902 1429 Cilicia
945 1380 1001 1428 et
1031 1370 1337 1443 Pamphilia
1362 1380 1418 1428 et
1440 1371 1642 1429 Arabia

91 1471 357 1541 ceterisque
389 1469 687 1541 provinciis
710 1511 727 1539 ,
786 1478 850 1525 ut
897 1477 1215 1541 prepararet
1264 1468 1644 1540 unusquisque

91 1564 213 1620 mille
234 1563 551 1619 vestimenta
596 1572 650 1619 et
699 1563 866 1635 pelles
892 1563 1233 1630 animalium,
1258 1568 1532 1634 quotquot
1558 1559 1644 1615 in-

91 1658 345 1724 venirent,
390 1664 446 1711 et
491 1654 839 1712 Antiochiam
866 1656 1165 1724 mitterent,
1205 1655 1390 1728 ibique
1417 1653 1642 1711 ordina-

90 1759 249 1805 rentur
271 1747 484 1817 cameli,
511 1748 606 1819 qui
628 1756 911 1819 portarent
934 1763 999 1804 ea
1025 1745 1645 1820 usqueEnfraten,qua-

94 1842 213 1898 tinus
233 1840 426 1897 milites
568 1811 831 1897 haberent
854 1811 1175 1898 vestimenta
1190 1849 1245 1897 et
1258 1811 1639 1898 calciamenta.
1677 1811 1719 1870 Β

149 1932 321 1988 Darius
344 1946 481 1987 vero
509 1930 731 2002 scripsit
784 1931 1022 2002 satrapis
1070 1932 1188 1988 suis
1236 1940 1297 1988 ut
1339 1938 1523 1988 essent
1548 1947 1645 2003 pa-

92 2021 176 2076 rati
193 2037 305 2077 eum
326 2020 585 2077 omnibus
606 2020 722 2077 suis
754 2019 824 2076 ad
853 2020 1217 2078 resistendum
1246 2021 1498 2094 gentibus
1530 2020 1645 2079 Ms-

95 2113 296 2169 eedonize
316 2154 331 2179 ,
373 2111 639 2183 misitque
660 2111 729 2167 ad
756 2110 962 2167 Porum
995 2127 1181 2184 regem
1211 2111 1396 2181 Indiae,
1429 2122 1490 2169 ut
1522 2128 1647 2185 pre-

95 2205 218 2261 beret
245 2206 290 2261 ei
312 2204 672 2276 adjutorium.
713 2204 818 2273 Qui
844 2205 1128 2277 rescripsit
1155 2205 1226 2274 ei,
1258 2221 1319 2263 se
1338 2206 1405 2263 de
1441 2205 1644 2279 injuria

96 2298 191 2367 ejus
223 2298 363 2355 valde
383 2299 455 2331 ὀ⁶
489 2297 696 2365 dolere,
736 2305 791 2354 et
815 2312 874 2354 se
899 2297 1120 2369 quidem
1150 2307 1461 2371 promptum
1523 2315 1647 2383 esse

95 2391 261 2459 venire,
287 2392 377 2448 sed
402 2390 722 2457 inﬁrmitate
754 2391 1100 2462 prepediente
1129 2407 1240 2449 non
1272 2407 1456 2464 posse,
1503 2393 1647 2448 mili-

97 2492 160 2537 tes
176 2492 336 2540 tamen
357 2499 495 2542 suos
530 2500 658 2541 cum
680 2483 804 2540 aliis
832 2484 1084 2556 gentibus
1104 2493 1367 2541 venturos
1390 2501 1535 2542 esse.

151 2574 296 2631 llater
318 2585 509 2632 autem
530 2574 681 2632 Darii
711 2591 838 2632 cum
876 2576 1122 2632 audisset
1159 2577 1307 2648 quod
1333 2577 1423 2633 ille
1448 2593 1508 2635 se
1541 2578 1645 2635 ite-

96 2683 195 2722 rum
225 2670 535 2740 preparare‘t
575 2669 643 2725 ad
700 2668 1059 2740 prarliandum
1117 2684 1244 2726 cum
1311 2668 1645 2739 Alexandro,

98 2756 260 2812 direxit
299 2758 373 2813 illi
411 2757 710 2830 epistolam
742 2759 887 2814 hanc
939 2777 952 2814 :
1000 2758 1172 2814 Dario
1202 2760 1312 2833 regi
1339 2770 1510 2816 mater
1547 2778 1648 2816 sua

101 2849 327 2917 gaudium.
360 2850 680 2905 Audivimus
730 2851 858 2922 quia
893 2866 1179 2923 congregas
1231 2852 1370 2907 alias
1399 2861 1574 2925 gentes
1598 2863 1647 2909 et

102 2957 291 3010 pugnare
321 2944 393 2997 vis
417 2960 545 2998 cum
568 2942 891 2999 Alexandro.
924 2942 1079 3010 Quod
1114 2945 1161 2999 si
1188 2953 1358 2999 totum
1393 2946 1649 3000 mundum

105 3032 298 3088 adunare
336 3035 576 3105 potueris
601 3076 616 3103 ,
663 3035 791 3107 quid
819 3036 1011 3091 exinde
1047 3038 1249 3092 eveniat
1297 3040 1488 3105 nescis,
1524 3040 1649 3110 quia

103 3125 295 3182 victoriae
314 3128 394 3183 illi
416 3145 678 3184 concessa:
698 3138 840 3184 sunt.
868 3128 1090 3184 Dimitte
1111 3148 1322 3186 sensum
1344 3133 1649 3188 altitudinis

106 3224 207 3284 tua,
234 3229 278 3273 et
325 3221 525 3276 reclina
576 3221 877 3293 paululum,
920 3233 969 3278 et
1005 3239 1069 3278 ne
1106 3240 1378 3294 presumas
1404 3224 1649 3291 multaut,
1679 3196 1719 3253 Ο

104 3311 204 3377 quia
242 3314 411 3383 perdes
461 3316 653 3370 vitam.
704 3314 782 3369 De
830 3316 983 3370 nobis
1023 3324 1200 3371 autem
1235 3317 1396 3385 scias,
1424 3318 1553 3389 quia
1596 3318 1653 3371 in

104 3399 299 3460 iniiximo
320 3407 512 3464 honore
551 3423 735 3463 sumus
757 3408 902 3480 apud
926 3425 1067 3477 eum,
1096 3409 1186 3464 sed
1215 3409 1423 3464 inducis
1452 3409 1654 3465 malum

103 3510 229 3564 super
249 3515 354 3566 nos,
379 3510 429 3555 et
472 3500 613 3572 facis
651 3517 744 3555 nos
776 3502 1020 3555 amittere
1047 3502 1280 3573 gratiam
1306 3519 1463 3574 quam
1489 3502 1652 3558 habe-

105 3602 214 3643 mus.
238 3588 340 3646 Fili
363 3593 454 3658 mi,
484 3592 599 3646 noli
642 3610 928 3665 preparare
970 3594 1132 3649 matri
1180 3602 1286 3650 tute
1326 3596 1651 3667 angustiora,

104 3681 201 3747 quia
221 3682 408 3751 ﬁducia
441 3684 607 3739 michi
632 3693 731 3754 est,
759 3686 808 3739 si
841 3685 1089 3754 volueris,
1127 3695 1175 3741 te
1205 3688 1262 3741 in
1302 3687 1435 3741 bono
1472 3688 1655 3743 ordine

105 3770 307 3836 futurum
343 3793 461 3831 cum
501 3775 833 3835 Alexandro.
884 3777 1129 3837 Perlecta
1157 3779 1356 3837 Darius
1395 3781 1499 3838 hac
1541 3782 1656 3852 cpi-

104 3865 216 3921 stola
240 3870 480 3927 turbatus
508 3880 597 3927 est
632 3871 811 3940 valde,
852 3881 906 3928 et
931 3871 1097 3930 ﬂevit.

160 3954 285 4015 Inter
298 3960 409 4019 haec
427 3962 739 4020 Alexander
760 3948 1250 4021 movit'exereitum
1274 3980 1457 4033 suum,
1479 3973 1533 4021 et
1551 3980 1659 4021 co:-

105 4047 166 4115 ρίῑ
194 4050 385 4123 ingredi
415 4063 619 4113 terram
651 4054 822 4125 Darii,
852 4068 906 4113 et
927 4058 1373 4129 apprOpinquans
1393 4058 1464 4126 ei,
1497 4058 1573 4113 ita
1598 4066 1658 4113 ut

105 4136 385 4203 Macedones
404 4148 658 4204 viderent
677 4149 1132 4207 sublimissimum
1148 4150 1330 4206 locum
1354 4165 1421 4205 ex
1442 4150 1658 4206 civitate

105 4228 244 4304 Darii,
267 4238 427 4308 jussit
456 4240 662 4298 milites
690 4257 824 4298 suos
870 4242 1101 4298 evellere
1142 4242 1341 4298 herbas
1370 4250 1425 4297 et
1474 4257 1658 4297 ramos

104 4325 324 4385 arborum
344 4341 396 4388 et
418 4333 590 4406 ligare
612 4333 667 4389 in
686 4333 917 4406 pedibus
934 4351 1200 4407 equorum
1223 4334 1291 4391 ad
1311 4335 1657 4391 excitandum

103 4420 363 4493 pulverem,
388 4425 462 4484 ita
488 4435 552 4483 ut
571 4426 816 4483 viderent
840 4426 1020 4485 Persae
1038 4436 1091 4484 et
1110 4428 1461 4484 mirarentur.
1486 4426 1662 4483 Dista-

1740 538 2030 594 consilium
2089 546 2151 593 ut
2192 539 2267 593 ita
2303 537 2525 593 faceret.
2598 535 2812 594 Vocans
2848 547 3030 595 autem
3071 538 3330 595 fidelissi-

1741 646 1894 685 mum
1925 645 2091 686 suum
2119 639 2418 701 satrapam,
2449 630 2537 686 cui
2572 646 2772 686 nomen
2807 630 3046 700 Eumilo,
3085 632 3208 688 tulit
3236 647 3325 688 se-

1739 737 1867 777 cum
1897 732 2005 778 tres
2043 721 2419 779 velocissimos
2451 738 2659 794 equos;
2686 739 2857 778 unum
2886 723 3159 781 insidebat
3180 725 3317 796 ipse,

1741 819 1910 874 alium
1948 818 2201 890 princeps
2232 818 2341 887 ille,
2383 818 2588 873 tercius
2616 818 2875 889 pergebat
2919 834 3143 875 vacuus.
3190 818 3327 875 Per—

1741 920 1930 983 gentes
1953 911 2122 983 igitur
2141 910 2325 978 ambo,
2350 919 2615 966 venerunt
2648 911 2716 967 ad
2747 910 2973 966 ﬂuvium
3002 914 3097 983 qui
3127 912 3328 968 dicitur

1744 1000 1997 1074 Stragan.
2038 1000 2139 1056 llic
2171 1000 2371 1057 ﬂuvius
2413 1017 2510 1073 pre
2551 1001 2725 1058 nimio
2768 1001 2970 1075 frigore
3013 1005 3329 1077 congelatur

1743 1102 1930 1162 noctu,
1942 1094 2237 1165 prebetque
2258 1094 2360 1148 iter
2377 1102 2489 1149 tota
2512 1102 2670 1151 nocte
2685 1097 3095 1152 transeuntibus
3112 1117 3125 1164 ;
3145 1113 3329 1164 mane,

1743 1201 1870 1241 eum
1918 1185 2207 1241 incaluerit
2237 1186 2351 1253 sol,
2419 1187 2740 1243 dissolvitur
2774 1197 2828 1243 et
2866 1189 3330 1260 perfundissimus

1743 1275 1976 1334 ellicitur
2018 1286 2075 1335 et
2118 1277 2484 1350 ingredientes
2536 1280 2813 1336 absorbet.
2856 1280 3095 1338 Veniens
3148 1282 3334 1354 itaque

1744 1367 2071 1438 Alexander,
2104 1370 2311 1425 invenit
2340 1385 2466 1426 eum
2494 1373 2857 1444 congelatum,
2888 1372 3230 1445 induensque
3269 1391 3330 1432 se

1744 1459 1977 1531 ﬁguram
2008 1475 2175 1531 quam
2205 1460 2415 1517 viderat
2448 1462 2503 1517 in
2536 1478 2763 1530 somno,
2790 1463 3000 1520 dimisit
3027 1465 3100 1520 ibi
3124 1466 3333 1536 princi-

1746 1554 1871 1625 pem
1914 1553 2069 1610 illum
2115 1570 2240 1610 eum
2286 1556 2501 1612 duobus
2549 1556 2795 1623 caballis,
2838 1569 2892 1612 et
2932 1558 3047 1628 ipse
3079 1574 3203 1615 cum
3230 1577 3331 1617 suo

1745 1646 2020 1704 transivit.
2072 1647 2204 1703 Erat
2248 1658 2432 1704 autem
2485 1648 2685 1705 ﬂuvius
2737 1649 2795 1704 in
2835 1651 3121 1709 latitudine
3170 1653 3333 1710 stadii

1746 1741 1912 1797 unius
1932 1740 2057 1795 ²⁰⁶·¹.
2078 1740 2282 1797 Abiens
2303 1742 2838 1813 itaque'Alexander,
2864 1759 2987 1799 eum
3002 1745 3241 1801 venisset
3264 1747 3332 1801 ad
3372 1736 3397 1743 ”

1747 1840 1961 1903 portam
2004 1832 2242 1889 civitatis
2272 1832 2443 1901 Darii,
2493 1834 2738 1891 videntes
2764 1851 2891 1891 eum
2919 1834 3121 1903 Persae,
3152 1838 3334 1894 mirati

1748 1937 1877 1984 sunt
1916 1928 1973 1983 in
2009 1929 2186 2000 figura
2229 1929 2416 1984 vultus
2458 1928 2612 2001 ejus,
2650 1930 2971 1988 estimantes
3012 1931 3165 1987 illum
3212 1949 3334 1989 esse

1746 2019 1930 2075 deum.
1959 2016 2331 2091 Interrogatus
2356 2028 2537 2075 autem
2570 2021 2639 2076 ab
2660 2021 2740 2078 eis
2770 2023 2898 2093 quis
2921 2032 3086 2091 esset,
3114 2039 3339 2094 respon-

1746 2109 1846 2177 dit,
1880 2124 1940 2166 se
1966 2110 2389 2181 apocrisiarium
2411 2125 2535 2167 esse
2565 2112 2710 2185 regis
2731 2112 3048 2169 Alexandri.
3075 2113 3141 2169 Et
3160 2115 3332 2170 duxe-

1747 2211 1879 2258 runt
1903 2218 2031 2259 eum
2066 2203 2135 2259 ad
2173 2201 2421 2260 Darium.
2468 2202 2572 2271 Qui
2612 2205 2803 2262 videns
2828 2222 2954 2262 eum
2992 2207 3240 2264 adoravit
3272 2215 3335 2262 ut

1748 2294 1935 2364 deum,
1967 2295 2216 2367 cogitans
2260 2296 2414 2352 illum
2454 2311 2577 2353 esse
2607 2296 2861 2353 Mithram
2897 2299 3082 2367 deum,
3107 2300 3334 2356 descen—

1747 2387 1967 2443 dentem
1992 2388 2059 2443 de
2080 2388 2257 2445 eoelis.
2283 2387 2783 2462 InterrOgavitergo
2807 2406 2935 2448 eum
2960 2409 2975 2448 :
3001 2391 3133 2454 Quis
3154 2409 3208 2447 es
3234 2393 3336 2448 tu.’

1747 2478 1849 2534 Cui
1873 2480 1962 2535 ille
1994 2498 2007 2533 :
2044 2478 2439 2549 Apocrisiarius
2473 2498 2591 2535 sum
2622 2482 2760 2554 regis
2800 2483 3116 2553 Alexandri,
3142 2502 3334 2541 missus

1748 2571 2002 2626 nunciare
2042 2570 2137 2625 tibi
2174 2572 2302 2642 quia
2330 2589 2533 2627 moram
2564 2573 2697 2645 facit
2725 2575 2781 2628 in
2806 2592 2991 2647 campo
3025 2586 3333 2647 exspectans

1751 2673 1817 2719 te.
1854 2663 2025 2732 Unde,
2053 2665 2101 2718 si
2117 2665 2214 2719 tibi
2239 2664 2434 2736 placet,
2459 2667 2719 2721 constitue
2742 2667 2880 2721 diem
2903 2668 3207 2740 prwliandi.
3234 2670 3335 2725 Cui

1750 2755 1986 2812 Darius:
2020 2756 2278 2811 Forsitan
2312 2766 2368 2811 tu
2404 2774 2458 2813 es
2503 2758 2835 2828 Alexander,
2882 2762 2971 2832 qui
3016 2778 3137 2816 cum
3179 2771 3333 2817 tanta

1747 2848 1977 2920 loqueris
2023 2849 2285 2917 audacia;
2328 2867 2431 2904 non
2467 2851 2608 2905 enim
2647 2850 2876 2923 loqueris
2911 2853 3050 2908 sicut
3080 2856 3334 2922 nuncius,

1748 2941 1839 2995 sed
1862 2941 2000 2995 sicut
2023 2942 2132 3012 ipse
2156 2940 2478 2997 Alexander.
2514 2940 2667 2998 Scias
2695 2952 2871 2999 tamen
2900 2962 2995 3016 pro
3027 2957 3188 3015 certo,
3210 2949 3337 3021 quia

1749 3034 1980 3089 audacia
2009 3043 2102 3089 tua
2135 3033 2282 3089 nullo
2306 3035 2462 3090 modo
2492 3035 2772 3091 conturbat
2808 3054 2908 3093 me.
2935 3035 3039 3094 Sed
3071 3042 3338 3097 manduca

1750 3126 1906 3181 hodie
1932 3143 2153 3192 mecum,
2175 3127 2302 3198 quia
2322 3137 2373 3182 et
2400 3127 2702 3183 Alexander
2733 3128 2870 3184 sedit
2898 3131 2969 3184 ad
2993 3148 3191 3187 caenam
3219 3150 3339 3188 cum

1753 3219 1930 3273 missis
1956 3220 2105 3274 meis.
2137 3217 2205 3274 Et
2225 3220 2522 3276 extendens
2544 3237 2789 3290 manum,
2826 3225 3181 3294 apprehendit
3208 3242 3333 3281 eum

1751 3330 1850 3385 per
1886 3315 2163 3370 dexteram
2195 3358 2210 3382 ,
2257 3314 2667 3387 introduxitque
2727 3316 2784 3371 in
2825 3318 3090 3388 palatium
3147 3336 3332 3377 suum.

1752 3411 2056 3468 Alexander
2072 3429 2202 3470 vero
2212 3429 2310 3484 pro
2325 3414 2482 3485 signo
2498 3412 2672 3468 tenuit
2694 3411 2748 3466 in
2764 3412 2927 3467 corde
2949 3428 3052 3468 suo
3068 3412 3173 3467 hoc
3190 3413 3337 3483 quod

1753 3496 1977 3562 induxit
2000 3520 2126 3560 eum
2153 3521 2251 3577 per
2282 3505 2585 3572 dexteram,
2628 3504 2787 3575 quasi
2804 3504 2919 3576 jam
2949 3513 3159 3561 teneret
3180 3506 3337 3577 pala-

1755 3598 1892 3654 tium
1930 3597 2140 3654 inimici
2178 3598 2284 3666 sui,
2330 3598 2723 3671 ingressusque
2762 3597 3094 3665 triclinium,
3141 3597 3198 3653 in
3226 3612 3338 3670 quo

1752 3699 1872 3744 erat
1898 3688 2211 3745 convivium
2251 3697 2648 3761 praeparatum,
2681 3689 2823 3747 sedit
2850 3705 2978 3746 cum
3012 3705 3159 3762 rege,
3183 3689 3340 3746 sede-

1754 3788 1886 3836 runt
1906 3789 1961 3837 et
1979 3780 2254 3853 principes
2283 3781 2430 3836 Darii
2463 3780 2601 3837 faeie
2622 3781 2691 3837 ad
2714 3779 2928 3837 faciem.
2953 3780 3133 3838 Persa:
3155 3782 3340 3855 itaque

1756 3873 2006 3930 sedentes
2038 3874 2093 3929 in
2117 3874 2367 3931 convivio
2395 3875 2762 3945 despexerunt
2789 3875 2999 3929 vultum
3021 3874 3337 3944 Alexandri,

1755 3977 1821 4018 eo
1861 3965 2009 4034 quod
2048 3973 2195 4021 esset
2236 3980 2460 4036 parvus,
2518 3965 2826 4021 nescientes
2867 3965 3046 4035 qualis
3075 3966 3250 4022 virtus
3287 3974 3345 4022 et

1756 4054 1937 4125 qualis
1967 4055 2200 4110 audacia
2227 4064 2350 4111 erat
2392 4056 2447 4111 in
2492 4056 2718 4112 vasculo
2754 4054 2870 4110 tali.
2908 4054 3191 4112 Pincerna:
3210 4072 3343 4113 vero

1756 4142 2004 4201 ferebant
2031 4146 2217 4216 sepius
2244 4146 2457 4217 pocula.
2490 4144 2760 4201 Mediante
2781 4161 2912 4201 vero
2934 4148 3185 4203 convivio
3211 4165 3338 4205 cum

1758 4239 1981 4293 allatum
2012 4236 2208 4293 fuisset
2233 4237 2544 4292 Alexandro
2587 4239 2847 4308 poculum
2882 4254 3050 4293 aureo
3084 4241 3153 4272 ²⁰⁷
3182 4249 3238 4297 et
3261 4241 3346 4295 bi-

1759 4334 1948 4400 bisset,
1976 4332 2126 4389 misit
2154 4332 2286 4388 illud
2333 4332 2388 4386 in
2433 4331 2616 4386 sinum
2653 4346 2848 4399 suum,
2876 4330 3113 4403 fecitque
3139 4333 3243 4389 hoc
3264 4348 3349 4388 se-

1760 4425 1939 4481 cundo
1972 4434 2026 4481 et
2046 4424 2233 4480 tercio.
2261 4422 2415 4492 Quod
2437 4438 2565 4480 cum
2587 4423 2852 4480 vidissent
2880 4425 3176 4495 pineerrue,
3202 4442 3346 4482 nun—

105 4509 211 4568 bant
235 4518 373 4573 enim
399 4532 432 4574 a
475 4518 699 4576 civitate
745 4519 941 4576 itinere
968 4520 1179 4576 dierum
1215 4520 1478 4593 quinque.
1519 4518 1656 4576 Cum
1692 4551 1736 4610 ο
1762 4516 2044 4573 ciaverunt
2083 4515 2265 4572 Dario.
2312 4515 2499 4572 Erexit
2530 4531 2588 4573 se
2626 4515 2853 4583 Darius,
2884 4525 2939 4572 et
2982 4515 3118 4573 dixit
3150 4535 3163 4572 :
3195 4518 3241 4573 0
3266 4520 3349 4573 vir

105 4612 253 4661 autem
291 4610 574 4667 venissent
612 4612 860 4683 propius,
903 4611 1039 4667 dixit
1078 4610 1383 4667 Alexander
1424 4611 1540 4667 suis
1571 4626 1660 4667 sa-
1694 4607 1717 4610 “
1762 4610 2073 4682 fortissime,
2114 4610 2243 4682 quid
2284 4608 2484 4664 esthoc
2521 4608 2660 4681 quod
2685 4610 2834 4681 agis?
2858 4607 2962 4665 Cui
3000 4609 3343 4666 Alexander:

106 4693 370 4757 trientibus:
395 4701 738 4758 lnveniamus
754 4704 1035 4771 hominem,
1049 4720 1199 4775 quem
1221 4703 1515 4775 dirigamus
1542 4703 1656 4758 Da—

108 4784 247 4853 τίονιιι
266 4804 572 4864 preparetse
585 4807 632 4849 et
644 4804 795 4850 exeat
823 4796 893 4850 ad
914 4812 1007 4850 nos
1021 4796 1076 4849 in
1097 4812 1347 4867 pugnant.
1366 4795 1657 4851 Dormiens

106 4887 257 4935 autem
276 4884 366 4952 ibi,
381 4886 518 4942 vidit
542 4903 596 4942 ιιι
619 4903 815 4944 somno
835 4886 1195 4944 Hammonem
1216 4888 1377 4945 deum
1402 4889 1455 4943 in
1478 4887 1655 4945 forma

108 4964 280 5041 "enni,
309 4984 617 5045 portantem
658 4978 1045 5035 dominicalem
1074 4980 1361 5035 clamidem
1399 4989 1452 5035 et
1475 4978 1655 5034 Maceo

108 5057 325 5122 denicam
357 5080 586 5139 vestem,
618 5071 833 5143 sibique
853 5072 1121 5128 dicentem
1154 5090 1169 5127 :
1198 5071 1308 5127 Fili
1334 5071 1655 5139 Alexander,

107 5157 286 5219 quando
313 5178 517 5217 necesse
543 5172 620 5219 est
646 5164 994 5234 adiutorium,
1016 5175 1238 5237 paratus
1266 5182 1381 5220 sum
1408 5165 1660 5220 nunciare

109 5244 205 5300 tibi.
246 5248 387 5320 Vide,
423 5271 576 5327 quem
608 5257 828 5311 missum
863 5256 1092 5329 dirigere
1128 5257 1374 5312 volueris.
1417 5255 1520 5311 Sed
1540 5257 1657 5310 dico

111 5338 189 5393 tibi
235 5353 288 5398 ut
314 5347 506 5404 induas
539 5350 768 5421 formam
794 5368 963 5406 meam
982 5394 997 5420 ,
1027 5361 1078 5408 et
1106 5360 1163 5406 tu
1192 5351 1353 5407 vadas
1381 5349 1528 5406 illuc.
1553 5349 1659 5405 Pe-

112 5430 311 5489 riculosa
362 5441 565 5509 luidem
597 5459 678 5497 res
719 5452 818 5510 est,
861 5442 938 5498 ire
977 5460 1147 5516 regem
1189 5461 1280 5515 per
1306 5444 1655 5511 missaticum,

111 5523 183 5575 sed
200 5528 312 5594 quia
341 5531 467 5585 deus
498 5542 574 5587 est
596 5535 654 5588 in
681 5535 1009 5605 adjutorium
1047 5535 1174 5603 tibi,
1204 5533 1408 5589 nullam
1431 5536 1660 5590 sustine-

1760 4702 2018 4757 Dominus
2043 4718 2186 4757 meus
2210 4702 2391 4757 sedens
2420 4702 2477 4757 in
2498 4704 2731 4758 convivio
2757 4702 2918 4756 donat
2948 4701 3207 4756 militibus
3232 4704 3349 4758 suis

1758 4795 1973 4851 vascula
1996 4795 2093 4850 illa
2116 4796 2170 4849 in
2192 4794 2379 4867 quibus
2402 4794 2604 4850 bibunt.
2633 4793 2786 4861 Quod
2805 4795 2852 4849 si
2875 4793 2999 4847 talis
3023 4795 3347 4850 consuetudo

1758 4905 1861 4943 non
1886 4897 1966 4942 est
2009 4888 2149 4941 inter
2178 4904 2288 4954 vos,
2323 4886 2484 4941 reddo
2514 4886 2656 4940 vobis
2697 4885 2893 4940 omnia.
2926 4882 2985 4938 In
3014 4884 3119 4939 hoc
3154 4899 3345 4941 omnes

1760 4986 2071 5044 tacuerunt,
2130 4978 2434 5049 cogitantes
2478 4977 2626 5047 quod
2662 4976 2785 5031 talis
2829 4975 3169 5030 consuetudo
3201 4985 3349 5031 esset

1760 5071 1904 5141 apud
1936 5070 2058 5125 illos
2090 5068 2179 5123 ⁸⁸⁸.
2215 5068 2370 5125 Unus
2406 5078 2591 5123 autem
2622 5084 2688 5123 ex
2724 5065 3063 5138 principibus
3098 5068 3344 5135 militiae,

1759 5163 1849 5219 cui
1877 5177 2072 5217 nomen
2099 5160 2376 5231 Anepolis,
2398 5159 2674 5230 quondam
2703 5158 2907 5215 missus
2930 5157 2998 5213 ad
3018 5156 3344 5231 Phylippum

1761 5256 1979 5327 exigere
2015 5254 2083 5309 ab
2108 5268 2175 5309 eo
2202 5268 2450 5318 censum,
2480 5250 2615 5308 vidit
2658 5258 2791 5307 tunc
2832 5251 3226 5317 Alexandrum,
3261 5267 3348 5306 se-

1761 5328 2006 5419 densque
2031 5361 2178 5403 nunc
2221 5345 2279 5401 in
2313 5344 2563 5402 convivio
2597 5360 2725 5401 cum
2756 5360 2823 5400 eo
2858 5342 2997 5399 facie
3032 5343 3098 5398 ad
3126 5327 3352 5409 faciem,‘

1764 5439 1993 5495 intuitus
2012 5446 2097 5494 est
2118 5436 2312 5493 faciem
2331 5436 2473 5508 ejus,
2495 5436 2660 5506 erepit
2679 5436 2917 5508 cogitare
2940 5435 2995 5489 in
3022 5434 3184 5489 corde
3209 5448 3311 5488 suo
3331 5453 3341 5485 :

1768 5532 1958 5587 Nonne
1979 5532 2077 5586 iste
2096 5540 2174 5586 est
2197 5530 2533 5586 Alexander?
2558 5527 2878 5599 lntellegens
2897 5526 3042 5582 enim
3072 5539 3264 5580 vocem
3294 5532 3348 5577 tt

113 5612 176 5665 bis
200 5623 509 5691 angustiam.
536 5623 809 5698 Evigilans
838 5636 1021 5684 autem
1064 5629 1305 5700 repletus
1330 5640 1413 5685 est
1440 5627 1656 5701 gaudio,
1768 5628 1924 5699 signa
1959 5626 2128 5693 iilius,
2169 5624 2402 5684 accessit
2432 5623 2498 5679 ad
2531 5622 2775 5683 Darium.
2812 5630 2867 5678 et
2889 5620 3062 5677 dixit:
3100 5617 3344 5686 Domine,

1389 5721 1623 5778 VARI/E
1651 5719 2060 5780 ‘LECTIONES.
2960 5724 2965 5729 ‘

173 5802 249 5836 ’"'
279 5811 436 5866 stadii
465 5829 500 5868 u
529 5831 554 5867 c
583 5832 719 5873 corr.
756 5818 806 5874 1.
884 5818 953 5852 ’⁸⁷
976 5817 1053 5874 ita
1080 5818 1127 5873 ι.
1164 5892 1168 5897 Α
1204 5818 1275 5851 ’⁸⁸
1295 5818 1435 5873 deest
1465 5816 1513 5871 l.
1548 5830 1641 5872 eos
1664 5816 1748 5872 ες.
