3828 6308
96 287 165 343 581

97 412 161 455 tur
197 399 478 466 imperator,
524 406 572 445 s1
624 403 855 460 regnum
904 388 1052 444 Darii
1096 406 1208 444 non
1249 390 1594 460 optinuisset.
1629 392 1673 447 A

94 487 287 557 Cumque
307 481 529 537 audisset
547 477 748 534 Darius
764 479 1056 535 adventum
1080 480 1392 547 Alexandri,
1419 481 1600 535 timuit

94 578 225 633 valde.
253 573 356 627 Duo
381 579 554 626 autem
575 585 643 626 ex
670 570 855 627 Persis
877 586 1004 626 cum
1035 572 1316 628 audissent
1343 587 1467 627 eum
1498 588 1598 643 ap-

94 667 409 741 propinquare,
431 669 735 717 statuerunt
754 660 977 716 Darium
991 662 1259 729 occidere,
1283 662 1599 717 estimantes

94 776 137 815 se
154 764 424 830 recepturos
451 753 518 807 ab
546 751 857 807 Alexandro
905 768 1159 824 magnam
1205 753 1600 807 remuneratio-

94 867 205 916 nem,
233 849 271 904 si
296 848 406 917 ejus
446 845 727 901 inimicum
773 845 1104 901 occiderent.
1146 844 1396 914 Cumque
1442 846 1594 899 inve-

92 944 254 997 nissent
282 937 486 992 Darium
509 936 564 990 in
597 934 800 1005 palatio
826 936 999 991 solum
1018 977 1033 1001 ,
1082 935 1385 1006 evaginatis
1407 934 1599 1005 gladiis

93 1035 378 1086 accesserunt
406 1026 471 1081 ad
492 1041 638 1081 eum.
660 1023 872 1091 Quibus
898 1025 972 1080 ait
996 1024 1194 1080 Darius
1222 1044 1234 1079 :
1264 1024 1308 1080 Ο
1328 1023 1599 1078 karissimi

92 1122 184 1188 mei,
210 1119 446 1192 quondam
476 1118 633 1184 servi,
678 1132 816 1171 nunc
857 1125 1035 1171 autem
1066 1118 1291 1184 domini,
1322 1134 1485 1188 quare
1519 1132 1599 1169 me

91 1213 472 1269 rultisoccidere?
499 1210 634 1266 Plus
662 1211 908 1265 honorati
937 1219 1059 1265 sunt
1100 1210 1409 1265 Macedones
1440 1226 1599 1280 quam

90 1325 177 1372 ros;
215 1307 411 1361 recedite
446 1322 477 1359 a
525 1320 649 1369 me;
690 1305 880 1375 sufficit
920 1304 1079 1358 michi
1127 1304 1403 1359 tribulatio
1443 1320 1596 1368 mea;

90 1398 211 1451 nolite
230 1396 367 1450 michi
396 1395 487 1449 hoc
516 1394 717 1448 malum
747 1394 939 1464 facere.
986 1393 1045 1449 Si
1079 1394 1380 1449 occideritis
1412 1412 1511 1459 me,
1547 1403 1598 1449 et

90 1490 244 1541 veniens
265 1485 549 1540 Alexander
581 1486 833 1540 invenerit
866 1502 946 1540 me
982 1487 1212 1540 occisum
1245 1487 1400 1557 quasi
1441 1502 1473 1539 a
1509 1485 1595 1540 la-

92 1581 289 1647 tronibus,
316 1580 463 1650 faciet
492 1579 781 1633 vindictam
813 1579 870 1633 in
904 1595 1027 1643 vos;
1061 1594 1164 1633 non
1189 1580 1327 1633 enim
1361 1588 1437 1633 est
1464 1596 1595 1650 gau-

89 1671 196 1724 dium
232 1670 537 1740 imperatori,
571 1670 800 1724 invenire
834 1668 1002 1723 alium
1035 1670 1404 1740 imperatorem
1450 1687 1593 1725 mor-

92 1772 200 1814 tuum
221 1738 404 1831 fraude.
430 1760 509 1815 Illi
534 1769 718 1816 autem
746 1759 1003 1816 ferientes
1032 1738 1157 1817 eum
1181 1761 1394 1832 gladiis,
1434 1762 1595 1816 dimi-
1630 1738 1669 1794 ⁸

89 1861 229 1905 serunt
268 1851 607 1919 semivivum,
649 1859 704 1906 et
747 1852 1011 1906 abeuntes
1060 1851 1465 1907 abseonderunt
1513 1868 1593 1916 se,

88 1939 214 1996 donec
231 1941 456 1996 audirent
476 1943 803 2009 sententiam
826 1942 1139 1999 Alexandri.
1164 1942 1597 1999 Transeuntibus

87 2043 221 2087 autem
245 2033 615 2091 Macedonibus
653 2034 885 2108 Stragan
911 2037 1169 2100 fluvium,
1197 2036 1332 2092 abiit
1363 2036 1597 2091 Alexan-

87 2126 155 2180 der
174 2136 217 2181 ct
239 2128 437 2183 intravit
456 2127 609 2184 Darii
644 2129 927 2198 palatium.
957 2128 1242 2186 lnveniens
1266 2139 1448 2185 autem
1470 2146 1594 2185 eum

82 2217 291 2285 iacentem
335 2221 388 2275 in
424 2230 574 2276 terra
623 2221 968 2288 semivivum,
1017 2222 1183 2291 ﬂevit,
1225 2232 1281 2278 et
1306 2238 1512 2278 exuens
1540 2238 1597 2278 se

85 2306 305 2364 clamidem
324 2310 654 2380 imperialem
693 2312 977 2381 cooperuit
1002 2328 1150 2380 eum,
1182 2321 1237 2367 et
1257 2312 1597 2383 amplexatus

88 2399 255 2454 vulnera
286 2400 425 2471 ejus,
459 2401 612 2456 ﬂevit
632 2408 686 2455 ct
719 2401 857 2457 dixit
892 2420 904 2455 :
947 2400 1141 2474 Surge,
1182 2402 1391 2457 domine
1429 2402 1594 2470 Dari,

87 2502 220 2557 surge,
254 2500 296 2543 et
330 2492 459 2546 sicut
489 2492 785 2563 aliquando
822 2493 974 2564 fuisti
1000 2493 1248 2548 dominus
1295 2496 1457 2548 totius
1496 2497 1598 2549 im-

85 2580 181 2645 perii
208 2580 492 2651 Persarum,
525 2585 697 2655 recipe
733 2585 981 2640 diadema
1014 2593 1183 2640 tuum.
1208 2585 1342 2640 Juro
1375 2587 1470 2641 tibi
1507 2604 1600 2657 per

84 2672 398 2728 valentissimos
420 2676 567 2742 deos,
591 2677 716 2747 quia
740 2678 994 2732 veraciter
1025 2677 1341 2733 abrenuncio
1377 2680 1597 2749 imperio

88 2764 165 2811 tuo.
185 2758 309 2818 Tunc
330 2764 519 2822 Darius
540 2766 813 2822 blanditer
839 2770 1136 2824 extendens
1168 2786 1390 2824 maniun
1416 2786 1594 2838 suam,

83 2853 352 2921 amplexatus
376 2868 458 2916 cst
481 2876 636 2925 eum,
665 2868 719 2915 et
762 2861 1019 2916 osculans
1052 2877 1249 2917 manus
1272 2862 1392 2933 ejus
1420 2871 1473 2918 et
1504 2879 1597 2934 pe-

85 2954 193 3009 ctus,
221 2947 330 3004 dixit
356 2969 368 3005 :
400 2951 514 3006 Fili
566 2953 888 3020 Alexander,
930 2970 1031 3008 non
1062 2955 1291 3009 clevetur
1330 2972 1472 3010 mens
1503 2966 1596 3010 tua

81 3032 121 3084 in
139 3036 355 3093 eictarieli
379 3040 555 3111 gloria
589 3057 748 3111 quam
776 3042 969 3108 habes;
1002 3045 1165 3098 etiam
1197 3046 1244 3098 si
1281 3062 1437 3116 opera
1461 3048 1596 3117 fece-

84 3123 137 3175 ris
154 3125 347 3197 deorum,
372 3142 418 3185 et
441 3148 660 3187 manum
685 3141 833 3188 tuam
864 3135 1157 3217 attenderis
1194 3152 1355 3206 usque
1395 3138 1465 3192 ad
1498 3154 1598 3193 cae-

81 3208 186 3281 lunt,
215 3235 393 3290 semper
431 3224 714 3278 recordare
753 3208 1177 3281 nouissimorum.
1226 3226 1440 3284 Intuere
1478 3247 1594 3297 me,

80 3308 209 3374 qualis
233 3312 301 3380 fui
323 3314 565 3370 hesterna
591 3317 677 3371 die
704 3326 753 3371 et
780 3319 956 3389 qualis
983 3336 1099 3373 sum
1129 3320 1302 3388 hodie,
1338 3325 1464 3393 quia
1495 3325 1595 3378 do-

79 3399 259 3457 minator
281 3406 353 3473 fui
377 3416 643 3463 terrarum
668 3410 977 3479 multarum,
1007 3429 1143 3467 nunc
1168 3431 1284 3468 vero
1326 3417 1380 3469 in
1410 3428 1596 3472 memet

79 3487 160 3554 ipso
178 3508 262 3547 non
283 3497 436 3552 habeo
468 3508 817 3570 potestatem,
849 3502 940 3556 sed
960 3504 1272 3560 humiliatus
1298 3523 1415 3561 sum
1439 3509 1596 3562 miser

75 3594 196 3651 usque
215 3587 277 3640 ad
309 3589 592 3659 pulverem.
632 3590 904 3664 Sepeliant
946 3613 1027 3650 me
1056 3613 1244 3652 ntanus
1270 3608 1403 3666 tuae,
1431 3609 1481 3655 et
1510 3618 1594 3656 ve-

73 3672 182 3727 niant
220 3678 268 3732 in
324 3687 601 3755 exsequias
637 3702 779 3741 meas
832 3686 1144 3744 Macedones
1185 3701 1236 3745 et
1296 3691 1502 3760 Persae,
1541 3703 1592 3748 et

71 3768 214 3822 αωοάο
234 3789 347 3843 gens
380 3775 674 3832 Persarum
699 3787 749 3833 et
777 3778 1128 3835 Macedonum
1156 3784 1410 3852 efﬁciatur
1431 3802 1592 3840 unum

71 3871 253 3925 "gnum.
281 3864 599 3924 Commendo
627 3870 722 3925 tibi
746 3870 1019 3943 Rodogoni
1046 3881 1267 3929 matrem
1300 3892 1496 3944 meam,
1532 3887 1591 3932 ut

66 3945 119 3999 sit
147 3951 226 4006 tibi
249 3956 298 4010 in
320 3963 632 4016 memoriam
650 3965 840 4037 matris
859 4006 873 4029 ,
901 3966 1069 4035 vigeat
1092 3966 1384 4037 benignitas
1412 3978 1502 4024 tua
1534 3972 1590 4025 in

65 4050 191 4130 littore
223 4064 350 4120 mea,
384 4052 599 4107 Romani
627 4055 802 4124 ﬁliam
827 4073 995 4111 meum
1033 4058 1209 4130 accipe
1250 4061 1347 4113 tibi
1378 4061 1432 4115 in
1474 4080 1593 4118 con-

59 4127 252 4202 fugium;
273 4156 334 4194 ea:
357 4141 506 4198 bonis
542 4147 850 4214 parentibus
879 4147 981 4217 ﬁlii
997 4127 1298 4222 junguntur
1320 4153 1376 4207 in
1404 4170 1586 4223 unum,

66 4228 107 4272 tu
122 4224 173 4278 de
190 4227 442 4302 Philippo,
467 4235 571 4289 illa
596 4236 660 4305 de
688 4237 879 4313 Dario.
906 4238 1030 4298 Hinc
1059 4243 1248 4301 dicens
1283 4244 1499 4314 Darius,
1532 4247 1586 4303 in

64 4317 266 4377 manibus
293 4325 587 4384 Alexandri
613 4330 798 4387 emisit
819 4333 1092 4403 spiritum.
1134 4336 1440 4395 Alexander
1458 4322 1587 4397 vero

61 4418 174 4502 mare
213 4416 354 4487 regio
394 4422 708 4491 composuit
740 4439 941 4495 corpus
982 4426 1123 4497 ejus,
1175 4430 1593 4502 subponensque
1627 4433 1670 4487 D

62 4496 214 4590 callum
242 4522 416 4577 suum,
441 4514 683 4582 portavit
702 4514 900 4571 lectum
923 4496 1068 4574 illius
1090 4535 1198 4575 uua
1227 4496 1353 4577 cum
1377 4520 1586 4590 Persis;

56 4586 324 4659 Macedones
344 4622 479 4663 vero
515 4608 770 4666 etPersaa
794 4613 989 4669 armati
1035 4615 1423 4672 antecedebant
1462 4586 1588 4673 cum

58 4693 213 4779 "lagae
232 4694 513 4769 obsequio.
540 4699 769 4757 Flebant
791 4712 972 4759 autem
1008 4703 1187 4763 Persae
1212 4723 1320 4762 non
1356 4716 1465 4763 tam
1490 4725 1588 4779 pro

54 4774 191 4874 Elorte
215 4783 351 4843 Darii
394 4808 565 4862 quam
596 4809 696 4864 pro
735 4795 935 4865 pietate
963 4796 1276 4854 Alexandri.
1323 4800 1407 4872 (Ρ.
1435 4774 1587 4874 aio.)

54 4859 154 4923 Post
170 4859 494 4948 sepulturam
528 4859 679 4942 Darii
703 4859 808 4944 tale
838 4880 1123 4961 proposuit
1143 4859 1450 4951 Alexander
1473 4859 1590 4952 edi:

54 4966 205 5059 alim:
238 4972 534 5055 Gauderem
566 4981 795 5051 quidem,
839 4984 888 5037 si
917 5000 1021 5039 non
1063 4985 1338 5055 defecisset
1379 4988 1465 5042 hic
1504 5006 1593 5059 po-

51 5057 190 5124 Ραιαε,
226 5066 311 5117 sed
345 5070 474 5138 quia
519 5072 680 5127 voluit
705 5074 833 5128 deus
872 5074 1138 5132 Hammon
1180 5096 1259 5133 me
1283 5080 1404 5149 ﬁeri
1435 5057 1593 5136 victo-

54 5157 136 5198 rem
170 5152 416 5228 Persidis,
461 5175 664 5235 oportet
697 5185 776 5224 me
802 5170 908 5225 diis
949 5174 1153 5243 gratias
1202 5175 1415 5244 referre.
1461 5177 1588 5233 γοιυ

1625 3085 1666 3142 C

53 5244 192 5339 “litem
228 5254 281 5298 ut
309 5265 402 5317 per
431 5269 857 5330 unamquamque
895 5263 1164 5316 civitatem
1195 5266 1303 5319 sint
1329 5267 1592 5339 principes

51 5333 88 5426 fl
110 5343 304 5394 rectores
332 5345 472 5399 sicut
507 5351 826 5419 temporibus
854 5353 1010 5409 Darii
1035 5357 1189 5426 regis,
1226 5367 1278 5411 et
1314 5333 1593 5415 obediatur

53 5430 124 5522 ςιδ,
149 5432 307 5486 omnia
332 5452 450 5491 vero
478 5457 632 5495 arma
664 5446 1017 5502 recondantur
1038 5449 1093 5502 in
1123 5449 1366 5505 domibus
1402 5453 1596 5522 regali—

56 5506 151 5577 b'";
171 5520 272 5576 τοῖο
291 5529 450 5596 enim,
476 5542 537 5585 ut
558 5536 780 5606 paciﬁca
813 5546 863 5591 et
890 5540 1029 5592 omni
1059 5540 1191 5594 bono
1208 5541 1363 5606 plena
1387 5506 1590 5597 sitdhecc

935 273 1301 331 CllRONICA.
1341 306 1413 316 —-
1447 270 1840 331 CHRONICON
1879 270 2338 349 UNlVEliSALE.

3186 275 3218 330 5

3222 273 3291 328 32

1707 397 1872 456 terra,
1913 397 1963 441 et
1992 387 2113 442 hinc
2150 403 2312 457 usque
2365 384 2618 441 Eliadum
2652 388 2723 442 sit
2772 388 2880 443 iter
2906 394 3147 458 apertum
3169 430 3184 450 .
3231 398 3291 443 ut

1698 488 1877 534 euntes
1900 490 1950 534 et
1974 480 2247 534 redeuntes
2275 497 2391 534 cum
2408 481 2631 552 negotiis
2656 481 2821 536 nichil
2847 482 3123 551 patiantur
3137 498 3288 535 matr.

1700 569 1804 635 Qui
1841 587 1960 625 vero
2002 572 2291 626 vindictam
2332 573 2565 641 fecerunt
2600 572 2666 627 de
2712 573 2931 627 inimico
2966 588 3078 625 meo
3121 571 3291 626 Dario

1699 662 1973 727 accedant,
2004 671 2063 716 ut
2102 664 2307 719 videam
2359 662 2481 717 illos
2519 673 2571 719 et
2613 665 2833 736 dignum
2864 664 3111 719 honorem
3142 664 3293 718 exhi—

1698 750 1848 805 beam
1876 754 1973 818 eis,
2006 753 2132 823 quia
2155 754 2347 807 bonum
2368 754 2640 808 servitium
2667 756 2902 826 fecerunt
2927 756 3106 810 michi.
3137 755 3292 810 Tunc

1699 840 2075 897 interfectores
2097 843 2246 898 Darii
2268 854 2536 900 venerunt
2561 854 2685 901 ante
2706 863 2854 913 eum,
2880 863 3141 918 magnum
3166 863 3291 917 spe-

1698 942 1884 999 rantes
1925 935 2230 1003 premium;
2268 935 2358 990 ille
2411 946 2593 991 autem
2643 938 2812 1007 jussit
2855 953 2952 994 eos
2995 939 3287 1005 decollari,

1696 1024 1926 1080 dicens:
1969 1024 2074 1091 Qui
2096 1027 2370 1096 proprium
2403 1028 2677 1082 dominum
2719 1031 2989 1097 occidunt,
3035 1040 3289 1085 extraneo

1696 1114 1824 1184 quid
1862 1116 2065 1184 faciunt
2090 1117 2115 1169 .7
2140 1113 2200 1170 ln
2248 1116 2353 1171 hoc
2392 1117 2709 1174 vociferatio
2751 1135 2949 1191 magna
2991 1119 3285 1176 Persarum

1698 1203 1842 1261 facta
1861 1214 1965 1271 est,
1997 1206 2341 1261 laudantium
2368 1223 2494 1263 eum
2517 1211 2675 1279 quasi
2706 1211 2868 1266 deum
2904 1216 2920 1233 θ
2948 1211 3079 1266 Erat
3099 1221 3283 1268 autem

1697 1297 1772 1352 ibi
1801 1299 2108 1354 avunculus
2132 1298 2300 1366 Darii,
2328 1300 2551 1354 nomine
2575 1300 2769 1367 Duriti,
2794 1317 2956 1373 quem
2986 1320 3082 1372 per
3118 1305 3289 1362 totius

1695 1389 1878 1459 populi
1914 1390 2233 1459 petitionem
2260 1390 2532 1446 ordinavit
2551 1390 2790 1448 Persidae
2809 1394 3025 1449 ducem.
3075 1396 3287 1451 Secun-

1697 1479 1829 1534 dum
1852 1489 2168 1551 preceptum
2194 1496 2325 1537 vero
2345 1480 2493 1536 Darii
2518 1483 2662 1555 regis
2690 1483 2815 1539 fecit
2835 1487 3020 1542 venire
3049 1486 3282 1555 Roxani,

1696 1570 1868 1625 filiam
1894 1572 2035 1642 ejus,
2062 1572 2446 1644 accipiensque
2469 1590 2589 1630 eam
2635 1575 2688 1630 in
2720 1592 2947 1633 uxorem
2968 1621 2982 1644 ,
3006 1578 3141 1634 fecit
3165 1596 3285 1635 eam

1698 1660 1889 1716 sedere
1916 1677 2101 1717 secum
2128 1661 2183 1716 in
2215 1663 2412 1719 throno
2438 1664 2627 1734 regali,
2652 1674 2711 1720 ut
2739 1667 3059 1723 adoraretnr
3082 1669 3150 1723 ab
3168 1684 3290 1725 om-

1698 1752 1863 1807 nibus
1899 1752 2042 1808 sicut
2081 1753 2290 1825 regina.
2339 1753 2494 1809 Tunc
2530 1771 2723 1811 omnes
2752 1756 2930 1812 Persae
2973 1758 3292 1814 levaverunt

1699 1845 1830 1901 deos
1861 1859 1992 1901 suos
2019 1853 2073 1900 et
2113 1845 2392 1901 duxerunt
2425 1855 2550 1902 ante
2578 1847 2971 1917 Alexandrum,
3014 1851 3290 1906 laudando

1697 1944 1751 1993 et
1772 1938 2099 1993 celebrando
2128 1954 2324 1993 nomen
2354 1938 2507 2009 ejus,
2535 1939 2779 1997 dicentes
2804 1961 2817 1997 :
2852 1942 2991 2007 Quia
3022 1960 3161 1997 inme
3208 1944 3289 2013 fe-

1697 2033 1819 2085 cisti
1841 2032 1979 2102 quod
2011 2032 2118 2086 diis
2145 2033 2337 2102 placet.
2382 2032 2597 2099 Quibus
2644 2035 2721 2089 ait
2764 2035 3072 2091 Alexander
3102 2056 3115 2091 :
3148 2036 3290 2090 Nolo

1697 2133 1755 2176 ut
1784 2123 1944 2176 michi
1969 2122 2262 2178 exhibeatis
2277 2124 2525 2179 honorem
2550 2127 2688 2180 sicut
2708 2128 2834 2195 diis,
2874 2130 3002 2199 quia
3027 2130 3292 2200 corrupti-

1697 2213 1820 2267 bilis
1842 2230 1935 2284 ego
1957 2230 2072 2268 sum
2097 2223 2146 2269 et
2188 2216 2469 2285 mortalis;
2503 2218 2722 2289 ideoque
2754 2219 2939 2274 dubito
2976 2238 3056 2275 me
3086 2224 3293 2277 sociare

1697 2305 1828 2360 illis.
1856 2304 2087 2376 Scripsit
2119 2316 2303 2363 autem
2341 2308 2503 2362 matri
2534 2324 2647 2364 sua:
2668 2310 2978 2381 eipstolam,
3015 2322 3074 2366 ut
3093 2322 3146 2367 ct
3175 2315 3288 2383 ipsa

1698 2398 1998 2453 celebraret
2029 2398 2130 2454 has
2166 2399 2387 2469 nuptias
2419 2400 2472 2454 in
2504 2400 2844 2457 Macedonia.

1772 2516 1789 2534 ⁶
1827 2511 1966 2564 Add.
2001 2512 2053 2567 5.
2093 2530 2105 2565 :
2132 2511 2208 2567 De
2232 2512 2334 2567 hac
2360 2529 2487 2568 vero
2509 2514 2746 2571 vindicta
2772 2516 2862 2571 alii
2894 2518 2974 2574 sic
2997 2517 3243 2573 scribunt
3275 2539 3287 2573 :

1838 2581 1971 2658 Post
2026 2583 2142 2658 haec
2193 2584 2358 2658 rebus
2405 2585 2713 2658 ordinatis,
2765 2602 2887 2641 cum
2949 2590 3098 2658 ipsos
3146 2590 3290 2643 scire

1841 2652 2148 2725 Alexander
2170 2654 2498 2725 cupivisset,
2532 2656 2624 2725 qui
2658 2655 2822 2712 Dario
2863 2652 3049 2714 necom
3089 2660 3290 2714 intule-

1842 2731 1983 2788 rant,
2008 2723 2114 2776 ait:
2154 2722 2369 2777 Gaudeo
2412 2742 2490 2779 me
2516 2722 2715 2780 hostem
2744 2729 3034 2782 maximum
3065 2728 3287 2783 Darium

1842 2794 2056 2870 servitio
2103 2794 2452 2870 subiugasse;
2491 2795 2611 2851 licet
2652 2813 2757 2870 ego
2802 2799 2911 2870 ipse
2947 2798 3003 2852 id
3042 2809 3289 2855 executus

1841 2879 1945 2940 non
1978 2864 2101 2940 sint,
2128 2864 2291 2940 habeo
2316 2874 2491 2940 tanien
2520 2864 2753 2940 gratiam
2775 2864 3089 2939 condignam
3112 2885 3293 2940 repen-

1840 2934 1962 2989 dere
1997 2935 2079 3010 his
2131 2937 2222 3006 qui
2258 2934 2663 3010 benivolentiam
2701 2955 2856 3010 suam
2880 2934 3004 3010 erga
3047 2955 3127 2994 me
3166 2934 3293 3010 pro-

1843 3006 2024 3087 testati
2050 3015 2207 3101 sun’t;
2237 3007 2428 3101 quique
2448 3006 2503 3059 hi
2524 3017 2667 3073 sunt,
2693 3008 2876 3092 hortqr
2902 3006 3069 3093 atque.
3086 3006 3288 3101 nio—neq,

1843 3076 1923 3128 uti
1946 3092 1999 3128 se
2024 3076 2275 3153 prodant.
2304 3076 2550 3153 Namque
2573 3094 2686 3153 per
2709 3076 3198 3153 patris__matrisque
3222 3083 3291 3116 ’θ’

1843 3161 1971 3200 metu
2003 3146 2334 3221 majestatem
2374 3146 2503 3219 juro
2540 3146 2796 3221 sublimes
2837 3149 2958 3203 illos
3002 3167 3081 3203 me
3110 3146 3291 3221 factu-

1845 3232 1965 3269 rum
1992 3233 2078 3303 ac.
2094 3218 2584 3303 notissimam-quia
2627 3220 2866 3303 mgximq
2904 3218 3119 3290 premio'
3143 3223 3293 3303 digni

1841 3295 1983 3358 sunt.
2030 3285 2154 3343 Mox
2176 3304 2396 3358 quoque
2436 3285 2541 3344 hoc
2588 3290 2795 3355 audito,
2827 3285 2995 3348 BcSas
3030 3301 3087 3346 et
3128 3285 3293 3348 Ario-

1841 3356 2109 3435 barzanes
2136 3356 2325 3435 obvias
2350 3374 2407 3413 se
2429 3360 2739 3435 Alexandro
2763 3359 2962 3427 ferunt,
2975 3370 3038 3435 et
3060 3363 3292 3433 professi

1840 3427 2074 3503 facinus,
2102 3427 2453 3503 sponsionem
2488 3429 2690 3503 premii
2725 3440 2935 3500 petunt.
2975 3427 3129 3488 Tunc
3163 3449 3293 3503 pro-

1840 3498 1990 3572 tinus
2013 3499 2163 3553 viros
2192 3498 2582 3572 comprehendi
2613 3498 2769 3569 jubet
2814 3512 2978 3572 atque
3015 3498 3290 3560 altissimo

1842 3568 2051 3655 irr‘loc‘q
2091 3568 2366 3640 eruciligi;
2401 3570 2565 3640 idque
2608 3568 2789 3655 preter
2842 3568 2995 3655 spem
3028 3577 3289 3655 omnibus

1839 3638 1961 3715 fuit.
2000 3636 2330 3715 Nee__tameii
2363 3656 2421 3695 se
2466 3636 2741 3715 reunide
2784 3636 3022 3715 per-jurio
3052 3645 3288 3712 dicebat,

1838 3710 1968 3778 quia
2010 3709 2274 3766 sublimes
2313 3725 2409 3767 eos
2450 3726 2516 3767 ae
2544 3709 3163 3771 notissinios‘omnibus
3211 3709 3290 3771 fcé

1837 3788 2005 3835 cerat.

1763 3892 2061 3963 Completis
2096 3894 2280 3965 itaque
2314 3895 2508 3952 diebus
2545 3896 2859 3968 nuptiarum
2887 3941 2900 3965 ,
2935 3901 3290 3972 congregavit

1693 3982 1896 4038 iterum
1937 3985 2142 4040 milites
2173 4001 2327 4053 suos,
2361 3996 2414 4042 et
2468 4004 2594 4043 eum
2645 3990 2890 4046 audisset
2934 3992 3080 4062 quod
3114 3990 3289 4050 Porus

1691 4092 1787 4132 rex
1802 4076 2063 4133 ludorum
2088 4080 2327 4135 venisset
2349 4090 2538 4137 contra
2566 4097 2690 4137 cum
2714 4084 2769 4137 in
2788 4083 3118 4153 adjutorium
3143 4085 3287 4143 Darii

1692 4170 1862 4241 regis,
1888 4171 2052 4242 coepit
2073 4172 2152 4226 ire
2181 4173 2395 4227 obviam
2425 4174 2475 4229 ei
2518 4174 2572 4228 in
2604 4173 2835 4243 Indiam,
2873 4178 3162 4234 ambulans
3190 4196 3289 4250 per

1691 4262 2006 4333 spaciosam
2043 4270 2246 4319 terram
2273 4265 2643 4332 cbdesertam,
2674 4274 2728 4320 rt
2750 4266 3024 4322 transiens
3060 4266 3285 4323 flumina

1690 4352 1973 4424 invadosa,
1997 4363 2051 4411 et
2084 4371 2179 4425 per
2223 4356 2391 4413 colles
2415 4372 2778 4425 cavernosos,
2809 4357 3178 4431 fatigatusque
3203 4372 3288 4418 est

1696 4459 1803 4498 uua
1827 4460 1953 4498 cum
1979 4444 2245 4501 militibus
2277 4446 2412 4501 suis.
2448 4445 2551 4513 Qui
2574 4446 2737 4501 etiam
2764 4463 2956 4504 omnes
2989 4449 3241 4506 dicebant
3269 4469 3280 4503 :

1699 4533 1902 4605 Sufficit
1954 4536 2103 4590 nobis
2157 4538 2283 4608 quia
2326 4538 2559 4592 venimus
2589 4539 2871 4609 pugnando
2905 4557 3067 4611 usque
3101 4540 3284 4596 Persi-

1697 4628 1824 4681 dam
1872 4627 2202 4701 Duriumque
2247 4630 2673 4702 subjugavimus,
2723 4633 2814 4704 qui
2862 4633 3082 4688 tollebat
3127 4645 3283 4689 antea

1696 4736 1909 4774 censum
1964 4738 1996 4774 a
2044 4719 2456 4787 Macedonibus;
2494 4724 2622 4795 quid
2674 4724 2978 4794 deﬁciemus
3023 4727 3282 4796 querendo

1696 4809 1915 4877 Indiam
1944 4802 2165 4867 inlocis
2192 4814 2248 4867 in
2302 4814 2491 4885 quibus
2534 4815 2715 4871 bestia:
2749 4817 3013 4878 habitant.
3057 4826 3106 4872 et
3145 4818 3281 4872 obli-

1695 4906 1946 4960 ciscimnr
1968 4915 2165 4961 terram
2191 4915 2426 4961 nostram
2448 4908 2474 4962 ?
2496 4906 2601 4962 llic
2625 4908 2928 4963 Alexander
2948 4909 3113 4964 nichil
3132 4909 3281 4964 aliud

1697 5008 1843 5070 optat
1874 5000 2067 5071 facere,
2117 5000 2224 5056 nisi
2257 5000 2335 5055 ire
2381 4999 2678 5071 pra’liando
2714 5009 2764 5055 et
2804 5001 3137 5073 subjugando
3180 5003 3281 5058 sibi

1697 5100 1892 5162 gentes.
1931 5091 2277 5146 Dimitiamus
2312 5107 2428 5145 eum
2453 5106 2578 5155 nos;
2612 5099 2698 5145 eat
2728 5090 2821 5146 ille
2858 5108 2961 5163 quo
2994 5092 3125 5149 vult.
3168 5092 3279 5147 Au-

1694 5184 1848 5240 diens
1877 5185 1994 5241 ilch
2014 5185 2338 5252 Alexander,
2384 5185 2552 5251 stetit,
2581 5184 2828 5257 dixitque
2854 5186 3111 5242 omnibus
3145 5206 3157 5242 :
3193 5185 3281 5241 Se-

1692 5278 1960 5348 paramini
1989 5277 2054 5331 ab
2096 5279 2335 5345 invicem,
2378 5277 2560 5333 Persa:
2603 5280 2710 5333 sint
2756 5281 2810 5333 in
2853 5297 2957 5334 una
3003 5289 3155 5350 parte
3184 5281 3274 5347 "°,

1696 5369 2005 5423 Macedones
2026 5378 2074 5423 et
2098 5368 2246 5425 Grec:
2274 5373 2329 5425 in
2351 5371 2482 5425 alia.
2507 5370 2731 5427 intuens
2752 5376 2930 5428 autem
2955 5372 3277 5429 Macedones

1691 5466 1746 5512 et
1770 5457 1996 5517 Greeos.
2027 5460 2164 5515 dixit
2194 5480 2204 5514 :
2242 5460 2286 5517 Ο
2336 5462 2724 5517 commilitones
2762 5466 2865 5517 mei
2896 5463 3205 5518 Macedones
3226 5471 3277 5515 et

1696 5547 1872 5614 Croci,
1906 5549 2151 5606 Persides
2187 5553 2280 5607 isti
2311 5555 2569 5610 contrarii
2596 5565 2718 5610 sum
2758 5557 2915 5611 michi
2950 5565 2998 5611 et
3023 5554 3196 5618 vobis;
3229 5571 3274 5609 st

1320 5632 1552 5689 VAle
1593 5634 1992 5697 LECTIONES.

107 5696 165 5732 ω
184 5710 439 5784 matrique
474 5717 593 5772 cod.
664 5719 736 5754 “°
763 5720 819 5779 5.
857 5721 983 5781 add.
1011 5743 1024 5780 :
1056 5723 1382 5784 Macedones
1406 5735 1459 5783 ct
1479 5726 1677 5788 Persae.
