3828 6308
515 320 620 379 585
1704 302 2101 367 EKKEHABDI

516 433 698 490 autem
742 438 796 487 et
827 447 915 487 vos
953 430 1205 503 posuistis
1240 429 1298 485 in
1357 428 1602 484 cordibus
1640 430 1827 483 vestris
1880 436 1942 483 ut
1980 441 2107 480 con-

519 525 746 581 trueatis
774 523 956 591 michi,
985 524 1150 579 redite
1172 530 1289 594 post
1322 530 1543 594 tergum,
1566 530 1618 577 et
1652 524 1725 576 ite
1768 522 1826 575 in
1868 520 2105 591 patriam

513 629 780 685 vestram;
821 617 1173 674 recordamini
1212 625 1388 672 tamen
1434 616 1562 687 quia
1579 624 1631 671 et
1662 616 1795 670 istos
1830 613 1973 669 solus
2004 613 2106 667 vici

515 721 568 771 et
599 701 922 784 quocumque
963 709 1073 764 iero
1105 724 1340 781 pugnare
1370 724 1489 762 cum
1531 707 1805 773 barbaris,
1850 703 2105 775 superabo

516 805 661 859 illos.
698 803 861 859 Scitis
886 803 1033 874 quia,
1063 800 1273 874 quando
1295 800 1611 855 consiliatus
1649 815 1767 854 sum
1794 798 1960 864 vobis,
1982 813 2109 850 con-

518 897 707 968 fortati
727 896 1024 951 suntanimi
1053 894 1241 961 vestri;
1257 893 1468 966 quando
1489 892 1720 947 venimus
1743 890 2028 963 pugnaturi
2050 888 2108 943 in

520 1001 726 1059 campo,
754 986 990 1058 nunquid
1015 1003 1119 1041 non
1141 1002 1235 1058 ego
1264 986 1389 1041 steti
1418 984 1563 1039 solus
1588 991 1710 1039 ante
1738 999 1917 1037 omnes
1943 989 1995 1037 et
2011 997 2107 1052 pro

519 1080 759 1133 omnibus
786 1079 931 1133 solus
957 1078 1223 1150 pugnavi?
1267 1075 1526 1147 Nunquid
1570 1091 1673 1130 non
1709 1090 1802 1145 ego
1845 1073 1990 1128 solus
2012 1087 2107 1144 pro

520 1168 816 1224 salvatione
857 1177 1032 1223 vestra
1071 1175 1123 1223 et
1159 1167 1320 1222 totius
1352 1166 1545 1237 patriae
1581 1164 1690 1218 abii
1718 1163 1873 1234 quasi
1913 1162 2106 1216 missus

520 1262 591 1315 ad
636 1260 866 1316 Darium
908 1276 1099 1332 regem,
1140 1267 1191 1314 et
1237 1256 1439 1313 tradidi
1469 1271 1549 1310 me
1589 1254 1772 1309 multis
1817 1251 2111 1324 periculis?

520 1350 664 1418 Quid
703 1351 871 1422 ergo?
901 1348 961 1406 Si
983 1349 1144 1404 vultis
1185 1362 1398 1419 pergere
1435 1345 1537 1401 soli
1569 1343 1965 1410 Macedoniam,
1990 1358 2109 1412 per-

517 1444 647 1514 gite,
671 1443 798 1514 quia
820 1458 912 1513 ego
946 1441 1214 1495 vobiscum
1240 1454 1345 1494 non
1366 1437 1545 1502 venio;
1576 1435 1896 1507 cognoscetis
1933 1442 2106 1489 autem

520 1537 649 1606 quia
689 1534 857 1589 nichil
894 1533 1067 1604 facere
1110 1531 1250 1587 valet
1291 1529 1490 1585 militia
1520 1529 1634 1583 sine
1675 1525 1900 1582 consilio
1924 1524 2105 1596 .regis.

520 1625 649 1681 Haec
675 1640 742 1680 eo
782 1624 1014 1690 dicente,
1043 1622 1428 1678 erubescentes
1455 1618 1657 1675 milites
1696 1617 1994 1689 poscebant
2017 1630 2110 1671 ve-

521 1714 693 1779 niam,
727 1711 971 1767 dicentes
1001 1728 1014 1764 :
1048 1708 1252 1764 Amodo
1287 1709 1397 1762 vita
1418 1707 1678 1761 nostrain
1713 1705 1957 1759 manibus
2001 1704 2107 1757 tuis

524 1804 599 1857 sit
628 1801 805 1872 posita
827 1817 845 1866 ;
868 1799 1230 1872 quodcumque
1262 1798 1340 1853 vis
1388 1796 1580 1868 facere,
1627 1796 1733 1867 fac.
1784 1794 1955 1850 Multa
1977 1807 2109 1849 vero

520 1891 766 1964 pericula
805 1889 860 1945 in
901 1890 1020 1961 ipso
1065 1889 1261 1944 itinere
1301 1888 1451 1958 passi
1486 1893 1646 1954 sunt,
1686 1885 1969 1957 multaque
2007 1883 2112 1938 mi-

521 1983 695 2039 randa
727 1982 1001 2049 viderunt,
1029 1995 1153 2053 qua:
1169 1979 1328 2051 juxta
1369 1978 1546 2050 ipsius
1575 1976 1870 2033 Alexandri
1898 1975 2112 2032 descri-

520 2073 787 2144 ptionem,
813 2078 876 2126 ut
904 2070 1061 2126 aiunt
1085 2069 1298 2136 litteras,
1324 2075 1447 2139 post
1486 2066 1815 2124 referemus.

601 2163 664 2234 (Ρ
667 2164 741 2219 οι.
774 2162 924 2233 2M.)
960 2160 1094 2217 Post
1137 2160 1449 2233 aliquantos
1480 2159 1598 2215 dies
1618 2159 1674 2214 in
1714 2152 1917 2213 ﬁnibus
1947 2153 2114 2211 Indiae

523 2256 884 2313 obviaverunt
921 2254 1232 2311 Alexandro
1259 2253 1423 2327 legati
1455 2251 1586 2309 Pori
1614 2252 1780 2324 regis,
1808 2249 2114 2308 deferentes

522 2347 578 2405 ei
611 2347 898 2419 epistolam
950 2347 1318 2403 continentem
1353 2345 1504 2401 hunc
1538 2345 1762 2401 modum
1802 2362 1816 2400 :
1855 2343 2115 2399 Indorum

524 2455 619 2494 rex
646 2439 822 2494 Porus
852 2439 1050 2494 latroni
1075 2438 1404 2505 Alexandro,
1433 2438 1525 2510 qui
1547 2437 1787 2491 civitates
1808 2436 2008 2491 obtinet
2034 2435 2117 2490 la-

525 2530 860 2585 trocinando.
894 2514 1028 2586 Cum
1049 2530 1122 2584 sis
1149 2529 1393 2584 mortalis
1419 2528 1595 2595 homo,
1621 2527 1750 2600 quid
1769 2526 2003 2599 prevales
2026 2527 2116 2597 fa-

521 2639 639 2678 cere
680 2623 814 2677 deo?
840 2621 1018 2688 .Quod
1060 2622 1301 2676 anxiasti
1334 2620 1570 2675 homines
1616 2619 1989 2691 persequendo,
2025 2620 2116 2690 qui

521 2715 673 2785 digni
712 2714 927 2785 fuerunt
966 2714 1226 2769 sustinere
1277 2713 1602 2785 angustiam,
1656 2728 1778 2766 cum
1816 2710 2115 2766 hominibus

521 2804 770 2859 mollibus
807 2813 860 2861 et
891 2806 983 2878 qui
1011 2805 1217 2860 nullam
1242 2804 1538 2860 habuerunt
1567 2805 1817 2859 virtutem
1843 2804 2113 2875 pugnasti,

519 2905 573 2953 et
598 2897 723 2968 quia
757 2898 930 2953 vicisti
952 2914 1060 2966 eos,
1086 2914 1268 2970 speras
1294 2906 1344 2953 te
1371 2898 1622 2954 victorem
1651 2913 1762 2951 esse
1788 2897 1847 2951 in
1873 2896 2116 2951 omnibus

522 2987 843 3043 hominibus.
892 2988 1199 3044 Victorialis
1227 2998 1279 3043 et
1317 3005 1410 3061 ego
1438 3006 1576 3056 sum,
1608 2997 1657 3043 et
1685 3004 1790 3042 non
1816 2988 1988 3043 solum
2017 2989 2115 3044 ho-

523 3080 690 3134 mines
715 3078 979 3135 obaediunt
1009 3081 1189 3151 michi,
1214 3082 1304 3136 sed
1327 3082 1491 3136 etiam
1513 3081 1614 3136 dii.
1647 3079 1801 3136 Venit
1828 3079 2116 3152 aliquando

526 3170 804 3226 Dionisius
836 3173 1077 3242 famosus
1124 3181 1456 3244 pugnatqu
1506 3172 1565 3226 in
1613 3171 1806 3238 India,
1836 3172 1925 3227 sed
1974 3181 2121 3244 terga

524 3263 684 3317 vertit
710 3270 834 3318 ante
869 3262 1028 3318 Indos
1054 3272 1106 3319 et
1133 3264 1290 3335 fugit,
1319 3265 1447 3336 quia
1474 3262 1734 3319 Indorum
1758 3263 2007 3318 virtutem
2030 3281 2122 3319 su-

526 3354 723 3409 stinere
762 3370 867 3408 non
906 3356 1099 3426 potuit.
1149 3354 1483 3426 Quapropter
1521 3363 1805 3427 antequam
1851 3356 2121 3427 turpitudo

529 3441 628 3498 tibi
648 3443 869 3512 eveniat,
894 3445 962 3499 do
988 3444 1271 3500 consilium
1302 3444 1399 3500 tibi
1422 3453 1474 3500 et
1496 3446 1728 3517 precipio
1774 3454 1833 3500 ut
1863 3446 2123 3517 festinan-

530 3543 611 3590 ter
633 3537 912 3590 revertaris
938 3537 995 3590 in
1017 3544 1213 3592 terram
1236 3545 1406 3593 tuam.
1429 3538 1727 3609 Antequam
1744 3536 1937 3593 Xerses
1965 3518 2119 3607 esset,

526 3627 730 3683 dabant
758 3629 908 3683 nobis
946 3628 1263 3684 Macedones
1286 3646 1520 3698 censum,
1556 3630 1647 3684 sed
1688 3631 1815 3702 quia
1843 3647 1946 3686 non
1974 3633 2120 3687 inve-

528 3719 706 3774 nimus
737 3720 795 3774 in
823 3719 923 3776 illa
961 3729 1103 3776 terra
1137 3738 1253 3794 quae
1284 3720 1530 3793 placeant
1556 3723 1684 3794 regi,
1716 3721 1858 3778 velut
1890 3724 1945 3777 in
1979 3732 2121 3779 terra

527 3812 733 3879 inutili,
761 3814 1039 3885 dedignati
1064 3832 1245 3871 sumus
1269 3816 1446 3884 illam,
1470 3818 1599 3889 quia
1631 3819 1801 3872 omnis
1824 3819 1980 3874 homo
2001 3819 2121 3891 plus

528 3905 801 3961 desiderat
830 3906 1067 3978 amplam
1103 3924 1321 3964 causam
1357 3925 1518 3981 quam
1547 3926 1787 3981 parvam.
1824 3909 1960 3967 Ecce
1992 3929 2122 3969 con-

532 4005 700 4052 testor
737 4006 787 4053 te
836 4008 895 4052 ut
929 4001 1228 4068 revertaris,
1272 4010 1325 4056 et
1359 4001 1449 4056 ubi
1483 4001 1897 4059 dominationem
1933 4004 2122 4063 habere

530 4101 637 4141 non
655 4089 873 4158 poteris,
902 4090 976 4144 ibi
998 4090 1319 4145 desiderium
1341 4107 1445 4146 non
1468 4091 1682 4146 habeas.

602 4177 675 4235 Ut
700 4189 885 4238 autem
919 4185 1167 4254 pervenit
1196 4185 1314 4241 haec
1345 4185 1574 4257 epistola
1620 4187 1689 4242 ad
1726 4188 2121 4259 Alexandrum,

530 4269 663 4343 legit
682 4288 801 4329 eam
825 4289 1012 4330 coram
1053 4276 1332 4349 omnibus,
1354 4285 1408 4334 et
1439 4278 1579 4348 dixit
1604 4297 1617 4334 :
1656 4278 1771 4335 Viri
1799 4282 2123 4339 commilito-

531 4364 857 4432 ues,fortem
882 4368 1118 4421 animum
1158 4377 1388 4423 vestrum
1410 4365 1513 4424 non
1544 4370 2016 4428 conturbent-Pori
2042 4391 2125 4429 re-

526 4457 613 4527 gis
663 4458 933 4527 epistolae;
980 4460 1333 4515 recordamini
1383 4461 1536 4517 verba
1575 4463 1921 4533 epistolarum
1965 4464 2124 4521 Darii

531 4549 693 4619 regis,
718 4564 877 4620 quam
902 4551 1119 4622 superbe
1147 4560 1197 4606 et
1237 4569 1357 4607 cum
1385 4563 1587 4624 quanta
1612 4554 1819 4611 locutus
1845 4565 1923 4611 est
1954 4558 2126 4612 auda-

527 4641 637 4695 cia.
692 4639 978 4696 Veritatem
1005 4644 1124 4698 dico
1154 4644 1319 4714 vobis,
1354 4648 1482 4718 quia
1509 4664 1685 4703 omnes
1725 4646 1941 4703 barbari
1983 4656 2125 4704 cant-

528 4747 741 4786 munem
763 4733 954 4788 habent
974 4751 1185 4790 sensum
1207 4745 1256 4791 et
1270 4755 1461 4809 parum
1482 4740 1683 4795 distant
1707 4757 1740 4795 a
1767 4740 1967 4796 bestiis.
1997 4740 2123 4800 Haec

528 4822 719 4879 dicens
751 4823 1075 4894 Alexander,
1115 4829 1334 4899 scripsit
1362 4831 1650 4902 epistolam
1686 4833 1801 4906 regi
1847 4832 1988 4891 Poro
2025 4837 2121 4909 tali

531 4916 696 4971 modo
730 4935 743 4972 :

599 5003 714 5059 Rex
733 5006 1035 5065 Alexander
1057 5014 1165 5084 regi
1194 5012 1337 5069 Poro
1365 5018 1639 5088 gaudium.
1669 5018 1878 5074 Acuisti
1908 5037 2117 5076 sensum

530 5106 791 5166 nostrum,
823 5110 875 5154 et
907 5103 1163 5173 prebuisti
1213 5108 1361 5164 nobis
1399 5108 1687 5165 audaciam
1733 5121 1791 5166 ut
1829 5128 2116 5184 pugnemus

526 5198 716 5244 contra
766 5200 832 5247 te.
888 5192 1091 5251 Dixisti
1144 5200 1284 5253 enim
1324 5202 1380 5255 in
1424 5201 1738 5257 Macedonia
1788 5205 1951 5258 nichil
1997 5192 2119 5260 boni

526 5295 658 5349 esse,
713 5280 922 5340 Indiam
971 5305 1089 5344 vero
1131 5293 1273 5345 omni
1310 5293 1587 5350 dulcedine
1631 5295 1863 5366 efﬂuere;
1902 5298 2122 5368 proinde

526 5383 639 5427 toto
675 5379 949 5434 conamine
981 5383 1353 5453 pugnabimus,
1391 5395 1450 5439 ut
1486 5389 1825 5459 acquiramus
1863 5406 2000 5446 eam.
2047 5391 2118 5446 Et

521 5467 654 5535 quia
680 5467 870 5524 dixisti
926 5485 1132 5526 omnem
1179 5473 1441 5533 hominem
1475 5479 1597 5551 plus
1630 5480 1850 5554 diligere
1884 5484 2120 5555 amplam

523 5573 745 5613 causam
764 5577 927 5633 quant
956 5578 1198 5636 parvam,
1224 5567 1342 5625 ideo
1371 5587 1486 5640 nos,
1513 5573 1604 5644 qui
1629 5575 1779 5645 parvi
1808 5592 2012 5643 sumus,
2045 5578 2119 5631 ad

2135 299 2277 357 UBA
2289 297 2603 356 UGIENSIS
2836 320 2841 321 ί
3672 297 3747 353 581

2136 427 2183 484 Α
2212 416 2620 487 amplitudinem
2659 414 2819 471 vestri
2850 413 3100 467 culminis
3137 412 3312 467 venire
3346 417 3608 482 optamus.
3649 409 3750 477 Quis

2206 523 2326 562 vero
2347 506 2556 560 dicebat
2577 504 2805 576 epistola
2846 512 2940 558 tua
2974 502 3116 575 quod
3143 517 3246 556 non
3274 500 3450 555 solum
3478 500 3748 572 hominibus,

2208 614 2389 653 verum
2417 599 2582 652 etiam
2610 597 2717 652 diis
2739 596 2941 651 existas
2968 596 3279 665 imperator,
3306 609 3401 665 ego
3430 594 3513 647 ita
3539 606 3751 665 pugnatu-

2206 704 2300 742 rus
2321 687 2489 754 venio,
2510 687 2667 760 quasi
2693 703 2814 740 cum
2838 685 3047 740 homine
3069 684 3295 739 barbaro
3314 692 3367 738 et
3386 684 3481 755 qui
3504 700 3564 737 se
3583 685 3753 741 multa

2206 780 2438 845 extollit,
2467 795 2571 834 non
2591 778 2746 849 quasi
2774 794 2893 832 cum
2923 777 3043 845 deo,
3069 778 3199 848 quia
3223 778 3382 831 unius
3413 777 3505 830 dei
3544 793 3677 831 arm
3695 789 3753 833 to-

2212 882 2297 927 tus
2325 872 2552 927 mundus
2581 872 2806 940 sufferre
2840 887 2943 924 non
2992 870 3205 940 poterit.
3261 867 3407 935 Quin
3450 869 3615 922 immo
3656 870 3754 923 Silet

2207 966 2333 1037 quia
2357 962 2526 1018 stulta
2554 961 2720 1018 elatio
2751 971 2844 1018 tua
2867 978 2949 1017 me
2972 978 3076 1016 non
3106 960 3408 1018 conturbat.

2278 1074 2392 1133 Hac
2407 1075 2635 1147 epistola
2654 1075 2816 1143 lecta,
2833 1074 3012 1132 Porus
3030 1090 3128 1131 rex
3138 1073 3314 1129 iratus
3325 1082 3432 1139 est,
3454 1083 3757 1145 congregata—

2209 1184 2317 1240 que
2360 1168 2711 1224 multitudine
2751 1183 2979 1224 suorum
3028 1175 3193 1238 atque
3244 1164 3437 1220 multis
3487 1164 3757 1234 elephantis,

2210 1277 2335 1317 cum
2363 1261 2566 1333 quibus
2588 1260 2706 1317 lndi
2728 1275 2973 1333 pugnare
2995 1259 3194 1325 solent,
3223 1258 3358 1314 exiit
3382 1257 3606 1313 obviam
3627 1256 3759 1313 lists-

2208 1353 2462 1410 donibus.
2499 1352 2747 1409 Fuerunt
2770 1361 2953 1408 autem
2992 1351 3048 1406 in
3083 1351 3327 1407 exercitu
3367 1350 3495 1420 ejus
3522 1350 3638 1404 sine
3654 1351 3762 1418 pedi.

2209 1443 2381 1510 tibus,
2412 1459 2651 1515 quorum
2682 1457 2793 1498 non
2824 1452 2945 1499 erat
2991 1457 3276 1506 numerus,
3310 1439 3457 1495 £000
3496 1439 3762 1509 octingenta

2209 1533 2486 1606 quadriga-
2523 1534 2755 1601 falcatae,
2794 1532 3181 1605 quadringenti
3215 1531 3500 1603 elephanti
3544 1540 3764 1602 portantes

2209 1634 2413 1693 turres,
2439 1626 2495 1681 in
2511 1625 2713 1698 quibus
2730 1625 2953 1682 stabant
2973 1623 3225 1679 homines
3240 1622 3436 1678 armati
3468 1622 3541 1677 ad
3562 1636 3761 1693 pugnam.

2210 1717 2536 1774 Macedones
2558 1733 2692 1774 vero
2721 1726 2885 1789 atque
2903 1714 3088 1772 Persas
3105 1715 3352 1771 videntes
3373 1712 3765 1785 preparationcm

2217 1817 2382 1881 atque
2416 1809 2821 1866 multitudinem
2857 1807 3136 1873 lndorum,
3167 1805 3373 1862 turbati
3401 1812 3564 1871 sunt,
3589 1820 3766 1875 expave-

2213 1911 2425 1958 scentes
2446 1918 2555 1959 non
2582 1911 2791 1958 tantum
2817 1901 3223 1957 multitudinem
3245 1900 3545 1955 hominum
3562 1907 3767 1970 quantum

2212 1990 2475 2047 ferarum.
2523 1991 2755 2047 Ferebat
2803 1998 2985 2045 autem
3017 2004 3205 2049 secum
3257 1987 3578 2044 Alexander
3612 1998 3768 2045 statuas

2213 2083 2503 2141 hominum
2539 2099 2732 2151 aereas,
2754 2094 2808 2139 et
2837 2082 3113 2153 sapienter
3149 2081 3421 2152 cogitans,
3462 2081 3613 2137 misit
3636 2097 3711 2136 eas
3730 2079 3769 2135 in

2215 2176 2419 2249 ignem,
2446 2186 2508 2233 ut
2535 2177 2871 2245 caleﬁerent,
2895 2174 3212 2246 faciensque
3236 2183 3462 2246 recepta
3502 2174 3663 2230 ferrea
3681 2175 3768 2245 qui-

2214 2268 2318 2324 bus
2348 2268 2771 2335 sustinerentur,
2800 2269 2970 2339 jussit
2992 2284 3088 2324 eas
3113 2269 3324 2339 portari
3366 2277 3505 2325 ante
3530 2269 3769 2325 exercitum

2215 2370 2402 2418 contra
2426 2361 2765 2433 elephantos.
2791 2360 3048 2417 Videntes
3071 2360 3256 2432 itaque
3279 2368 3507 2416 statuas
3527 2360 3768 2431 elephanti.

2218 2461 2550 2524 putaverunt
2610 2452 2760 2524 quod
2811 2452 3063 2508 homines
3107 2460 3312 2521 essent,
3364 2460 3419 2506 et
3474 2451 3769 2506 extendentes

2216 2542 2595 2614 promoscidas
2622 2558 2774 2610 suas,
2799 2543 2855 2600 id
2878 2550 2968 2599 est
3000 2550 3179 2599 rostra
3207 2558 3331 2608 sua,
3359 2541 3662 2598 secundum
3679 2556 3771 2594 con—

2217 2631 2565 2690 suetudinem
2602 2639 2665 2687 ut
2692 2641 2952 2704 caperent
2974 2632 3249 2699 homines,
3291 2647 3390 2703 pre
3437 2633 3613 2687 nimio
3642 2630 3771 2686 calore

2218 2733 2527 2781 statuarum
2571 2723 2784 2781 incensi
2813 2732 2961 2791 sunt,
3006 2722 3407 2794 redeuntesquc
3447 2735 3600 2779 retro
3624 2722 3774 2777 morir-

2216 2817 2436 2884 bantur,
2459 2816 2658 2888 reliqui
2678 2830 2811 2872 vero
2839 2814 3114 2872 exturbati
3157 2814 3309 2869 nullo
3336 2814 3515 2869 modo
3541 2812 3773 2884 pergebat

2216 2909 2513 2981 pugnaturi
2543 2924 2707 2979 super
2730 2907 3005 2963 homines.
3035 2904 3244 2962 Videas
3275 2913 3469 2961 autem
3498 2907 3569 2938 ²¹¹
3592 2902 3773 2977 quodie

2218 2999 2348 3058 feris
2375 2999 2578 3057 factum
2602 3007 2705 3066 est,
2731 3000 2984 3056 turbatus
3011 3007 3098 3055 est
3125 2997 3296 3054 valde.
3328 2997 3524 3054 Persa
3547 3014 3666 3053 vero
3702 2997 3774 3049 im-

2145 3103 2189 3163 c
2221 3090 2407 3162 petum
2435 3089 2698 3147 facientes
2723 3106 2889 3161 super
2918 3090 3085 3146 lndos
3125 3105 3252 3145 cum
3275 3089 3507 3159 sagittis
3528 3099 3583 3145 et
3603 3088 3776 3145 lanceis

2222 3181 2551 3254 fugaverunt
2578 3197 2695 3250 eos,
2727 3197 2852 3239 cum
2896 3190 3082 3238 tamen
3123 3198 3191 3238 ex
3220 3181 3307 3238 his
3336 3190 3392 3238 et
3445 3183 3559 3238 illis
3591 3181 3776 3236 maxima

2224 3283 2433 3347 strages
2466 3274 2755 3331 hominum
2780 3274 2927 3331 facta
2950 3273 3163 3331 fuisset.
3193 3275 3516 3332 Alexander
3538 3284 3700 3331 autem
3718 3288 3771 3326 se-

2222 3367 2357 3423 dens
2385 3381 2550 3437 super
2589 3381 2793 3438 equum
2836 3383 3001 3423 suum
3030 3365 3372 3434 Bucei'alum,
3420 3367 3694 3440 ingressus
3722 3375 3778 3420 est

2223 3471 2484 3527 pugnam,
2514 3465 2568 3512 et
2604 3456 2882 3528 praeliatus
2922 3466 3007 3513 est
3040 3456 3275 3525 fortiter,
3321 3459 3463 3528 quin
3506 3459 3662 3514 etiam
3698 3458 3781 3529 ipse

2223 3543 2465 3600 caballus
2488 3543 2783 3615 adjuvabat
2807 3560 2932 3600 eum
2954 3562 3066 3601 non
3089 3546 3393 3613 modice,et
3417 3562 3521 3617 per
3542 3547 3780 3602 continuos

2221 3636 2415 3708 viginti
2436 3636 2555 3693 dies
2576 3637 3051 3710 pugnabantinter
3064 3653 3142 3695 se.
3167 3636 3371 3695 Videas
3386 3638 3580 3710 itaque
3599 3637 3750 3693 Alcm
3771 3667 3782 3676 -
3826 3690 3828 3697 .

2223 3730 2321 3787 der
2359 3717 2487 3802 quia
2514 3730 2791 3787 defecerat
2809 3732 3066 3803 populus,
3095 3732 3247 3789 stetit
3264 3732 3423 3788 solus
3444 3742 3576 3788 ante
3596 3733 3780 3789 hostus.
3826 3732 3828 3735 ’

2222 3832 2278 3880 et
2301 3823 2517 3882 locutus
2542 3832 2627 3880 est
2646 3818 2790 3880 Poro
2812 3825 2927 3897 regi
2957 3867 2970 3880 .
3002 3824 3126 3879 Non
3150 3825 3296 3881 decet
3325 3826 3698 3897 imperatorem
3731 3823 3779 3876 ii:

2223 3915 2278 3969 in
2308 3931 2501 3971 vanum
2535 3916 2750 3986 perdere
2783 3916 3038 3988 populum
3072 3933 3248 3985 suum,
3293 3918 3386 3973 sed
3417 3934 3516 3988 per
3556 3926 3699 3972 semet
3723 3916 3778 3981 ip-
3826 3948 3828 3955 ι

2223 4024 2341 4063 sum
2366 4008 2636 4063 ostendere
2657 4009 2905 4063 virtutem
2934 4026 3108 4064 suam.
3155 4008 3270 4065 Stet
3296 4027 3423 4081 ergo
3454 4010 3673 4082 papulas
3694 4019 3781 4061 trs:

2223 4101 2280 4154 in
2306 4109 2458 4171 parte
2491 4117 2621 4168 una,
2645 4109 2696 4155 et
2724 4117 2868 4156 meus
2914 4102 2971 4155 in
3019 4100 3213 4165 altera,
3254 4119 3348 4173 ego
3383 4119 3510 4158 vero
3550 4113 3602 4157 ct
3635 4113 3684 4154 tu
3710 4098 3781 4153 scit

2224 4210 2510 4266 pugnemus
2536 4210 2697 4248 manu
2723 4194 2791 4248 ad
2819 4210 3057 4262 manum,
3080 4203 3130 4249 et
3153 4196 3243 4266 qui
3266 4196 3477 4256 vicerit.
3506 4197 3652 4251 illius
3674 4208 3760 4247 ceu

2224 4295 2436 4359 putetur
2455 4287 2681 4358 populus
2718 4296 2952 4360 uterque.
2987 4286 3106 4361 (fol.
3130 4287 3283 4359 212.)
3306 4288 3558 4345 Audiens
3587 4289 3683 4343 hoc
3704 4284 3781 4338 Ρο-

2223 4395 2343 4448 rus,
2396 4379 2619 4452 gavisus
2658 4388 2764 4447 est,
2808 4379 3088 4436 conﬁdens
3115 4379 3172 4434 in
3206 4379 3496 4435 altitudine
3535 4394 3653 4444 sua,
3695 4389 3784 4446 qua
3826 4396 3828 4399 ·

2158 4450 2203 4505 D
2228 4479 2348 4527 erat
2366 4450 2677 4528 cubitorum
2707 4472 2971 4544 quinque,
2999 4488 3126 4527 cum
3161 4470 3475 4527 Alexander
3516 4481 3660 4527 esset
3692 4480 3783 4522 tan-

2229 4572 2347 4618 tum
2400 4563 2713 4620 cubitorum
2758 4564 2947 4619 trium.
2997 4561 3305 4620 Recedente
3352 4563 3543 4634 itaque
3594 4570 3782 4627 utroque

2227 4657 2469 4712 exercitu
2511 4664 2567 4711 et
2601 4663 2781 4711 stante
2818 4655 2874 4709 in
2909 4670 3012 4710 suo
3057 4655 3270 4722 ordine,
3302 4663 3608 4726 pugnatum
3645 4648 3786 4707 estsb

2225 4748 2335 4804 illis
2370 4746 2607 4803 duobus.
2638 4744 3080 4802 Vociferantibus
3127 4756 3312 4802 autem
3361 4745 3631 4800 militibus
3668 4737 3784 4795 Pari.

2224 4839 2465 4896 tornavit
2484 4838 2574 4893 ille
2598 4845 2764 4910 caput
2789 4838 2858 4894 ad
2883 4838 3036 4907 illos;
3066 4836 3378 4895 Alexander
3399 4853 3534 4894 vero
3564 4838 3786 4906 impetum

2225 4917 2434 4988 faciens
2476 4930 2533 4985 in
2563 4945 2711 4998 eum,
2755 4931 3100 5000 complicatis
3135 4931 3366 5001 pedibus
3408 4930 3623 4985 exilivit
3658 4938 3787 4995 super

2223 5042 2373 5093 eum,
2402 5025 2826 5096 percutiensque
2848 5024 3000 5079 illum
3032 5025 3233 5095 gladio,
3258 5024 3557 5096 prostravit
3593 5024 3646 5077 in
3671 5031 3787 5076 W

2225 5128 2356 5174 tem.
2396 5115 2553 5173 Tunc
2588 5121 2790 5171 acriter
2814 5123 3115 5187 pugnatum
3155 5125 3240 5172 est
3272 5116 3343 5171 ab
3386 5123 3624 5185 utroque
3660 5123 3784 5165 exet-
3826 5154 3828 5157 .

2228 5209 2360 5263 citu.
2390 5204 2557 5261 Stans
2601 5214 2782 5262 autem
2818 5206 3126 5263 Alexander
3153 5207 3293 5263 dixit
3322 5207 3388 5263 ad
3414 5206 3619 5261 milites
3646 5201 3752 5256 Pori
3780 5242 3785 5249 .

2231 5298 2441 5365 Miseri,
2497 5307 2615 5369 post
2660 5308 2882 5353 mortem
2913 5314 3051 5370 regis
3078 5307 3235 5354 vestri
3266 5307 3324 5352 ut
3362 5296 3486 5369 quid
3530 5292 3790 5367 pugnans!

2227 5389 2334 5458 Qui
2361 5390 2618 5446 dixerunt
2647 5409 2660 5445 :
2695 5390 2836 5457 Quia
2869 5390 3114 5446 nolumus
3143 5391 3298 5447 subdi
3328 5391 3458 5445 vobis
3507 5397 3698 5442 ωτι-ιιι
3718 5400 3791 5436 sn:-

2227 5494 2416 5552 stram,
2446 5500 2509 5539 ne
2539 5485 2862 5541 devastetur.
2890 5484 2959 5540 At
2985 5484 3076 5541 ille
3101 5486 3179 5541 ait
3212 5503 3224 5540 :
3255 5483 3421 5542 Cesset
3440 5480 3697 5554 pugnatio
3719 5492 3787 5527 rr-

2225 5585 2361 5645 stra,
2386 5584 2436 5632 et
2463 5577 2536 5632 ite
2569 5576 2724 5634 liberi
2754 5595 2819 5643 ac
2842 5579 3015 5634 securi
3042 5579 3098 5634 in
3127 5579 3308 5636 domos
3334 5585 3556 5643 vestras,
3582 5589 3700 5647 quis
3720 5585 3787 5628 ωδ

1827 5666 2060 5724 νΑιιιιιΕ
2099 5665 2488 5726 LECTIONES

599 5740 667 5772 ¹¹¹
692 5756 743 5796 a.
772 5741 947 5802 Porus
982 5747 1036 5805 5,
