  <div class='ocr_page' id='page_1' title='image "/cluster/home/n/w/nwhite01/storage/ocr_20150623/154/hvd.32044015473820/298.png"; bbox 0 0 3888 6306; ppageno 0'>
   <div class='ocr_carea' id='block_1_1' title="bbox 142 328 222 399">
    <p class='ocr_par' dir='ltr' id='par_1_1' title="bbox 142 328 222 399">
     <span class='ocr_line' id='line_1_1' title="bbox 142 328 222 399; baseline -0.05 0"><span class='ocrx_word' id='word_1_1' title='bbox 142 328 222 399; x_wconf 70' lang='lat'><strong>533</strong></span> 
     </span>
    </p>
   </div>
   <div class='ocr_carea' id='block_1_2' title="bbox 972 320 2388 380">
    <p class='ocr_par' dir='ltr' id='par_1_2' title="bbox 972 320 2388 380">
     <span class='ocr_line' id='line_1_2' title="bbox 972 320 2388 380; baseline -0.002 -1"><span class='ocrx_word' id='word_1_2' title='bbox 972 320 1344 380; x_wconf 73' lang='lat' dir='ltr'><strong>CHRONICA.</strong></span> <span class='ocrx_word' id='word_1_3' title='bbox 1380 355 1451 363; x_wconf 95' lang='lat'><strong><em>—</em></strong></span> <span class='ocrx_word' id='word_1_4' title='bbox 1485 320 1882 380; x_wconf 77' lang='lat' dir='ltr'><strong>CHRONICON</strong></span> <span class='ocrx_word' id='word_1_5' title='bbox 1920 321 2388 379; x_wconf 71' lang='lat' dir='ltr'><strong>UNIV’ERSALE.</strong></span> 
     </span>
    </p>
   </div>
   <div class='ocr_carea' id='block_1_3' title="bbox 3254 294 3367 385">
    <p class='ocr_par' dir='ltr' id='par_1_3' title="bbox 3254 294 3367 385">
     <span class='ocr_line' id='line_1_3' title="bbox 3254 294 3367 385; baseline -0.027 0"><span class='ocrx_word' id='word_1_6' title='bbox 3254 294 3367 385; x_wconf 61' lang='lat' dir='ltr'><strong>ﬁsci</strong></span> 
     </span>
    </p>
   </div>
   <div class='ocr_carea' id='block_1_4' title="bbox 137 432 3373 519">
    <p class='ocr_par' dir='ltr' id='par_1_4' title="bbox 137 432 3373 519">
     <span class='ocr_line' id='line_1_4' title="bbox 137 432 3373 519; baseline 0 -24"><span class='ocrx_word' id='word_1_7' title='bbox 137 467 217 507; x_wconf 78' lang='grc' dir='ltr'><strong>ηοη</strong></span> <span class='ocrx_word' id='word_1_8' title='bbox 236 438 590 519; x_wconf 75' lang='lat' dir='ltr'><strong>presumpsistis</strong></span> <span class='ocrx_word' id='word_1_9' title='bbox 616 436 924 509; x_wconf 80' lang='lat' dir='ltr'><strong>impugnare</strong></span> <span class='ocrx_word' id='word_1_10' title='bbox 950 452 1064 502; x_wconf 85' lang='lat' dir='ltr'><strong>nos,</strong></span> <span class='ocrx_word' id='word_1_11' title='bbox 1091 435 1181 491; x_wconf 86' lang='lat' dir='ltr'><strong>sed</strong></span> <span class='ocrx_word' id='word_1_12' title='bbox 1207 446 1299 491; x_wconf 75' lang='lat' dir='ltr'><strong>res:</strong></span> <span class='ocrx_word' id='word_1_13' title='bbox 1326 443 1508 490; x_wconf 82' lang='lat' dir='ltr'><strong>vester.</strong></span> <span class='ocrx_word' id='word_1_14' title='bbox 1535 432 1663 491; x_wconf 64' lang='lat' dir='ltr'><strong>Haec</strong></span> <span class='ocrx_word' id='word_1_15' title='bbox 1691 438 1738 498; x_wconf 72' lang='grc' dir='ltr'><strong>Δ</strong></span> <span class='ocrx_word' id='word_1_16' title='bbox 1765 444 1983 506; x_wconf 87' lang='lat' dir='ltr'><strong>paratu,</strong></span> <span class='ocrx_word' id='word_1_17' title='bbox 2011 432 2322 492; x_wconf 73' lang='lat' dir='ltr'><strong>Alexander</strong></span> <span class='ocrx_word' id='word_1_18' title='bbox 2357 433 2491 490; x_wconf 89' lang='lat' dir='ltr'><strong>abiit</strong></span> <span class='ocrx_word' id='word_1_19' title='bbox 2511 435 2577 490; x_wconf 90' lang='lat' dir='ltr'><strong>ad</strong></span> <span class='ocrx_word' id='word_1_20' title='bbox 2606 433 2922 497; x_wconf 82' lang='lat' dir='ltr'><strong>Oxidraces.</strong></span> <span class='ocrx_word' id='word_1_21' title='bbox 2945 434 3245 497; x_wconf 80' lang='lat' dir='ltr'><strong>Oxidraces</strong></span> <span class='ocrx_word' id='word_1_22' title='bbox 3270 455 3373 495; x_wconf 79' lang='lat' dir='ltr'><strong>au-</strong></span> 
     </span>
    </p>
   </div>
   <div class='ocr_carea' id='block_1_5' title="bbox 136 518 1571 601">
    <p class='ocr_par' dir='ltr' id='par_1_5' title="bbox 136 518 1571 601">
     <span class='ocr_line' id='line_1_5' title="bbox 136 518 1571 601; baseline -0.014 0"><span class='ocrx_word' id='word_1_23' title='bbox 136 518 301 601; x_wconf 83' lang='lat' dir='ltr'><strong>dicens.</strong></span> <span class='ocrx_word' id='word_1_24' title='bbox 320 544 485 593; x_wconf 85' lang='lat' dir='ltr'><strong>castra</strong></span> <span class='ocrx_word' id='word_1_25' title='bbox 506 518 738 587; x_wconf 72' lang='lat' dir='ltr'><strong>metatus</strong></span> <span class='ocrx_word' id='word_1_26' title='bbox 763 537 848 585; x_wconf 87' lang='lat' dir='ltr'><strong>est</strong></span> <span class='ocrx_word' id='word_1_27' title='bbox 873 537 928 584; x_wconf 92' lang='lat' dir='ltr'><strong>et</strong></span> <span class='ocrx_word' id='word_1_28' title='bbox 954 527 1083 585; x_wconf 81' lang='lat' dir='ltr'><strong>fecit</strong></span> <span class='ocrx_word' id='word_1_29' title='bbox 1107 528 1323 600; x_wconf 83' lang='lat' dir='ltr'><strong>sepeliri</strong></span> <span class='ocrx_word' id='word_1_30' title='bbox 1347 526 1571 582; x_wconf 87' lang='lat' dir='ltr'><strong>Porum.</strong></span> 
     </span>
    </p>
   </div>
   <div class='ocr_carea' id='block_1_6' title="bbox 107 619 1659 697">
    <p class='ocr_par' dir='ltr' id='par_1_6' title="bbox 107 619 1659 697">
     <span class='ocr_line' id='line_1_6' title="bbox 107 619 1659 697; baseline -0.001 -20"><span class='ocrx_word' id='word_1_31' title='bbox 107 661 117 677; x_wconf 86' lang='lat'><strong>.</strong></span> <span class='ocrx_word' id='word_1_32' title='bbox 187 633 248 689; x_wconf 87' lang='lat' dir='ltr'><strong>De</strong></span> <span class='ocrx_word' id='word_1_33' title='bbox 270 632 360 686; x_wconf 90' lang='lat' dir='ltr'><strong>hac</strong></span> <span class='ocrx_word' id='word_1_34' title='bbox 395 639 565 697; x_wconf 82' lang='lat' dir='ltr'><strong>pugna</strong></span> <span class='ocrx_word' id='word_1_35' title='bbox 598 622 691 678; x_wconf 88' lang='lat' dir='ltr'><strong>alii</strong></span> <span class='ocrx_word' id='word_1_36' title='bbox 728 621 887 677; x_wconf 79' lang='lat' dir='ltr'><strong>aliter</strong></span> <span class='ocrx_word' id='word_1_37' title='bbox 932 620 1313 685; x_wconf 86' lang='lat' dir='ltr'><strong>sentiunt,-sic</strong></span> <span class='ocrx_word' id='word_1_38' title='bbox 1356 619 1659 676; x_wconf 80' lang='lat' dir='ltr'><strong>scribentes</strong></span> 
     </span>
    </p>
   </div>
   <div class='ocr_carea' id='block_1_7' title="bbox 134 713 1657 792">
    <p class='ocr_par' dir='ltr' id='par_1_7' title="bbox 134 713 1657 792">
     <span class='ocr_line' id='line_1_7' title="bbox 134 713 1657 792; baseline -0.012 -8"><span class='ocrx_word' id='word_1_39' title='bbox 134 727 282 792; x_wconf 72' lang='lat' dir='ltr'><strong>(Osos.</strong></span> <span class='ocrx_word' id='word_1_40' title='bbox 309 738 380 778; x_wconf 85' lang='lat' dir='ltr'><strong>lli.</strong></span> <span class='ocrx_word' id='word_1_41' title='bbox 408 718 493 775; x_wconf 66' lang='grc' dir='ltr'>ιω</span> <span class='ocrx_word' id='word_1_42' title='bbox 519 736 531 773; x_wconf 91' lang='lat'><strong>:</strong></span> <span class='ocrx_word' id='word_1_43' title='bbox 557 714 695 773; x_wconf 85' lang='lat' dir='ltr'><strong>Cum</strong></span> <span class='ocrx_word' id='word_1_44' title='bbox 714 715 879 781; x_wconf 86' lang='lat' dir='ltr'><strong>Poro,</strong></span> <span class='ocrx_word' id='word_1_45' title='bbox 906 713 1207 771; x_wconf 82' lang='lat' dir='ltr'><strong>fortissimo</strong></span> <span class='ocrx_word' id='word_1_46' title='bbox 1226 713 1486 770; x_wconf 86' lang='lat' dir='ltr'><strong>lndorum</strong></span> <span class='ocrx_word' id='word_1_47' title='bbox 1512 727 1657 783; x_wconf 84' lang='lat' dir='ltr'><strong>rege,</strong></span> 
     </span>
    </p>
   </div>
   <div class='ocr_carea' id='block_1_8' title="bbox 130 804 1658 880">
    <p class='ocr_par' dir='ltr' id='par_1_8' title="bbox 130 804 1658 880">
     <span class='ocr_line' id='line_1_8' title="bbox 130 804 1658 880; baseline -0.012 -4"><span class='ocrx_word' id='word_1_48' title='bbox 130 813 515 877; x_wconf 76' lang='lat' dir='ltr'><strong>cruentissimum</strong></span> <span class='ocrx_word' id='word_1_49' title='bbox 540 809 739 864; x_wconf 87' lang='lat' dir='ltr'><strong>bellum</strong></span> <span class='ocrx_word' id='word_1_50' title='bbox 765 807 955 880; x_wconf 79' lang='lat' dir='ltr'><strong>gessit,</strong></span> <span class='ocrx_word' id='word_1_51' title='bbox 987 822 1041 861; x_wconf 82' lang='lat' dir='ltr'><strong>in</strong></span> <span class='ocrx_word' id='word_1_52' title='bbox 1064 821 1175 876; x_wconf 84' lang='lat' dir='ltr'><strong>quo</strong></span> <span class='ocrx_word' id='word_1_53' title='bbox 1196 804 1504 861; x_wconf 85' lang='lat' dir='ltr'><strong>Alexander</strong></span> <span class='ocrx_word' id='word_1_54' title='bbox 1532 819 1658 859; x_wconf 84' lang='lat' dir='ltr'><strong>cum</strong></span> 
     </span>
    </p>
   </div>
   <div class='ocr_carea' id='block_1_9' title="bbox 126 893 1659 981">
    <p class='ocr_par' dir='ltr' id='par_1_9' title="bbox 126 893 1659 981">
     <span class='ocr_line' id='line_1_9' title="bbox 126 893 1659 981; baseline -0.01 -16"><span class='ocrx_word' id='word_1_55' title='bbox 126 911 223 981; x_wconf 86' lang='lat' dir='ltr'><strong>ipso</strong></span> <span class='ocrx_word' id='word_1_56' title='bbox 251 893 376 960; x_wconf 79' lang='lat' dir='ltr'><strong>Poro</strong></span> <span class='ocrx_word' id='word_1_57' title='bbox 406 899 751 973; x_wconf 75' lang='lat' dir='ltr'><strong>singulariter</strong></span> <span class='ocrx_word' id='word_1_58' title='bbox 790 913 1142 971; x_wconf 79' lang='lat' dir='ltr'><strong>congressus,</strong></span> <span class='ocrx_word' id='word_1_59' title='bbox 1182 897 1482 968; x_wconf 85' lang='lat' dir='ltr'><strong>occisoque</strong></span> <span class='ocrx_word' id='word_1_60' title='bbox 1508 895 1659 966; x_wconf 86' lang='lat' dir='ltr'><strong>deje-</strong></span> 
     </span>
    </p>
   </div>
   <div class='ocr_carea' id='block_1_10' title="bbox 124 987 1659 1070">
    <p class='ocr_par' dir='ltr' id='par_1_10' title="bbox 124 987 1659 1070">
     <span class='ocr_line' id='line_1_10' title="bbox 124 987 1659 1070; baseline -0.011 -11"><span class='ocrx_word' id='word_1_61' title='bbox 124 1013 222 1059; x_wconf 86' lang='lat' dir='ltr'><strong>ctus</strong></span> <span class='ocrx_word' id='word_1_62' title='bbox 239 1013 380 1070; x_wconf 86' lang='lat' dir='ltr'><strong>equo,</strong></span> <span class='ocrx_word' id='word_1_63' title='bbox 421 1008 685 1051; x_wconf 82' lang='lat' dir='ltr'><strong>concursu</strong></span> <span class='ocrx_word' id='word_1_64' title='bbox 735 992 1032 1048; x_wconf 84' lang='lat' dir='ltr'><strong>satellitum</strong></span> <span class='ocrx_word' id='word_1_65' title='bbox 1079 990 1408 1061; x_wconf 88' lang='lat' dir='ltr'><strong>presentiam</strong></span> <span class='ocrx_word' id='word_1_66' title='bbox 1465 987 1659 1043; x_wconf 90' lang='lat' dir='ltr'><strong>mortis</strong></span> 
     </span>
    </p>
   </div>
   <div class='ocr_carea' id='block_1_11' title="bbox 126 1082 1657 1157">
    <p class='ocr_par' dir='ltr' id='par_1_11' title="bbox 126 1082 1657 1157">
     <span class='ocr_line' id='line_1_11' title="bbox 126 1082 1657 1157; baseline -0.01 -6"><span class='ocrx_word' id='word_1_67' title='bbox 126 1092 293 1157; x_wconf 80' lang='lat' dir='ltr'><strong>evasit;</strong></span> <span class='ocrx_word' id='word_1_68' title='bbox 331 1088 495 1144; x_wconf 84' lang='lat' dir='ltr'><strong>Porus</strong></span> <span class='ocrx_word' id='word_1_69' title='bbox 541 1100 673 1141; x_wconf 89' lang='lat' dir='ltr'><strong>vero</strong></span> <span class='ocrx_word' id='word_1_70' title='bbox 720 1084 910 1140; x_wconf 89' lang='lat' dir='ltr'><strong>multis</strong></span> <span class='ocrx_word' id='word_1_71' title='bbox 958 1082 1252 1139; x_wconf 82' lang='lat' dir='ltr'><strong>confossus</strong></span> <span class='ocrx_word' id='word_1_72' title='bbox 1302 1082 1617 1138; x_wconf 78' lang='lat' dir='ltr'><strong>vulneribus</strong></span> <span class='ocrx_word' id='word_1_73' title='bbox 1641 1122 1657 1147; x_wconf 90' lang='lat'><strong>,</strong></span> 
     </span>
    </p>
   </div>
   <div class='ocr_carea' id='block_1_12' title="bbox 123 1173 1659 1258">
    <p class='ocr_par' dir='ltr' id='par_1_12' title="bbox 123 1173 1659 1258">
     <span class='ocr_line' id='line_1_12' title="bbox 123 1173 1659 1258; baseline -0.01 -15"><span class='ocrx_word' id='word_1_74' title='bbox 123 1194 279 1258; x_wconf 81' lang='lat' dir='ltr'><strong>captus</strong></span> <span class='ocrx_word' id='word_1_75' title='bbox 302 1191 395 1248; x_wconf 84' lang='lat' dir='ltr'><strong>est,</strong></span> <span class='ocrx_word' id='word_1_76' title='bbox 426 1178 517 1236; x_wconf 88' lang='lat' dir='ltr'><strong>sed</strong></span> <span class='ocrx_word' id='word_1_77' title='bbox 545 1179 614 1234; x_wconf 90' lang='lat' dir='ltr'><strong>ob</strong></span> <span class='ocrx_word' id='word_1_78' title='bbox 640 1177 1015 1233; x_wconf 87' lang='lat' dir='ltr'><strong>testimonium</strong></span> <span class='ocrx_word' id='word_1_79' title='bbox 1042 1175 1262 1231; x_wconf 85' lang='lat' dir='ltr'><strong>virtutis</strong></span> <span class='ocrx_word' id='word_1_80' title='bbox 1282 1174 1591 1230; x_wconf 85' lang='lat' dir='ltr'><strong>Alexander</strong></span> <span class='ocrx_word' id='word_1_81' title='bbox 1607 1173 1659 1229; x_wconf 90' lang='lat' dir='ltr'><strong>ei</strong></span> 
     </span>
    </p>
   </div>
   <div class='ocr_carea' id='block_1_13' title="bbox 125 1265 1661 1348">
    <p class='ocr_par' dir='ltr' id='par_1_13' title="bbox 125 1265 1661 1348">
     <span class='ocr_line' id='line_1_13' title="bbox 125 1265 1661 1348; baseline -0.007 -17"><span class='ocrx_word' id='word_1_82' title='bbox 125 1290 308 1348; x_wconf 78' lang='lat' dir='ltr'><strong>regnum</strong></span> <span class='ocrx_word' id='word_1_83' title='bbox 338 1271 583 1328; x_wconf 82' lang='lat' dir='ltr'><strong>restituit.</strong></span> <span class='ocrx_word' id='word_1_84' title='bbox 604 1268 735 1326; x_wconf 73' lang='lat' dir='ltr'><strong>Haec</strong></span> <span class='ocrx_word' id='word_1_85' title='bbox 756 1277 936 1325; x_wconf 88' lang='lat' dir='ltr'><strong>autem</strong></span> <span class='ocrx_word' id='word_1_86' title='bbox 960 1267 1250 1323; x_wconf 80' lang='lat' dir='ltr'><strong>diversitas</strong></span> <span class='ocrx_word' id='word_1_87' title='bbox 1271 1266 1434 1321; x_wconf 84' lang='lat' dir='ltr'><strong>etiam</strong></span> <span class='ocrx_word' id='word_1_88' title='bbox 1462 1266 1517 1321; x_wconf 91' lang='lat' dir='ltr'><strong>in</strong></span> <span class='ocrx_word' id='word_1_89' title='bbox 1539 1265 1661 1337; x_wconf 88' lang='lat' dir='ltr'><strong>epi-</strong></span> 
     </span>
    </p>
   </div>
   <div class='ocr_carea' id='block_1_14' title="bbox 126 1356 1659 1436">
    <p class='ocr_par' dir='ltr' id='par_1_14' title="bbox 126 1356 1659 1436">
     <span class='ocr_line' id='line_1_14' title="bbox 126 1356 1659 1436; baseline -0.008 -13"><span class='ocrx_word' id='word_1_90' title='bbox 126 1366 247 1424; x_wconf 78' lang='lat' dir='ltr'><strong>stolis</strong></span> <span class='ocrx_word' id='word_1_91' title='bbox 269 1379 380 1436; x_wconf 73' lang='lat' dir='ltr'><strong>qua:</strong></span> <span class='ocrx_word' id='word_1_92' title='bbox 418 1362 586 1432; x_wconf 84' lang='lat' dir='ltr'><strong>ipsms</strong></span> <span class='ocrx_word' id='word_1_93' title='bbox 616 1359 910 1415; x_wconf 76' lang='lat' dir='ltr'><strong>Alexandri</strong></span> <span class='ocrx_word' id='word_1_94' title='bbox 938 1359 1197 1414; x_wconf 90' lang='lat' dir='ltr'><strong>dicuntur</strong></span> <span class='ocrx_word' id='word_1_95' title='bbox 1238 1357 1304 1413; x_wconf 91' lang='lat' dir='ltr'><strong>ad</strong></span> <span class='ocrx_word' id='word_1_96' title='bbox 1336 1356 1659 1429; x_wconf 88' lang='lat' dir='ltr'><strong>magistrum</strong></span> 
     </span>
    </p>
   </div>
   <div class='ocr_carea' id='block_1_15' title="bbox 124 1449 1662 1524">
    <p class='ocr_par' dir='ltr' id='par_1_15' title="bbox 124 1449 1662 1524">
     <span class='ocr_line' id='line_1_15' title="bbox 124 1449 1662 1524; baseline -0.007 -9"><span class='ocrx_word' id='word_1_97' title='bbox 124 1474 250 1515; x_wconf 86' lang='lat' dir='ltr'><strong>suum</strong></span> <span class='ocrx_word' id='word_1_98' title='bbox 295 1454 609 1511; x_wconf 73' lang='lat' dir='ltr'><strong>Aristotiiem</strong></span> <span class='ocrx_word' id='word_1_99' title='bbox 638 1452 930 1524; x_wconf 86' lang='lat' dir='ltr'><strong>reperitur,</strong></span> <span class='ocrx_word' id='word_1_100' title='bbox 964 1466 1087 1522; x_wconf 73' lang='lat' dir='ltr'><strong>quae</strong></span> <span class='ocrx_word' id='word_1_101' title='bbox 1119 1449 1169 1507; x_wconf 88' lang='lat' dir='ltr'><strong>si</strong></span> <span class='ocrx_word' id='word_1_102' title='bbox 1201 1450 1375 1521; x_wconf 81' lang='lat' dir='ltr'><strong>ipsius</strong></span> <span class='ocrx_word' id='word_1_103' title='bbox 1398 1458 1545 1517; x_wconf 88' lang='lat' dir='ltr'><strong>sunt,</strong></span> <span class='ocrx_word' id='word_1_104' title='bbox 1576 1450 1662 1505; x_wconf 90' lang='lat' dir='ltr'><strong>di-</strong></span> 
     </span>
    </p>
   </div>
   <div class='ocr_carea' id='block_1_16' title="bbox 117 1543 1660 1614">
    <p class='ocr_par' dir='ltr' id='par_1_16' title="bbox 117 1543 1660 1614">
     <span class='ocr_line' id='line_1_16' title="bbox 117 1543 1660 1614; baseline -0.005 -8"><span class='ocrx_word' id='word_1_105' title='bbox 117 1557 247 1606; x_wconf 73' lang='lat' dir='ltr'><strong>versa</strong></span> <span class='ocrx_word' id='word_1_106' title='bbox 268 1557 358 1605; x_wconf 77' lang='lat' dir='ltr'><strong>Sibi</strong></span> <span class='ocrx_word' id='word_1_107' title='bbox 385 1546 642 1602; x_wconf 88' lang='lat' dir='ltr'><strong>sentiunt.</strong></span> <span class='ocrx_word' id='word_1_108' title='bbox 682 1544 761 1600; x_wconf 88' lang='lat' dir='ltr'><strong>lbi</strong></span> <span class='ocrx_word' id='word_1_109' title='bbox 791 1544 936 1600; x_wconf 89' lang='lat' dir='ltr'><strong>enim</strong></span> <span class='ocrx_word' id='word_1_110' title='bbox 975 1543 1212 1614; x_wconf 81' lang='lat' dir='ltr'><strong>quodam</strong></span> <span class='ocrx_word' id='word_1_111' title='bbox 1244 1544 1365 1599; x_wconf 88' lang='lat' dir='ltr'><strong>loco</strong></span> <span class='ocrx_word' id='word_1_112' title='bbox 1394 1543 1660 1614; x_wconf 89' lang='lat' dir='ltr'><strong>scriptum</strong></span> 
     </span>
    </p>
   </div>
   <div class='ocr_carea' id='block_1_17' title="bbox 122 1634 1661 1713">
    <p class='ocr_par' dir='ltr' id='par_1_17' title="bbox 122 1634 1661 1713">
     <span class='ocr_line' id='line_1_17' title="bbox 122 1634 1661 1713; baseline -0.005 -15"><span class='ocrx_word' id='word_1_113' title='bbox 122 1653 187 1698; x_wconf 78' lang='lat' dir='ltr'><strong>est</strong></span> <span class='ocrx_word' id='word_1_114' title='bbox 208 1640 277 1713; x_wconf 74' lang='lat'><strong>{6.</strong></span> <span class='ocrx_word' id='word_1_115' title='bbox 306 1639 365 1694; x_wconf 86' lang='grc' dir='ltr'><strong>Β.</strong></span> <span class='ocrx_word' id='word_1_116' title='bbox 392 1638 429 1692; x_wconf 79' lang='lat' dir='ltr'><strong>f.</strong></span> <span class='ocrx_word' id='word_1_117' title='bbox 452 1638 609 1709; x_wconf 76' lang='lat'><strong>215),</strong></span> <span class='ocrx_word' id='word_1_118' title='bbox 642 1636 789 1708; x_wconf 88' lang='lat' dir='ltr'><strong>quod</strong></span> <span class='ocrx_word' id='word_1_119' title='bbox 818 1634 887 1690; x_wconf 88' lang='lat' dir='ltr'><strong>ad</strong></span> <span class='ocrx_word' id='word_1_120' title='bbox 913 1635 1221 1691; x_wconf 86' lang='lat' dir='ltr'><strong>Candacem</strong></span> <span class='ocrx_word' id='word_1_121' title='bbox 1248 1635 1493 1707; x_wconf 86' lang='lat' dir='ltr'><strong>reginam</strong></span> <span class='ocrx_word' id='word_1_122' title='bbox 1533 1651 1661 1691; x_wconf 90' lang='lat' dir='ltr'><strong>cum</strong></span> 
     </span>
    </p>
   </div>
   <div class='ocr_carea' id='block_1_18' title="bbox 120 1726 1658 1801">
    <p class='ocr_par' dir='ltr' id='par_1_18' title="bbox 120 1726 1658 1801">
     <span class='ocr_line' id='line_1_18' title="bbox 120 1726 1658 1801; baseline -0.003 -12"><span class='ocrx_word' id='word_1_123' title='bbox 120 1734 286 1789; x_wconf 78' lang='lat' dir='ltr'><strong>veniret</strong></span> <span class='ocrx_word' id='word_1_124' title='bbox 320 1729 631 1797; x_wconf 74' lang='lat' dir='ltr'><strong>Alexander,</strong></span> <span class='ocrx_word' id='word_1_125' title='bbox 660 1726 915 1795; x_wconf 86' lang='lat' dir='ltr'><strong>Carator,</strong></span> <span class='ocrx_word' id='word_1_126' title='bbox 953 1727 1102 1784; x_wconf 79' lang='lat' dir='ltr'><strong>illius</strong></span> <span class='ocrx_word' id='word_1_127' title='bbox 1142 1728 1391 1799; x_wconf 84' lang='lat' dir='ltr'><strong>ejusdem</strong></span> <span class='ocrx_word' id='word_1_128' title='bbox 1433 1728 1658 1801; x_wconf 63' lang='lat' dir='ltr'><strong>reginae,</strong></span> 
     </span>
    </p>
   </div>
   <div class='ocr_carea' id='block_1_19' title="bbox 123 1818 1662 1891">
    <p class='ocr_par' dir='ltr' id='par_1_19' title="bbox 123 1818 1662 1891">
     <span class='ocr_line' id='line_1_19' title="bbox 123 1818 1662 1891; baseline -0.005 -10"><span class='ocrx_word' id='word_1_129' title='bbox 123 1826 335 1881; x_wconf 76' lang='lat' dir='ltr'><strong>suadente</strong></span> <span class='ocrx_word' id='word_1_130' title='bbox 366 1836 531 1878; x_wconf 89' lang='lat' dir='ltr'><strong>uxore</strong></span> <span class='ocrx_word' id='word_1_131' title='bbox 560 1836 684 1887; x_wconf 87' lang='lat' dir='ltr'><strong>sua,</strong></span> <span class='ocrx_word' id='word_1_132' title='bbox 735 1835 858 1891; x_wconf 85' lang='lat' dir='ltr'><strong>quae</strong></span> <span class='ocrx_word' id='word_1_133' title='bbox 888 1819 998 1876; x_wconf 83' lang='lat' dir='ltr'><strong>lilia</strong></span> <span class='ocrx_word' id='word_1_134' title='bbox 1034 1819 1138 1874; x_wconf 81' lang='lat' dir='ltr'><strong>fuit</strong></span> <span class='ocrx_word' id='word_1_135' title='bbox 1176 1818 1325 1887; x_wconf 89' lang='lat' dir='ltr'><strong>Pori,</strong></span> <span class='ocrx_word' id='word_1_136' title='bbox 1355 1835 1483 1876; x_wconf 91' lang='lat' dir='ltr'><strong>eum</strong></span> <span class='ocrx_word' id='word_1_137' title='bbox 1511 1819 1662 1875; x_wconf 74' lang='lat' dir='ltr'><strong>occi—</strong></span> 
     </span>
    </p>
   </div>
   <div class='ocr_carea' id='block_1_20' title="bbox 122 1911 1664 1985">
    <p class='ocr_par' dir='ltr' id='par_1_20' title="bbox 122 1911 1664 1985">
     <span class='ocr_line' id='line_1_20' title="bbox 122 1911 1664 1985; baseline -0.003 -14"><span class='ocrx_word' id='word_1_138' title='bbox 122 1919 219 1972; x_wconf 84' lang='lat' dir='ltr'><strong>dere</strong></span> <span class='ocrx_word' id='word_1_139' title='bbox 240 1914 469 1980; x_wconf 86' lang='lat' dir='ltr'><strong>voluerit,</strong></span> <span class='ocrx_word' id='word_1_140' title='bbox 498 1928 564 1970; x_wconf 88' lang='lat' dir='ltr'><strong>eo</strong></span> <span class='ocrx_word' id='word_1_141' title='bbox 586 1913 735 1985; x_wconf 92' lang='lat' dir='ltr'><strong>quod</strong></span> <span class='ocrx_word' id='word_1_142' title='bbox 771 1912 889 1984; x_wconf 88' lang='lat' dir='ltr'><strong>ipse</strong></span> <span class='ocrx_word' id='word_1_143' title='bbox 916 1911 1122 1967; x_wconf 86' lang='lat' dir='ltr'><strong>Porum</strong></span> <span class='ocrx_word' id='word_1_144' title='bbox 1151 1912 1440 1978; x_wconf 86' lang='lat' dir='ltr'><strong>occiderit;</strong></span> <span class='ocrx_word' id='word_1_145' title='bbox 1468 1912 1524 1967; x_wconf 92' lang='lat' dir='ltr'><strong>in</strong></span> <span class='ocrx_word' id='word_1_146' title='bbox 1554 1912 1664 1967; x_wconf 85' lang='lat' dir='ltr'><strong>alio</strong></span> 
     </span>
    </p>
   </div>
   <div class='ocr_carea' id='block_1_21' title="bbox 120 2004 1665 2078">
    <p class='ocr_par' dir='ltr' id='par_1_21' title="bbox 120 2004 1665 2078">
     <span class='ocr_line' id='line_1_21' title="bbox 120 2004 1665 2078; baseline -0.003 -13"><span class='ocrx_word' id='word_1_147' title='bbox 120 2020 263 2066; x_wconf 80' lang='lat' dir='ltr'><strong>autem</strong></span> <span class='ocrx_word' id='word_1_148' title='bbox 305 2010 416 2065; x_wconf 88' lang='lat' dir='ltr'><strong>loco</strong></span> <span class='ocrx_word' id='word_1_149' title='bbox 442 2008 523 2064; x_wconf 88' lang='lat' dir='ltr'><strong>sic</strong></span> <span class='ocrx_word' id='word_1_150' title='bbox 549 2007 813 2078; x_wconf 81' lang='lat' dir='ltr'><strong>scriptum</strong></span> <span class='ocrx_word' id='word_1_151' title='bbox 844 2005 1139 2071; x_wconf 83' lang='lat' dir='ltr'><strong>invenitur,</strong></span> <span class='ocrx_word' id='word_1_152' title='bbox 1173 2013 1233 2060; x_wconf 93' lang='lat' dir='ltr'><strong>ut</strong></span> <span class='ocrx_word' id='word_1_153' title='bbox 1270 2004 1460 2061; x_wconf 89' lang='lat' dir='ltr'><strong>eadem</strong></span> <span class='ocrx_word' id='word_1_154' title='bbox 1498 2004 1665 2060; x_wconf 87' lang='lat' dir='ltr'><strong>verba</strong></span> 
     </span>
    </p>
   </div>
   <div class='ocr_carea' id='block_1_22' title="bbox 120 2094 1660 2173">
    <p class='ocr_par' dir='ltr' id='par_1_22' title="bbox 120 2094 1660 2173">
     <span class='ocr_line' id='line_1_22' title="bbox 120 2094 1660 2173; baseline -0.005 -16"><span class='ocrx_word' id='word_1_155' title='bbox 120 2111 344 2173; x_wconf 83' lang='lat' dir='ltr'><strong>ponantur</strong></span> <span class='ocrx_word' id='word_1_156' title='bbox 360 2104 477 2171; x_wconf 71' lang='lat' dir='ltr'><strong>qua:</strong></span> <span class='ocrx_word' id='word_1_157' title='bbox 498 2098 673 2170; x_wconf 86' lang='lat' dir='ltr'><strong>ipsius</strong></span> <span class='ocrx_word' id='word_1_158' title='bbox 695 2112 819 2155; x_wconf 85' lang='lat' dir='ltr'><strong>esse</strong></span> <span class='ocrx_word' id='word_1_159' title='bbox 839 2096 1097 2153; x_wconf 86' lang='lat' dir='ltr'><strong>dicuntur</strong></span> <span class='ocrx_word' id='word_1_160' title='bbox 1116 2096 1218 2168; x_wconf 83' lang='lat' dir='ltr'><strong>(ep.</strong></span> <span class='ocrx_word' id='word_1_161' title='bbox 1245 2097 1316 2151; x_wconf 88' lang='lat' dir='ltr'><strong>ad</strong></span> <span class='ocrx_word' id='word_1_162' title='bbox 1335 2096 1502 2151; x_wconf 81' lang='lat' dir='ltr'><strong>Arist.</strong></span> <span class='ocrx_word' id='word_1_163' title='bbox 1529 2111 1578 2151; x_wconf 89' lang='lat' dir='ltr'><strong>e.</strong></span> <span class='ocrx_word' id='word_1_164' title='bbox 1600 2094 1660 2150; x_wconf 87' lang='lat' dir='ltr'><strong>B.</strong></span> 
     </span>
    </p>
   </div>
   <div class='ocr_carea' id='block_1_23' title="bbox 116 2187 1664 2263">
    <p class='ocr_par' dir='ltr' id='par_1_23' title="bbox 116 2187 1664 2263">
     <span class='ocr_line' id='line_1_23' title="bbox 116 2187 1664 2263; baseline -0.003 -16"><span class='ocrx_word' id='word_1_165' title='bbox 116 2195 149 2249; x_wconf 82' lang='lat' dir='ltr'><strong>l&#39;.</strong></span> <span class='ocrx_word' id='word_1_166' title='bbox 173 2193 315 2263; x_wconf 69' lang='lat' dir='ltr'><strong>23d):</strong></span> <span class='ocrx_word' id='word_1_167' title='bbox 356 2191 620 2259; x_wconf 77' lang='lat' dir='ltr'><strong>Venimus,</strong></span> <span class='ocrx_word' id='word_1_168' title='bbox 646 2190 844 2261; x_wconf 84' lang='lat' dir='ltr'><strong>inquit,</strong></span> <span class='ocrx_word' id='word_1_169' title='bbox 870 2192 926 2244; x_wconf 88' lang='lat' dir='ltr'><strong>in</strong></span> <span class='ocrx_word' id='word_1_170' title='bbox 959 2189 1115 2243; x_wconf 84' lang='lat' dir='ltr'><strong>illum</strong></span> <span class='ocrx_word' id='word_1_171' title='bbox 1139 2188 1336 2255; x_wconf 89' lang='lat' dir='ltr'><strong>locum,</strong></span> <span class='ocrx_word' id='word_1_172' title='bbox 1370 2188 1461 2243; x_wconf 89' lang='lat' dir='ltr'><strong>ubi</strong></span> <span class='ocrx_word' id='word_1_173' title='bbox 1490 2187 1664 2242; x_wconf 86' lang='lat' dir='ltr'><strong>Porus</strong></span> 
     </span>
    </p>
   </div>
   <div class='ocr_carea' id='block_1_24' title="bbox 119 2282 1665 2355">
    <p class='ocr_par' dir='ltr' id='par_1_24' title="bbox 119 2282 1665 2355">
     <span class='ocr_line' id='line_1_24' title="bbox 119 2282 1665 2355; baseline -0.004 -15"><span class='ocrx_word' id='word_1_174' title='bbox 119 2288 232 2355; x_wconf 79' lang='lat' dir='ltr'><strong>prius</strong></span> <span class='ocrx_word' id='word_1_175' title='bbox 257 2302 361 2340; x_wconf 86' lang='lat' dir='ltr'><strong>cum</strong></span> <span class='ocrx_word' id='word_1_176' title='bbox 381 2286 613 2340; x_wconf 67' lang='lat' dir='ltr'><strong>exercitu</strong></span> <span class='ocrx_word' id='word_1_177' title='bbox 643 2282 954 2339; x_wconf 75' lang='lat' dir='ltr'><strong>consederat</strong></span> <span class='ocrx_word' id='word_1_178' title='bbox 976 2298 1135 2354; x_wconf 80' lang='lat' dir='ltr'><strong>quam</strong></span> <span class='ocrx_word' id='word_1_179' title='bbox 1160 2297 1513 2354; x_wconf 74' lang='lat' dir='ltr'><strong>pugnaremus</strong></span> <span class='ocrx_word' id='word_1_180' title='bbox 1544 2297 1665 2335; x_wconf 85' lang='lat' dir='ltr'><strong>cum</strong></span> 
     </span>
    </p>
   </div>
   <div class='ocr_carea' id='block_1_25' title="bbox 116 2375 1667 2441">
    <p class='ocr_par' dir='ltr' id='par_1_25' title="bbox 116 2375 1667 2441">
     <span class='ocr_line' id='line_1_25' title="bbox 116 2375 1667 2441; baseline -0.001 -9"><span class='ocrx_word' id='word_1_181' title='bbox 116 2394 184 2441; x_wconf 84' lang='lat' dir='ltr'><strong>eo;</strong></span> <span class='ocrx_word' id='word_1_182' title='bbox 206 2377 401 2433; x_wconf 77' lang='lat' dir='ltr'><strong>habebat</strong></span> <span class='ocrx_word' id='word_1_183' title='bbox 428 2387 613 2432; x_wconf 85' lang='lat' dir='ltr'><strong>autem</strong></span> <span class='ocrx_word' id='word_1_184' title='bbox 647 2376 972 2431; x_wconf 76' lang='lat' dir='ltr'><strong>desiderium</strong></span> <span class='ocrx_word' id='word_1_185' title='bbox 998 2375 1211 2430; x_wconf 74' lang='lat' dir='ltr'><strong>videndi</strong></span> <span class='ocrx_word' id='word_1_186' title='bbox 1233 2392 1335 2441; x_wconf 90' lang='lat' dir='ltr'><strong>me,</strong></span> <span class='ocrx_word' id='word_1_187' title='bbox 1365 2384 1417 2430; x_wconf 89' lang='lat' dir='ltr'><strong>et</strong></span> <span class='ocrx_word' id='word_1_188' title='bbox 1436 2375 1667 2430; x_wconf 85' lang='lat' dir='ltr'><strong>interro-</strong></span> 
     </span>
    </p>
   </div>
   <div class='ocr_carea' id='block_1_26' title="bbox 112 2466 1665 2541">
    <p class='ocr_par' dir='ltr' id='par_1_26' title="bbox 112 2466 1665 2541">
     <span class='ocr_line' id='line_1_26' title="bbox 112 2466 1665 2541; baseline -0.001 -17"><span class='ocrx_word' id='word_1_189' title='bbox 112 2468 429 2541; x_wconf 59' lang='lat' dir='ltr'><strong>garitsliﬁuos</strong></span> <span class='ocrx_word' id='word_1_190' title='bbox 449 2470 515 2525; x_wconf 89' lang='lat' dir='ltr'><strong>de</strong></span> <span class='ocrx_word' id='word_1_191' title='bbox 535 2469 800 2525; x_wconf 80' lang='lat' dir='ltr'><strong>militibus</strong></span> <span class='ocrx_word' id='word_1_192' title='bbox 828 2469 979 2536; x_wconf 84' lang='lat' dir='ltr'><strong>meis,</strong></span> <span class='ocrx_word' id='word_1_193' title='bbox 1003 2467 1095 2522; x_wconf 88' lang='lat' dir='ltr'><strong>ubi</strong></span> <span class='ocrx_word' id='word_1_194' title='bbox 1124 2482 1288 2523; x_wconf 86' lang='lat' dir='ltr'><strong>essem</strong></span> <span class='ocrx_word' id='word_1_195' title='bbox 1317 2466 1394 2523; x_wconf 78' lang='lat' dir='ltr'><strong>vel</strong></span> <span class='ocrx_word' id='word_1_196' title='bbox 1421 2466 1550 2538; x_wconf 79' lang='lat' dir='ltr'><strong>quid</strong></span> <span class='ocrx_word' id='word_1_197' title='bbox 1576 2467 1665 2538; x_wconf 83' lang='lat' dir='ltr'><strong>fa-</strong></span> 
     </span>
    </p>
   </div>
   <div class='ocr_carea' id='block_1_27' title="bbox 115 2560 1665 2630">
    <p class='ocr_par' dir='ltr' id='par_1_27' title="bbox 115 2560 1665 2630">
     <span class='ocr_line' id='line_1_27' title="bbox 115 2560 1665 2630; baseline -0.001 -14"><span class='ocrx_word' id='word_1_198' title='bbox 115 2579 260 2618; x_wconf 81' lang='lat' dir='ltr'><strong>cerent.</strong></span> <span class='ocrx_word' id='word_1_199' title='bbox 289 2562 388 2630; x_wconf 83' lang='lat' dir='ltr'><strong>Qui</strong></span> <span class='ocrx_word' id='word_1_200' title='bbox 413 2578 534 2617; x_wconf 87' lang='lat' dir='ltr'><strong>cum</strong></span> <span class='ocrx_word' id='word_1_201' title='bbox 566 2578 623 2618; x_wconf 90' lang='lat' dir='ltr'><strong>se</strong></span> <span class='ocrx_word' id='word_1_202' title='bbox 656 2561 855 2617; x_wconf 84' lang='lat' dir='ltr'><strong>nescire</strong></span> <span class='ocrx_word' id='word_1_203' title='bbox 885 2561 997 2617; x_wconf 64' lang='lat' dir='ltr'><strong>hac</strong></span> <span class='ocrx_word' id='word_1_204' title='bbox 1032 2560 1290 2626; x_wconf 87' lang='lat' dir='ltr'><strong>dicerent,</strong></span> <span class='ocrx_word' id='word_1_205' title='bbox 1321 2568 1573 2615; x_wconf 79' lang='lat' dir='ltr'><strong>venerunt</strong></span> <span class='ocrx_word' id='word_1_206' title='bbox 1611 2566 1665 2615; x_wconf 92' lang='lat' dir='ltr'><strong>et</strong></span> 
     </span>
    </p>
   </div>
   <div class='ocr_carea' id='block_1_28' title="bbox 117 2653 1667 2719">
    <p class='ocr_par' dir='ltr' id='par_1_28' title="bbox 117 2653 1667 2719">
     <span class='ocr_line' id='line_1_28' title="bbox 117 2653 1667 2719; baseline -0.001 -9"><span class='ocrx_word' id='word_1_207' title='bbox 117 2658 439 2713; x_wconf 67' lang='lat' dir='ltr'><strong>transiuerunt</strong></span> <span class='ocrx_word' id='word_1_208' title='bbox 464 2656 632 2711; x_wconf 84' lang='lat' dir='ltr'><strong>michi</strong></span> <span class='ocrx_word' id='word_1_209' title='bbox 659 2656 770 2710; x_wconf 67' lang='lat' dir='ltr'><strong>haec</strong></span> <span class='ocrx_word' id='word_1_210' title='bbox 800 2655 1000 2711; x_wconf 82' lang='lat' dir='ltr'><strong>omnia.</strong></span> <span class='ocrx_word' id='word_1_211' title='bbox 1030 2653 1143 2719; x_wconf 75' lang='grc' dir='ltr'>Εαο</span> <span class='ocrx_word' id='word_1_212' title='bbox 1165 2662 1344 2709; x_wconf 82' lang='lat' dir='ltr'><strong>autem</strong></span> <span class='ocrx_word' id='word_1_213' title='bbox 1365 2669 1560 2709; x_wconf 71' lang='lat' dir='ltr'><strong>exuens</strong></span> <span class='ocrx_word' id='word_1_214' title='bbox 1580 2670 1667 2709; x_wconf 79' lang='lat' dir='ltr'><strong>ve-</strong></span> 
     </span>
    </p>
   </div>
   <div class='ocr_carea' id='block_1_29' title="bbox 112 2746 1662 2823">
    <p class='ocr_par' dir='ltr' id='par_1_29' title="bbox 112 2746 1662 2823">
     <span class='ocr_line' id='line_1_29' title="bbox 112 2746 1662 2823; baseline -0.002 -19"><span class='ocrx_word' id='word_1_215' title='bbox 112 2750 316 2805; x_wconf 81' lang='lat' dir='ltr'><strong>stimenta</strong></span> <span class='ocrx_word' id='word_1_216' title='bbox 363 2749 563 2822; x_wconf 82' lang='lat' dir='ltr'><strong>regalia</strong></span> <span class='ocrx_word' id='word_1_217' title='bbox 589 2792 607 2817; x_wconf 94' lang='lat'><strong>,</strong></span> <span class='ocrx_word' id='word_1_218' title='bbox 660 2748 813 2805; x_wconf 83' lang='lat' dir='ltr'><strong>indui</strong></span> <span class='ocrx_word' id='word_1_219' title='bbox 865 2746 1056 2804; x_wconf 72' lang='lat' dir='ltr'><strong>militis</strong></span> <span class='ocrx_word' id='word_1_220' title='bbox 1106 2748 1267 2803; x_wconf 88' lang='lat' dir='ltr'><strong>unius</strong></span> <span class='ocrx_word' id='word_1_221' title='bbox 1316 2746 1662 2823; x_wconf 61' lang='lat' dir='ltr'><strong>indumenta,</strong></span> 
     </span>
    </p>
   </div>
   <div class='ocr_carea' id='block_1_30' title="bbox 112 2838 1665 2915">
    <p class='ocr_par' dir='ltr' id='par_1_30' title="bbox 112 2838 1665 2915">
     <span class='ocr_line' id='line_1_30' title="bbox 112 2838 1665 2915; baseline 0 -21"><span class='ocrx_word' id='word_1_222' title='bbox 112 2841 340 2915; x_wconf 75' lang='lat' dir='ltr'><strong>abitusque</strong></span> <span class='ocrx_word' id='word_1_223' title='bbox 360 2842 429 2898; x_wconf 87' lang='lat' dir='ltr'><strong>ad</strong></span> <span class='ocrx_word' id='word_1_224' title='bbox 452 2841 764 2910; x_wconf 80' lang='lat' dir='ltr'><strong>castellum,</strong></span> <span class='ocrx_word' id='word_1_225' title='bbox 786 2841 923 2914; x_wconf 63' lang='lat' dir='ltr'><strong>ﬁnxi</strong></span> <span class='ocrx_word' id='word_1_226' title='bbox 952 2857 1033 2897; x_wconf 89' lang='lat' dir='ltr'><strong>me</strong></span> <span class='ocrx_word' id='word_1_227' title='bbox 1048 2852 1364 2913; x_wconf 86' lang='lat' dir='ltr'><strong>comparare</strong></span> <span class='ocrx_word' id='word_1_228' title='bbox 1382 2838 1514 2896; x_wconf 73' lang='lat' dir='ltr'><strong>uelle</strong></span> <span class='ocrx_word' id='word_1_229' title='bbox 1540 2856 1665 2895; x_wconf 88' lang='lat' dir='ltr'><strong>car-</strong></span> 
     </span>
    </p>
   </div>
   <div class='ocr_carea' id='block_1_31' title="bbox 107 2930 1667 3005">
    <p class='ocr_par' dir='ltr' id='par_1_31' title="bbox 107 2930 1667 3005">
     <span class='ocr_line' id='line_1_31' title="bbox 107 2930 1667 3005; baseline 0.001 -20"><span class='ocrx_word' id='word_1_230' title='bbox 107 2947 178 2985; x_wconf 70' lang='lat' dir='ltr'><strong>nes</strong></span> <span class='ocrx_word' id='word_1_231' title='bbox 202 2936 248 2987; x_wconf 87' lang='lat' dir='ltr'><strong>et</strong></span> <span class='ocrx_word' id='word_1_232' title='bbox 278 2933 464 2988; x_wconf 77' lang='lat' dir='ltr'><strong>uinum.</strong></span> <span class='ocrx_word' id='word_1_233' title='bbox 491 2931 736 3005; x_wconf 78' lang='lat' dir='ltr'><strong>Cumque</strong></span> <span class='ocrx_word' id='word_1_234' title='bbox 763 2949 844 2987; x_wconf 90' lang='lat' dir='ltr'><strong>me</strong></span> <span class='ocrx_word' id='word_1_235' title='bbox 870 2932 1090 2987; x_wconf 80' lang='lat' dir='ltr'><strong>uidisset</strong></span> <span class='ocrx_word' id='word_1_236' title='bbox 1130 2930 1329 2999; x_wconf 85' lang='lat' dir='ltr'><strong>Porus,</strong></span> <span class='ocrx_word' id='word_1_237' title='bbox 1355 2931 1561 2987; x_wconf 75' lang='lat' dir='ltr'><strong>uocauit</strong></span> <span class='ocrx_word' id='word_1_238' title='bbox 1595 2930 1667 2987; x_wconf 87' lang='lat' dir='ltr'><strong>ad</strong></span> 
     </span>
    </p>
   </div>
   <div class='ocr_carea' id='block_1_32' title="bbox 107 3023 1665 3097">
    <p class='ocr_par' dir='ltr' id='par_1_32' title="bbox 107 3023 1665 3097">
     <span class='ocr_line' id='line_1_32' title="bbox 107 3023 1665 3097; baseline 0.003 -21"><span class='ocrx_word' id='word_1_239' title='bbox 107 3038 151 3076; x_wconf 89' lang='lat' dir='ltr'><strong>se</strong></span> <span class='ocrx_word' id='word_1_240' title='bbox 182 3032 225 3077; x_wconf 88' lang='lat' dir='ltr'><strong>et</strong></span> <span class='ocrx_word' id='word_1_241' title='bbox 258 3024 622 3097; x_wconf 71' lang='lat' dir='ltr'><strong>interrogauit,</strong></span> <span class='ocrx_word' id='word_1_242' title='bbox 672 3024 807 3097; x_wconf 76' lang='lat' dir='ltr'><strong>quid</strong></span> <span class='ocrx_word' id='word_1_243' title='bbox 844 3023 1150 3080; x_wconf 71' lang='lat' dir='ltr'><strong>Alexander</strong></span> <span class='ocrx_word' id='word_1_244' title='bbox 1184 3024 1383 3095; x_wconf 87' lang='lat' dir='ltr'><strong>faceret</strong></span> <span class='ocrx_word' id='word_1_245' title='bbox 1420 3032 1471 3079; x_wconf 94' lang='lat' dir='ltr'><strong>et</strong></span> <span class='ocrx_word' id='word_1_246' title='bbox 1511 3024 1665 3095; x_wconf 82' lang='lat' dir='ltr'><strong>cujus</strong></span> 
     </span>
    </p>
   </div>
   <div class='ocr_carea' id='block_1_33' title="bbox 104 3112 1665 3182">
    <p class='ocr_par' dir='ltr' id='par_1_33' title="bbox 104 3112 1665 3182">
     <span class='ocr_line' id='line_1_33' title="bbox 104 3112 1665 3182; baseline 0.001 -14"><span class='ocrx_word' id='word_1_247' title='bbox 104 3115 250 3170; x_wconf 73' lang='lat' dir='ltr'><strong>etatis</strong></span> <span class='ocrx_word' id='word_1_248' title='bbox 272 3124 415 3171; x_wconf 83' lang='lat' dir='ltr'><strong>esset.</strong></span> <span class='ocrx_word' id='word_1_249' title='bbox 449 3115 560 3173; x_wconf 86' lang='lat' dir='ltr'><strong>Cui</strong></span> <span class='ocrx_word' id='word_1_250' title='bbox 584 3116 803 3182; x_wconf 70' lang='lat' dir='ltr'><strong>inquam</strong></span> <span class='ocrx_word' id='word_1_251' title='bbox 833 3129 853 3169; x_wconf 89' lang='lat'><strong><em>:</em></strong></span> <span class='ocrx_word' id='word_1_252' title='bbox 893 3133 913 3167; x_wconf 72' lang='grc' dir='ltr'>ι</span> <span class='ocrx_word' id='word_1_253' title='bbox 945 3112 1089 3181; x_wconf 81' lang='lat' dir='ltr'><strong>Quid</strong></span> <span class='ocrx_word' id='word_1_254' title='bbox 1121 3112 1293 3178; x_wconf 79' lang='lat' dir='ltr'><strong>faciat</strong></span> <span class='ocrx_word' id='word_1_255' title='bbox 1318 3114 1515 3182; x_wconf 88' lang='lat' dir='ltr'><strong>nescio,</strong></span> <span class='ocrx_word' id='word_1_256' title='bbox 1536 3115 1665 3179; x_wconf 85' lang='lat' dir='ltr'><strong>quia</strong></span> 
     </span>
    </p>
   </div>
   <div class='ocr_carea' id='block_1_34' title="bbox 107 3206 1663 3278">
    <p class='ocr_par' dir='ltr' id='par_1_34' title="bbox 107 3206 1663 3278">
     <span class='ocr_line' id='line_1_34' title="bbox 107 3206 1663 3278; baseline 0.001 -18"><span class='ocrx_word' id='word_1_257' title='bbox 107 3215 255 3275; x_wconf 77' lang='lat' dir='ltr'><strong>pastor</strong></span> <span class='ocrx_word' id='word_1_258' title='bbox 285 3224 395 3262; x_wconf 80' lang='lat' dir='ltr'><strong>sum</strong></span> <span class='ocrx_word' id='word_1_259' title='bbox 429 3206 758 3264; x_wconf 79' lang='lat' dir='ltr'><strong>animalium</strong></span> <span class='ocrx_word' id='word_1_260' title='bbox 799 3210 1080 3278; x_wconf 82' lang='lat' dir='ltr'><strong>cujusdam</strong></span> <span class='ocrx_word' id='word_1_261' title='bbox 1126 3206 1319 3263; x_wconf 82' lang='lat' dir='ltr'><strong>militis</strong></span> <span class='ocrx_word' id='word_1_262' title='bbox 1362 3206 1663 3275; x_wconf 65' lang='lat' dir='ltr'><strong>Macedoni,</strong></span> 
     </span>
    </p>
   </div>
   <div class='ocr_carea' id='block_1_35' title="bbox 100 3299 1665 3374">
    <p class='ocr_par' dir='ltr' id='par_1_35' title="bbox 100 3299 1665 3374">
     <span class='ocr_line' id='line_1_35' title="bbox 100 3299 1665 3374; baseline 0.001 -20"><span class='ocrx_word' id='word_1_263' title='bbox 100 3299 157 3354; x_wconf 87' lang='lat' dir='ltr'><strong>de</strong></span> <span class='ocrx_word' id='word_1_264' title='bbox 177 3302 311 3356; x_wconf 65' lang='lat' dir='ltr'><strong>antis</strong></span> <span class='ocrx_word' id='word_1_265' title='bbox 350 3318 466 3358; x_wconf 78' lang='lat' dir='ltr'><strong>uero</strong></span> <span class='ocrx_word' id='word_1_266' title='bbox 502 3301 627 3374; x_wconf 82' lang='lat' dir='ltr'><strong>ejus</strong></span> <span class='ocrx_word' id='word_1_267' title='bbox 671 3302 824 3373; x_wconf 86' lang='lat' dir='ltr'><strong>sapio</strong></span> <span class='ocrx_word' id='word_1_268' title='bbox 868 3300 997 3373; x_wconf 82' lang='lat' dir='ltr'><strong>quia</strong></span> <span class='ocrx_word' id='word_1_269' title='bbox 1045 3316 1204 3357; x_wconf 71' lang='lat' dir='ltr'><strong>senex</strong></span> <span class='ocrx_word' id='word_1_270' title='bbox 1248 3309 1348 3370; x_wconf 90' lang='lat' dir='ltr'><strong>est,</strong></span> <span class='ocrx_word' id='word_1_271' title='bbox 1396 3309 1447 3356; x_wconf 90' lang='lat' dir='ltr'><strong>et</strong></span> <span class='ocrx_word' id='word_1_272' title='bbox 1482 3300 1665 3373; x_wconf 81' lang='lat' dir='ltr'><strong>forsan</strong></span> 
     </span>
    </p>
   </div>
   <div class='ocr_carea' id='block_1_36' title="bbox 100 3394 1659 3466">
    <p class='ocr_par' dir='ltr' id='par_1_36' title="bbox 100 3394 1659 3466">
     <span class='ocr_line' id='line_1_36' title="bbox 100 3394 1659 3466; baseline -0.001 -18"><span class='ocrx_word' id='word_1_273' title='bbox 100 3408 215 3449; x_wconf 74' lang='lat' dir='ltr'><strong>nunc</strong></span> <span class='ocrx_word' id='word_1_274' title='bbox 249 3395 383 3450; x_wconf 80' lang='lat' dir='ltr'><strong>sedet</strong></span> <span class='ocrx_word' id='word_1_275' title='bbox 415 3395 485 3450; x_wconf 82' lang='lat' dir='ltr'><strong>ad</strong></span> <span class='ocrx_word' id='word_1_276' title='bbox 510 3395 719 3466; x_wconf 65' lang='lat' dir='ltr'><strong>famen,</strong></span> <span class='ocrx_word' id='word_1_277' title='bbox 757 3395 897 3449; x_wconf 88' lang='lat' dir='ltr'><strong>sicut</strong></span> <span class='ocrx_word' id='word_1_278' title='bbox 929 3403 1008 3449; x_wconf 91' lang='lat' dir='ltr'><strong>est</strong></span> <span class='ocrx_word' id='word_1_279' title='bbox 1038 3394 1363 3449; x_wconf 74' lang='lat' dir='ltr'><strong>consuetudo</strong></span> <span class='ocrx_word' id='word_1_280' title='bbox 1393 3410 1594 3450; x_wconf 86' lang='lat' dir='ltr'><strong>senum.</strong></span> <span class='ocrx_word' id='word_1_281' title='bbox 1640 3414 1659 3446; x_wconf 73' lang='grc' dir='ltr'><strong>ι</strong></span> 
     </span>
    </p>
   </div>
   <div class='ocr_carea' id='block_1_37' title="bbox 108 3484 1667 3560">
    <p class='ocr_par' dir='ltr' id='par_1_37' title="bbox 108 3484 1667 3560">
     <span class='ocr_line' id='line_1_37' title="bbox 108 3484 1667 3560; baseline 0.002 -20"><span class='ocrx_word' id='word_1_282' title='bbox 108 3484 226 3541; x_wconf 72' lang='lat' dir='ltr'><strong>Tunc</strong></span> <span class='ocrx_word' id='word_1_283' title='bbox 255 3487 342 3544; x_wconf 64' lang='lat' dir='ltr'><strong>die</strong></span> <span class='ocrx_word' id='word_1_284' title='bbox 370 3488 609 3560; x_wconf 75' lang='lat' dir='ltr'><strong>repletus</strong></span> <span class='ocrx_word' id='word_1_285' title='bbox 636 3496 714 3543; x_wconf 90' lang='lat' dir='ltr'><strong>est</strong></span> <span class='ocrx_word' id='word_1_286' title='bbox 744 3486 963 3560; x_wconf 82' lang='lat' dir='ltr'><strong>gaudio,</strong></span> <span class='ocrx_word' id='word_1_287' title='bbox 994 3486 1136 3560; x_wconf 87' lang='lat' dir='ltr'><strong>quod</strong></span> <span class='ocrx_word' id='word_1_288' title='bbox 1161 3503 1279 3542; x_wconf 84' lang='lat' dir='ltr'><strong>cum</strong></span> <span class='ocrx_word' id='word_1_289' title='bbox 1311 3484 1522 3543; x_wconf 81' lang='lat' dir='ltr'><strong>homine</strong></span> <span class='ocrx_word' id='word_1_290' title='bbox 1546 3504 1667 3543; x_wconf 85' lang='lat' dir='ltr'><strong>sene</strong></span> 
     </span>
    </p>
   </div>
   <div class='ocr_carea' id='block_1_38' title="bbox 101 3579 1666 3652">
    <p class='ocr_par' dir='ltr' id='par_1_38' title="bbox 101 3579 1666 3652">
     <span class='ocr_line' id='line_1_38' title="bbox 101 3579 1666 3652; baseline -0.001 -15"><span class='ocrx_word' id='word_1_291' title='bbox 101 3595 295 3650; x_wconf 66' lang='lat' dir='ltr'><strong>pigriore</strong></span> <span class='ocrx_word' id='word_1_292' title='bbox 328 3581 560 3651; x_wconf 80' lang='lat' dir='ltr'><strong>deberet,</strong></span> <span class='ocrx_word' id='word_1_293' title='bbox 597 3597 721 3636; x_wconf 88' lang='lat' dir='ltr'><strong>cum</strong></span> <span class='ocrx_word' id='word_1_294' title='bbox 749 3581 864 3652; x_wconf 82' lang='lat' dir='ltr'><strong>ipse</strong></span> <span class='ocrx_word' id='word_1_295' title='bbox 887 3580 1101 3652; x_wconf 84' lang='lat' dir='ltr'><strong>juvenis</strong></span> <span class='ocrx_word' id='word_1_296' title='bbox 1132 3588 1304 3645; x_wconf 89' lang='lat' dir='ltr'><strong>esset;</strong></span> <span class='ocrx_word' id='word_1_297' title='bbox 1326 3588 1380 3636; x_wconf 89' lang='lat' dir='ltr'><strong>et</strong></span> <span class='ocrx_word' id='word_1_298' title='bbox 1409 3579 1580 3636; x_wconf 87' lang='lat' dir='ltr'><strong>elatus</strong></span> <span class='ocrx_word' id='word_1_299' title='bbox 1608 3582 1666 3635; x_wconf 89' lang='lat' dir='ltr'><strong>in</strong></span> 
     </span>
    </p>
   </div>
   <div class='ocr_carea' id='block_1_39' title="bbox 99 3671 1662 3742">
    <p class='ocr_par' dir='ltr' id='par_1_39' title="bbox 99 3671 1662 3742">
     <span class='ocr_line' id='line_1_39' title="bbox 99 3671 1662 3742; baseline 0.001 -16"><span class='ocrx_word' id='word_1_300' title='bbox 99 3671 290 3742; x_wconf 66' lang='lat' dir='ltr'><strong>gloriam</strong></span> <span class='ocrx_word' id='word_1_301' title='bbox 309 3674 443 3730; x_wconf 67' lang='lat' dir='ltr'><strong>dixit</strong></span> <span class='ocrx_word' id='word_1_302' title='bbox 468 3691 488 3729; x_wconf 88' lang='lat'><strong><em>:</em></strong></span> <span class='ocrx_word' id='word_1_303' title='bbox 514 3694 541 3727; x_wconf 86' lang='grc'><strong><em>‹</em></strong></span> <span class='ocrx_word' id='word_1_304' title='bbox 571 3672 755 3741; x_wconf 84' lang='lat' dir='ltr'><strong>Quare</strong></span> <span class='ocrx_word' id='word_1_305' title='bbox 774 3690 878 3729; x_wconf 84' lang='lat' dir='ltr'><strong>non</strong></span> <span class='ocrx_word' id='word_1_306' title='bbox 902 3673 1131 3729; x_wconf 81' lang='lat' dir='ltr'><strong>intendit</strong></span> <span class='ocrx_word' id='word_1_307' title='bbox 1151 3682 1469 3729; x_wconf 87' lang='lat' dir='ltr'><strong>senectutem</strong></span> <span class='ocrx_word' id='word_1_308' title='bbox 1488 3689 1662 3739; x_wconf 86' lang='lat' dir='ltr'><strong>suam,</strong></span> 
     </span>
    </p>
   </div>
   <div class='ocr_carea' id='block_1_40' title="bbox 99 3763 1665 3841">
    <p class='ocr_par' dir='ltr' id='par_1_40' title="bbox 99 3763 1665 3841">
     <span class='ocr_line' id='line_1_40' title="bbox 99 3763 1665 3841; baseline 0.001 -21"><span class='ocrx_word' id='word_1_309' title='bbox 99 3764 200 3833; x_wconf 72' lang='lat' dir='ltr'><strong>quia</strong></span> <span class='ocrx_word' id='word_1_310' title='bbox 228 3765 330 3821; x_wconf 75' lang='lat' dir='ltr'><strong>uult</strong></span> <span class='ocrx_word' id='word_1_311' title='bbox 356 3783 601 3841; x_wconf 84' lang='lat' dir='ltr'><strong>pugnare</strong></span> <span class='ocrx_word' id='word_1_312' title='bbox 628 3782 749 3822; x_wconf 84' lang='lat' dir='ltr'><strong>cum</strong></span> <span class='ocrx_word' id='word_1_313' title='bbox 783 3766 1017 3838; x_wconf 77' lang='lat' dir='ltr'><strong>juvene?</strong></span> <span class='ocrx_word' id='word_1_314' title='bbox 1046 3786 1069 3819; x_wconf 67' lang='grc' dir='ltr'><strong><em>ι</em></strong></span> <span class='ocrx_word' id='word_1_315' title='bbox 1094 3763 1293 3822; x_wconf 86' lang='lat' dir='ltr'><strong>Statim</strong></span> <span class='ocrx_word' id='word_1_316' title='bbox 1319 3765 1468 3821; x_wconf 86' lang='lat' dir='ltr'><strong>dedit</strong></span> <span class='ocrx_word' id='word_1_317' title='bbox 1504 3765 1665 3821; x_wconf 83' lang='lat' dir='ltr'><strong>michi</strong></span> 
     </span>
    </p>
   </div>
   <div class='ocr_carea' id='block_1_41' title="bbox 97 3855 1663 3931">
    <p class='ocr_par' dir='ltr' id='par_1_41' title="bbox 97 3855 1663 3931">
     <span class='ocr_line' id='line_1_41' title="bbox 97 3855 1663 3931; baseline 0.003 -24"><span class='ocrx_word' id='word_1_318' title='bbox 97 3855 339 3925; x_wconf 80' lang='lat' dir='ltr'><strong>epistolam</strong></span> <span class='ocrx_word' id='word_1_319' title='bbox 363 3859 528 3913; x_wconf 85' lang='lat' dir='ltr'><strong>minis</strong></span> <span class='ocrx_word' id='word_1_320' title='bbox 548 3857 787 3930; x_wconf 85' lang='lat' dir='ltr'><strong>plenam,</strong></span> <span class='ocrx_word' id='word_1_321' title='bbox 811 3872 1002 3931; x_wconf 84' lang='lat' dir='ltr'><strong>rogans</strong></span> <span class='ocrx_word' id='word_1_322' title='bbox 1026 3865 1079 3912; x_wconf 91' lang='lat' dir='ltr'><strong>et</strong></span> <span class='ocrx_word' id='word_1_323' title='bbox 1102 3858 1363 3928; x_wconf 82' lang='lat' dir='ltr'><strong>premium</strong></span> <span class='ocrx_word' id='word_1_324' title='bbox 1387 3855 1663 3928; x_wconf 79' lang='lat' dir='ltr'><strong>pollicens,</strong></span> 
     </span>
    </p>
   </div>
   <div class='ocr_carea' id='block_1_42' title="bbox 98 3945 1667 4018">
    <p class='ocr_par' dir='ltr' id='par_1_42' title="bbox 98 3945 1667 4018">
     <span class='ocr_line' id='line_1_42' title="bbox 98 3945 1667 4018; baseline 0.002 -21"><span class='ocrx_word' id='word_1_325' title='bbox 98 3954 143 3998; x_wconf 80' lang='lat' dir='ltr'><strong>ut</strong></span> <span class='ocrx_word' id='word_1_326' title='bbox 178 3962 282 4001; x_wconf 81' lang='lat' dir='ltr'><strong>eam</strong></span> <span class='ocrx_word' id='word_1_327' title='bbox 322 3947 640 4004; x_wconf 64' lang='lat' dir='ltr'><strong>Alexandro</strong></span> <span class='ocrx_word' id='word_1_328' title='bbox 675 3947 881 4003; x_wconf 82' lang='lat' dir='ltr'><strong>darem.</strong></span> <span class='ocrx_word' id='word_1_329' title='bbox 916 3946 1019 4005; x_wconf 88' lang='lat' dir='ltr'><strong>Cui</strong></span> <span class='ocrx_word' id='word_1_330' title='bbox 1051 3963 1172 4003; x_wconf 88' lang='lat' dir='ltr'><strong>cum</strong></span> <span class='ocrx_word' id='word_1_331' title='bbox 1208 3947 1474 4018; x_wconf 88' lang='lat' dir='ltr'><strong>jurarem,</strong></span> <span class='ocrx_word' id='word_1_332' title='bbox 1525 3945 1667 4018; x_wconf 78' lang='lat' dir='ltr'><strong>quod</strong></span> 
     </span>
    </p>
   </div>
   <div class='ocr_carea' id='block_1_43' title="bbox 94 4040 1664 4115">
    <p class='ocr_par' dir='ltr' id='par_1_43' title="bbox 94 4040 1664 4115">
     <span class='ocr_line' id='line_1_43' title="bbox 94 4040 1664 4115; baseline 0.001 -24"><span class='ocrx_word' id='word_1_333' title='bbox 94 4041 353 4098; x_wconf 77' lang='lat' dir='ltr'><strong>certissime</strong></span> <span class='ocrx_word' id='word_1_334' title='bbox 374 4044 514 4115; x_wconf 75' lang='lat' dir='ltr'><strong>ipsa:</strong></span> <span class='ocrx_word' id='word_1_335' title='bbox 540 4044 747 4099; x_wconf 73' lang='lat' dir='ltr'><strong>littera</strong></span> <span class='ocrx_word' id='word_1_336' title='bbox 781 4043 839 4098; x_wconf 87' lang='lat' dir='ltr'><strong>in</strong></span> <span class='ocrx_word' id='word_1_337' title='bbox 871 4058 1063 4098; x_wconf 84' lang='lat' dir='ltr'><strong>manus</strong></span> <span class='ocrx_word' id='word_1_338' title='bbox 1088 4040 1383 4097; x_wconf 63' lang='lat' dir='ltr'><strong>Aleumdri</strong></span> <span class='ocrx_word' id='word_1_339' title='bbox 1410 4040 1664 4106; x_wconf 71' lang='lat' dir='ltr'><strong>uenirent,</strong></span> 
     </span>
    </p>
   </div>
   <div class='ocr_carea' id='block_1_44' title="bbox 95 4132 1667 4210">
    <p class='ocr_par' dir='ltr' id='par_1_44' title="bbox 95 4132 1667 4210">
     <span class='ocr_line' id='line_1_44' title="bbox 95 4132 1667 4210; baseline 0.001 -22"><span class='ocrx_word' id='word_1_340' title='bbox 95 4132 201 4200; x_wconf 80' lang='lat' dir='ltr'><strong>abii,</strong></span> <span class='ocrx_word' id='word_1_341' title='bbox 237 4134 512 4209; x_wconf 80' lang='lat' dir='ltr'><strong>legensque</strong></span> <span class='ocrx_word' id='word_1_342' title='bbox 552 4135 860 4208; x_wconf 78' lang='lat' dir='ltr'><strong>epistolam,</strong></span> <span class='ocrx_word' id='word_1_343' title='bbox 902 4134 1131 4190; x_wconf 86' lang='lat' dir='ltr'><strong>multum</strong></span> <span class='ocrx_word' id='word_1_344' title='bbox 1172 4136 1341 4190; x_wconf 84' lang='lat' dir='ltr'><strong>risum</strong></span> <span class='ocrx_word' id='word_1_345' title='bbox 1369 4134 1532 4190; x_wconf 78' lang='lat' dir='ltr'><strong>habui</strong></span> <span class='ocrx_word' id='word_1_346' title='bbox 1569 4151 1667 4210; x_wconf 86' lang='lat' dir='ltr'><strong>pro</strong></span> 
     </span>
    </p>
   </div>
   <div class='ocr_carea' id='block_1_45' title="bbox 94 4225 1667 4299">
    <p class='ocr_par' dir='ltr' id='par_1_45' title="bbox 94 4225 1667 4299">
     <span class='ocr_line' id='line_1_45' title="bbox 94 4225 1667 4299; baseline 0.004 -23"><span class='ocrx_word' id='word_1_347' title='bbox 94 4226 307 4294; x_wconf 80' lang='lat' dir='ltr'><strong>superbia</strong></span> <span class='ocrx_word' id='word_1_348' title='bbox 348 4237 399 4282; x_wconf 87' lang='lat' dir='ltr'><strong>et</strong></span> <span class='ocrx_word' id='word_1_349' title='bbox 442 4228 843 4299; x_wconf 88' lang='lat' dir='ltr'><strong>presumptione</strong></span> <span class='ocrx_word' id='word_1_350' title='bbox 872 4226 1108 4282; x_wconf 79' lang='lat' dir='ltr'><strong>barbari.</strong></span> <span class='ocrx_word' id='word_1_351' title='bbox 1138 4225 1272 4282; x_wconf 85' lang='lat' dir='ltr'><strong>Post</strong></span> <span class='ocrx_word' id='word_1_352' title='bbox 1298 4226 1411 4281; x_wconf 69' lang='lat' dir='ltr'><strong>lucc</strong></span> <span class='ocrx_word' id='word_1_353' title='bbox 1435 4228 1667 4299; x_wconf 77' lang='lat' dir='ltr'><strong>pugnavi</strong></span> 
     </span>
    </p>
   </div>
   <div class='ocr_carea' id='block_1_46' title="bbox 91 4318 1667 4393">
    <p class='ocr_par' dir='ltr' id='par_1_46' title="bbox 91 4318 1667 4393">
     <span class='ocr_line' id='line_1_46' title="bbox 91 4318 1667 4393; baseline 0.001 -22"><span class='ocrx_word' id='word_1_354' title='bbox 91 4332 189 4371; x_wconf 73' lang='lat' dir='ltr'><strong>cura</strong></span> <span class='ocrx_word' id='word_1_355' title='bbox 231 4318 405 4388; x_wconf 86' lang='lat' dir='ltr'><strong>Indis,</strong></span> <span class='ocrx_word' id='word_1_356' title='bbox 436 4330 491 4377; x_wconf 86' lang='lat' dir='ltr'><strong>et</strong></span> <span class='ocrx_word' id='word_1_357' title='bbox 537 4321 643 4377; x_wconf 72' lang='lat' dir='ltr'><strong>eici</strong></span> <span class='ocrx_word' id='word_1_358' title='bbox 682 4336 768 4376; x_wconf 87' lang='lat' dir='ltr'><strong>eos</strong></span> <span class='ocrx_word' id='word_1_359' title='bbox 804 4320 943 4375; x_wconf 82' lang='lat' dir='ltr'><strong>sicut</strong></span> <span class='ocrx_word' id='word_1_360' title='bbox 991 4318 1247 4387; x_wconf 77' lang='lat' dir='ltr'><strong>volebam,</strong></span> <span class='ocrx_word' id='word_1_361' title='bbox 1289 4328 1340 4373; x_wconf 82' lang='lat' dir='ltr'><strong>et</strong></span> <span class='ocrx_word' id='word_1_362' title='bbox 1373 4318 1475 4374; x_wconf 85' lang='lat' dir='ltr'><strong>tuli</strong></span> <span class='ocrx_word' id='word_1_363' title='bbox 1506 4336 1667 4393; x_wconf 83' lang='lat' dir='ltr'><strong>regna</strong></span> 
     </span>
    </p>
   </div>
   <div class='ocr_carea' id='block_1_47' title="bbox 1686 3166 1734 3225">
    <p class='ocr_par' dir='ltr' id='par_1_47' title="bbox 1686 3166 1734 3225">
     <span class='ocr_line' id='line_1_47' title="bbox 1686 3166 1734 3225; baseline 0 0"><span class='ocrx_word' id='word_1_364' title='bbox 1686 3166 1734 3225; x_wconf 87' lang='lat' dir='ltr'><strong><em>C</em></strong></span> 
     </span>
    </p>
   </div>
   <div class='ocr_carea' id='block_1_48' title="bbox 1760 526 3367 604">
    <p class='ocr_par' dir='ltr' id='par_1_48' title="bbox 1760 526 3367 604">
     <span class='ocr_line' id='line_1_48' title="bbox 1760 526 3367 604; baseline 0.004 -23"><span class='ocrx_word' id='word_1_365' title='bbox 1760 534 1872 582; x_wconf 89' lang='lat' dir='ltr'><strong>tem</strong></span> <span class='ocrx_word' id='word_1_366' title='bbox 1904 541 2016 582; x_wconf 89' lang='lat' dir='ltr'><strong>non</strong></span> <span class='ocrx_word' id='word_1_367' title='bbox 2051 537 2180 584; x_wconf 89' lang='lat' dir='ltr'><strong>sunt</strong></span> <span class='ocrx_word' id='word_1_368' title='bbox 2203 526 2428 599; x_wconf 81' lang='lat' dir='ltr'><strong>superbi</strong></span> <span class='ocrx_word' id='word_1_369' title='bbox 2456 527 2726 595; x_wconf 88' lang='lat' dir='ltr'><strong>homines,</strong></span> <span class='ocrx_word' id='word_1_370' title='bbox 2760 544 2940 601; x_wconf 89' lang='lat' dir='ltr'><strong>neque</strong></span> <span class='ocrx_word' id='word_1_371' title='bbox 2971 540 3219 604; x_wconf 76' lang='lat' dir='ltr'><strong>pugnant</strong></span> <span class='ocrx_word' id='word_1_372' title='bbox 3240 547 3367 587; x_wconf 88' lang='lat' dir='ltr'><strong>cum</strong></span> 
     </span>
    </p>
   </div>
   <div class='ocr_carea' id='block_1_49' title="bbox 1764 616 3370 696">
    <p class='ocr_par' dir='ltr' id='par_1_49' title="bbox 1764 616 3370 696">
     <span class='ocr_line' id='line_1_49' title="bbox 1764 616 3370 696; baseline 0.006 -25"><span class='ocrx_word' id='word_1_373' title='bbox 1764 616 1983 688; x_wconf 86' lang='lat' dir='ltr'><strong>aliquo;</strong></span> <span class='ocrx_word' id='word_1_374' title='bbox 2008 619 2141 674; x_wconf 81' lang='lat' dir='ltr'><strong>nudi</strong></span> <span class='ocrx_word' id='word_1_375' title='bbox 2179 619 2331 675; x_wconf 88' lang='lat' dir='ltr'><strong>enim</strong></span> <span class='ocrx_word' id='word_1_376' title='bbox 2367 619 2670 689; x_wconf 85' lang='lat' dir='ltr'><strong>ambulant,</strong></span> <span class='ocrx_word' id='word_1_377' title='bbox 2702 629 2756 676; x_wconf 90' lang='lat' dir='ltr'><strong>et</strong></span> <span class='ocrx_word' id='word_1_378' title='bbox 2783 621 3044 679; x_wconf 83' lang='lat' dir='ltr'><strong>dicuntur</strong></span> <span class='ocrx_word' id='word_1_379' title='bbox 3069 638 3370 696; x_wconf 84' lang='lat' dir='ltr'><strong>gymnoso-</strong></span> 
     </span>
    </p>
   </div>
   <div class='ocr_carea' id='block_1_50' title="bbox 1762 706 3370 778">
    <p class='ocr_par' dir='ltr' id='par_1_50' title="bbox 1762 706 3370 778">
     <span class='ocr_line' id='line_1_50' title="bbox 1762 706 3370 778; baseline 0.006 -17"><span class='ocrx_word' id='word_1_380' title='bbox 1762 707 1991 778; x_wconf 64' lang='lat' dir='ltr'><strong>phystaa,</strong></span> <span class='ocrx_word' id='word_1_381' title='bbox 2035 706 2096 762; x_wconf 84' lang='lat' dir='ltr'><strong>in</strong></span> <span class='ocrx_word' id='word_1_382' title='bbox 2142 709 2383 770; x_wconf 65' lang='lat' dir='ltr'><strong>tuguriis</strong></span> <span class='ocrx_word' id='word_1_383' title='bbox 2426 709 2695 773; x_wconf 85' lang='lat' dir='ltr'><strong>habitant,</strong></span> <span class='ocrx_word' id='word_1_384' title='bbox 2732 726 2843 766; x_wconf 90' lang='lat' dir='ltr'><strong>non</strong></span> <span class='ocrx_word' id='word_1_385' title='bbox 2872 711 3137 768; x_wconf 88' lang='lat' dir='ltr'><strong>habentes</strong></span> <span class='ocrx_word' id='word_1_386' title='bbox 3172 712 3370 770; x_wconf 80' lang='lat' dir='ltr'><strong>civita-</strong></span> 
     </span>
    </p>
   </div>
   <div class='ocr_carea' id='block_1_51' title="bbox 1764 801 3385 878">
    <p class='ocr_par' dir='ltr' id='par_1_51' title="bbox 1764 801 3385 878">
     <span class='ocr_line' id='line_1_51' title="bbox 1764 801 3385 878; baseline 0.006 -25"><span class='ocrx_word' id='word_1_387' title='bbox 1764 807 1894 863; x_wconf 87' lang='lat' dir='ltr'><strong>tem,</strong></span> <span class='ocrx_word' id='word_1_388' title='bbox 1920 813 2099 870; x_wconf 90' lang='lat' dir='ltr'><strong>neque</strong></span> <span class='ocrx_word' id='word_1_389' title='bbox 2124 801 2496 860; x_wconf 60' lang='lat' dir='ltr'><strong>habitationes</strong></span> <span class='ocrx_word' id='word_1_390' title='bbox 2520 802 2676 857; x_wconf 88' lang='lat' dir='ltr'><strong>alias.</strong></span> <span class='ocrx_word' id='word_1_391' title='bbox 2703 801 2817 859; x_wconf 83' lang='lat' dir='ltr'><strong>Rex</strong></span> <span class='ocrx_word' id='word_1_392' title='bbox 2844 814 3027 861; x_wconf 89' lang='lat' dir='ltr'><strong>autem</strong></span> <span class='ocrx_word' id='word_1_393' title='bbox 3052 805 3221 875; x_wconf 89' lang='lat' dir='ltr'><strong>hujus</strong></span> <span class='ocrx_word' id='word_1_394' title='bbox 3240 819 3385 878; x_wconf 80' lang='lat' dir='ltr'><strong>gen-&#39;</strong></span> 
     </span>
    </p>
   </div>
   <div class='ocr_carea' id='block_1_52' title="bbox 1762 891 3367 964">
    <p class='ocr_par' dir='ltr' id='par_1_52' title="bbox 1762 891 3367 964">
     <span class='ocr_line' id='line_1_52' title="bbox 1762 891 3367 964; baseline 0.006 -19"><span class='ocrx_word' id='word_1_395' title='bbox 1762 891 1834 946; x_wconf 89' lang='lat' dir='ltr'><strong>tis</strong></span> <span class='ocrx_word' id='word_1_396' title='bbox 1868 896 1993 947; x_wconf 81' lang='lat' dir='ltr'><strong>cum</strong></span> <span class='ocrx_word' id='word_1_397' title='bbox 2016 891 2259 949; x_wconf 82' lang='lat' dir='ltr'><strong>audisset</strong></span> <span class='ocrx_word' id='word_1_398' title='bbox 2280 899 2581 949; x_wconf 78' lang='lat' dir='ltr'><strong>adventum</strong></span> <span class='ocrx_word' id='word_1_399' title='bbox 2613 894 2932 964; x_wconf 81' lang='lat' dir='ltr'><strong>Alexandri,</strong></span> <span class='ocrx_word' id='word_1_400' title='bbox 2954 897 3107 954; x_wconf 89' lang='lat' dir='ltr'><strong>misit</strong></span> <span class='ocrx_word' id='word_1_401' title='bbox 3146 898 3215 954; x_wconf 88' lang='lat' dir='ltr'><strong>ad</strong></span> <span class='ocrx_word' id='word_1_402' title='bbox 3237 913 3367 954; x_wconf 88' lang='lat' dir='ltr'><strong>eum</strong></span> 
     </span>
    </p>
   </div>
   <div class='ocr_carea' id='block_1_53' title="bbox 1763 984 3375 1063">
    <p class='ocr_par' dir='ltr' id='par_1_53' title="bbox 1763 984 3375 1063">
     <span class='ocr_line' id='line_1_53' title="bbox 1763 984 3375 1063; baseline 0.005 -25"><span class='ocrx_word' id='word_1_403' title='bbox 1763 984 2065 1039; x_wconf 85' lang='lat' dir='ltr'><strong>honoratos</strong></span> <span class='ocrx_word' id='word_1_404' title='bbox 2087 1000 2219 1041; x_wconf 87' lang='lat' dir='ltr'><strong>suos</strong></span> <span class='ocrx_word' id='word_1_405' title='bbox 2239 1000 2371 1041; x_wconf 85' lang='lat' dir='ltr'><strong>cum</strong></span> <span class='ocrx_word' id='word_1_406' title='bbox 2401 986 2633 1055; x_wconf 88' lang='lat' dir='ltr'><strong>epistola</strong></span> <span class='ocrx_word' id='word_1_407' title='bbox 2652 986 2750 1043; x_wconf 90' lang='lat' dir='ltr'><strong>tali</strong></span> <span class='ocrx_word' id='word_1_408' title='bbox 2779 1007 2792 1043; x_wconf 93' lang='lat'>:</span> <span class='ocrx_word' id='word_1_409' title='bbox 2820 989 3206 1062; x_wconf 83' lang='lat' dir='ltr'><strong>Corruptibiles</strong></span> <span class='ocrx_word' id='word_1_410' title='bbox 3221 1008 3375 1063; x_wconf 78' lang='lat' dir='ltr'><strong>gym-</strong></span> 
     </span>
    </p>
   </div>
   <div class='ocr_carea' id='block_1_54' title="bbox 1762 1074 3374 1146">
    <p class='ocr_par' dir='ltr' id='par_1_54' title="bbox 1762 1074 3374 1146">
     <span class='ocr_line' id='line_1_54' title="bbox 1762 1074 3374 1146; baseline 0.004 -18"><span class='ocrx_word' id='word_1_411' title='bbox 1762 1074 2093 1146; x_wconf 75' lang='lat' dir='ltr'><strong>nosophysta:</strong></span> <span class='ocrx_word' id='word_1_412' title='bbox 2119 1075 2434 1131; x_wconf 66' lang='lat' dir='ltr'><strong>Alexandro</strong></span> <span class='ocrx_word' id='word_1_413' title='bbox 2469 1076 2671 1132; x_wconf 80' lang='lat' dir='ltr'><strong>homini</strong></span> <span class='ocrx_word' id='word_1_414' title='bbox 2714 1079 3016 1137; x_wconf 81' lang='lat' dir='ltr'><strong>scribimus.</strong></span> <span class='ocrx_word' id='word_1_415' title='bbox 3049 1079 3374 1136; x_wconf 74' lang='lat' dir='ltr'><strong>Audiuimus</strong></span> 
     </span>
    </p>
   </div>
   <div class='ocr_carea' id='block_1_55' title="bbox 1760 1152 3374 1242">
    <p class='ocr_par' dir='ltr' id='par_1_55' title="bbox 1760 1152 3374 1242">
     <span class='ocr_line' id='line_1_55' title="bbox 1760 1152 3374 1242; baseline 0.004 -19"><span class='ocrx_word' id='word_1_416' title='bbox 1760 1169 1900 1241; x_wconf 81' lang='lat' dir='ltr'><strong>quod</strong></span> <span class='ocrx_word' id='word_1_417' title='bbox 1939 1170 2117 1223; x_wconf 78' lang='lat' dir='ltr'><strong>venias</strong></span> <span class='ocrx_word' id='word_1_418' title='bbox 2138 1185 2297 1240; x_wconf 85' lang='lat' dir='ltr'><strong>super</strong></span> <span class='ocrx_word' id='word_1_419' title='bbox 2329 1185 2449 1224; x_wconf 77' lang='lat' dir='ltr'><strong>nos.</strong></span> <span class='ocrx_word' id='word_1_420' title='bbox 2490 1167 2554 1224; x_wconf 88' lang='lat' dir='ltr'><strong>Si</strong></span> <span class='ocrx_word' id='word_1_421' title='bbox 2591 1180 2923 1242; x_wconf 84' lang='lat' dir='ltr'><strong>pugnaturus</strong></span> <span class='ocrx_word' id='word_1_422' title='bbox 2949 1172 3173 1241; x_wconf 77' lang='lat' dir='ltr'><strong>veneris,</strong></span> <span class='ocrx_word' id='word_1_423' title='bbox 3206 1152 3374 1229; x_wconf 60' lang='lat' dir='ltr'><strong>nichi‘</strong></span> 
     </span>
    </p>
   </div>
   <div class='ocr_carea' id='block_1_56' title="bbox 1763 1261 3371 1337">
    <p class='ocr_par' dir='ltr' id='par_1_56' title="bbox 1763 1261 3371 1337">
     <span class='ocr_line' id='line_1_56' title="bbox 1763 1261 3371 1337; baseline 0.003 -22"><span class='ocrx_word' id='word_1_424' title='bbox 1763 1261 1901 1316; x_wconf 87' lang='lat' dir='ltr'><strong>lucri</strong></span> <span class='ocrx_word' id='word_1_425' title='bbox 1937 1263 2200 1333; x_wconf 84' lang='lat' dir='ltr'><strong>acquires,</strong></span> <span class='ocrx_word' id='word_1_426' title='bbox 2227 1263 2380 1333; x_wconf 79' lang='lat' dir='ltr'><strong>quia,</strong></span> <span class='ocrx_word' id='word_1_427' title='bbox 2404 1262 2545 1333; x_wconf 82' lang='lat' dir='ltr'><strong>quod</strong></span> <span class='ocrx_word' id='word_1_428' title='bbox 2570 1261 2729 1317; x_wconf 88' lang='lat' dir='ltr'><strong>tollas</strong></span> <span class='ocrx_word' id='word_1_429' title='bbox 2759 1272 2853 1318; x_wconf 83' lang='lat' dir='ltr'><strong>aut</strong></span> <span class='ocrx_word' id='word_1_430' title='bbox 2881 1266 3099 1337; x_wconf 84' lang='lat' dir='ltr'><strong>auferas</strong></span> <span class='ocrx_word' id='word_1_431' title='bbox 3133 1282 3167 1321; x_wconf 91' lang='lat' dir='ltr'><strong>a</strong></span> <span class='ocrx_word' id='word_1_432' title='bbox 3198 1266 3371 1333; x_wconf 83' lang='lat' dir='ltr'><strong>nobis,</strong></span> 
     </span>
    </p>
   </div>
   <div class='ocr_carea' id='block_1_57' title="bbox 1756 1355 3373 1426">
    <p class='ocr_par' dir='ltr' id='par_1_57' title="bbox 1756 1355 3373 1426">
     <span class='ocr_line' id='line_1_57' title="bbox 1756 1355 3373 1426; baseline 0.002 -17"><span class='ocrx_word' id='word_1_433' title='bbox 1756 1370 1870 1409; x_wconf 76' lang='lat' dir='ltr'><strong>non</strong></span> <span class='ocrx_word' id='word_1_434' title='bbox 1900 1355 2153 1423; x_wconf 76' lang='lat' dir='ltr'><strong>invenies,</strong></span> <span class='ocrx_word' id='word_1_435' title='bbox 2190 1372 2279 1411; x_wconf 84' lang='lat' dir='ltr'><strong>sea</strong></span> <span class='ocrx_word' id='word_1_436' title='bbox 2304 1365 2354 1411; x_wconf 87' lang='lat' dir='ltr'><strong>et</strong></span> <span class='ocrx_word' id='word_1_437' title='bbox 2386 1355 2566 1426; x_wconf 82' lang='lat' dir='ltr'><strong>ipsum</strong></span> <span class='ocrx_word' id='word_1_438' title='bbox 2598 1357 2738 1426; x_wconf 76' lang='lat' dir='ltr'><strong>quod</strong></span> <span class='ocrx_word' id='word_1_439' title='bbox 2773 1355 3021 1412; x_wconf 80' lang='lat' dir='ltr'><strong>habemus</strong></span> <span class='ocrx_word' id='word_1_440' title='bbox 3047 1357 3195 1414; x_wconf 82' lang='lat' dir='ltr'><strong>nullo</strong></span> <span class='ocrx_word' id='word_1_441' title='bbox 3216 1358 3373 1413; x_wconf 84' lang='lat' dir='ltr'><strong>modo</strong></span> 
     </span>
    </p>
   </div>
   <div class='ocr_carea' id='block_1_58' title="bbox 1763 1447 3375 1522">
    <p class='ocr_par' dir='ltr' id='par_1_58' title="bbox 1763 1447 3375 1522">
     <span class='ocr_line' id='line_1_58' title="bbox 1763 1447 3375 1522; baseline 0.002 -20"><span class='ocrx_word' id='word_1_442' title='bbox 1763 1448 1929 1502; x_wconf 82' lang='lat' dir='ltr'><strong>audet</strong></span> <span class='ocrx_word' id='word_1_443' title='bbox 1968 1448 2089 1520; x_wconf 87' lang='lat' dir='ltr'><strong>quis</strong></span> <span class='ocrx_word' id='word_1_444' title='bbox 2133 1447 2339 1517; x_wconf 86' lang='lat' dir='ltr'><strong>tollere,</strong></span> <span class='ocrx_word' id='word_1_445' title='bbox 2379 1464 2489 1511; x_wconf 74' lang='lat' dir='ltr'><strong>nisi</strong></span> <span class='ocrx_word' id='word_1_446' title='bbox 2520 1456 2781 1520; x_wconf 84' lang='lat' dir='ltr'><strong>quantum</strong></span> <span class='ocrx_word' id='word_1_447' title='bbox 2820 1448 3001 1504; x_wconf 82' lang='lat' dir='ltr'><strong>divina</strong></span> <span class='ocrx_word' id='word_1_448' title='bbox 3036 1451 3375 1522; x_wconf 82' lang='lat' dir='ltr'><strong>providentia</strong></span> 
     </span>
    </p>
   </div>
   <div class='ocr_carea' id='block_1_59' title="bbox 1764 1540 3378 1613">
    <p class='ocr_par' dir='ltr' id='par_1_59' title="bbox 1764 1540 3378 1613">
     <span class='ocr_line' id='line_1_59' title="bbox 1764 1540 3378 1613; baseline 0.002 -20"><span class='ocrx_word' id='word_1_449' title='bbox 1764 1543 2099 1597; x_wconf 74' lang='lat' dir='ltr'><strong>concesserit.</strong></span> <span class='ocrx_word' id='word_1_450' title='bbox 2138 1540 2296 1607; x_wconf 87' lang='lat' dir='ltr'><strong>Quod</strong></span> <span class='ocrx_word' id='word_1_451' title='bbox 2317 1557 2363 1596; x_wconf 82' lang='lat' dir='ltr'><strong>sr</strong></span> <span class='ocrx_word' id='word_1_452' title='bbox 2387 1555 2627 1612; x_wconf 60' lang='lat' dir='ltr'><strong>pugnare</strong></span> <span class='ocrx_word' id='word_1_453' title='bbox 2649 1540 2725 1594; x_wconf 80' lang='lat' dir='ltr'><strong>ris</strong></span> <span class='ocrx_word' id='word_1_454' title='bbox 2754 1556 2953 1612; x_wconf 85' lang='lat' dir='ltr'><strong>pugna,</strong></span> <span class='ocrx_word' id='word_1_455' title='bbox 2979 1558 3073 1596; x_wconf 90' lang='lat' dir='ltr'><strong>nos</strong></span> <span class='ocrx_word' id='word_1_456' title='bbox 3107 1542 3378 1613; x_wconf 88' lang='lat' dir='ltr'><strong>simplici-</strong></span> 
     </span>
    </p>
   </div>
   <div class='ocr_carea' id='block_1_60' title="bbox 1768 1632 3380 1706">
    <p class='ocr_par' dir='ltr' id='par_1_60' title="bbox 1768 1632 3380 1706">
     <span class='ocr_line' id='line_1_60' title="bbox 1768 1632 3380 1706; baseline 0.002 -18"><span class='ocrx_word' id='word_1_457' title='bbox 1768 1640 1929 1688; x_wconf 87' lang='lat' dir='ltr'><strong>tatem</strong></span> <span class='ocrx_word' id='word_1_458' title='bbox 1957 1632 2195 1689; x_wconf 87' lang='lat' dir='ltr'><strong>nostrani</strong></span> <span class='ocrx_word' id='word_1_459' title='bbox 2216 1650 2319 1689; x_wconf 88' lang='lat' dir='ltr'><strong>non</strong></span> <span class='ocrx_word' id='word_1_460' title='bbox 2347 1633 2700 1689; x_wconf 82' lang='lat' dir='ltr'><strong>dimittemus.</strong></span> <span class='ocrx_word' id='word_1_461' title='bbox 2726 1632 2993 1706; x_wconf 80' lang='lat' dir='ltr'><strong>Reiegens</strong></span> <span class='ocrx_word' id='word_1_462' title='bbox 3018 1635 3125 1691; x_wconf 89' lang='lat' dir='ltr'><strong>hoc</strong></span> <span class='ocrx_word' id='word_1_463' title='bbox 3141 1635 3380 1692; x_wconf 84' lang='lat' dir='ltr'><strong>Alexan-</strong></span> 
     </span>
    </p>
   </div>
   <div class='ocr_carea' id='block_1_61' title="bbox 1764 1728 3375 1799">
    <p class='ocr_par' dir='ltr' id='par_1_61' title="bbox 1764 1728 3375 1799">
     <span class='ocr_line' id='line_1_61' title="bbox 1764 1728 3375 1799; baseline -0.002 -13"><span class='ocrx_word' id='word_1_464' title='bbox 1764 1729 1885 1797; x_wconf 83' lang='lat' dir='ltr'><strong>der,</strong></span> <span class='ocrx_word' id='word_1_465' title='bbox 1917 1730 2261 1786; x_wconf 87' lang='lat' dir='ltr'><strong>remandavit</strong></span> <span class='ocrx_word' id='word_1_466' title='bbox 2284 1729 2364 1787; x_wconf 89' lang='lat' dir='ltr'><strong>eis</strong></span> <span class='ocrx_word' id='word_1_467' title='bbox 2386 1728 2581 1787; x_wconf 81' lang='lat' dir='ltr'><strong>dicens</strong></span> <span class='ocrx_word' id='word_1_468' title='bbox 2608 1746 2626 1785; x_wconf 87' lang='lat'><strong>:</strong></span> <span class='ocrx_word' id='word_1_469' title='bbox 2652 1728 2723 1783; x_wconf 86' lang='lat' dir='ltr'><strong>Et</strong></span> <span class='ocrx_word' id='word_1_470' title='bbox 2747 1742 2841 1784; x_wconf 91' lang='lat' dir='ltr'><strong>nos</strong></span> <span class='ocrx_word' id='word_1_471' title='bbox 2869 1729 3091 1799; x_wconf 77' lang='lat' dir='ltr'><strong>paci/ise</strong></span> <span class='ocrx_word' id='word_1_472' title='bbox 3108 1728 3375 1785; x_wconf 70' lang='lat' dir='ltr'><strong>veniemus</strong></span> 
     </span>
    </p>
   </div>
   <div class='ocr_carea' id='block_1_62' title="bbox 1767 1816 3379 1896">
    <p class='ocr_par' dir='ltr' id='par_1_62' title="bbox 1767 1816 3379 1896">
     <span class='ocr_line' id='line_1_62' title="bbox 1767 1816 3379 1896; baseline 0 -20"><span class='ocrx_word' id='word_1_473' title='bbox 1767 1822 1839 1876; x_wconf 85' lang='lat' dir='ltr'><strong>ad</strong></span> <span class='ocrx_word' id='word_1_474' title='bbox 1862 1840 1970 1878; x_wconf 84' lang='lat' dir='ltr'><strong>vos.</strong></span> <span class='ocrx_word' id='word_1_475' title='bbox 2007 1816 2314 1896; x_wconf 83' lang='lat' dir='ltr'><strong>Sta&#39;timque</strong></span> <span class='ocrx_word' id='word_1_476' title='bbox 2344 1837 2633 1896; x_wconf 81' lang='lat' dir='ltr'><strong>ingressus</strong></span> <span class='ocrx_word' id='word_1_477' title='bbox 2660 1831 2745 1879; x_wconf 89' lang='lat' dir='ltr'><strong>est</strong></span> <span class='ocrx_word' id='word_1_478' title='bbox 2763 1823 2831 1878; x_wconf 85' lang='lat' dir='ltr'><strong>ad</strong></span> <span class='ocrx_word' id='word_1_479' title='bbox 2854 1822 2995 1879; x_wconf 86' lang='lat' dir='ltr'><strong>illos.</strong></span> <span class='ocrx_word' id='word_1_480' title='bbox 3025 1820 3251 1879; x_wconf 83' lang='lat' dir='ltr'><strong>intuens</strong></span> <span class='ocrx_word' id='word_1_481' title='bbox 3272 1836 3379 1877; x_wconf 86' lang='lat' dir='ltr'><strong>an-</strong></span> 
     </span>
    </p>
   </div>
   <div class='ocr_carea' id='block_1_63' title="bbox 1764 1913 3377 1989">
    <p class='ocr_par' dir='ltr' id='par_1_63' title="bbox 1764 1913 3377 1989">
     <span class='ocr_line' id='line_1_63' title="bbox 1764 1913 3377 1989; baseline -0.001 -18"><span class='ocrx_word' id='word_1_482' title='bbox 1764 1923 1876 1971; x_wconf 85' lang='lat' dir='ltr'><strong>tem</strong></span> <span class='ocrx_word' id='word_1_483' title='bbox 1912 1915 2037 1973; x_wconf 86' lang='lat' dir='ltr'><strong>illos</strong></span> <span class='ocrx_word' id='word_1_484' title='bbox 2072 1930 2267 1972; x_wconf 88' lang='lat' dir='ltr'><strong>omnes</strong></span> <span class='ocrx_word' id='word_1_485' title='bbox 2296 1917 2479 1973; x_wconf 87' lang='lat' dir='ltr'><strong>nudos</strong></span> <span class='ocrx_word' id='word_1_486' title='bbox 2514 1916 2797 1972; x_wconf 79' lang='lat' dir='ltr'><strong>ambulare</strong></span> <span class='ocrx_word' id='word_1_487' title='bbox 2815 1924 2869 1972; x_wconf 77' lang='lat' dir='ltr'><strong>et</strong></span> <span class='ocrx_word' id='word_1_488' title='bbox 2897 1915 2956 1989; x_wconf 76' lang='lat' dir='ltr'><strong>in</strong></span> <span class='ocrx_word' id='word_1_489' title='bbox 2987 1913 3191 1973; x_wconf 78' lang='lat' dir='ltr'><strong>abditis</strong></span> <span class='ocrx_word' id='word_1_490' title='bbox 3211 1920 3377 1986; x_wconf 86' lang='lat' dir='ltr'><strong>tugu-</strong></span> 
     </span>
    </p>
   </div>
   <div class='ocr_carea' id='block_1_64' title="bbox 1765 2007 3375 2080">
    <p class='ocr_par' dir='ltr' id='par_1_64' title="bbox 1765 2007 3375 2080">
     <span class='ocr_line' id='line_1_64' title="bbox 1765 2007 3375 2080; baseline -0.001 -17"><span class='ocrx_word' id='word_1_491' title='bbox 1765 2007 1866 2064; x_wconf 88' lang='lat' dir='ltr'><strong>riis</strong></span> <span class='ocrx_word' id='word_1_492' title='bbox 1885 2018 1942 2064; x_wconf 88' lang='lat' dir='ltr'><strong>et</strong></span> <span class='ocrx_word' id='word_1_493' title='bbox 1976 2008 2252 2080; x_wconf 86' lang='lat' dir='ltr'><strong>speluncis</strong></span> <span class='ocrx_word' id='word_1_494' title='bbox 2278 2008 2533 2065; x_wconf 83' lang='lat' dir='ltr'><strong>habitare</strong></span> <span class='ocrx_word' id='word_1_495' title='bbox 2556 2026 2628 2048; x_wconf 48' lang='lat'><strong>’——</strong></span> <span class='ocrx_word' id='word_1_496' title='bbox 2648 2008 2741 2062; x_wconf 83' lang='lat' dir='ltr'><strong>ﬁlii</strong></span> <span class='ocrx_word' id='word_1_497' title='bbox 2772 2023 2905 2063; x_wconf 85' lang='lat' dir='ltr'><strong>vero</strong></span> <span class='ocrx_word' id='word_1_498' title='bbox 2944 2016 2999 2063; x_wconf 92' lang='lat' dir='ltr'><strong>et</strong></span> <span class='ocrx_word' id='word_1_499' title='bbox 3038 2021 3241 2063; x_wconf 78' lang='lat' dir='ltr'><strong>uxores</strong></span> <span class='ocrx_word' id='word_1_500' title='bbox 3273 2022 3375 2062; x_wconf 82' lang='lat' dir='ltr'><strong>eo-</strong></span> 
     </span>
    </p>
   </div>
   <div class='ocr_carea' id='block_1_65' title="bbox 1766 2099 3376 2172">
    <p class='ocr_par' dir='ltr' id='par_1_65' title="bbox 1766 2099 3376 2172">
     <span class='ocr_line' id='line_1_65' title="bbox 1766 2099 3376 2172; baseline -0.001 -16"><span class='ocrx_word' id='word_1_501' title='bbox 1766 2116 1890 2157; x_wconf 90' lang='lat' dir='ltr'><strong>rum</strong></span> <span class='ocrx_word' id='word_1_502' title='bbox 1922 2108 2189 2172; x_wconf 77' lang='lat' dir='ltr'><strong>separata:</strong></span> <span class='ocrx_word' id='word_1_503' title='bbox 2218 2110 2376 2157; x_wconf 87' lang='lat' dir='ltr'><strong>erant</strong></span> <span class='ocrx_word' id='word_1_504' title='bbox 2397 2103 2467 2158; x_wconf 88' lang='lat' dir='ltr'><strong>ah</strong></span> <span class='ocrx_word' id='word_1_505' title='bbox 2498 2100 2612 2157; x_wconf 78' lang='lat' dir='ltr'><strong>illis</strong></span> <span class='ocrx_word' id='word_1_506' title='bbox 2638 2115 2764 2155; x_wconf 88' lang='lat' dir='ltr'><strong>cum</strong></span> <span class='ocrx_word' id='word_1_507' title='bbox 2790 2099 3121 2156; x_wconf 80' lang='lat' dir='ltr'><strong>animalibus</strong></span> <span class='ocrx_word' id='word_1_508' title='bbox 3150 2128 3221 2141; x_wconf 91' lang='lat'><em>-</em></span> <span class='ocrx_word' id='word_1_509' title='bbox 3242 2140 3258 2167; x_wconf 90' lang='lat'><strong>,</strong></span> <span class='ocrx_word' id='word_1_510' title='bbox 3289 2099 3376 2154; x_wconf 85' lang='lat' dir='ltr'><strong>in-</strong></span> 
     </span>
    </p>
   </div>
   <div class='ocr_carea' id='block_1_66' title="bbox 1766 2191 3378 2266">
    <p class='ocr_par' dir='ltr' id='par_1_66' title="bbox 1766 2191 3378 2266">
     <span class='ocr_line' id='line_1_66' title="bbox 1766 2191 3378 2266; baseline -0.002 -16"><span class='ocrx_word' id='word_1_511' title='bbox 1766 2194 2065 2266; x_wconf 81' lang='lat' dir='ltr'><strong>terrogavit</strong></span> <span class='ocrx_word' id='word_1_512' title='bbox 2100 2210 2270 2249; x_wconf 89' lang='lat' dir='ltr'><strong>unum</strong></span> <span class='ocrx_word' id='word_1_513' title='bbox 2298 2209 2365 2250; x_wconf 82' lang='lat' dir='ltr'><strong>ex</strong></span> <span class='ocrx_word' id='word_1_514' title='bbox 2391 2194 2504 2250; x_wconf 86' lang='lat' dir='ltr'><strong>illis</strong></span> <span class='ocrx_word' id='word_1_515' title='bbox 2533 2212 2545 2247; x_wconf 93' lang='lat'>:</span> <span class='ocrx_word' id='word_1_516' title='bbox 2582 2192 2707 2247; x_wconf 84' lang='lat' dir='ltr'><strong>Non</strong></span> <span class='ocrx_word' id='word_1_517' title='bbox 2728 2202 2852 2247; x_wconf 86' lang='lat' dir='ltr'><strong>sunt</strong></span> <span class='ocrx_word' id='word_1_518' title='bbox 2882 2192 3159 2264; x_wconf 75' lang='lat' dir='ltr'><strong>sepulchra</strong></span> <span class='ocrx_word' id='word_1_519' title='bbox 3191 2191 3333 2247; x_wconf 76' lang='lat' dir='ltr'><strong>vobis</strong></span> <span class='ocrx_word' id='word_1_520' title='bbox 3351 2193 3378 2247; x_wconf 77' lang='lat'><strong>.’</strong></span> 
     </span>
    </p>
   </div>
   <div class='ocr_carea' id='block_1_67' title="bbox 1766 2284 3377 2354">
    <p class='ocr_par' dir='ltr' id='par_1_67' title="bbox 1766 2284 3377 2354">
     <span class='ocr_line' id='line_1_67' title="bbox 1766 2284 3377 2354; baseline -0.002 -13"><span class='ocrx_word' id='word_1_521' title='bbox 1766 2284 1872 2354; x_wconf 85' lang='lat' dir='ltr'><strong>Qui</strong></span> <span class='ocrx_word' id='word_1_522' title='bbox 1893 2287 2191 2343; x_wconf 88' lang='lat' dir='ltr'><strong>ostendens</strong></span> <span class='ocrx_word' id='word_1_523' title='bbox 2213 2287 2263 2342; x_wconf 90' lang='lat' dir='ltr'><strong>ei</strong></span> <span class='ocrx_word' id='word_1_524' title='bbox 2291 2286 2694 2343; x_wconf 81' lang='lat' dir='ltr'><strong>habitationem</strong></span> <span class='ocrx_word' id='word_1_525' title='bbox 2727 2301 2906 2351; x_wconf 84' lang='lat' dir='ltr'><strong>suam,</strong></span> <span class='ocrx_word' id='word_1_526' title='bbox 2938 2284 3111 2341; x_wconf 86' lang='lat' dir='ltr'><strong>dixit:</strong></span> <span class='ocrx_word' id='word_1_527' title='bbox 3148 2284 3251 2340; x_wconf 87' lang='lat' dir='ltr'><strong>Ubi</strong></span> <span class='ocrx_word' id='word_1_528' title='bbox 3274 2284 3377 2338; x_wconf 82' lang='lat' dir='ltr'><strong>ha-</strong></span> 
     </span>
    </p>
   </div>
   <div class='ocr_carea' id='block_1_68' title="bbox 1767 2377 3372 2449">
    <p class='ocr_par' dir='ltr' id='par_1_68' title="bbox 1767 2377 3372 2449">
     <span class='ocr_line' id='line_1_68' title="bbox 1767 2377 3372 2449; baseline 0 -17"><span class='ocrx_word' id='word_1_529' title='bbox 1767 2378 1912 2446; x_wconf 87' lang='lat' dir='ltr'><strong>bito,</strong></span> <span class='ocrx_word' id='word_1_530' title='bbox 1964 2379 2156 2449; x_wconf 72' lang='lat' dir='ltr'><strong>suﬁicit</strong></span> <span class='ocrx_word' id='word_1_531' title='bbox 2208 2378 2391 2434; x_wconf 80' lang='lat' dir='ltr'><strong>michi.</strong></span> <span class='ocrx_word' id='word_1_532' title='bbox 2455 2378 2791 2441; x_wconf 86' lang='lat' dir='ltr'><strong>Convocatis</strong></span> <span class='ocrx_word' id='word_1_533' title='bbox 2846 2386 3029 2433; x_wconf 86' lang='lat' dir='ltr'><strong>autem</strong></span> <span class='ocrx_word' id='word_1_534' title='bbox 3079 2377 3372 2443; x_wconf 85' lang='lat' dir='ltr'><strong>omnibus,</strong></span> 
     </span>
    </p>
   </div>
   <div class='ocr_carea' id='block_1_69' title="bbox 1764 2469 3377 2541">
    <p class='ocr_par' dir='ltr' id='par_1_69' title="bbox 1764 2469 3377 2541">
     <span class='ocr_line' id='line_1_69' title="bbox 1764 2469 3377 2541; baseline -0.001 -15"><span class='ocrx_word' id='word_1_535' title='bbox 1764 2470 2074 2528; x_wconf 78' lang='lat' dir='ltr'><strong>Alexander</strong></span> <span class='ocrx_word' id='word_1_536' title='bbox 2092 2471 2233 2527; x_wconf 87' lang='lat' dir='ltr'><strong>dixit</strong></span> <span class='ocrx_word' id='word_1_537' title='bbox 2273 2490 2286 2527; x_wconf 92' lang='lat'><strong>:</strong></span> <span class='ocrx_word' id='word_1_538' title='bbox 2317 2469 2543 2538; x_wconf 86' lang='lat' dir='ltr'><strong>Querite</strong></span> <span class='ocrx_word' id='word_1_539' title='bbox 2580 2470 2722 2541; x_wconf 85' lang='lat' dir='ltr'><strong>quod</strong></span> <span class='ocrx_word' id='word_1_540' title='bbox 2746 2469 2926 2537; x_wconf 76' lang='lat' dir='ltr'><strong>uultis,</strong></span> <span class='ocrx_word' id='word_1_541' title='bbox 2957 2479 3008 2525; x_wconf 88' lang='lat' dir='ltr'><strong>et</strong></span> <span class='ocrx_word' id='word_1_542' title='bbox 3033 2469 3256 2525; x_wconf 87' lang='lat' dir='ltr'><strong>dabitur</strong></span> <span class='ocrx_word' id='word_1_543' title='bbox 3284 2485 3377 2524; x_wconf 81' lang='lat' dir='ltr'><strong>eo-</strong></span> 
     </span>
    </p>
   </div>
   <div class='ocr_carea' id='block_1_70' title="bbox 1767 2561 3376 2632">
    <p class='ocr_par' dir='ltr' id='par_1_70' title="bbox 1767 2561 3376 2632">
     <span class='ocr_line' id='line_1_70' title="bbox 1767 2561 3376 2632; baseline 0.001 -15"><span class='ocrx_word' id='word_1_544' title='bbox 1767 2563 1867 2619; x_wconf 79' lang='lat' dir='ltr'><strong>bis.</strong></span> <span class='ocrx_word' id='word_1_545' title='bbox 1897 2564 2001 2632; x_wconf 85' lang='lat' dir='ltr'><strong>Qui</strong></span> <span class='ocrx_word' id='word_1_546' title='bbox 2032 2563 2291 2620; x_wconf 86' lang='lat' dir='ltr'><strong>dixerunt</strong></span> <span class='ocrx_word' id='word_1_547' title='bbox 2317 2583 2331 2620; x_wconf 91' lang='lat'><strong>:</strong></span> <span class='ocrx_word' id='word_1_548' title='bbox 2356 2562 2440 2618; x_wconf 83' lang='lat' dir='ltr'><strong>Da</strong></span> <span class='ocrx_word' id='word_1_549' title='bbox 2461 2562 2619 2619; x_wconf 83' lang='lat' dir='ltr'><strong>nobis</strong></span> <span class='ocrx_word' id='word_1_550' title='bbox 2652 2561 3135 2618; x_wconf 86' lang='lat' dir='ltr'><strong>immortalitatem.</strong></span> <span class='ocrx_word' id='word_1_551' title='bbox 3160 2561 3376 2630; x_wconf 83' lang='lat' dir='ltr'><strong>Quibus</strong></span> 
     </span>
    </p>
   </div>
   <div class='ocr_carea' id='block_1_71' title="bbox 1766 2654 3377 2728">
    <p class='ocr_par' dir='ltr' id='par_1_71' title="bbox 1766 2654 3377 2728">
     <span class='ocr_line' id='line_1_71' title="bbox 1766 2654 3377 2728; baseline -0.002 -16"><span class='ocrx_word' id='word_1_552' title='bbox 1766 2657 1857 2712; x_wconf 89' lang='lat' dir='ltr'><strong>ille</strong></span> <span class='ocrx_word' id='word_1_553' title='bbox 1877 2656 1956 2711; x_wconf 84' lang='lat' dir='ltr'><strong>ait</strong></span> <span class='ocrx_word' id='word_1_554' title='bbox 1987 2674 2000 2709; x_wconf 94' lang='lat'>:</span> <span class='ocrx_word' id='word_1_555' title='bbox 2046 2655 2296 2710; x_wconf 73' lang='lat' dir='ltr'><strong>Mortalis</strong></span> <span class='ocrx_word' id='word_1_556' title='bbox 2318 2657 2430 2728; x_wconf 87' lang='lat' dir='ltr'><strong>ipse</strong></span> <span class='ocrx_word' id='word_1_557' title='bbox 2461 2670 2587 2712; x_wconf 80' lang='lat' dir='ltr'><strong>cum</strong></span> <span class='ocrx_word' id='word_1_558' title='bbox 2617 2655 2741 2721; x_wconf 85' lang='lat' dir='ltr'><strong>sim,</strong></span> <span class='ocrx_word' id='word_1_559' title='bbox 2780 2654 3245 2709; x_wconf 84' lang='lat' dir='ltr'><strong>immortalitatem</strong></span> <span class='ocrx_word' id='word_1_560' title='bbox 3285 2668 3377 2708; x_wconf 76' lang='lat' dir='ltr'><strong>vo-</strong></span> 
     </span>
    </p>
   </div>
   <div class='ocr_carea' id='block_1_72' title="bbox 1766 2744 3378 2821">
    <p class='ocr_par' dir='ltr' id='par_1_72' title="bbox 1766 2744 3378 2821">
     <span class='ocr_line' id='line_1_72' title="bbox 1766 2744 3378 2821; baseline -0.001 -18"><span class='ocrx_word' id='word_1_561' title='bbox 1766 2748 1845 2804; x_wconf 89' lang='lat' dir='ltr'><strong>bis</strong></span> <span class='ocrx_word' id='word_1_562' title='bbox 1878 2749 2008 2805; x_wconf 87' lang='lat' dir='ltr'><strong>dare</strong></span> <span class='ocrx_word' id='word_1_563' title='bbox 2043 2764 2148 2804; x_wconf 83' lang='lat' dir='ltr'><strong>non</strong></span> <span class='ocrx_word' id='word_1_564' title='bbox 2182 2765 2418 2821; x_wconf 80' lang='lat' dir='ltr'><strong>possunt.</strong></span> <span class='ocrx_word' id='word_1_565' title='bbox 2453 2749 2531 2806; x_wconf 84' lang='lat' dir='ltr'><strong>At</strong></span> <span class='ocrx_word' id='word_1_566' title='bbox 2555 2747 2633 2803; x_wconf 91' lang='lat' dir='ltr'><strong>illi</strong></span> <span class='ocrx_word' id='word_1_567' title='bbox 2659 2747 2959 2804; x_wconf 87' lang='lat' dir='ltr'><strong>dixerunt:</strong></span> <span class='ocrx_word' id='word_1_568' title='bbox 2994 2744 3065 2801; x_wconf 86' lang='lat' dir='ltr'><strong>Et</strong></span> <span class='ocrx_word' id='word_1_569' title='bbox 3090 2748 3140 2802; x_wconf 88' lang='lat' dir='ltr'><strong>si</strong></span> <span class='ocrx_word' id='word_1_570' title='bbox 3174 2755 3378 2802; x_wconf 81' lang='lat' dir='ltr'><strong>morta-</strong></span> 
     </span>
    </p>
   </div>
   <div class='ocr_carea' id='block_1_73' title="bbox 1765 2836 3377 2914">
    <p class='ocr_par' dir='ltr' id='par_1_73' title="bbox 1765 2836 3377 2914">
     <span class='ocr_line' id='line_1_73' title="bbox 1765 2836 3377 2914; baseline -0.002 -18"><span class='ocrx_word' id='word_1_571' title='bbox 1765 2840 1835 2896; x_wconf 87' lang='lat' dir='ltr'><strong>lis</strong></span> <span class='ocrx_word' id='word_1_572' title='bbox 1863 2857 1939 2910; x_wconf 91' lang='lat' dir='ltr'><strong>es,</strong></span> <span class='ocrx_word' id='word_1_573' title='bbox 1962 2858 2127 2914; x_wconf 85' lang='lat' dir='ltr'><strong>quare</strong></span> <span class='ocrx_word' id='word_1_574' title='bbox 2156 2841 2308 2897; x_wconf 77' lang='lat' dir='ltr'><strong>vadis</strong></span> <span class='ocrx_word' id='word_1_575' title='bbox 2328 2840 2683 2897; x_wconf 75' lang='lat' dir='ltr'><strong>discurrendo</strong></span> <span class='ocrx_word' id='word_1_576' title='bbox 2707 2840 2808 2895; x_wconf 84' lang='lat' dir='ltr'><strong>huc</strong></span> <span class='ocrx_word' id='word_1_577' title='bbox 2829 2847 2881 2894; x_wconf 86' lang='lat' dir='ltr'><strong>et</strong></span> <span class='ocrx_word' id='word_1_578' title='bbox 2899 2837 3033 2894; x_wconf 88' lang='lat' dir='ltr'><strong>illuc</strong></span> <span class='ocrx_word' id='word_1_579' title='bbox 3054 2847 3108 2895; x_wconf 89' lang='lat' dir='ltr'><strong>et</strong></span> <span class='ocrx_word' id='word_1_580' title='bbox 3133 2836 3377 2906; x_wconf 72' lang='lat' dir='ltr'><strong>facienda</strong></span> 
     </span>
    </p>
   </div>
   <div class='ocr_carea' id='block_1_74' title="bbox 1767 2931 3379 3005">
    <p class='ocr_par' dir='ltr' id='par_1_74' title="bbox 1767 2931 3379 3005">
     <span class='ocr_line' id='line_1_74' title="bbox 1767 2931 3379 3005; baseline -0.001 -16"><span class='ocrx_word' id='word_1_581' title='bbox 1767 2942 1918 2989; x_wconf 88' lang='lat' dir='ltr'><strong>tanta</strong></span> <span class='ocrx_word' id='word_1_582' title='bbox 1949 2943 2001 2990; x_wconf 88' lang='lat' dir='ltr'><strong>et</strong></span> <span class='ocrx_word' id='word_1_583' title='bbox 2027 2933 2438 3003; x_wconf 65' lang='lat' dir='ltr'><strong>taliathlhus</strong></span> <span class='ocrx_word' id='word_1_584' title='bbox 2472 2934 2569 2990; x_wconf 79' lang='lat' dir='ltr'><strong>ille</strong></span> <span class='ocrx_word' id='word_1_585' title='bbox 2609 2933 2687 2988; x_wconf 86' lang='lat' dir='ltr'><strong>ait</strong></span> <span class='ocrx_word' id='word_1_586' title='bbox 2708 2951 2726 2988; x_wconf 89' lang='lat'><strong>:</strong></span> <span class='ocrx_word' id='word_1_587' title='bbox 2765 2931 2896 2989; x_wconf 76' lang='lat' dir='ltr'><strong>Istee</strong></span> <span class='ocrx_word' id='word_1_588' title='bbox 2928 2948 3106 2989; x_wconf 71' lang='lat' dir='ltr'><strong>causa</strong></span> <span class='ocrx_word' id='word_1_589' title='bbox 3142 2948 3248 2988; x_wconf 80' lang='lat' dir='ltr'><strong>non</strong></span> <span class='ocrx_word' id='word_1_590' title='bbox 3278 2948 3379 3005; x_wconf 78' lang='lat' dir='ltr'><strong>gu-</strong></span> 
     </span>
    </p>
   </div>
   <div class='ocr_carea' id='block_1_75' title="bbox 1767 3026 3380 3100">
    <p class='ocr_par' dir='ltr' id='par_1_75' title="bbox 1767 3026 3380 3100">
     <span class='ocr_line' id='line_1_75' title="bbox 1767 3026 3380 3100; baseline -0.001 -17"><span class='ocrx_word' id='word_1_591' title='bbox 1767 3026 2059 3085; x_wconf 83' lang='lat' dir='ltr'><strong>bernantur</strong></span> <span class='ocrx_word' id='word_1_592' title='bbox 2082 3029 2187 3083; x_wconf 89' lang='lat' dir='ltr'><strong>nisi</strong></span> <span class='ocrx_word' id='word_1_593' title='bbox 2211 3029 2279 3083; x_wconf 87' lang='lat' dir='ltr'><strong>de</strong></span> <span class='ocrx_word' id='word_1_594' title='bbox 2310 3044 2541 3099; x_wconf 77' lang='lat' dir='ltr'><strong>superna</strong></span> <span class='ocrx_word' id='word_1_595' title='bbox 2570 3027 2934 3100; x_wconf 82' lang='lat' dir='ltr'><strong>providentia,</strong></span> <span class='ocrx_word' id='word_1_596' title='bbox 2960 3026 3115 3098; x_wconf 86' lang='lat' dir='ltr'><strong>cujus</strong></span> <span class='ocrx_word' id='word_1_597' title='bbox 3140 3028 3380 3083; x_wconf 74' lang='lat' dir='ltr'><strong>ministri</strong></span> 
     </span>
    </p>
   </div>
   <div class='ocr_carea' id='block_1_76' title="bbox 1765 3117 3380 3190">
    <p class='ocr_par' dir='ltr' id='par_1_76' title="bbox 1765 3117 3380 3190">
     <span class='ocr_line' id='line_1_76' title="bbox 1765 3117 3380 3190; baseline -0.001 -15"><span class='ocrx_word' id='word_1_598' title='bbox 1765 3136 1969 3187; x_wconf 84' lang='lat' dir='ltr'><strong>sumus,</strong></span> <span class='ocrx_word' id='word_1_599' title='bbox 2016 3119 2273 3190; x_wconf 82' lang='lat' dir='ltr'><strong>facientes</strong></span> <span class='ocrx_word' id='word_1_600' title='bbox 2302 3118 2605 3190; x_wconf 70' lang='lat' dir='ltr'><strong>jussionent</strong></span> <span class='ocrx_word' id='word_1_601' title='bbox 2647 3117 2819 3173; x_wconf 72' lang='lat' dir='ltr'><strong>illius.</strong></span> <span class='ocrx_word' id='word_1_602' title='bbox 2856 3117 3007 3173; x_wconf 67' lang='lat' dir='ltr'><strong>lare</strong></span> <span class='ocrx_word' id='word_1_603' title='bbox 3042 3117 3193 3173; x_wconf 88' lang='lat' dir='ltr'><strong>nullo</strong></span> <span class='ocrx_word' id='word_1_604' title='bbox 3220 3119 3380 3174; x_wconf 83' lang='lat' dir='ltr'><strong>modo</strong></span> 
     </span>
    </p>
   </div>
   <div class='ocr_carea' id='block_1_77' title="bbox 1768 3208 3382 3285">
    <p class='ocr_par' dir='ltr' id='par_1_77' title="bbox 1768 3208 3382 3285">
     <span class='ocr_line' id='line_1_77' title="bbox 1768 3208 3382 3285; baseline 0.001 -19"><span class='ocrx_word' id='word_1_605' title='bbox 1768 3211 2034 3279; x_wconf 79' lang='lat' dir='ltr'><strong>turbatur,</strong></span> <span class='ocrx_word' id='word_1_606' title='bbox 2061 3212 2167 3267; x_wconf 91' lang='lat' dir='ltr'><strong>nisi</strong></span> <span class='ocrx_word' id='word_1_607' title='bbox 2188 3228 2308 3267; x_wconf 86' lang='lat' dir='ltr'><strong>cum</strong></span> <span class='ocrx_word' id='word_1_608' title='bbox 2329 3220 2513 3268; x_wconf 74' lang='lat' dir='ltr'><strong>tentus</strong></span> <span class='ocrx_word' id='word_1_609' title='bbox 2541 3212 2685 3281; x_wconf 75' lang='lat' dir='ltr'><strong>ﬁunt</strong></span> <span class='ocrx_word' id='word_1_610' title='bbox 2710 3211 2998 3283; x_wconf 84' lang='lat' dir='ltr'><strong>ingressus.</strong></span> <span class='ocrx_word' id='word_1_611' title='bbox 3044 3208 3177 3267; x_wconf 74' lang='lat' dir='ltr'><strong>Volo</strong></span> <span class='ocrx_word' id='word_1_612' title='bbox 3197 3213 3382 3285; x_wconf 81' lang='lat' dir='ltr'><strong>quies-</strong></span> 
     </span>
    </p>
   </div>
   <div class='ocr_carea' id='block_1_78' title="bbox 1766 3300 3382 3375">
    <p class='ocr_par' dir='ltr' id='par_1_78' title="bbox 1766 3300 3382 3375">
     <span class='ocr_line' id='line_1_78' title="bbox 1766 3300 3382 3375; baseline 0 -18"><span class='ocrx_word' id='word_1_613' title='bbox 1766 3317 1881 3357; x_wconf 88' lang='lat' dir='ltr'><strong>cere</strong></span> <span class='ocrx_word' id='word_1_614' title='bbox 1898 3309 1949 3356; x_wconf 91' lang='lat' dir='ltr'><strong>et</strong></span> <span class='ocrx_word' id='word_1_615' title='bbox 1971 3318 2005 3357; x_wconf 90' lang='lat' dir='ltr'><strong>a</strong></span> <span class='ocrx_word' id='word_1_616' title='bbox 2028 3303 2221 3375; x_wconf 78' lang='lat' dir='ltr'><strong>pugnis</strong></span> <span class='ocrx_word' id='word_1_617' title='bbox 2244 3302 2518 3369; x_wconf 82' lang='lat' dir='ltr'><strong>recedere;</strong></span> <span class='ocrx_word' id='word_1_618' title='bbox 2542 3302 2635 3358; x_wconf 86' lang='lat' dir='ltr'><strong>sed</strong></span> <span class='ocrx_word' id='word_1_619' title='bbox 2664 3300 2917 3357; x_wconf 80' lang='lat' dir='ltr'><strong>dominus</strong></span> <span class='ocrx_word' id='word_1_620' title='bbox 2937 3317 3122 3358; x_wconf 89' lang='lat' dir='ltr'><strong>sensus</strong></span> <span class='ocrx_word' id='word_1_621' title='bbox 3148 3303 3255 3357; x_wconf 86' lang='lat' dir='ltr'><strong>mei</strong></span> <span class='ocrx_word' id='word_1_622' title='bbox 3274 3316 3382 3357; x_wconf 75' lang='lat' dir='ltr'><strong>non</strong></span> 
     </span>
    </p>
   </div>
   <div class='ocr_carea' id='block_1_79' title="bbox 1766 3392 3382 3466">
    <p class='ocr_par' dir='ltr' id='par_1_79' title="bbox 1766 3392 3382 3466">
     <span class='ocr_line' id='line_1_79' title="bbox 1766 3392 3382 3466; baseline 0.001 -18"><span class='ocrx_word' id='word_1_623' title='bbox 1766 3393 1993 3450; x_wconf 70' lang='lat' dir='ltr'><strong>dimittit</strong></span> <span class='ocrx_word' id='word_1_624' title='bbox 2026 3410 2110 3449; x_wconf 87' lang='lat' dir='ltr'><strong>me</strong></span> <span class='ocrx_word' id='word_1_625' title='bbox 2134 3393 2235 3450; x_wconf 73' lang='lat' dir='ltr'><strong>hoc</strong></span> <span class='ocrx_word' id='word_1_626' title='bbox 2274 3393 2471 3465; x_wconf 87' lang='lat' dir='ltr'><strong>facere.</strong></span> <span class='ocrx_word' id='word_1_627' title='bbox 2508 3392 2575 3450; x_wconf 78' lang='lat' dir='ltr'><strong>Si</strong></span> <span class='ocrx_word' id='word_1_628' title='bbox 2607 3407 2790 3450; x_wconf 78' lang='lat' dir='ltr'><strong>omnes</strong></span> <span class='ocrx_word' id='word_1_629' title='bbox 2824 3394 2984 3448; x_wconf 84' lang='lat' dir='ltr'><strong>unius</strong></span> <span class='ocrx_word' id='word_1_630' title='bbox 3020 3392 3382 3466; x_wconf 76' lang='lat' dir='ltr'><strong>intellegentis</strong></span> 
     </span>
    </p>
   </div>
   <div class='ocr_carea' id='block_1_80' title="bbox 1766 3484 3381 3561">
    <p class='ocr_par' dir='ltr' id='par_1_80' title="bbox 1766 3484 3381 3561">
     <span class='ocr_line' id='line_1_80' title="bbox 1766 3484 3381 3561; baseline 0 -19"><span class='ocrx_word' id='word_1_631' title='bbox 1766 3486 2070 3558; x_wconf 77' lang='lat' dir='ltr'><strong>fuissemus,</strong></span> <span class='ocrx_word' id='word_1_632' title='bbox 2111 3495 2252 3542; x_wconf 83' lang='lat' dir='ltr'><strong>totus</strong></span> <span class='ocrx_word' id='word_1_633' title='bbox 2279 3487 2513 3545; x_wconf 62' lang='lat' dir='ltr'><strong>nudus</strong></span> <span class='ocrx_word' id='word_1_634' title='bbox 2550 3488 2691 3544; x_wconf 81' lang='lat' dir='ltr'><strong>sicut</strong></span> <span class='ocrx_word' id='word_1_635' title='bbox 2725 3502 2856 3561; x_wconf 68' lang='lat' dir='ltr'><strong>ayer</strong></span> <span class='ocrx_word' id='word_1_636' title='bbox 2884 3502 3021 3541; x_wconf 87' lang='lat' dir='ltr'><strong>unus</strong></span> <span class='ocrx_word' id='word_1_637' title='bbox 3062 3495 3217 3542; x_wconf 87' lang='lat' dir='ltr'><strong>esset.</strong></span> <span class='ocrx_word' id='word_1_638' title='bbox 3247 3484 3381 3543; x_wconf 70' lang='lat' dir='ltr'><strong>Haec</strong></span> 
     </span>
    </p>
   </div>
   <div class='ocr_carea' id='block_1_81' title="bbox 1765 3577 3380 3655">
    <p class='ocr_par' dir='ltr' id='par_1_81' title="bbox 1765 3577 3380 3655">
     <span class='ocr_line' id='line_1_81' title="bbox 1765 3577 3380 3655; baseline -0.001 -19"><span class='ocrx_word' id='word_1_639' title='bbox 1765 3578 1978 3648; x_wconf 86' lang='lat' dir='ltr'><strong>dicens,</strong></span> <span class='ocrx_word' id='word_1_640' title='bbox 2002 3581 2169 3651; x_wconf 64' lang='lat' dir='ltr'><strong>erepit</strong></span> <span class='ocrx_word' id='word_1_641' title='bbox 2190 3580 2295 3650; x_wconf 89' lang='lat' dir='ltr'><strong>ire,</strong></span> <span class='ocrx_word' id='word_1_642' title='bbox 2321 3589 2378 3639; x_wconf 85' lang='lat' dir='ltr'><strong>et</strong></span> <span class='ocrx_word' id='word_1_643' title='bbox 2396 3579 2660 3655; x_wconf 77' lang='lat' dir='ltr'><strong>fatigatus</strong></span> <span class='ocrx_word' id='word_1_644' title='bbox 2680 3589 2766 3639; x_wconf 86' lang='lat' dir='ltr'><strong>est</strong></span> <span class='ocrx_word' id='word_1_645' title='bbox 2782 3578 3029 3637; x_wconf 77' lang='lat' dir='ltr'><strong>multum</strong></span> <span class='ocrx_word' id='word_1_646' title='bbox 3057 3578 3117 3634; x_wconf 87' lang='lat' dir='ltr'><strong>in</strong></span> <span class='ocrx_word' id='word_1_647' title='bbox 3140 3577 3263 3652; x_wconf 87' lang='lat' dir='ltr'><strong>ipso</strong></span> <span class='ocrx_word' id='word_1_648' title='bbox 3286 3578 3380 3635; x_wconf 84' lang='lat' dir='ltr'><strong>iti-</strong></span> 
     </span>
    </p>
   </div>
   <div class='ocr_carea' id='block_1_82' title="bbox 1766 3671 3377 3745">
    <p class='ocr_par' dir='ltr' id='par_1_82' title="bbox 1766 3671 3377 3745">
     <span class='ocr_line' id='line_1_82' title="bbox 1766 3671 3377 3745; baseline 0.002 -18"><span class='ocrx_word' id='word_1_649' title='bbox 1766 3686 1918 3740; x_wconf 87' lang='lat' dir='ltr'><strong>nere,</strong></span> <span class='ocrx_word' id='word_1_650' title='bbox 1968 3672 2100 3745; x_wconf 85' lang='lat' dir='ltr'><strong>quia</strong></span> <span class='ocrx_word' id='word_1_651' title='bbox 2150 3682 2312 3730; x_wconf 86' lang='lat' dir='ltr'><strong>erant</strong></span> <span class='ocrx_word' id='word_1_652' title='bbox 2362 3673 2438 3730; x_wconf 90' lang='lat' dir='ltr'><strong>ibi</strong></span> <span class='ocrx_word' id='word_1_653' title='bbox 2482 3673 2603 3731; x_wconf 87' lang='lat' dir='ltr'><strong>loca</strong></span> <span class='ocrx_word' id='word_1_654' title='bbox 2666 3671 3119 3731; x_wconf 86' lang='lat' dir='ltr'><strong>inambulatoria.</strong></span> <span class='ocrx_word' id='word_1_655' title='bbox 3168 3671 3377 3730; x_wconf 79' lang='lat' dir='ltr'><strong>Deinde</strong></span> 
     </span>
    </p>
   </div>
   <div class='ocr_carea' id='block_1_83' title="bbox 1766 3764 3376 3840">
    <p class='ocr_par' dir='ltr' id='par_1_83' title="bbox 1766 3764 3376 3840">
     <span class='ocr_line' id='line_1_83' title="bbox 1766 3764 3376 3840; baseline -0.002 -20"><span class='ocrx_word' id='word_1_656' title='bbox 1766 3764 2047 3830; x_wconf 85' lang='lat' dir='ltr'><strong>Adrestas,</strong></span> <span class='ocrx_word' id='word_1_657' title='bbox 2077 3764 2400 3832; x_wconf 83' lang='lat' dir='ltr'><strong>Catthenos,</strong></span> <span class='ocrx_word' id='word_1_658' title='bbox 2437 3764 2796 3840; x_wconf 68' lang='lat' dir='ltr'><strong>Gangaridas,</strong></span> <span class='ocrx_word' id='word_1_659' title='bbox 2827 3779 2976 3823; x_wconf 74' lang='lat' dir='ltr'><strong>cesrs</strong></span> <span class='ocrx_word' id='word_1_660' title='bbox 2994 3777 3187 3819; x_wconf 84' lang='lat' dir='ltr'><strong>eorum</strong></span> <span class='ocrx_word' id='word_1_661' title='bbox 3211 3776 3376 3819; x_wconf 84' lang='lat' dir='ltr'><strong>exer-</strong></span> 
     </span>
    </p>
   </div>
   <div class='ocr_carea' id='block_1_84' title="bbox 1766 3854 3377 3933">
    <p class='ocr_par' dir='ltr' id='par_1_84' title="bbox 1766 3854 3377 3933">
     <span class='ocr_line' id='line_1_84' title="bbox 1766 3854 3377 3933; baseline -0.003 -17"><span class='ocrx_word' id='word_1_662' title='bbox 1766 3859 1989 3926; x_wconf 82' lang='lat' dir='ltr'><strong>citibus,</strong></span> <span class='ocrx_word' id='word_1_663' title='bbox 2035 3857 2361 3917; x_wconf 69' lang='lat' dir='ltr'><strong>Macedones</strong></span> <span class='ocrx_word' id='word_1_664' title='bbox 2406 3874 2807 3933; x_wconf 75' lang='lat' dir='ltr'><strong>expugnavere.</strong></span> <span class='ocrx_word' id='word_1_665' title='bbox 2857 3858 3114 3930; x_wconf 85' lang='lat' dir='ltr'><strong>Cumque</strong></span> <span class='ocrx_word' id='word_1_666' title='bbox 3153 3856 3221 3912; x_wconf 88' lang='lat' dir='ltr'><strong>ad</strong></span> <span class='ocrx_word' id='word_1_667' title='bbox 3262 3854 3377 3912; x_wconf 56' lang='lat' dir='ltr'><strong>(low</strong></span> 
     </span>
    </p>
   </div>
   <div class='ocr_carea' id='block_1_85' title="bbox 1766 3948 3374 4022">
    <p class='ocr_par' dir='ltr' id='par_1_85' title="bbox 1766 3948 3374 4022">
     <span class='ocr_line' id='line_1_85' title="bbox 1766 3948 3374 4022; baseline -0.002 -15"><span class='ocrx_word' id='word_1_668' title='bbox 1766 3951 1962 4022; x_wconf 84' lang='lat' dir='ltr'><strong>phides</strong></span> <span class='ocrx_word' id='word_1_669' title='bbox 1988 3958 2213 4008; x_wconf 82' lang='lat' dir='ltr'><strong>ventum</strong></span> <span class='ocrx_word' id='word_1_670' title='bbox 2241 3961 2408 4020; x_wconf 80' lang='lat' dir='ltr'><strong>esset,</strong></span> <span class='ocrx_word' id='word_1_671' title='bbox 2434 3952 2509 4009; x_wconf 90' lang='lat' dir='ltr'><strong>ibi</strong></span> <span class='ocrx_word' id='word_1_672' title='bbox 2532 3960 2723 4009; x_wconf 84' lang='lat' dir='ltr'><strong>contra</strong></span> <span class='ocrx_word' id='word_1_673' title='bbox 2754 3951 2990 4008; x_wconf 66' lang='lat' dir='ltr'><strong>ducenta</strong></span> <span class='ocrx_word' id='word_1_674' title='bbox 3021 3948 3178 4013; x_wconf 80' lang='lat' dir='ltr'><strong>milia</strong></span> <span class='ocrx_word' id='word_1_675' title='bbox 3211 3949 3374 4020; x_wconf 87' lang='lat' dir='ltr'><strong>equi-</strong></span> 
     </span>
    </p>
   </div>
   <div class='ocr_carea' id='block_1_86' title="bbox 1767 4042 3378 4117">
    <p class='ocr_par' dir='ltr' id='par_1_86' title="bbox 1767 4042 3378 4117">
     <span class='ocr_line' id='line_1_86' title="bbox 1767 4042 3378 4117; baseline -0.002 -17"><span class='ocrx_word' id='word_1_676' title='bbox 1767 4052 1885 4100; x_wconf 89' lang='lat' dir='ltr'><strong>tum</strong></span> <span class='ocrx_word' id='word_1_677' title='bbox 1906 4059 2148 4117; x_wconf 79' lang='lat' dir='ltr'><strong>pugnam</strong></span> <span class='ocrx_word' id='word_1_678' title='bbox 2184 4045 2603 4112; x_wconf 85' lang='lat' dir='ltr'><strong>commiserunt,</strong></span> <span class='ocrx_word' id='word_1_679' title='bbox 2641 4053 2848 4100; x_wconf 89' lang='lat' dir='ltr'><strong>etcum</strong></span> <span class='ocrx_word' id='word_1_680' title='bbox 2883 4044 2997 4115; x_wconf 75' lang='lat' dir='ltr'><strong>jam</strong></span> <span class='ocrx_word' id='word_1_681' title='bbox 3034 4042 3192 4107; x_wconf 77' lang='lat' dir='ltr'><strong>fessi,</strong></span> <span class='ocrx_word' id='word_1_682' title='bbox 3214 4048 3378 4097; x_wconf 66' lang='lat' dir='ltr'><strong>aetate</strong></span> 
     </span>
    </p>
   </div>
   <div class='ocr_carea' id='block_1_87' title="bbox 1767 4134 3373 4209">
    <p class='ocr_par' dir='ltr' id='par_1_87' title="bbox 1767 4134 3373 4209">
     <span class='ocr_line' id='line_1_87' title="bbox 1767 4134 3373 4209; baseline -0.006 -16"><span class='ocrx_word' id='word_1_683' title='bbox 1767 4138 1974 4205; x_wconf 87' lang='lat' dir='ltr'><strong>detriti,</strong></span> <span class='ocrx_word' id='word_1_684' title='bbox 2019 4137 2206 4193; x_wconf 89' lang='lat' dir='ltr'><strong>animo</strong></span> <span class='ocrx_word' id='word_1_685' title='bbox 2229 4136 2367 4209; x_wconf 85' lang='lat' dir='ltr'><strong>egri,</strong></span> <span class='ocrx_word' id='word_1_686' title='bbox 2397 4136 2608 4192; x_wconf 88' lang='lat' dir='ltr'><strong>viribus</strong></span> <span class='ocrx_word' id='word_1_687' title='bbox 2644 4137 2797 4204; x_wconf 88' lang='lat' dir='ltr'><strong>lassi,</strong></span> <span class='ocrx_word' id='word_1_688' title='bbox 2836 4135 3054 4191; x_wconf 77' lang='lat' dir='ltr'><strong>difﬁcile</strong></span> <span class='ocrx_word' id='word_1_689' title='bbox 3081 4134 3373 4204; x_wconf 68' lang='lat' dir='ltr'><strong>vicissent;</strong></span> 
     </span>
    </p>
   </div>
   <div class='ocr_carea' id='block_1_88' title="bbox 1767 4228 3373 4304">
    <p class='ocr_par' dir='ltr' id='par_1_88' title="bbox 1767 4228 3373 4304">
     <span class='ocr_line' id='line_1_88' title="bbox 1767 4228 3373 4304; baseline -0.006 -18"><span class='ocrx_word' id='word_1_690' title='bbox 1767 4238 1947 4287; x_wconf 60' lang='lat' dir='ltr'><strong>castra</strong></span> <span class='ocrx_word' id='word_1_691' title='bbox 1959 4230 2362 4287; x_wconf 88' lang='lat' dir='ltr'><strong>obmemoriam</strong></span> <span class='ocrx_word' id='word_1_692' title='bbox 2378 4231 2502 4302; x_wconf 86' lang='lat' dir='ltr'><strong>plus</strong></span> <span class='ocrx_word' id='word_1_693' title='bbox 2513 4229 2970 4304; x_wconf 77' lang='lat' dir='ltr'><strong>solitomagniiica</strong></span> <span class='ocrx_word' id='word_1_694' title='bbox 2986 4228 3373 4285; x_wconf 87' lang='lat' dir='ltr'><strong>condiderunt.</strong></span> 
     </span>
    </p>
   </div>
   <div class='ocr_carea' id='block_1_89' title="bbox 1841 4315 3374 4399">
    <p class='ocr_par' dir='ltr' id='par_1_89' title="bbox 1841 4315 3374 4399">
     <span class='ocr_line' id='line_1_89' title="bbox 1841 4315 3374 4399; baseline -0.005 -18"><span class='ocrx_word' id='word_1_695' title='bbox 1841 4322 2027 4399; x_wconf 72' lang='lat' dir='ltr'><strong>(Osos.</strong></span> <span class='ocrx_word' id='word_1_696' title='bbox 2054 4340 2139 4392; x_wconf 81' lang='grc' dir='ltr'><strong>ιιι,</strong></span> <span class='ocrx_word' id='word_1_697' title='bbox 2172 4324 2287 4397; x_wconf 78' lang='grc'><strong>19.)</strong></span> <span class='ocrx_word' id='word_1_698' title='bbox 2318 4323 2459 4381; x_wconf 82' lang='lat' dir='ltr'><strong>Exin</strong></span> <span class='ocrx_word' id='word_1_699' title='bbox 2488 4322 2797 4380; x_wconf 82' lang='lat' dir='ltr'><strong>Alexander</strong></span> <span class='ocrx_word' id='word_1_700' title='bbox 2819 4324 2887 4380; x_wconf 89' lang='lat' dir='ltr'><strong>ad</strong></span> <span class='ocrx_word' id='word_1_701' title='bbox 2915 4337 3134 4379; x_wconf 88' lang='lat' dir='ltr'><strong>amnem</strong></span> <span class='ocrx_word' id='word_1_702' title='bbox 3172 4315 3374 4392; x_wconf 62' lang='lat' dir='ltr'><strong>Agesl-é-</strong></span> 
     </span>
    </p>
   </div>
   <div class='ocr_carea' id='block_1_90' title="bbox 91 4410 3375 4489">
    <p class='ocr_par' dir='ltr' id='par_1_90' title="bbox 91 4410 3375 4489">
     <span class='ocr_line' id='line_1_90' title="bbox 91 4410 3375 4489; baseline 0.002 -28"><span class='ocrx_word' id='word_1_703' title='bbox 91 4424 187 4477; x_wconf 74' lang='lat' dir='ltr'><strong>qua</strong></span> <span class='ocrx_word' id='word_1_704' title='bbox 207 4411 386 4467; x_wconf 77' lang='lat' dir='ltr'><strong>habuit</strong></span> <span class='ocrx_word' id='word_1_705' title='bbox 414 4412 626 4482; x_wconf 86' lang='lat' dir='ltr'><strong>Porus,</strong></span> <span class='ocrx_word' id='word_1_706' title='bbox 648 4411 742 4468; x_wconf 79' lang='lat' dir='ltr'><strong>sed</strong></span> <span class='ocrx_word' id='word_1_707' title='bbox 762 4420 945 4484; x_wconf 85' lang='lat' dir='ltr'><strong>postea</strong></span> <span class='ocrx_word' id='word_1_708' title='bbox 970 4410 1181 4469; x_wconf 83' lang='lat' dir='ltr'><strong>reddidi</strong></span> <span class='ocrx_word' id='word_1_709' title='bbox 1209 4426 1271 4467; x_wconf 89' lang='lat' dir='ltr'><strong>ea</strong></span> <span class='ocrx_word' id='word_1_710' title='bbox 1294 4410 1398 4466; x_wconf 84' lang='lat' dir='ltr'><strong>illi.</strong></span> <span class='ocrx_word' id='word_1_711' title='bbox 1426 4410 1537 4467; x_wconf 88' lang='lat' dir='ltr'><strong>Pro</strong></span> <span class='ocrx_word' id='word_1_712' title='bbox 1561 4427 1667 4485; x_wconf 82' lang='lat' dir='ltr'><strong>qua</strong></span> <span class='ocrx_word' id='word_1_713' title='bbox 1768 4433 1894 4475; x_wconf 84' lang='lat' dir='ltr'><strong>nem</strong></span> <span class='ocrx_word' id='word_1_714' title='bbox 1916 4416 2113 4489; x_wconf 80' lang='lat' dir='ltr'><strong>pergit,</strong></span> <span class='ocrx_word' id='word_1_715' title='bbox 2136 4432 2236 4489; x_wconf 85' lang='lat' dir='ltr'><strong>per</strong></span> <span class='ocrx_word' id='word_1_716' title='bbox 2254 4417 2404 4473; x_wconf 88' lang='lat' dir='ltr'><strong>hunc</strong></span> <span class='ocrx_word' id='word_1_717' title='bbox 2426 4415 2482 4471; x_wconf 92' lang='lat' dir='ltr'><strong>in</strong></span> <span class='ocrx_word' id='word_1_718' title='bbox 2503 4430 2773 4472; x_wconf 88' lang='lat' dir='ltr'><strong>oceanum</strong></span> <span class='ocrx_word' id='word_1_719' title='bbox 2790 4415 3095 4482; x_wconf 76' lang='lat' dir='ltr'><strong>devehitur,</strong></span> <span class='ocrx_word' id='word_1_720' title='bbox 3117 4413 3214 4470; x_wconf 87' lang='lat' dir='ltr'><strong>ubi</strong></span> <span class='ocrx_word' id='word_1_721' title='bbox 3236 4412 3375 4470; x_wconf 79' lang='lat' dir='ltr'><strong>Ges-</strong></span> 
     </span>
    </p>
   </div>
   <div class='ocr_carea' id='block_1_91' title="bbox 90 4500 3369 4580">
    <p class='ocr_par' dir='ltr' id='par_1_91' title="bbox 90 4500 3369 4580">
     <span class='ocr_line' id='line_1_91' title="bbox 90 4500 3369 4580; baseline 0.002 -27"><span class='ocrx_word' id='word_1_722' title='bbox 90 4515 133 4553; x_wconf 85' lang='lat' dir='ltr'><strong>re</strong></span> <span class='ocrx_word' id='word_1_723' title='bbox 172 4501 337 4572; x_wconf 83' lang='lat' dir='ltr'><strong>factus</strong></span> <span class='ocrx_word' id='word_1_724' title='bbox 387 4513 471 4560; x_wconf 90' lang='lat' dir='ltr'><strong>est</strong></span> <span class='ocrx_word' id='word_1_725' title='bbox 521 4503 620 4559; x_wconf 84' lang='lat' dir='ltr'><strong>ille</strong></span> <span class='ocrx_word' id='word_1_726' title='bbox 660 4500 1039 4557; x_wconf 65' lang='lat' dir='ltr'><strong>Macedonibus</strong></span> <span class='ocrx_word' id='word_1_727' title='bbox 1069 4516 1308 4556; x_wconf 85' lang='lat' dir='ltr'><strong>summus</strong></span> <span class='ocrx_word' id='word_1_728' title='bbox 1347 4502 1552 4556; x_wconf 76' lang='lat' dir='ltr'><strong>amicus</strong></span> <span class='ocrx_word' id='word_1_729' title='bbox 1617 4509 1670 4557; x_wconf 91' lang='lat' dir='ltr'><strong>et</strong></span> <span class='ocrx_word' id='word_1_730' title='bbox 1700 4516 1748 4578; x_wconf 79' lang='grc' dir='ltr'><strong>ι)</strong></span> <span class='ocrx_word' id='word_1_731' title='bbox 1774 4522 1941 4564; x_wconf 71' lang='lat' dir='ltr'><strong>sonas</strong></span> <span class='ocrx_word' id='word_1_732' title='bbox 1971 4502 2278 4580; x_wconf 77' lang='lat' dir='ltr'><strong>Sybosqnc,</strong></span> <span class='ocrx_word' id='word_1_733' title='bbox 2315 4522 2458 4580; x_wconf 86' lang='lat' dir='ltr'><strong>quos</strong></span> <span class='ocrx_word' id='word_1_734' title='bbox 2485 4504 2750 4564; x_wconf 78' lang='lat' dir='ltr'><strong>Hercules</strong></span> <span class='ocrx_word' id='word_1_735' title='bbox 2776 4506 3040 4574; x_wconf 88' lang='lat' dir='ltr'><strong>condidit,</strong></span> <span class='ocrx_word' id='word_1_736' title='bbox 3070 4503 3369 4577; x_wconf 82' lang='lat' dir='ltr'><strong>obpressit.</strong></span> 
     </span>
    </p>
   </div>
   <div class='ocr_carea' id='block_1_92' title="bbox 90 4591 1671 4663">
    <p class='ocr_par' dir='ltr' id='par_1_92' title="bbox 90 4591 1671 4663">
     <span class='ocr_line' id='line_1_92' title="bbox 90 4591 1671 4663; baseline 0.001 -18"><span class='ocrx_word' id='word_1_737' title='bbox 90 4592 423 4663; x_wconf 68' lang='lat' dir='ltr'><strong>nanifestapit</strong></span> <span class='ocrx_word' id='word_1_738' title='bbox 456 4593 632 4649; x_wconf 76' lang='lat' dir='ltr'><strong>michi</strong></span> <span class='ocrx_word' id='word_1_739' title='bbox 680 4593 953 4648; x_wconf 79' lang='lat' dir='ltr'><strong>thesauros</strong></span> <span class='ocrx_word' id='word_1_740' title='bbox 983 4606 1107 4647; x_wconf 83' lang='lat' dir='ltr'><strong>suos</strong></span> <span class='ocrx_word' id='word_1_741' title='bbox 1147 4591 1418 4658; x_wconf 86' lang='lat' dir='ltr'><strong>occultos;</strong></span> <span class='ocrx_word' id='word_1_742' title='bbox 1455 4593 1597 4649; x_wconf 70' lang='lat' dir='ltr'><strong>uncle</strong></span> <span class='ocrx_word' id='word_1_743' title='bbox 1608 4602 1671 4648; x_wconf 79' lang='lat' dir='ltr'><strong>et</strong></span> 
     </span>
    </p>
   </div>
   <div class='ocr_carea' id='block_1_93' title="bbox 83 4686 1672 4758">
    <p class='ocr_par' dir='ltr' id='par_1_93' title="bbox 83 4686 1672 4758">
     <span class='ocr_line' id='line_1_93' title="bbox 83 4686 1672 4758; baseline 0.003 -19"><span class='ocrx_word' id='word_1_744' title='bbox 83 4696 223 4757; x_wconf 78' lang='lat' dir='ltr'><strong>egoet</strong></span> <span class='ocrx_word' id='word_1_745' title='bbox 245 4706 426 4745; x_wconf 84' lang='lat' dir='ltr'><strong>omnes</strong></span> <span class='ocrx_word' id='word_1_746' title='bbox 456 4689 686 4745; x_wconf 84' lang='lat' dir='ltr'><strong>comites</strong></span> <span class='ocrx_word' id='word_1_747' title='bbox 716 4688 818 4744; x_wconf 90' lang='lat' dir='ltr'><strong>mei</strong></span> <span class='ocrx_word' id='word_1_748' title='bbox 854 4686 1045 4743; x_wconf 80' lang='lat' dir='ltr'><strong>divites</strong></span> <span class='ocrx_word' id='word_1_749' title='bbox 1077 4686 1210 4758; x_wconf 85' lang='lat' dir='ltr'><strong>facti</strong></span> <span class='ocrx_word' id='word_1_750' title='bbox 1241 4701 1455 4753; x_wconf 83' lang='lat' dir='ltr'><strong>sumus;</strong></span> <span class='ocrx_word' id='word_1_751' title='bbox 1482 4686 1672 4743; x_wconf 82' lang='lat' dir='ltr'><strong>deinde</strong></span> 
     </span>
    </p>
   </div>
   <div class='ocr_carea' id='block_1_94' title="bbox 86 4779 1671 4852">
    <p class='ocr_par' dir='ltr' id='par_1_94' title="bbox 86 4779 1671 4852">
     <span class='ocr_line' id='line_1_94' title="bbox 86 4779 1671 4852; baseline 0.003 -20"><span class='ocrx_word' id='word_1_752' title='bbox 86 4779 216 4835; x_wconf 68' lang='lat' dir='ltr'><strong>duxit</strong></span> <span class='ocrx_word' id='word_1_753' title='bbox 235 4799 315 4838; x_wconf 88' lang='lat' dir='ltr'><strong>me</strong></span> <span class='ocrx_word' id='word_1_754' title='bbox 338 4785 433 4839; x_wconf 85' lang='lat' dir='ltr'><strong>ubi</strong></span> <span class='ocrx_word' id='word_1_755' title='bbox 460 4790 626 4839; x_wconf 90' lang='lat' dir='ltr'><strong>erant</strong></span> <span class='ocrx_word' id='word_1_756' title='bbox 660 4790 857 4838; x_wconf 67' lang='lat' dir='ltr'><strong>stature</strong></span> <span class='ocrx_word' id='word_1_757' title='bbox 901 4797 1096 4848; x_wconf 74' lang='lat' dir='ltr'><strong>aurece,</strong></span> <span class='ocrx_word' id='word_1_758' title='bbox 1127 4796 1259 4852; x_wconf 63' lang='lat' dir='ltr'><strong>quas</strong></span> <span class='ocrx_word' id='word_1_759' title='bbox 1288 4780 1363 4835; x_wconf 87' lang='lat' dir='ltr'><strong>ibi</strong></span> <span class='ocrx_word' id='word_1_760' title='bbox 1386 4790 1671 4851; x_wconf 84' lang='lat' dir='ltr'><strong>posuerant</strong></span> 
     </span>
    </p>
   </div>
   <div class='ocr_carea' id='block_1_95' title="bbox 84 4867 1673 4945">
    <p class='ocr_par' dir='ltr' id='par_1_95' title="bbox 84 4867 1673 4945">
     <span class='ocr_line' id='line_1_95' title="bbox 84 4867 1673 4945; baseline 0.003 -23"><span class='ocrx_word' id='word_1_761' title='bbox 84 4867 218 4927; x_wconf 86' lang='lat' dir='ltr'><strong>Liber</strong></span> <span class='ocrx_word' id='word_1_762' title='bbox 254 4885 413 4945; x_wconf 80' lang='lat' dir='ltr'><strong>pater</strong></span> <span class='ocrx_word' id='word_1_763' title='bbox 461 4883 518 4930; x_wconf 86' lang='lat' dir='ltr'><strong>et</strong></span> <span class='ocrx_word' id='word_1_764' title='bbox 572 4871 852 4941; x_wconf 81' lang='lat' dir='ltr'><strong>Hercules,</strong></span> <span class='ocrx_word' id='word_1_765' title='bbox 900 4881 952 4927; x_wconf 90' lang='lat' dir='ltr'><strong>et</strong></span> <span class='ocrx_word' id='word_1_766' title='bbox 984 4872 1086 4943; x_wconf 88' lang='lat' dir='ltr'><strong>fuit</strong></span> <span class='ocrx_word' id='word_1_767' title='bbox 1123 4870 1218 4926; x_wconf 84' lang='lat' dir='ltr'><strong>diu</strong></span> <span class='ocrx_word' id='word_1_768' title='bbox 1248 4872 1423 4928; x_wconf 85' lang='lat' dir='ltr'><strong>socius</strong></span> <span class='ocrx_word' id='word_1_769' title='bbox 1460 4873 1673 4928; x_wconf 77' lang='lat' dir='ltr'><strong>itineris</strong></span> 
     </span>
    </p>
   </div>
   <div class='ocr_carea' id='block_1_96' title="bbox 86 4968 691 5023">
    <p class='ocr_par' dir='ltr' id='par_1_96' title="bbox 86 4968 691 5023">
     <span class='ocr_line' id='line_1_96' title="bbox 86 4968 691 5023; baseline 0.007 -4"><span class='ocrx_word' id='word_1_770' title='bbox 86 4968 250 5023; x_wconf 78' lang='lat' dir='ltr'><strong>nostri.</strong></span> <span class='ocrx_word' id='word_1_771' title='bbox 684 4974 691 4979; x_wconf 89' lang='lat'>&#39;</span> 
     </span>
    </p>
   </div>
   <div class='ocr_carea' id='block_1_97' title="bbox 138 5058 1673 5132">
    <p class='ocr_par' dir='ltr' id='par_1_97' title="bbox 138 5058 1673 5132">
     <span class='ocr_line' id='line_1_97' title="bbox 138 5058 1673 5132; baseline -0.001 -18"><span class='ocrx_word' id='word_1_772' title='bbox 138 5059 255 5118; x_wconf 57' lang='lat' dir='ltr'><strong>Haec</strong></span> <span class='ocrx_word' id='word_1_773' title='bbox 280 5064 350 5120; x_wconf 87' lang='lat' dir='ltr'><strong>de</strong></span> <span class='ocrx_word' id='word_1_774' title='bbox 395 5060 753 5120; x_wconf 82' lang='lat' dir='ltr'><strong>dissonantia</strong></span> <span class='ocrx_word' id='word_1_775' title='bbox 788 5074 899 5116; x_wconf 93' lang='lat' dir='ltr'><strong>non</strong></span> <span class='ocrx_word' id='word_1_776' title='bbox 954 5058 1135 5116; x_wconf 84' lang='lat' dir='ltr'><strong>solum</strong></span> <span class='ocrx_word' id='word_1_777' title='bbox 1180 5058 1673 5132; x_wconf 80' lang='lat' dir='ltr'><strong>hystoriographo-</strong></span> 
     </span>
    </p>
   </div>
   <div class='ocr_carea' id='block_1_98' title="bbox 83 5151 1672 5227">
    <p class='ocr_par' dir='ltr' id='par_1_98' title="bbox 83 5151 1672 5227">
     <span class='ocr_line' id='line_1_98' title="bbox 83 5151 1672 5227; baseline 0.001 -22"><span class='ocrx_word' id='word_1_778' title='bbox 83 5156 321 5219; x_wconf 52' lang='grc' dir='ltr'><strong>τηκεεά</strong></span> <span class='ocrx_word' id='word_1_779' title='bbox 367 5156 559 5227; x_wconf 85' lang='lat' dir='ltr'><strong>ipsius</strong></span> <span class='ocrx_word' id='word_1_780' title='bbox 592 5167 814 5226; x_wconf 84' lang='lat' dir='ltr'><strong>quoque</strong></span> <span class='ocrx_word' id='word_1_781' title='bbox 849 5151 1165 5219; x_wconf 86' lang='lat' dir='ltr'><strong>Alexandri,</strong></span> <span class='ocrx_word' id='word_1_782' title='bbox 1201 5159 1262 5207; x_wconf 88' lang='lat' dir='ltr'><strong>ut</strong></span> <span class='ocrx_word' id='word_1_783' title='bbox 1291 5152 1501 5218; x_wconf 88' lang='lat' dir='ltr'><strong>dicunt,</strong></span> <span class='ocrx_word' id='word_1_784' title='bbox 1526 5151 1672 5206; x_wconf 90' lang='lat' dir='ltr'><strong>litte-</strong></span> 
     </span>
    </p>
   </div>
   <div class='ocr_carea' id='block_1_99' title="bbox 83 5241 1675 5318">
    <p class='ocr_par' dir='ltr' id='par_1_99' title="bbox 83 5241 1675 5318">
     <span class='ocr_line' id='line_1_99' title="bbox 83 5241 1675 5318; baseline -0.003 -18"><span class='ocrx_word' id='word_1_785' title='bbox 83 5257 244 5301; x_wconf 82' lang='lat' dir='ltr'><strong>rarum</strong></span> <span class='ocrx_word' id='word_1_786' title='bbox 288 5247 515 5304; x_wconf 82' lang='lat' dir='ltr'><strong>idcirco</strong></span> <span class='ocrx_word' id='word_1_787' title='bbox 561 5245 746 5318; x_wconf 89' lang='lat' dir='ltr'><strong>posui,</strong></span> <span class='ocrx_word' id='word_1_788' title='bbox 782 5259 855 5300; x_wconf 87' lang='lat' dir='ltr'><strong>ne</strong></span> <span class='ocrx_word' id='word_1_789' title='bbox 887 5244 1014 5315; x_wconf 84' lang='lat' dir='ltr'><strong>quis</strong></span> <span class='ocrx_word' id='word_1_790' title='bbox 1038 5257 1128 5299; x_wconf 90' lang='lat' dir='ltr'><strong>me</strong></span> <span class='ocrx_word' id='word_1_791' title='bbox 1172 5243 1241 5299; x_wconf 90' lang='lat' dir='ltr'><strong>de</strong></span> <span class='ocrx_word' id='word_1_792' title='bbox 1285 5241 1462 5313; x_wconf 82' lang='lat' dir='ltr'><strong>prima</strong></span> <span class='ocrx_word' id='word_1_793' title='bbox 1510 5241 1675 5313; x_wconf 86' lang='lat' dir='ltr'><strong>hujus</strong></span> 
     </span>
    </p>
   </div>
   <div class='ocr_carea' id='block_1_100' title="bbox 84 5322 1674 5411">
    <p class='ocr_par' dir='ltr' id='par_1_100' title="bbox 84 5322 1674 5411">
     <span class='ocr_line' id='line_1_100' title="bbox 84 5322 1674 5411; baseline -0.004 -15"><span class='ocrx_word' id='word_1_794' title='bbox 84 5348 255 5408; x_wconf 74' lang='lat' dir='ltr'><strong>Pugna:</strong></span> <span class='ocrx_word' id='word_1_795' title='bbox 279 5322 670 5411; x_wconf 82' lang='lat' dir='ltr'><strong>descriptione</strong></span> <span class='ocrx_word' id='word_1_796' title='bbox 692 5344 887 5410; x_wconf 85' lang='lat' dir='ltr'><strong>arguat</strong></span> <span class='ocrx_word' id='word_1_797' title='bbox 918 5334 1219 5401; x_wconf 82' lang='lat' dir='ltr'><strong>mendacii;</strong></span> <span class='ocrx_word' id='word_1_798' title='bbox 1260 5344 1505 5392; x_wconf 84' lang='lat' dir='ltr'><strong>ceterum</strong></span> <span class='ocrx_word' id='word_1_799' title='bbox 1536 5351 1674 5406; x_wconf 67' lang='lat' dir='ltr'><strong>pru-</strong></span> 
     </span>
    </p>
   </div>
   <div class='ocr_carea' id='block_1_101' title="bbox 82 5428 1662 5504">
    <p class='ocr_par' dir='ltr' id='par_1_101' title="bbox 82 5428 1662 5504">
     <span class='ocr_line' id='line_1_101' title="bbox 82 5428 1662 5504; baseline -0.001 -20"><span class='ocrx_word' id='word_1_800' title='bbox 82 5428 199 5487; x_wconf 86' lang='lat' dir='ltr'><strong>dens</strong></span> <span class='ocrx_word' id='word_1_801' title='bbox 216 5433 389 5490; x_wconf 86' lang='lat' dir='ltr'><strong>lector</strong></span> <span class='ocrx_word' id='word_1_802' title='bbox 415 5433 615 5504; x_wconf 82' lang='lat' dir='ltr'><strong>eligat,</strong></span> <span class='ocrx_word' id='word_1_803' title='bbox 644 5430 776 5503; x_wconf 90' lang='lat' dir='ltr'><strong>quid</strong></span> <span class='ocrx_word' id='word_1_804' title='bbox 800 5429 904 5486; x_wconf 88' lang='lat' dir='ltr'><strong>sibi</strong></span> <span class='ocrx_word' id='word_1_805' title='bbox 929 5429 998 5485; x_wconf 85' lang='lat' dir='ltr'><strong>de</strong></span> <span class='ocrx_word' id='word_1_806' title='bbox 1026 5428 1133 5485; x_wconf 89' lang='lat' dir='ltr'><strong>hiis</strong></span> <span class='ocrx_word' id='word_1_807' title='bbox 1164 5428 1403 5484; x_wconf 88' lang='lat' dir='ltr'><strong>maxime</strong></span> <span class='ocrx_word' id='word_1_808' title='bbox 1434 5428 1662 5498; x_wconf 88' lang='lat' dir='ltr'><strong>placeat.</strong></span> 
     </span>
    </p>
   </div>
   <div class='ocr_carea' id='block_1_102' title="bbox 143 5518 1670 5593">
    <p class='ocr_par' dir='ltr' id='par_1_102' title="bbox 143 5518 1670 5593">
     <span class='ocr_line' id='line_1_102' title="bbox 143 5518 1670 5593; baseline 0 -16"><span class='ocrx_word' id='word_1_809' title='bbox 143 5522 304 5593; x_wconf 82' lang='lat' dir='ltr'><strong>(Hist.</strong></span> <span class='ocrx_word' id='word_1_810' title='bbox 356 5526 526 5582; x_wconf 58' lang='lat' dir='ltr'><strong>Alea.</strong></span> <span class='ocrx_word' id='word_1_811' title='bbox 558 5523 695 5581; x_wconf 86' lang='lat' dir='ltr'><strong>Cod.</strong></span> <span class='ocrx_word' id='word_1_812' title='bbox 739 5520 933 5579; x_wconf 85' lang='lat' dir='ltr'><strong>Bamb.</strong></span> <span class='ocrx_word' id='word_1_813' title='bbox 982 5519 1077 5577; x_wconf 82' lang='lat' dir='ltr'><strong>fol.</strong></span> <span class='ocrx_word' id='word_1_814' title='bbox 1132 5519 1286 5593; x_wconf 65' lang='lat'><strong>3-12.)</strong></span> <span class='ocrx_word' id='word_1_815' title='bbox 1328 5518 1498 5593; x_wconf 84' lang='lat' dir='ltr'><strong>igitur</strong></span> <span class='ocrx_word' id='word_1_816' title='bbox 1542 5529 1670 5591; x_wconf 89' lang='lat' dir='ltr'><strong>post</strong></span> 
     </span>
    </p>
   </div>
   <div class='ocr_carea' id='block_1_103' title="bbox 84 5613 1671 5687">
    <p class='ocr_par' dir='ltr' id='par_1_103' title="bbox 84 5613 1671 5687">
     <span class='ocr_line' id='line_1_103' title="bbox 84 5613 1671 5687; baseline -0.003 -14"><span class='ocrx_word' id='word_1_817' title='bbox 84 5625 299 5687; x_wconf 79' lang='lat' dir='ltr'><strong>pugnam</strong></span> <span class='ocrx_word' id='word_1_818' title='bbox 320 5632 455 5675; x_wconf 83' lang='lat' dir='ltr'><strong>cum</strong></span> <span class='ocrx_word' id='word_1_819' title='bbox 496 5613 648 5672; x_wconf 88' lang='lat' dir='ltr'><strong>Poro</strong></span> <span class='ocrx_word' id='word_1_820' title='bbox 667 5618 1322 5686; x_wconf 80' lang='lat' dir='ltr'><strong>peractam..pongregato</strong></span> <span class='ocrx_word' id='word_1_821' title='bbox 1348 5624 1547 5684; x_wconf 84' lang='lat' dir='ltr'><strong>magno</strong></span> <span class='ocrx_word' id='word_1_822' title='bbox 1571 5627 1671 5684; x_wconf 88' lang='lat' dir='ltr'><strong>ap-</strong></span> 
     </span>
    </p>
   </div>
   <div class='ocr_carea' id='block_1_104' title="bbox 144 5798 865 5860">
    <p class='ocr_par' dir='ltr' id='par_1_104' title="bbox 144 5798 865 5860">
     <span class='ocr_line' id='line_1_104' title="bbox 144 5798 865 5860; baseline -0.007 -3"><span class='ocrx_word' id='word_1_823' title='bbox 144 5802 209 5836; x_wconf 74' lang='lat'><strong>&quot;’</strong></span> <span class='ocrx_word' id='word_1_824' title='bbox 269 5804 350 5859; x_wconf 87' lang='lat' dir='ltr'><strong>ita</strong></span> <span class='ocrx_word' id='word_1_825' title='bbox 374 5810 485 5860; x_wconf 77' lang='lat' dir='ltr'><strong>aut</strong></span> <span class='ocrx_word' id='word_1_826' title='bbox 511 5800 777 5858; x_wconf 80' lang='lat' dir='ltr'><strong>mandras</strong></span> <span class='ocrx_word' id='word_1_827' title='bbox 813 5798 865 5853; x_wconf 80' lang='grc' dir='ltr'><strong>Ι.</strong></span> 
     </span>
    </p>
   </div>
   <div class='ocr_carea' id='block_1_105' title="bbox 388 5892 928 5989">
    <p class='ocr_par' dir='ltr' id='par_1_105' title="bbox 388 5892 928 5989">
     <span class='ocr_line' id='line_1_105' title="bbox 388 5892 928 5989; baseline -0.013 -31"><span class='ocrx_word' id='word_1_828' title='bbox 388 5898 687 5977; x_wconf 64' lang='lat' dir='ltr'><strong>Parnonj</strong></span> <span class='ocrx_word' id='word_1_829' title='bbox 723 5892 928 5989; x_wconf 64' lang='grc' dir='ltr'><strong>ρων.</strong></span> 
     </span>
    </p>
   </div>
   <div class='ocr_carea' id='block_1_106' title="bbox 1776 4597 3374 4674">
    <p class='ocr_par' dir='ltr' id='par_1_106' title="bbox 1776 4597 3374 4674">
     <span class='ocr_line' id='line_1_106' title="bbox 1776 4597 3374 4674; baseline 0.001 -20"><span class='ocrx_word' id='word_1_830' title='bbox 1776 4597 1915 4656; x_wconf 83' lang='lat' dir='ltr'><strong>Hinc</strong></span> <span class='ocrx_word' id='word_1_831' title='bbox 1942 4600 1997 4655; x_wconf 87' lang='lat' dir='ltr'><strong>in</strong></span> <span class='ocrx_word' id='word_1_832' title='bbox 2023 4599 2243 4658; x_wconf 84' lang='lat' dir='ltr'><strong>Andros</strong></span> <span class='ocrx_word' id='word_1_833' title='bbox 2267 4600 2338 4634; x_wconf 79' lang='grc'><strong>²¹¹</strong></span> <span class='ocrx_word' id='word_1_834' title='bbox 2365 4610 2421 4657; x_wconf 88' lang='lat' dir='ltr'><strong>et</strong></span> <span class='ocrx_word' id='word_1_835' title='bbox 2456 4599 2734 4673; x_wconf 84' lang='lat' dir='ltr'><strong>Snbagras</strong></span> <span class='ocrx_word' id='word_1_836' title='bbox 2757 4600 2993 4674; x_wconf 89' lang='lat' dir='ltr'><strong>navigat.</strong></span> <span class='ocrx_word' id='word_1_837' title='bbox 3024 4597 3159 4668; x_wconf 73' lang='lat' dir='ltr'><strong>Quze</strong></span> <span class='ocrx_word' id='word_1_838' title='bbox 3180 4606 3374 4672; x_wconf 82' lang='lat' dir='ltr'><strong>gentes</strong></span> 
     </span>
    </p>
   </div>
   <div class='ocr_carea' id='block_1_107' title="bbox 1773 4689 3369 4771">
    <p class='ocr_par' dir='ltr' id='par_1_107' title="bbox 1773 4689 3369 4771">
     <span class='ocr_line' id='line_1_107' title="bbox 1773 4689 3369 4771; baseline 0 -26"><span class='ocrx_word' id='word_1_839' title='bbox 1773 4705 1900 4745; x_wconf 89' lang='lat' dir='ltr'><strong>eum</strong></span> <span class='ocrx_word' id='word_1_840' title='bbox 1926 4706 2053 4747; x_wconf 87' lang='lat' dir='ltr'><strong>cum</strong></span> <span class='ocrx_word' id='word_1_841' title='bbox 2082 4691 2312 4748; x_wconf 82' lang='lat' dir='ltr'><strong>armatis</strong></span> <span class='ocrx_word' id='word_1_842' title='bbox 2344 4689 2523 4747; x_wconf 82' lang='lat'><strong>80000</strong></span> <span class='ocrx_word' id='word_1_843' title='bbox 2550 4692 2795 4762; x_wconf 86' lang='lat' dir='ltr'><strong>peditum</strong></span> <span class='ocrx_word' id='word_1_844' title='bbox 2824 4699 2880 4747; x_wconf 88' lang='lat' dir='ltr'><strong>et</strong></span> <span class='ocrx_word' id='word_1_845' title='bbox 2908 4690 3087 4747; x_wconf 87' lang='lat'><strong>60000</strong></span> <span class='ocrx_word' id='word_1_846' title='bbox 3118 4690 3369 4771; x_wconf 83' lang='lat' dir='ltr'><strong>equitum</strong></span> 
     </span>
    </p>
   </div>
   <div class='ocr_carea' id='block_1_108' title="bbox 1774 4780 3373 4854">
    <p class='ocr_par' dir='ltr' id='par_1_108' title="bbox 1774 4780 3373 4854">
     <span class='ocr_line' id='line_1_108' title="bbox 1774 4780 3373 4854; baseline 0.002 -18"><span class='ocrx_word' id='word_1_847' title='bbox 1774 4780 2077 4852; x_wconf 86' lang='lat' dir='ltr'><strong>excipiunt,</strong></span> <span class='ocrx_word' id='word_1_848' title='bbox 2094 4782 2504 4854; x_wconf 79' lang='lat' dir='ltr'><strong>commissaque</strong></span> <span class='ocrx_word' id='word_1_849' title='bbox 2520 4782 2731 4854; x_wconf 70' lang='lat' dir='ltr'><strong>prmlio,</strong></span> <span class='ocrx_word' id='word_1_850' title='bbox 2746 4782 2838 4839; x_wconf 91' lang='lat' dir='ltr'><strong>diu</strong></span> <span class='ocrx_word' id='word_1_851' title='bbox 2854 4797 3056 4854; x_wconf 85' lang='lat' dir='ltr'><strong>anceps</strong></span> <span class='ocrx_word' id='word_1_852' title='bbox 3076 4790 3132 4839; x_wconf 89' lang='lat' dir='ltr'><strong>et</strong></span> <span class='ocrx_word' id='word_1_853' title='bbox 3143 4789 3373 4839; x_wconf 85' lang='lat' dir='ltr'><strong>cruenta</strong></span> 
     </span>
    </p>
   </div>
   <div class='ocr_carea' id='block_1_109' title="bbox 1776 4874 3375 4948">
    <p class='ocr_par' dir='ltr' id='par_1_109' title="bbox 1776 4874 3375 4948">
     <span class='ocr_line' id='line_1_109' title="bbox 1776 4874 3375 4948; baseline 0.001 -17"><span class='ocrx_word' id='word_1_854' title='bbox 1776 4890 1957 4948; x_wconf 89' lang='lat' dir='ltr'><strong>pugna</strong></span> <span class='ocrx_word' id='word_1_855' title='bbox 1987 4876 2205 4932; x_wconf 90' lang='lat' dir='ltr'><strong>tandem</strong></span> <span class='ocrx_word' id='word_1_856' title='bbox 2236 4876 2449 4932; x_wconf 86' lang='lat' dir='ltr'><strong>tristem</strong></span> <span class='ocrx_word' id='word_1_857' title='bbox 2471 4891 2612 4947; x_wconf 89' lang='lat' dir='ltr'><strong>pene</strong></span> <span class='ocrx_word' id='word_1_858' title='bbox 2656 4875 2943 4931; x_wconf 83' lang='lat' dir='ltr'><strong>victoriam</strong></span> <span class='ocrx_word' id='word_1_859' title='bbox 2982 4874 3375 4933; x_wconf 77' lang='lat' dir='ltr'><strong>Macedonibus</strong></span> 
     </span>
    </p>
   </div>
   <div class='ocr_carea' id='block_1_110' title="bbox 1777 4966 3373 5040">
    <p class='ocr_par' dir='ltr' id='par_1_110' title="bbox 1777 4966 3373 5040">
     <span class='ocr_line' id='line_1_110' title="bbox 1777 4966 3373 5040; baseline -0.001 -15"><span class='ocrx_word' id='word_1_860' title='bbox 1777 4968 1943 5025; x_wconf 85' lang='lat' dir='ltr'><strong>dedit.</strong></span> <span class='ocrx_word' id='word_1_861' title='bbox 1984 4966 2120 5024; x_wconf 86' lang='lat' dir='ltr'><strong>Nam</strong></span> <span class='ocrx_word' id='word_1_862' title='bbox 2158 4967 2302 5025; x_wconf 75' lang='lat' dir='ltr'><strong>fusis</strong></span> <span class='ocrx_word' id='word_1_863' title='bbox 2329 4968 2571 5025; x_wconf 86' lang='lat' dir='ltr'><strong>hostium</strong></span> <span class='ocrx_word' id='word_1_864' title='bbox 2597 4968 2795 5040; x_wconf 85' lang='lat' dir='ltr'><strong>copiis.</strong></span> <span class='ocrx_word' id='word_1_865' title='bbox 2834 4968 3141 5025; x_wconf 85' lang='lat' dir='ltr'><strong>Alexander</strong></span> <span class='ocrx_word' id='word_1_866' title='bbox 3164 4969 3373 5026; x_wconf 80' lang='lat' dir='ltr'><strong>exerci-</strong></span> 
     </span>
    </p>
   </div>
   <div class='ocr_carea' id='block_1_111' title="bbox 1774 5060 3372 5133">
    <p class='ocr_par' dir='ltr' id='par_1_111' title="bbox 1774 5060 3372 5133">
     <span class='ocr_line' id='line_1_111' title="bbox 1774 5060 3372 5133; baseline 0.002 -17"><span class='ocrx_word' id='word_1_867' title='bbox 1774 5069 1892 5116; x_wconf 89' lang='lat' dir='ltr'><strong>tum</strong></span> <span class='ocrx_word' id='word_1_868' title='bbox 1920 5061 1988 5117; x_wconf 86' lang='lat' dir='ltr'><strong>ad</strong></span> <span class='ocrx_word' id='word_1_869' title='bbox 2022 5061 2214 5118; x_wconf 87' lang='lat' dir='ltr'><strong>urbem</strong></span> <span class='ocrx_word' id='word_1_870' title='bbox 2243 5076 2436 5119; x_wconf 84' lang='lat' dir='ltr'><strong>eorum</strong></span> <span class='ocrx_word' id='word_1_871' title='bbox 2465 5061 2641 5118; x_wconf 85' lang='lat' dir='ltr'><strong>duxit.</strong></span> <span class='ocrx_word' id='word_1_872' title='bbox 2668 5060 2882 5119; x_wconf 87' lang='lat' dir='ltr'><strong>Etcum</strong></span> <span class='ocrx_word' id='word_1_873' title='bbox 2912 5078 3132 5118; x_wconf 89' lang='lat' dir='ltr'><strong>murum</strong></span> <span class='ocrx_word' id='word_1_874' title='bbox 3158 5062 3372 5133; x_wconf 84' lang='lat' dir='ltr'><strong>primus</strong></span> 
     </span>
    </p>
   </div>
   <div class='ocr_carea' id='block_1_112' title="bbox 1775 5152 3370 5222">
    <p class='ocr_par' dir='ltr' id='par_1_112' title="bbox 1775 5152 3370 5222">
     <span class='ocr_line' id='line_1_112' title="bbox 1775 5152 3370 5222; baseline 0.002 -13"><span class='ocrx_word' id='word_1_875' title='bbox 1775 5152 2131 5221; x_wconf 87' lang='lat' dir='ltr'><strong>ascendisset,</strong></span> <span class='ocrx_word' id='word_1_876' title='bbox 2149 5170 2378 5211; x_wconf 85' lang='lat' dir='ltr'><strong>vacuam</strong></span> <span class='ocrx_word' id='word_1_877' title='bbox 2402 5163 2557 5211; x_wconf 86' lang='lat' dir='ltr'><strong>ratus</strong></span> <span class='ocrx_word' id='word_1_878' title='bbox 2569 5155 2868 5222; x_wconf 85' lang='lat' dir='ltr'><strong>civitatem,</strong></span> <span class='ocrx_word' id='word_1_879' title='bbox 2890 5156 3043 5212; x_wconf 86' lang='lat' dir='ltr'><strong>solus</strong></span> <span class='ocrx_word' id='word_1_880' title='bbox 3066 5155 3370 5213; x_wconf 86' lang='lat' dir='ltr'><strong>introrsum</strong></span> 
     </span>
    </p>
   </div>
   <div class='ocr_carea' id='block_1_113' title="bbox 1775 5243 3371 5319">
    <p class='ocr_par' dir='ltr' id='par_1_113' title="bbox 1775 5243 3371 5319">
     <span class='ocr_line' id='line_1_113' title="bbox 1775 5243 3371 5319; baseline 0.002 -18"><span class='ocrx_word' id='word_1_881' title='bbox 1775 5245 2032 5301; x_wconf 86' lang='lat' dir='ltr'><strong>desilivit.</strong></span> <span class='ocrx_word' id='word_1_882' title='bbox 2077 5243 2251 5314; x_wconf 88' lang='lat' dir='ltr'><strong>Quem</strong></span> <span class='ocrx_word' id='word_1_883' title='bbox 2276 5262 2403 5304; x_wconf 88' lang='lat' dir='ltr'><strong>cum</strong></span> <span class='ocrx_word' id='word_1_884' title='bbox 2428 5247 2672 5319; x_wconf 86' lang='lat' dir='ltr'><strong>undique</strong></span> <span class='ocrx_word' id='word_1_885' title='bbox 2702 5246 2885 5304; x_wconf 76' lang='lat' dir='ltr'><strong>infesti</strong></span> <span class='ocrx_word' id='word_1_886' title='bbox 2915 5248 3103 5305; x_wconf 86' lang='lat' dir='ltr'><strong>hostes</strong></span> <span class='ocrx_word' id='word_1_887' title='bbox 3130 5250 3371 5306; x_wconf 87' lang='lat' dir='ltr'><strong>circum-</strong></span> 
     </span>
    </p>
   </div>
   <div class='ocr_carea' id='block_1_114' title="bbox 1776 5335 3369 5404">
    <p class='ocr_par' dir='ltr' id='par_1_114' title="bbox 1776 5335 3369 5404">
     <span class='ocr_line' id='line_1_114' title="bbox 1776 5335 3369 5404; baseline 0.003 -15"><span class='ocrx_word' id='word_1_888' title='bbox 1776 5335 2073 5402; x_wconf 86' lang='lat' dir='ltr'><strong>dedissent,</strong></span> <span class='ocrx_word' id='word_1_889' title='bbox 2099 5335 2418 5392; x_wconf 85' lang='lat' dir='ltr'><strong>incredibile</strong></span> <span class='ocrx_word' id='word_1_890' title='bbox 2441 5337 2645 5394; x_wconf 87' lang='lat' dir='ltr'><strong>dictum</strong></span> <span class='ocrx_word' id='word_1_891' title='bbox 2672 5346 2775 5404; x_wconf 90' lang='lat' dir='ltr'><strong>est,</strong></span> <span class='ocrx_word' id='word_1_892' title='bbox 2804 5345 2867 5394; x_wconf 92' lang='lat' dir='ltr'><strong>ut</strong></span> <span class='ocrx_word' id='word_1_893' title='bbox 2886 5354 3012 5395; x_wconf 89' lang='lat' dir='ltr'><strong>eum</strong></span> <span class='ocrx_word' id='word_1_894' title='bbox 3039 5354 3148 5394; x_wconf 87' lang='lat' dir='ltr'><strong>non</strong></span> <span class='ocrx_word' id='word_1_895' title='bbox 3179 5340 3369 5394; x_wconf 72' lang='lat' dir='ltr'><strong>multi~</strong></span> 
     </span>
    </p>
   </div>
   <div class='ocr_carea' id='block_1_115' title="bbox 1775 5426 3371 5501">
    <p class='ocr_par' dir='ltr' id='par_1_115' title="bbox 1775 5426 3371 5501">
     <span class='ocr_line' id='line_1_115' title="bbox 1775 5426 3371 5501; baseline 0.001 -20"><span class='ocrx_word' id='word_1_896' title='bbox 1775 5426 1909 5482; x_wconf 88' lang='lat' dir='ltr'><strong>tudo</strong></span> <span class='ocrx_word' id='word_1_897' title='bbox 1932 5426 2197 5495; x_wconf 87' lang='lat' dir='ltr'><strong>hostium,</strong></span> <span class='ocrx_word' id='word_1_898' title='bbox 2235 5442 2345 5482; x_wconf 92' lang='lat' dir='ltr'><strong>non</strong></span> <span class='ocrx_word' id='word_1_899' title='bbox 2390 5427 2475 5484; x_wconf 87' lang='lat' dir='ltr'><strong>vis</strong></span> <span class='ocrx_word' id='word_1_900' title='bbox 2511 5443 2709 5501; x_wconf 88' lang='lat' dir='ltr'><strong>magna</strong></span> <span class='ocrx_word' id='word_1_901' title='bbox 2737 5429 2995 5493; x_wconf 84' lang='lat' dir='ltr'><strong>telorum,</strong></span> <span class='ocrx_word' id='word_1_902' title='bbox 3031 5444 3141 5485; x_wconf 91' lang='lat' dir='ltr'><strong>non</strong></span> <span class='ocrx_word' id='word_1_903' title='bbox 3182 5437 3371 5484; x_wconf 81' lang='lat' dir='ltr'><strong>tantus</strong></span> 
     </span>
    </p>
   </div>
   <div class='ocr_carea' id='block_1_116' title="bbox 1773 5518 3369 5588">
    <p class='ocr_par' dir='ltr' id='par_1_116' title="bbox 1773 5518 3369 5588">
     <span class='ocr_line' id='line_1_116' title="bbox 1773 5518 3369 5588; baseline 0.001 -14"><span class='ocrx_word' id='word_1_904' title='bbox 1773 5518 2160 5575; x_wconf 83' lang='lat' dir='ltr'><strong>lacessentium</strong></span> <span class='ocrx_word' id='word_1_905' title='bbox 2194 5520 2404 5576; x_wconf 87' lang='lat' dir='ltr'><strong>clamor</strong></span> <span class='ocrx_word' id='word_1_906' title='bbox 2438 5522 2718 5588; x_wconf 84' lang='lat' dir='ltr'><strong>terruerit,</strong></span> <span class='ocrx_word' id='word_1_907' title='bbox 2746 5522 2897 5579; x_wconf 83' lang='lat' dir='ltr'><strong>solus</strong></span> <span class='ocrx_word' id='word_1_908' title='bbox 2932 5531 3013 5579; x_wconf 91' lang='lat' dir='ltr'><strong>tot</strong></span> <span class='ocrx_word' id='word_1_909' title='bbox 3035 5522 3188 5578; x_wconf 89' lang='lat' dir='ltr'><strong>milia</strong></span> <span class='ocrx_word' id='word_1_910' title='bbox 3223 5522 3369 5577; x_wconf 86' lang='lat' dir='ltr'><strong>oeci-</strong></span> 
     </span>
    </p>
   </div>
   <div class='ocr_carea' id='block_1_117' title="bbox 1773 5611 3370 5686">
    <p class='ocr_par' dir='ltr' id='par_1_117' title="bbox 1773 5611 3370 5686">
     <span class='ocr_line' id='line_1_117' title="bbox 1773 5611 3370 5686; baseline -0.002 -18"><span class='ocrx_word' id='word_1_911' title='bbox 1773 5611 1916 5669; x_wconf 85' lang='lat' dir='ltr'><strong>derit</strong></span> <span class='ocrx_word' id='word_1_912' title='bbox 1936 5627 2001 5669; x_wconf 90' lang='lat' dir='ltr'><strong>ac</strong></span> <span class='ocrx_word' id='word_1_913' title='bbox 2022 5612 2311 5686; x_wconf 84' lang='lat' dir='ltr'><strong>fugaverit.</strong></span> <span class='ocrx_word' id='word_1_914' title='bbox 2334 5612 2408 5671; x_wconf 88' lang='lat' dir='ltr'><strong>At</strong></span> <span class='ocrx_word' id='word_1_915' title='bbox 2427 5613 2522 5672; x_wconf 91' lang='lat' dir='ltr'><strong>ubi</strong></span> <span class='ocrx_word' id='word_1_916' title='bbox 2544 5629 2604 5672; x_wconf 86' lang='lat' dir='ltr'><strong>se</strong></span> <span class='ocrx_word' id='word_1_917' title='bbox 2622 5612 2783 5671; x_wconf 86' lang='lat' dir='ltr'><strong>obrui</strong></span> <span class='ocrx_word' id='word_1_918' title='bbox 2813 5629 2844 5670; x_wconf 88' lang='lat' dir='ltr'><strong>a</strong></span> <span class='ocrx_word' id='word_1_919' title='bbox 2868 5614 3208 5672; x_wconf 80' lang='lat' dir='ltr'><strong>circumfusa</strong></span> <span class='ocrx_word' id='word_1_920' title='bbox 3225 5613 3370 5668; x_wconf 85' lang='lat' dir='ltr'><strong>mul-</strong></span> 
     </span>
    </p>
   </div>
   <div class='ocr_carea' id='block_1_118' title="bbox 1363 5721 2038 5786">
    <p class='ocr_par' dir='ltr' id='par_1_118' title="bbox 1363 5721 2038 5786">
     <span class='ocr_line' id='line_1_118' title="bbox 1363 5721 2038 5786; baseline 0.013 -10"><span class='ocrx_word' id='word_1_921' title='bbox 1363 5721 1597 5782; x_wconf 62' lang='lat' dir='ltr'><strong>VARIE</strong></span> <span class='ocrx_word' id='word_1_922' title='bbox 1629 5724 2038 5786; x_wconf 81' lang='lat' dir='ltr'><strong>LECTIONES.</strong></span> 
     </span>
    </p>
   </div>
   <div class='ocr_carea' id='block_1_119' title="bbox 3011 5838 3086 5954">
    <p class='ocr_par' dir='ltr' id='par_1_119' title="bbox 3011 5838 3086 5954">
     <span class='ocr_line' id='line_1_119' title="bbox 3011 5838 3086 5954; baseline 0.027 -2"><span class='ocrx_word' id='word_1_923' title='bbox 3011 5838 3086 5954; x_wconf 11' lang='lat'><strong>1‘9</strong></span> 
     </span>
    </p>
   </div>
  </div>
