  <div class='ocr_page' id='page_1' title='image "/cluster/home/n/w/nwhite01/storage/ocr_20150623/154/hvd.32044015473820/299.png"; bbox 0 0 3828 6308; ppageno 0'>
   <div class='ocr_carea' id='block_1_1' title="bbox 453 272 614 368">
    <p class='ocr_par' dir='ltr' id='par_1_1' title="bbox 453 272 614 368">
     <span class='ocr_line' id='line_1_1' title="bbox 453 272 614 368; baseline -0.012 -12"><span class='ocrx_word' id='word_1_1' title='bbox 453 362 462 368; x_wconf 88' lang='lat'>_</span> <span class='ocrx_word' id='word_1_2' title='bbox 505 272 614 356; x_wconf 55' lang='lat'><strong>58&quot;!</strong></span> 
     </span>
    </p>
   </div>
   <div class='ocr_carea' id='block_1_2' title="bbox 1702 301 3738 369">
    <p class='ocr_par' dir='ltr' id='par_1_2' title="bbox 1702 301 3738 369">
     <span class='ocr_line' id='line_1_2' title="bbox 1702 301 3738 369; baseline -0 -9"><span class='ocrx_word' id='word_1_3' title='bbox 1702 301 2101 360; x_wconf 78' lang='lat' dir='ltr'><strong>EKK-EHARDI</strong></span> <span class='ocrx_word' id='word_1_4' title='bbox 2138 302 2608 362; x_wconf 72' lang='lat' dir='ltr'><strong>URAUGIE‘NSIS</strong></span> <span class='ocrx_word' id='word_1_5' title='bbox 3665 314 3738 369; x_wconf 75' lang='lat'><strong>588</strong></span> 
     </span>
    </p>
   </div>
   <div class='ocr_carea' id='block_1_3' title="bbox 503 409 3750 494">
    <p class='ocr_par' dir='ltr' id='par_1_3' title="bbox 503 409 3750 494">
     <span class='ocr_line' id='line_1_3' title="bbox 503 409 3750 494; baseline 0.001 -24"><span class='ocrx_word' id='word_1_6' title='bbox 503 409 734 470; x_wconf 80' lang='lat' dir='ltr'><strong>litudine</strong></span> <span class='ocrx_word' id='word_1_7' title='bbox 749 411 1039 483; x_wconf 87' lang='lat' dir='ltr'><strong>persensit,</strong></span> <span class='ocrx_word' id='word_1_8' title='bbox 1057 411 1203 468; x_wconf 87' lang='lat' dir='ltr'><strong>muri</strong></span> <span class='ocrx_word' id='word_1_9' title='bbox 1224 410 1378 468; x_wconf 90' lang='lat' dir='ltr'><strong>obice</strong></span> <span class='ocrx_word' id='word_1_10' title='bbox 1392 411 1693 483; x_wconf 75' lang='lat' dir='ltr'><strong>posteriora</strong></span> <span class='ocrx_word' id='word_1_11' title='bbox 1718 423 1946 482; x_wconf 89' lang='lat' dir='ltr'><strong>tutatus,</strong></span> <span class='ocrx_word' id='word_1_12' title='bbox 1970 430 2102 470; x_wconf 89' lang='lat' dir='ltr'><strong>con-</strong></span> <span class='ocrx_word' id='word_1_13' title='bbox 2133 423 2177 479; x_wconf 77' lang='grc' dir='ltr'>Α</span> <span class='ocrx_word' id='word_1_14' title='bbox 2207 425 2311 485; x_wconf 87' lang='lat' dir='ltr'><strong>ret,</strong></span> <span class='ocrx_word' id='word_1_15' title='bbox 2341 417 2410 472; x_wconf 90' lang='lat' dir='ltr'><strong>ad</strong></span> <span class='ocrx_word' id='word_1_16' title='bbox 2462 417 2656 472; x_wconf 80' lang='lat' dir='ltr'><strong>urbem</strong></span> <span class='ocrx_word' id='word_1_17' title='bbox 2701 418 3002 488; x_wconf 87' lang='lat' dir='ltr'><strong>quandam,</strong></span> <span class='ocrx_word' id='word_1_18' title='bbox 3043 420 3131 474; x_wconf 90' lang='lat' dir='ltr'><strong>cui</strong></span> <span class='ocrx_word' id='word_1_19' title='bbox 3168 421 3393 476; x_wconf 84' lang='lat' dir='ltr'><strong>Ambira</strong></span> <span class='ocrx_word' id='word_1_20' title='bbox 3434 437 3532 478; x_wconf 75' lang='lat' dir='ltr'><strong>rex</strong></span> <span class='ocrx_word' id='word_1_21' title='bbox 3569 437 3750 494; x_wconf 70' lang='grc' dir='ltr'><strong>ιιηεηι,</strong></span> 
     </span>
    </p>
   </div>
   <div class='ocr_carea' id='block_1_4' title="bbox 502 505 3731 590">
    <p class='ocr_par' dir='ltr' id='par_1_4' title="bbox 502 505 3731 590">
     <span class='ocr_line' id='line_1_4' title="bbox 502 505 3731 590; baseline 0.003 -27"><span class='ocrx_word' id='word_1_22' title='bbox 502 505 708 563; x_wconf 86' lang='lat' dir='ltr'><strong>trarios</strong></span> <span class='ocrx_word' id='word_1_23' title='bbox 737 505 955 562; x_wconf 80' lang='lat' dir='ltr'><strong>facilius</strong></span> <span class='ocrx_word' id='word_1_24' title='bbox 996 520 1064 562; x_wconf 92' lang='lat' dir='ltr'><strong>eo</strong></span> <span class='ocrx_word' id='word_1_25' title='bbox 1098 521 1276 578; x_wconf 88' lang='lat' dir='ltr'><strong>usque</strong></span> <span class='ocrx_word' id='word_1_26' title='bbox 1317 506 1604 576; x_wconf 77' lang='lat' dir='ltr'><strong>sustinuit,</strong></span> <span class='ocrx_word' id='word_1_27' title='bbox 1633 508 1810 564; x_wconf 90' lang='lat' dir='ltr'><strong>donec</strong></span> <span class='ocrx_word' id='word_1_28' title='bbox 1841 505 2110 582; x_wconf 80' lang='lat' dir='ltr'><strong>perfossis</strong></span> <span class='ocrx_word' id='word_1_29' title='bbox 2214 511 2481 582; x_wconf 88' lang='lat' dir='ltr'><strong>pervenit,</strong></span> <span class='ocrx_word' id='word_1_30' title='bbox 2512 511 2606 567; x_wconf 89' lang='lat' dir='ltr'><strong>sed</strong></span> <span class='ocrx_word' id='word_1_31' title='bbox 2633 511 2690 566; x_wconf 93' lang='lat' dir='ltr'><strong>in</strong></span> <span class='ocrx_word' id='word_1_32' title='bbox 2709 513 3111 584; x_wconf 75' lang='lat' dir='ltr'><strong>expugnatione</strong></span> <span class='ocrx_word' id='word_1_33' title='bbox 3139 509 3378 584; x_wconf 74' lang='lat' dir='ltr'><strong>civitatis</strong></span> <span class='ocrx_word' id='word_1_34' title='bbox 3402 532 3731 590; x_wconf 77' lang='lat' dir='ltr'><strong>magnampn</strong></span> 
     </span>
    </p>
   </div>
   <div class='ocr_carea' id='block_1_5' title="bbox 507 597 2083 672">
    <p class='ocr_par' dir='ltr' id='par_1_5' title="bbox 507 597 2083 672">
     <span class='ocr_line' id='line_1_5' title="bbox 507 597 2083 672; baseline 0 -18"><span class='ocrx_word' id='word_1_35' title='bbox 507 597 682 654; x_wconf 88' lang='lat' dir='ltr'><strong>muris</strong></span> <span class='ocrx_word' id='word_1_36' title='bbox 721 597 902 654; x_wconf 91' lang='lat' dir='ltr'><strong>omnis</strong></span> <span class='ocrx_word' id='word_1_37' title='bbox 935 597 1208 654; x_wconf 79' lang='lat' dir='ltr'><strong>exercitus</strong></span> <span class='ocrx_word' id='word_1_38' title='bbox 1251 597 1572 670; x_wconf 77' lang='lat' dir='ltr'><strong>ingreditur.</strong></span> <span class='ocrx_word' id='word_1_39' title='bbox 1598 599 1656 655; x_wconf 89' lang='lat' dir='ltr'><strong>In</strong></span> <span class='ocrx_word' id='word_1_40' title='bbox 1685 615 1753 657; x_wconf 90' lang='lat' dir='ltr'><strong>eo</strong></span> <span class='ocrx_word' id='word_1_41' title='bbox 1787 601 1975 672; x_wconf 73' lang='lat' dir='ltr'><strong>prmlio</strong></span> <span class='ocrx_word' id='word_1_42' title='bbox 2021 615 2083 655; x_wconf 90' lang='lat' dir='ltr'><strong>sa</strong></span> 
     </span>
    </p>
   </div>
   <div class='ocr_carea' id='block_1_6' title="bbox 502 690 2106 766">
    <p class='ocr_par' dir='ltr' id='par_1_6' title="bbox 502 690 2106 766">
     <span class='ocr_line' id='line_1_6' title="bbox 502 690 2106 766; baseline -0.002 -16"><span class='ocrx_word' id='word_1_43' title='bbox 502 694 639 766; x_wconf 83' lang='lat' dir='ltr'><strong>gitta</strong></span> <span class='ocrx_word' id='word_1_44' title='bbox 664 693 769 748; x_wconf 90' lang='lat' dir='ltr'><strong>sub</strong></span> <span class='ocrx_word' id='word_1_45' title='bbox 806 707 1044 748; x_wconf 89' lang='lat' dir='ltr'><strong>mamma</strong></span> <span class='ocrx_word' id='word_1_46' title='bbox 1089 690 1373 761; x_wconf 85' lang='lat' dir='ltr'><strong>trajectus,</strong></span> <span class='ocrx_word' id='word_1_47' title='bbox 1404 691 1512 748; x_wconf 81' lang='lat' dir='ltr'><strong>ﬁxo</strong></span> <span class='ocrx_word' id='word_1_48' title='bbox 1553 709 1698 764; x_wconf 89' lang='lat' dir='ltr'><strong>genu</strong></span> <span class='ocrx_word' id='word_1_49' title='bbox 1745 703 1972 749; x_wconf 89' lang='lat' dir='ltr'><strong>eatenus</strong></span> <span class='ocrx_word' id='word_1_50' title='bbox 2005 707 2106 763; x_wconf 89' lang='lat' dir='ltr'><strong>pu-</strong></span> 
     </span>
    </p>
   </div>
   <div class='ocr_carea' id='block_1_7' title="bbox 501 786 2101 864">
    <p class='ocr_par' dir='ltr' id='par_1_7' title="bbox 501 786 2101 864">
     <span class='ocr_line' id='line_1_7' title="bbox 501 786 2101 864; baseline 0.003 -22"><span class='ocrx_word' id='word_1_51' title='bbox 501 786 709 858; x_wconf 88' lang='lat' dir='ltr'><strong>gnavit,</strong></span> <span class='ocrx_word' id='word_1_52' title='bbox 731 787 907 844; x_wconf 88' lang='lat' dir='ltr'><strong>donec</strong></span> <span class='ocrx_word' id='word_1_53' title='bbox 943 805 1090 859; x_wconf 92' lang='lat' dir='ltr'><strong>eum,</strong></span> <span class='ocrx_word' id='word_1_54' title='bbox 1124 806 1156 847; x_wconf 85' lang='lat' dir='ltr'><strong>a</strong></span> <span class='ocrx_word' id='word_1_55' title='bbox 1184 807 1296 864; x_wconf 87' lang='lat' dir='ltr'><strong>quo</strong></span> <span class='ocrx_word' id='word_1_56' title='bbox 1324 793 1646 850; x_wconf 87' lang='lat' dir='ltr'><strong>vulneratus</strong></span> <span class='ocrx_word' id='word_1_57' title='bbox 1674 801 1778 861; x_wconf 88' lang='lat' dir='ltr'><strong>est,</strong></span> <span class='ocrx_word' id='word_1_58' title='bbox 1807 793 2101 850; x_wconf 89' lang='lat' dir='ltr'><strong>occideret.</strong></span> 
     </span>
    </p>
   </div>
   <div class='ocr_carea' id='block_1_8' title="bbox 500 875 2104 958">
    <p class='ocr_par' dir='ltr' id='par_1_8' title="bbox 500 875 2104 958">
     <span class='ocr_line' id='line_1_8' title="bbox 500 875 2104 958; baseline 0.002 -21"><span class='ocrx_word' id='word_1_59' title='bbox 500 875 633 937; x_wconf 80' lang='lat' dir='ltr'><strong>Inde</strong></span> <span class='ocrx_word' id='word_1_60' title='bbox 663 883 979 938; x_wconf 87' lang='lat' dir='ltr'><strong>conscensis</strong></span> <span class='ocrx_word' id='word_1_61' title='bbox 1017 885 1250 941; x_wconf 84' lang='lat' dir='ltr'><strong>navibus</strong></span> <span class='ocrx_word' id='word_1_62' title='bbox 1283 901 1408 942; x_wconf 86' lang='lat' dir='ltr'><strong>cum</strong></span> <span class='ocrx_word' id='word_1_63' title='bbox 1439 887 1630 942; x_wconf 80' lang='lat' dir='ltr'><strong>oceani</strong></span> <span class='ocrx_word' id='word_1_64' title='bbox 1657 887 1817 942; x_wconf 88' lang='lat' dir='ltr'><strong>litora</strong></span> <span class='ocrx_word' id='word_1_65' title='bbox 1846 899 2104 958; x_wconf 85' lang='lat' dir='ltr'><strong>peragra-</strong></span> 
     </span>
    </p>
   </div>
   <div class='ocr_carea' id='block_1_9' title="bbox 2213 601 3751 674">
    <p class='ocr_par' dir='ltr' id='par_1_9' title="bbox 2213 601 3751 674">
     <span class='ocr_line' id='line_1_9' title="bbox 2213 601 3751 674; baseline 0.006 -19"><span class='ocrx_word' id='word_1_66' title='bbox 2213 609 2321 656; x_wconf 89' lang='lat' dir='ltr'><strong>tem</strong></span> <span class='ocrx_word' id='word_1_67' title='bbox 2344 601 2618 657; x_wconf 80' lang='lat' dir='ltr'><strong>exercitus</strong></span> <span class='ocrx_word' id='word_1_68' title='bbox 2643 601 2857 674; x_wconf 81' lang='lat' dir='ltr'><strong>sagittis</strong></span> <span class='ocrx_word' id='word_1_69' title='bbox 2883 602 3125 658; x_wconf 88' lang='lat' dir='ltr'><strong>hostium</strong></span> <span class='ocrx_word' id='word_1_70' title='bbox 3155 620 3367 661; x_wconf 86' lang='lat' dir='ltr'><strong>veneno</strong></span> <span class='ocrx_word' id='word_1_71' title='bbox 3391 606 3546 662; x_wconf 86' lang='lat' dir='ltr'><strong>illitis</strong></span> <span class='ocrx_word' id='word_1_72' title='bbox 3581 609 3751 672; x_wconf 85' lang='lat' dir='ltr'><strong>amisit;</strong></span> 
     </span>
    </p>
   </div>
   <div class='ocr_carea' id='block_1_10' title="bbox 2211 695 3752 770">
    <p class='ocr_par' dir='ltr' id='par_1_10' title="bbox 2211 695 3752 770">
     <span class='ocr_line' id='line_1_10' title="bbox 2211 695 3752 770; baseline 0.004 -22"><span class='ocrx_word' id='word_1_73' title='bbox 2211 701 2268 749; x_wconf 90' lang='lat' dir='ltr'><strong>at</strong></span> <span class='ocrx_word' id='word_1_74' title='bbox 2294 702 2418 764; x_wconf 91' lang='lat' dir='ltr'><strong>post</strong></span> <span class='ocrx_word' id='word_1_75' title='bbox 2445 695 2611 749; x_wconf 89' lang='lat' dir='ltr'><strong>herba</strong></span> <span class='ocrx_word' id='word_1_76' title='bbox 2635 709 2734 764; x_wconf 87' lang='lat' dir='ltr'><strong>per</strong></span> <span class='ocrx_word' id='word_1_77' title='bbox 2753 696 3030 750; x_wconf 84' lang='lat' dir='ltr'><strong>somnium</strong></span> <span class='ocrx_word' id='word_1_78' title='bbox 3064 697 3168 752; x_wconf 84' lang='lat' dir='ltr'><strong>sibi</strong></span> <span class='ocrx_word' id='word_1_79' title='bbox 3207 707 3431 754; x_wconf 85' lang='lat' dir='ltr'><strong>ostensa</strong></span> <span class='ocrx_word' id='word_1_80' title='bbox 3455 707 3511 754; x_wconf 90' lang='lat' dir='ltr'><strong>et</strong></span> <span class='ocrx_word' id='word_1_81' title='bbox 3538 699 3599 752; x_wconf 86' lang='lat' dir='ltr'><strong>in</strong></span> <span class='ocrx_word' id='word_1_82' title='bbox 3619 708 3752 770; x_wconf 85' lang='lat' dir='ltr'><strong>potum</strong></span> 
     </span>
    </p>
   </div>
   <div class='ocr_carea' id='block_1_11' title="bbox 2211 785 3754 860">
    <p class='ocr_par' dir='ltr' id='par_1_11' title="bbox 2211 785 3754 860">
     <span class='ocr_line' id='line_1_11' title="bbox 2211 785 3754 860; baseline 0.005 -17"><span class='ocrx_word' id='word_1_83' title='bbox 2211 789 2414 844; x_wconf 82' lang='lat' dir='ltr'><strong>sauciis</strong></span> <span class='ocrx_word' id='word_1_84' title='bbox 2434 788 2580 855; x_wconf 89' lang='lat' dir='ltr'><strong>data,</strong></span> <span class='ocrx_word' id='word_1_85' title='bbox 2617 785 2743 843; x_wconf 89' lang='lat' dir='ltr'><strong>cum</strong></span> <span class='ocrx_word' id='word_1_86' title='bbox 2774 789 3002 859; x_wconf 88' lang='lat' dir='ltr'><strong>reliquis</strong></span> <span class='ocrx_word' id='word_1_87' title='bbox 3028 791 3437 860; x_wconf 77' lang='lat' dir='ltr'><strong>subveniretur,</strong></span> <span class='ocrx_word' id='word_1_88' title='bbox 3475 793 3659 849; x_wconf 81' lang='lat' dir='ltr'><strong>urbem</strong></span> <span class='ocrx_word' id='word_1_89' title='bbox 3686 809 3754 850; x_wconf 80' lang='lat' dir='ltr'><strong>ex-</strong></span> 
     </span>
    </p>
   </div>
   <div class='ocr_carea' id='block_1_12' title="bbox 2209 880 2490 952">
    <p class='ocr_par' dir='ltr' id='par_1_12' title="bbox 2209 880 2490 952">
     <span class='ocr_line' id='line_1_12' title="bbox 2209 880 2490 952; baseline 0 -18"><span class='ocrx_word' id='word_1_90' title='bbox 2209 880 2490 952; x_wconf 80' lang='lat' dir='ltr'><strong>pugnavit.</strong></span> 
     </span>
    </p>
   </div>
   <div class='ocr_carea' id='block_1_13' title="bbox 888 971 3394 1054">
    <p class='ocr_par' dir='ltr' id='par_1_13' title="bbox 888 971 3394 1054">
     <span class='ocr_line' id='line_1_13' title="bbox 888 971 3394 1054; baseline 0.001 -16"><span class='ocrx_word' id='word_1_91' title='bbox 888 978 996 1040; x_wconf 89' lang='lat' dir='ltr'><strong>DE</strong></span> <span class='ocrx_word' id='word_1_92' title='bbox 1036 971 1552 1042; x_wconf 80' lang='lat' dir='ltr'><strong>MIRABILIBUS</strong></span> <span class='ocrx_word' id='word_1_93' title='bbox 1597 981 1848 1042; x_wconf 82' lang='lat' dir='ltr'><strong>REBUS</strong></span> <span class='ocrx_word' id='word_1_94' title='bbox 1889 979 2097 1054; x_wconf 76' lang='lat' dir='ltr'><strong>QUAS</strong></span> <span class='ocrx_word' id='word_1_95' title='bbox 2140 974 2642 1036; x_wconf 73' lang='lat' dir='ltr'><strong>ALEXANDER</strong></span> <span class='ocrx_word' id='word_1_96' title='bbox 2679 974 2998 1037; x_wconf 84' lang='lat' dir='ltr'><strong>VIDISSE</strong></span> <span class='ocrx_word' id='word_1_97' title='bbox 3040 976 3394 1040; x_wconf 84' lang='lat' dir='ltr'><strong>DICITUR.</strong></span> 
     </span>
    </p>
   </div>
   <div class='ocr_carea' id='block_1_14' title="bbox 571 1065 3828 1152">
    <p class='ocr_par' dir='ltr' id='par_1_14' title="bbox 571 1065 3828 1152">
     <span class='ocr_line' id='line_1_14' title="bbox 571 1065 3828 1152; baseline 0.002 -20"><span class='ocrx_word' id='word_1_98' title='bbox 571 1073 632 1132; x_wconf 82' lang='lat' dir='ltr'><strong>In</strong></span> <span class='ocrx_word' id='word_1_99' title='bbox 657 1076 748 1134; x_wconf 87' lang='lat' dir='ltr'><strong>his</strong></span> <span class='ocrx_word' id='word_1_100' title='bbox 769 1092 903 1150; x_wconf 82' lang='lat' dir='ltr'><strong>ergo</strong></span> <span class='ocrx_word' id='word_1_101' title='bbox 929 1077 1218 1136; x_wconf 88' lang='lat' dir='ltr'><strong>itineribus</strong></span> <span class='ocrx_word' id='word_1_102' title='bbox 1261 1096 1384 1152; x_wconf 77' lang='lat' dir='ltr'><strong>qua:</strong></span> <span class='ocrx_word' id='word_1_103' title='bbox 1409 1087 1465 1135; x_wconf 91' lang='lat' dir='ltr'><strong>et</strong></span> <span class='ocrx_word' id='word_1_104' title='bbox 1488 1089 1694 1152; x_wconf 89' lang='lat' dir='ltr'><strong>quanta</strong></span> <span class='ocrx_word' id='word_1_105' title='bbox 1733 1080 2019 1151; x_wconf 85' lang='lat' dir='ltr'><strong>pertulerit</strong></span> <span class='ocrx_word' id='word_1_106' title='bbox 2049 1088 2104 1134; x_wconf 87' lang='lat' dir='ltr'><strong>et</strong></span> <span class='ocrx_word' id='word_1_107' title='bbox 2207 1089 2335 1129; x_wconf 86' lang='lat' dir='ltr'><strong>area</strong></span> <span class='ocrx_word' id='word_1_108' title='bbox 2375 1081 2430 1128; x_wconf 90' lang='lat' dir='ltr'><strong>et</strong></span> <span class='ocrx_word' id='word_1_109' title='bbox 2455 1089 2608 1128; x_wconf 87' lang='lat' dir='ltr'><strong>mare</strong></span> <span class='ocrx_word' id='word_1_110' title='bbox 2631 1074 2775 1130; x_wconf 90' lang='lat' dir='ltr'><strong>sicut</strong></span> <span class='ocrx_word' id='word_1_111' title='bbox 2811 1075 2979 1130; x_wconf 85' lang='lat' dir='ltr'><strong>draco</strong></span> <span class='ocrx_word' id='word_1_112' title='bbox 3007 1091 3212 1147; x_wconf 81' lang='lat' dir='ltr'><strong>gyrans</strong></span> <span class='ocrx_word' id='word_1_113' title='bbox 3251 1093 3398 1134; x_wconf 89' lang='lat' dir='ltr'><strong>eam.</strong></span> <span class='ocrx_word' id='word_1_114' title='bbox 3444 1077 3636 1136; x_wconf 80' lang='lat' dir='ltr'><strong>Divina</strong></span> <span class='ocrx_word' id='word_1_115' title='bbox 3664 1097 3756 1138; x_wconf 74' lang='lat' dir='ltr'><strong>vero</strong></span> <span class='ocrx_word' id='word_1_116' title='bbox 3826 1065 3828 1140; x_wconf 64' lang='grc' dir='ltr'><em>ἐ</em></span> 
     </span>
    </p>
   </div>
   <div class='ocr_carea' id='block_1_15' title="bbox 500 1168 2102 1242">
    <p class='ocr_par' dir='ltr' id='par_1_15' title="bbox 500 1168 2102 1242">
     <span class='ocr_line' id='line_1_15' title="bbox 500 1168 2102 1242; baseline 0.002 -20"><span class='ocrx_word' id='word_1_117' title='bbox 500 1182 668 1238; x_wconf 87' lang='lat' dir='ltr'><strong>quam</strong></span> <span class='ocrx_word' id='word_1_118' title='bbox 697 1168 947 1224; x_wconf 86' lang='lat' dir='ltr'><strong>miranda</strong></span> <span class='ocrx_word' id='word_1_119' title='bbox 977 1171 1343 1242; x_wconf 82' lang='lat' dir='ltr'><strong>conspexerit,</strong></span> <span class='ocrx_word' id='word_1_120' title='bbox 1367 1171 1504 1242; x_wconf 88' lang='lat' dir='ltr'><strong>ipse,</strong></span> <span class='ocrx_word' id='word_1_121' title='bbox 1547 1180 1608 1226; x_wconf 92' lang='lat' dir='ltr'><strong>ut</strong></span> <span class='ocrx_word' id='word_1_122' title='bbox 1635 1170 1831 1239; x_wconf 80' lang='lat' dir='ltr'><strong>fertur,</strong></span> <span class='ocrx_word' id='word_1_123' title='bbox 1873 1171 1939 1227; x_wconf 92' lang='lat' dir='ltr'><strong>ad</strong></span> <span class='ocrx_word' id='word_1_124' title='bbox 1979 1187 2102 1226; x_wconf 89' lang='lat' dir='ltr'><strong>ma-</strong></span> 
     </span>
    </p>
   </div>
   <div class='ocr_carea' id='block_1_16' title="bbox 499 1259 2098 1334">
    <p class='ocr_par' dir='ltr' id='par_1_16' title="bbox 499 1259 2098 1334">
     <span class='ocr_line' id='line_1_16' title="bbox 499 1259 2098 1334; baseline 0.001 -17"><span class='ocrx_word' id='word_1_125' title='bbox 499 1270 639 1318; x_wconf 86' lang='lat' dir='ltr'><strong>trem</strong></span> <span class='ocrx_word' id='word_1_126' title='bbox 660 1275 817 1316; x_wconf 88' lang='lat' dir='ltr'><strong>suam</strong></span> <span class='ocrx_word' id='word_1_127' title='bbox 847 1259 1222 1333; x_wconf 77' lang='lat' dir='ltr'><strong>Olympiadem</strong></span> <span class='ocrx_word' id='word_1_128' title='bbox 1246 1267 1303 1318; x_wconf 86' lang='lat' dir='ltr'><strong>et</strong></span> <span class='ocrx_word' id='word_1_129' title='bbox 1337 1263 1658 1334; x_wconf 81' lang='lat' dir='ltr'><strong>magistrum</strong></span> <span class='ocrx_word' id='word_1_130' title='bbox 1684 1279 1847 1320; x_wconf 90' lang='lat' dir='ltr'><strong>suum</strong></span> <span class='ocrx_word' id='word_1_131' title='bbox 1882 1262 2098 1318; x_wconf 85' lang='lat' dir='ltr'><strong>Aristo-</strong></span> 
     </span>
    </p>
   </div>
   <div class='ocr_carea' id='block_1_17' title="bbox 497 1351 2100 1426">
    <p class='ocr_par' dir='ltr' id='par_1_17' title="bbox 497 1351 2100 1426">
     <span class='ocr_line' id='line_1_17' title="bbox 497 1351 2100 1426; baseline 0.002 -19"><span class='ocrx_word' id='word_1_132' title='bbox 497 1351 650 1409; x_wconf 89' lang='lat' dir='ltr'><strong>tilem</strong></span> <span class='ocrx_word' id='word_1_133' title='bbox 679 1353 891 1420; x_wconf 90' lang='lat' dir='ltr'><strong>scribit,</strong></span> <span class='ocrx_word' id='word_1_134' title='bbox 928 1354 996 1409; x_wconf 92' lang='lat' dir='ltr'><strong>de</strong></span> <span class='ocrx_word' id='word_1_135' title='bbox 1019 1355 1237 1426; x_wconf 75' lang='lat' dir='ltr'><strong>quibus.</strong></span> <span class='ocrx_word' id='word_1_136' title='bbox 1262 1355 1443 1426; x_wconf 88' lang='lat' dir='ltr'><strong>aliqua</strong></span> <span class='ocrx_word' id='word_1_137' title='bbox 1471 1355 1544 1411; x_wconf 91' lang='lat' dir='ltr'><strong>ob</strong></span> <span class='ocrx_word' id='word_1_138' title='bbox 1562 1355 1974 1412; x_wconf 87' lang='lat' dir='ltr'><strong>delectationem</strong></span> <span class='ocrx_word' id='word_1_139' title='bbox 1999 1370 2100 1411; x_wconf 86' lang='lat' dir='ltr'><strong>no-</strong></span> 
     </span>
    </p>
   </div>
   <div class='ocr_carea' id='block_1_18' title="bbox 497 1445 2094 1520">
    <p class='ocr_par' dir='ltr' id='par_1_18' title="bbox 497 1445 2094 1520">
     <span class='ocr_line' id='line_1_18' title="bbox 497 1445 2094 1520; baseline 0.003 -20"><span class='ocrx_word' id='word_1_140' title='bbox 497 1445 640 1508; x_wconf 66' lang='lat' dir='ltr'><strong>ticiaa</strong></span> <span class='ocrx_word' id='word_1_141' title='bbox 692 1462 880 1502; x_wconf 87' lang='lat' dir='ltr'><strong>rerum</strong></span> <span class='ocrx_word' id='word_1_142' title='bbox 923 1447 1254 1502; x_wconf 85' lang='lat' dir='ltr'><strong>mirabilium</strong></span> <span class='ocrx_word' id='word_1_143' title='bbox 1309 1448 1604 1504; x_wconf 88' lang='lat' dir='ltr'><strong>hreviando</strong></span> <span class='ocrx_word' id='word_1_144' title='bbox 1652 1448 2094 1520; x_wconf 85' lang='lat' dir='ltr'><strong>perstringimus,</strong></span> 
     </span>
    </p>
   </div>
   <div class='ocr_carea' id='block_1_19' title="bbox 2210 1159 3758 1238">
    <p class='ocr_par' dir='ltr' id='par_1_19' title="bbox 2210 1159 3758 1238">
     <span class='ocr_line' id='line_1_19' title="bbox 2210 1159 3758 1238; baseline 0.008 -22"><span class='ocrx_word' id='word_1_145' title='bbox 2210 1163 2384 1218; x_wconf 84' lang='lat' dir='ltr'><strong>virtus</strong></span> <span class='ocrx_word' id='word_1_146' title='bbox 2413 1159 2761 1219; x_wconf 70' lang='lat' dir='ltr'><strong>“obumbrans</strong></span> <span class='ocrx_word' id='word_1_147' title='bbox 2792 1165 3036 1236; x_wconf 83' lang='lat' dir='ltr'><strong>griphes,</strong></span> <span class='ocrx_word' id='word_1_148' title='bbox 3059 1167 3258 1238; x_wconf 89' lang='lat' dir='ltr'><strong>dejecit</strong></span> <span class='ocrx_word' id='word_1_149' title='bbox 3284 1185 3383 1227; x_wconf 89' lang='lat' dir='ltr'><strong>eos</strong></span> <span class='ocrx_word' id='word_1_150' title='bbox 3419 1170 3474 1226; x_wconf 91' lang='lat' dir='ltr'><strong>in</strong></span> <span class='ocrx_word' id='word_1_151' title='bbox 3515 1179 3696 1228; x_wconf 86' lang='lat' dir='ltr'><strong>terram</strong></span> <span class='ocrx_word' id='word_1_152' title='bbox 3719 1175 3758 1228; x_wconf 84' lang='lat' dir='ltr'><strong>in</strong></span> 
     </span>
    </p>
   </div>
   <div class='ocr_carea' id='block_1_20' title="bbox 2202 1255 3828 1330">
    <p class='ocr_par' dir='ltr' id='par_1_20' title="bbox 2202 1255 3828 1330">
     <span class='ocr_line' id='line_1_20' title="bbox 2202 1255 3828 1330; baseline 0.007 -21"><span class='ocrx_word' id='word_1_153' title='bbox 2202 1255 2326 1312; x_wconf 77' lang='lat' dir='ltr'><strong>loco</strong></span> <span class='ocrx_word' id='word_1_154' title='bbox 2349 1257 2644 1326; x_wconf 85' lang='lat' dir='ltr'><strong>campestri</strong></span> <span class='ocrx_word' id='word_1_155' title='bbox 2668 1258 2827 1330; x_wconf 87' lang='lat' dir='ltr'><strong>longe</strong></span> <span class='ocrx_word' id='word_1_156' title='bbox 2852 1259 2922 1313; x_wconf 90' lang='lat' dir='ltr'><strong>ab</strong></span> <span class='ocrx_word' id='word_1_157' title='bbox 2949 1261 3193 1316; x_wconf 78' lang='lat' dir='ltr'><strong>exercitu</strong></span> <span class='ocrx_word' id='word_1_158' title='bbox 3235 1261 3436 1318; x_wconf 87' lang='lat' dir='ltr'><strong>itinere</strong></span> <span class='ocrx_word' id='word_1_159' title='bbox 3461 1263 3668 1320; x_wconf 85' lang='lat' dir='ltr'><strong>dierum</strong></span> <span class='ocrx_word' id='word_1_160' title='bbox 3689 1265 3756 1320; x_wconf 84' lang='lat' dir='ltr'><strong>de-</strong></span> <span class='ocrx_word' id='word_1_161' title='bbox 3826 1265 3828 1312; x_wconf 72' lang='grc' dir='ltr'><strong>ε</strong></span> 
     </span>
    </p>
   </div>
   <div class='ocr_carea' id='block_1_21' title="bbox 2201 1349 3760 1416">
    <p class='ocr_par' dir='ltr' id='par_1_21' title="bbox 2201 1349 3760 1416">
     <span class='ocr_line' id='line_1_21' title="bbox 2201 1349 3760 1416; baseline 0.006 -13"><span class='ocrx_word' id='word_1_162' title='bbox 2201 1363 2317 1404; x_wconf 84' lang='lat' dir='ltr'><strong>cem</strong></span> <span class='ocrx_word' id='word_1_163' title='bbox 2341 1365 2356 1416; x_wconf 95' lang='lat'><strong>;</strong></span> <span class='ocrx_word' id='word_1_164' title='bbox 2393 1349 2601 1405; x_wconf 88' lang='lat' dir='ltr'><strong>nullam</strong></span> <span class='ocrx_word' id='word_1_165' title='bbox 2621 1359 2804 1406; x_wconf 86' lang='lat' dir='ltr'><strong>tamen</strong></span> <span class='ocrx_word' id='word_1_166' title='bbox 2833 1351 3098 1408; x_wconf 89' lang='lat' dir='ltr'><strong>lesionem</strong></span> <span class='ocrx_word' id='word_1_167' title='bbox 3127 1355 3394 1410; x_wconf 88' lang='lat' dir='ltr'><strong>sustinuit</strong></span> <span class='ocrx_word' id='word_1_168' title='bbox 3413 1357 3702 1416; x_wconf 77' lang='lat' dir='ltr'><strong>Alexander</strong></span> <span class='ocrx_word' id='word_1_169' title='bbox 3721 1359 3760 1413; x_wconf 82' lang='lat' dir='ltr'><strong>in</strong></span> 
     </span>
    </p>
   </div>
   <div class='ocr_carea' id='block_1_22' title="bbox 2197 1442 3828 1518">
    <p class='ocr_par' dir='ltr' id='par_1_22' title="bbox 2197 1442 3828 1518">
     <span class='ocr_line' id='line_1_22' title="bbox 2197 1442 3828 1518; baseline 0.007 -22"><span class='ocrx_word' id='word_1_170' title='bbox 2197 1442 2458 1499; x_wconf 82' lang='lat' dir='ltr'><strong>cancellis</strong></span> <span class='ocrx_word' id='word_1_171' title='bbox 2498 1443 2626 1509; x_wconf 88' lang='lat' dir='ltr'><strong>illis,</strong></span> <span class='ocrx_word' id='word_1_172' title='bbox 2658 1459 2782 1498; x_wconf 88' lang='lat' dir='ltr'><strong>cum</strong></span> <span class='ocrx_word' id='word_1_173' title='bbox 2817 1442 2948 1499; x_wconf 81' lang='lat' dir='ltr'><strong>forti</strong></span> <span class='ocrx_word' id='word_1_174' title='bbox 2989 1459 3118 1500; x_wconf 89' lang='lat' dir='ltr'><strong>vero</strong></span> <span class='ocrx_word' id='word_1_175' title='bbox 3155 1446 3415 1518; x_wconf 79' lang='lat' dir='ltr'><strong>angustia</strong></span> <span class='ocrx_word' id='word_1_176' title='bbox 3449 1448 3674 1518; x_wconf 82' lang='lat' dir='ltr'><strong>junctus</strong></span> <span class='ocrx_word' id='word_1_177' title='bbox 3699 1455 3757 1506; x_wconf 71' lang='lat' dir='ltr'><strong>est</strong></span> <span class='ocrx_word' id='word_1_178' title='bbox 3826 1489 3828 1518; x_wconf 56' lang='lat' dir='ltr'><strong>i</strong></span> 
     </span>
    </p>
   </div>
   <div class='ocr_carea' id='block_1_23' title="bbox 495 1526 3762 1612">
    <p class='ocr_par' dir='ltr' id='par_1_23' title="bbox 495 1526 3762 1612">
     <span class='ocr_line' id='line_1_23' title="bbox 495 1526 3762 1612; baseline 0 -17"><span class='ocrx_word' id='word_1_179' title='bbox 495 1547 744 1596; x_wconf 89' lang='lat' dir='ltr'><strong>ceterum</strong></span> <span class='ocrx_word' id='word_1_180' title='bbox 771 1540 1058 1596; x_wconf 86' lang='lat' dir='ltr'><strong>veritatem</strong></span> <span class='ocrx_word' id='word_1_181' title='bbox 1085 1540 1327 1612; x_wconf 86' lang='lat' dir='ltr'><strong>ipsarum</strong></span> <span class='ocrx_word' id='word_1_182' title='bbox 1358 1555 1540 1596; x_wconf 90' lang='lat' dir='ltr'><strong>rerum</strong></span> <span class='ocrx_word' id='word_1_183' title='bbox 1566 1540 1776 1612; x_wconf 89' lang='lat' dir='ltr'><strong>judicio</strong></span> <span class='ocrx_word' id='word_1_184' title='bbox 1801 1539 2094 1612; x_wconf 83' lang='lat' dir='ltr'><strong>legentium</strong></span> <span class='ocrx_word' id='word_1_185' title='bbox 2133 1526 2174 1581; x_wconf 86' lang='grc' dir='ltr'><strong>Β</strong></span> <span class='ocrx_word' id='word_1_186' title='bbox 2202 1533 2468 1590; x_wconf 88' lang='lat' dir='ltr'><strong>militibus</strong></span> <span class='ocrx_word' id='word_1_187' title='bbox 2494 1535 2631 1592; x_wconf 90' lang='lat' dir='ltr'><strong>suis.</strong></span> <span class='ocrx_word' id='word_1_188' title='bbox 2656 1535 2828 1602; x_wconf 84' lang='lat' dir='ltr'><strong>Quem</strong></span> <span class='ocrx_word' id='word_1_189' title='bbox 2853 1537 3104 1594; x_wconf 80' lang='lat' dir='ltr'><strong>videntes</strong></span> <span class='ocrx_word' id='word_1_190' title='bbox 3122 1539 3290 1596; x_wconf 59' lang='lat' dir='ltr'><strong>laetati</strong></span> <span class='ocrx_word' id='word_1_191' title='bbox 3309 1548 3462 1609; x_wconf 86' lang='lat' dir='ltr'><strong>sunt,</strong></span> <span class='ocrx_word' id='word_1_192' title='bbox 3487 1542 3762 1599; x_wconf 71' lang='lat' dir='ltr'><strong>collaudan-</strong></span> 
     </span>
    </p>
   </div>
   <div class='ocr_carea' id='block_1_24' title="bbox 499 1629 2100 1704">
    <p class='ocr_par' dir='ltr' id='par_1_24' title="bbox 499 1629 2100 1704">
     <span class='ocr_line' id='line_1_24' title="bbox 499 1629 2100 1704; baseline 0.001 -19"><span class='ocrx_word' id='word_1_193' title='bbox 499 1629 886 1692; x_wconf 81' lang='lat' dir='ltr'><strong>relinauimus.</strong></span> <span class='ocrx_word' id='word_1_194' title='bbox 915 1631 1084 1696; x_wconf 83' lang='lat' dir='ltr'><strong>(Hist.</strong></span> <span class='ocrx_word' id='word_1_195' title='bbox 1127 1632 1279 1687; x_wconf 68' lang='lat' dir='ltr'><strong>Alex.</strong></span> <span class='ocrx_word' id='word_1_196' title='bbox 1321 1632 1382 1688; x_wconf 90' lang='lat' dir='ltr'><strong>C.</strong></span> <span class='ocrx_word' id='word_1_197' title='bbox 1410 1633 1598 1688; x_wconf 89' lang='lat' dir='ltr'><strong>Bamb.</strong></span> <span class='ocrx_word' id='word_1_198' title='bbox 1638 1631 1678 1688; x_wconf 85' lang='lat' dir='ltr'><strong>f.</strong></span> <span class='ocrx_word' id='word_1_199' title='bbox 1707 1631 1860 1704; x_wconf 69' lang='lat'><strong>216.)</strong></span> <span class='ocrx_word' id='word_1_200' title='bbox 1895 1631 2100 1688; x_wconf 87' lang='lat' dir='ltr'><strong>Scribit</strong></span> 
     </span>
    </p>
   </div>
   <div class='ocr_carea' id='block_1_25' title="bbox 497 1721 2100 1794">
    <p class='ocr_par' dir='ltr' id='par_1_25' title="bbox 497 1721 2100 1794">
     <span class='ocr_line' id='line_1_25' title="bbox 497 1721 2100 1794; baseline 0 -16"><span class='ocrx_word' id='word_1_201' title='bbox 497 1721 687 1792; x_wconf 86' lang='lat' dir='ltr'><strong>itaque</strong></span> <span class='ocrx_word' id='word_1_202' title='bbox 722 1721 790 1776; x_wconf 92' lang='lat' dir='ltr'><strong>ad</strong></span> <span class='ocrx_word' id='word_1_203' title='bbox 821 1733 1052 1778; x_wconf 87' lang='lat' dir='ltr'><strong>matrem</strong></span> <span class='ocrx_word' id='word_1_204' title='bbox 1097 1739 1274 1788; x_wconf 89' lang='lat' dir='ltr'><strong>suam,</strong></span> <span class='ocrx_word' id='word_1_205' title='bbox 1305 1725 1437 1794; x_wconf 83' lang='lat' dir='ltr'><strong>quia</strong></span> <span class='ocrx_word' id='word_1_206' title='bbox 1476 1739 1602 1779; x_wconf 90' lang='lat' dir='ltr'><strong>cum</strong></span> <span class='ocrx_word' id='word_1_207' title='bbox 1637 1723 1817 1779; x_wconf 83' lang='lat' dir='ltr'><strong>adhuc</strong></span> <span class='ocrx_word' id='word_1_208' title='bbox 1839 1724 1895 1778; x_wconf 89' lang='lat' dir='ltr'><strong>in</strong></span> <span class='ocrx_word' id='word_1_209' title='bbox 1923 1722 2100 1794; x_wconf 83' lang='lat' dir='ltr'><strong>Baby—</strong></span> 
     </span>
    </p>
   </div>
   <div class='ocr_carea' id='block_1_26' title="bbox 501 1813 2098 1888">
    <p class='ocr_par' dir='ltr' id='par_1_26' title="bbox 501 1813 2098 1888">
     <span class='ocr_line' id='line_1_26' title="bbox 501 1813 2098 1888; baseline 0 -20"><span class='ocrx_word' id='word_1_210' title='bbox 501 1813 648 1870; x_wconf 88' lang='lat' dir='ltr'><strong>lonia</strong></span> <span class='ocrx_word' id='word_1_211' title='bbox 679 1814 1001 1886; x_wconf 87' lang='lat' dir='ltr'><strong>priusquam</strong></span> <span class='ocrx_word' id='word_1_212' title='bbox 1040 1816 1394 1888; x_wconf 81' lang='lat' dir='ltr'><strong>egrederetur</strong></span> <span class='ocrx_word' id='word_1_213' title='bbox 1432 1817 1499 1872; x_wconf 91' lang='lat' dir='ltr'><strong>de</strong></span> <span class='ocrx_word' id='word_1_214' title='bbox 1539 1825 1682 1872; x_wconf 89' lang='lat' dir='ltr'><strong>terra</strong></span> <span class='ocrx_word' id='word_1_215' title='bbox 1718 1815 1832 1882; x_wconf 91' lang='lat' dir='ltr'><strong>illa,</strong></span> <span class='ocrx_word' id='word_1_216' title='bbox 1868 1824 1986 1870; x_wconf 86' lang='lat' dir='ltr'><strong>erat</strong></span> <span class='ocrx_word' id='word_1_217' title='bbox 2025 1813 2098 1870; x_wconf 90' lang='lat' dir='ltr'><strong>ibi</strong></span> 
     </span>
    </p>
   </div>
   <div class='ocr_carea' id='block_1_27' title="bbox 498 1907 2100 1980">
    <p class='ocr_par' dir='ltr' id='par_1_27' title="bbox 498 1907 2100 1980">
     <span class='ocr_line' id='line_1_27' title="bbox 498 1907 2100 1980; baseline -0.001 -16"><span class='ocrx_word' id='word_1_218' title='bbox 498 1907 698 1964; x_wconf 84' lang='lat' dir='ltr'><strong>mulier</strong></span> <span class='ocrx_word' id='word_1_219' title='bbox 719 1909 988 1980; x_wconf 65' lang='lat' dir='ltr'><strong>quaedam,</strong></span> <span class='ocrx_word' id='word_1_220' title='bbox 1011 1923 1135 1980; x_wconf 59' lang='lat' dir='ltr'><strong>quae</strong></span> <span class='ocrx_word' id='word_1_221' title='bbox 1163 1909 1373 1980; x_wconf 90' lang='lat' dir='ltr'><strong>peperit</strong></span> <span class='ocrx_word' id='word_1_222' title='bbox 1396 1909 1589 1977; x_wconf 90' lang='lat' dir='ltr'><strong>ﬁlium,</strong></span> <span class='ocrx_word' id='word_1_223' title='bbox 1615 1909 1711 1979; x_wconf 85' lang='lat' dir='ltr'><strong>qui</strong></span> <span class='ocrx_word' id='word_1_224' title='bbox 1736 1910 1806 1964; x_wconf 90' lang='lat' dir='ltr'><strong>ab</strong></span> <span class='ocrx_word' id='word_1_225' title='bbox 1840 1907 2100 1962; x_wconf 87' lang='lat' dir='ltr'><strong>umbilico</strong></span> 
     </span>
    </p>
   </div>
   <div class='ocr_carea' id='block_1_28' title="bbox 499 2002 2098 2068">
    <p class='ocr_par' dir='ltr' id='par_1_28' title="bbox 499 2002 2098 2068">
     <span class='ocr_line' id='line_1_28' title="bbox 499 2002 2098 2068; baseline -0.001 -11"><span class='ocrx_word' id='word_1_226' title='bbox 499 2010 556 2057; x_wconf 88' lang='lat' dir='ltr'><strong>et</strong></span> <span class='ocrx_word' id='word_1_227' title='bbox 591 2017 814 2058; x_wconf 85' lang='lat' dir='ltr'><strong>sursum</strong></span> <span class='ocrx_word' id='word_1_228' title='bbox 840 2010 960 2058; x_wconf 89' lang='lat' dir='ltr'><strong>erat</strong></span> <span class='ocrx_word' id='word_1_229' title='bbox 986 2011 1045 2056; x_wconf 92' lang='lat' dir='ltr'><strong>ut</strong></span> <span class='ocrx_word' id='word_1_230' title='bbox 1067 2002 1252 2068; x_wconf 81' lang='lat' dir='ltr'><strong>homo,</strong></span> <span class='ocrx_word' id='word_1_231' title='bbox 1276 2002 1536 2058; x_wconf 90' lang='lat' dir='ltr'><strong>deorsum</strong></span> <span class='ocrx_word' id='word_1_232' title='bbox 1567 2010 1750 2058; x_wconf 86' lang='lat' dir='ltr'><strong>autem</strong></span> <span class='ocrx_word' id='word_1_233' title='bbox 1771 2009 1892 2056; x_wconf 88' lang='lat' dir='ltr'><strong>erat</strong></span> <span class='ocrx_word' id='word_1_234' title='bbox 1921 2009 1979 2056; x_wconf 89' lang='lat' dir='ltr'><strong>ut</strong></span> <span class='ocrx_word' id='word_1_235' title='bbox 2004 2013 2098 2056; x_wconf 85' lang='lat' dir='ltr'><strong>De-</strong></span> 
     </span>
    </p>
   </div>
   <div class='ocr_carea' id='block_1_29' title="bbox 500 2093 2101 2164">
    <p class='ocr_par' dir='ltr' id='par_1_29' title="bbox 500 2093 2101 2164">
     <span class='ocr_line' id='line_1_29' title="bbox 500 2093 2101 2164; baseline -0.002 -13"><span class='ocrx_word' id='word_1_236' title='bbox 500 2094 628 2162; x_wconf 88' lang='lat' dir='ltr'><strong>stia,</strong></span> <span class='ocrx_word' id='word_1_237' title='bbox 659 2093 1078 2150; x_wconf 84' lang='lat' dir='ltr'><strong>similitudinem</strong></span> <span class='ocrx_word' id='word_1_238' title='bbox 1110 2093 1321 2150; x_wconf 87' lang='lat' dir='ltr'><strong>habens</strong></span> <span class='ocrx_word' id='word_1_239' title='bbox 1349 2095 1526 2150; x_wconf 88' lang='lat' dir='ltr'><strong>canis.</strong></span> <span class='ocrx_word' id='word_1_240' title='bbox 1570 2093 1745 2161; x_wconf 88' lang='lat' dir='ltr'><strong>Quem</strong></span> <span class='ocrx_word' id='word_1_241' title='bbox 1781 2108 1909 2148; x_wconf 88' lang='lat' dir='ltr'><strong>cum</strong></span> <span class='ocrx_word' id='word_1_242' title='bbox 1941 2107 2101 2164; x_wconf 87' lang='lat' dir='ltr'><strong>pepe-</strong></span> 
     </span>
    </p>
   </div>
   <div class='ocr_carea' id='block_1_30' title="bbox 373 2185 2098 2258">
    <p class='ocr_par' dir='ltr' id='par_1_30' title="bbox 373 2185 2098 2258">
     <span class='ocr_line' id='line_1_30' title="bbox 373 2185 2098 2258; baseline -0.002 -16"><span class='ocrx_word' id='word_1_243' title='bbox 373 2244 391 2258; x_wconf 45' lang='lat' dir='ltr'><em>I</em></span> <span class='ocrx_word' id='word_1_244' title='bbox 495 2187 681 2250; x_wconf 84' lang='lat' dir='ltr'><strong>risset.</strong></span> <span class='ocrx_word' id='word_1_245' title='bbox 711 2187 998 2252; x_wconf 86' lang='lat' dir='ltr'><strong>cooperuit</strong></span> <span class='ocrx_word' id='word_1_246' title='bbox 1037 2203 1163 2242; x_wconf 90' lang='lat' dir='ltr'><strong>eum</strong></span> <span class='ocrx_word' id='word_1_247' title='bbox 1229 2187 1562 2258; x_wconf 78' lang='lat' dir='ltr'><strong>adduxitque</strong></span> <span class='ocrx_word' id='word_1_248' title='bbox 1605 2185 1914 2242; x_wconf 78' lang='lat' dir='ltr'><strong>Alexandro</strong></span> <span class='ocrx_word' id='word_1_249' title='bbox 1960 2185 2098 2257; x_wconf 85' lang='lat' dir='ltr'><strong>regi,</strong></span> 
     </span>
    </p>
   </div>
   <div class='ocr_carea' id='block_1_31' title="bbox 499 2276 2101 2348">
    <p class='ocr_par' dir='ltr' id='par_1_31' title="bbox 499 2276 2101 2348">
     <span class='ocr_line' id='line_1_31' title="bbox 499 2276 2101 2348; baseline -0.002 -13"><span class='ocrx_word' id='word_1_250' title='bbox 499 2280 770 2336; x_wconf 89' lang='lat' dir='ltr'><strong>mandans</strong></span> <span class='ocrx_word' id='word_1_251' title='bbox 788 2278 860 2347; x_wconf 91' lang='lat' dir='ltr'><strong>ei,</strong></span> <span class='ocrx_word' id='word_1_252' title='bbox 883 2287 943 2334; x_wconf 89' lang='lat' dir='ltr'><strong>ut</strong></span> <span class='ocrx_word' id='word_1_253' title='bbox 964 2279 1152 2336; x_wconf 88' lang='lat' dir='ltr'><strong>liceret</strong></span> <span class='ocrx_word' id='word_1_254' title='bbox 1172 2279 1276 2336; x_wconf 83' lang='lat' dir='ltr'><strong>sibi</strong></span> <span class='ocrx_word' id='word_1_255' title='bbox 1307 2294 1434 2334; x_wconf 91' lang='lat' dir='ltr'><strong>cum</strong></span> <span class='ocrx_word' id='word_1_256' title='bbox 1453 2293 1518 2334; x_wconf 88' lang='lat' dir='ltr'><strong>eo</strong></span> <span class='ocrx_word' id='word_1_257' title='bbox 1541 2287 1750 2334; x_wconf 89' lang='lat' dir='ltr'><strong>secrete</strong></span> <span class='ocrx_word' id='word_1_258' title='bbox 1766 2277 1939 2348; x_wconf 92' lang='lat' dir='ltr'><strong>loqui.</strong></span> <span class='ocrx_word' id='word_1_259' title='bbox 1967 2276 2101 2344; x_wconf 73' lang='lat' dir='ltr'><strong>Quae</strong></span> 
     </span>
    </p>
   </div>
   <div class='ocr_carea' id='block_1_32' title="bbox 497 2369 2098 2438">
    <p class='ocr_par' dir='ltr' id='par_1_32' title="bbox 497 2369 2098 2438">
     <span class='ocr_line' id='line_1_32' title="bbox 497 2369 2098 2438; baseline -0.002 -12"><span class='ocrx_word' id='word_1_260' title='bbox 497 2385 626 2436; x_wconf 82' lang='lat' dir='ltr'><strong>cum</strong></span> <span class='ocrx_word' id='word_1_261' title='bbox 657 2379 849 2428; x_wconf 84' lang='lat' dir='ltr'><strong>vocata</strong></span> <span class='ocrx_word' id='word_1_262' title='bbox 876 2370 1106 2438; x_wconf 85' lang='lat' dir='ltr'><strong>veniret,</strong></span> <span class='ocrx_word' id='word_1_263' title='bbox 1133 2370 1210 2426; x_wconf 89' lang='lat' dir='ltr'><strong>ait</strong></span> <span class='ocrx_word' id='word_1_264' title='bbox 1239 2389 1251 2424; x_wconf 91' lang='lat'>:</span> <span class='ocrx_word' id='word_1_265' title='bbox 1278 2369 1414 2424; x_wconf 77' lang='lat' dir='ltr'><strong>lube</strong></span> <span class='ocrx_word' id='word_1_266' title='bbox 1437 2386 1614 2424; x_wconf 84' lang='lat' dir='ltr'><strong>omnes</strong></span> <span class='ocrx_word' id='word_1_267' title='bbox 1643 2371 1807 2436; x_wconf 78' lang='lat' dir='ltr'><strong>exire,</strong></span> <span class='ocrx_word' id='word_1_268' title='bbox 1842 2381 2098 2423; x_wconf 79' lang='lat' dir='ltr'><strong>secretum</strong></span> 
     </span>
    </p>
   </div>
   <div class='ocr_carea' id='block_1_33' title="bbox 493 2465 2098 2537">
    <p class='ocr_par' dir='ltr' id='par_1_33' title="bbox 493 2465 2098 2537">
     <span class='ocr_line' id='line_1_33' title="bbox 493 2465 2098 2537; baseline 0 -17"><span class='ocrx_word' id='word_1_269' title='bbox 493 2465 660 2521; x_wconf 80' lang='lat' dir='ltr'><strong>habeo</strong></span> <span class='ocrx_word' id='word_1_270' title='bbox 683 2466 920 2521; x_wconf 86' lang='lat' dir='ltr'><strong>indicare</strong></span> <span class='ocrx_word' id='word_1_271' title='bbox 951 2465 1069 2520; x_wconf 84' lang='lat' dir='ltr'><strong>tibi.</strong></span> <span class='ocrx_word' id='word_1_272' title='bbox 1099 2465 1372 2522; x_wconf 86' lang='lat' dir='ltr'><strong>Omnibus</strong></span> <span class='ocrx_word' id='word_1_273' title='bbox 1397 2481 1530 2537; x_wconf 80' lang='lat' dir='ltr'><strong>ergo</strong></span> <span class='ocrx_word' id='word_1_274' title='bbox 1555 2465 1956 2531; x_wconf 88' lang='lat' dir='ltr'><strong>recedentibus,</strong></span> <span class='ocrx_word' id='word_1_275' title='bbox 1983 2465 2098 2520; x_wconf 91' lang='lat' dir='ltr'><strong>dis-</strong></span> 
     </span>
    </p>
   </div>
   <div class='ocr_carea' id='block_1_34' title="bbox 495 2556 2097 2629">
    <p class='ocr_par' dir='ltr' id='par_1_34' title="bbox 495 2556 2097 2629">
     <span class='ocr_line' id='line_1_34' title="bbox 495 2556 2097 2629; baseline -0.001 -15"><span class='ocrx_word' id='word_1_276' title='bbox 495 2559 820 2629; x_wconf 88' lang='lat' dir='ltr'><strong>cooperiens</strong></span> <span class='ocrx_word' id='word_1_277' title='bbox 865 2556 1196 2614; x_wconf 88' lang='lat' dir='ltr'><strong>infantulum</strong></span> <span class='ocrx_word' id='word_1_278' title='bbox 1221 2558 1545 2614; x_wconf 81' lang='lat' dir='ltr'><strong>monstravit</strong></span> <span class='ocrx_word' id='word_1_279' title='bbox 1582 2559 1653 2614; x_wconf 89' lang='lat' dir='ltr'><strong>ei.</strong></span> <span class='ocrx_word' id='word_1_280' title='bbox 1699 2557 1872 2624; x_wconf 83' lang='lat' dir='ltr'><strong>Quem</strong></span> <span class='ocrx_word' id='word_1_281' title='bbox 1903 2558 2097 2612; x_wconf 82' lang='lat' dir='ltr'><strong>videns</strong></span> 
     </span>
    </p>
   </div>
   <div class='ocr_carea' id='block_1_35' title="bbox 2200 1627 3828 1706">
    <p class='ocr_par' dir='ltr' id='par_1_35' title="bbox 2200 1627 3828 1706">
     <span class='ocr_line' id='line_1_35' title="bbox 2200 1627 3828 1706; baseline 0.004 -23"><span class='ocrx_word' id='word_1_282' title='bbox 2200 1635 2283 1683; x_wconf 85' lang='lat' dir='ltr'><strong>tes</strong></span> <span class='ocrx_word' id='word_1_283' title='bbox 2305 1644 2452 1683; x_wconf 90' lang='lat' dir='ltr'><strong>eum.</strong></span> <span class='ocrx_word' id='word_1_284' title='bbox 2477 1627 2680 1684; x_wconf 89' lang='lat' dir='ltr'><strong>Iterum</strong></span> <span class='ocrx_word' id='word_1_285' title='bbox 2705 1630 2852 1684; x_wconf 88' lang='lat' dir='ltr'><strong>venit</strong></span> <span class='ocrx_word' id='word_1_286' title='bbox 2875 1630 2930 1684; x_wconf 87' lang='lat' dir='ltr'><strong>in</strong></span> <span class='ocrx_word' id='word_1_287' title='bbox 2947 1647 3040 1686; x_wconf 91' lang='lat' dir='ltr'><strong>eor</strong></span> <span class='ocrx_word' id='word_1_288' title='bbox 3061 1631 3203 1704; x_wconf 88' lang='lat' dir='ltr'><strong>ejus,</strong></span> <span class='ocrx_word' id='word_1_289' title='bbox 3231 1642 3289 1689; x_wconf 92' lang='lat' dir='ltr'><strong>ut</strong></span> <span class='ocrx_word' id='word_1_290' title='bbox 3309 1644 3658 1691; x_wconf 79' lang='lat' dir='ltr'><strong>mensuraret</strong></span> <span class='ocrx_word' id='word_1_291' title='bbox 3671 1651 3760 1706; x_wconf 65' lang='lat' dir='ltr'><strong>pro</strong></span> <span class='ocrx_word' id='word_1_292' title='bbox 3826 1631 3828 1706; x_wconf 75' lang='grc' dir='ltr'>ξ</span> 
     </span>
    </p>
   </div>
   <div class='ocr_carea' id='block_1_36' title="bbox 2201 1706 3762 1798">
    <p class='ocr_par' dir='ltr' id='par_1_36' title="bbox 2201 1706 3762 1798">
     <span class='ocr_line' id='line_1_36' title="bbox 2201 1706 3762 1798; baseline 0.005 -24"><span class='ocrx_word' id='word_1_293' title='bbox 2201 1706 2430 1777; x_wconf 76' lang='lat' dir='ltr'><strong>fundum</strong></span> <span class='ocrx_word' id='word_1_294' title='bbox 2455 1722 2648 1789; x_wconf 89' lang='lat' dir='ltr'><strong>maris,</strong></span> <span class='ocrx_word' id='word_1_295' title='bbox 2671 1723 3000 1794; x_wconf 86' lang='lat' dir='ltr'><strong>vocavitque</strong></span> <span class='ocrx_word' id='word_1_296' title='bbox 3019 1726 3397 1798; x_wconf 76' lang='lat' dir='ltr'><strong>as-trologoset</strong></span> <span class='ocrx_word' id='word_1_297' title='bbox 3416 1728 3762 1798; x_wconf 77' lang='lat' dir='ltr'><strong>geometricas.</strong></span> 
     </span>
    </p>
   </div>
   <div class='ocr_carea' id='block_1_37' title="bbox 2201 1813 3763 1890">
    <p class='ocr_par' dir='ltr' id='par_1_37' title="bbox 2201 1813 3763 1890">
     <span class='ocr_line' id='line_1_37' title="bbox 2201 1813 3763 1890; baseline 0.004 -22"><span class='ocrx_word' id='word_1_298' title='bbox 2201 1813 2506 1884; x_wconf 88' lang='lat' dir='ltr'><strong>precipicns</strong></span> <span class='ocrx_word' id='word_1_299' title='bbox 2537 1813 2618 1869; x_wconf 89' lang='lat' dir='ltr'><strong>eis</strong></span> <span class='ocrx_word' id='word_1_300' title='bbox 2649 1821 2704 1868; x_wconf 90' lang='lat' dir='ltr'><strong>ut</strong></span> <span class='ocrx_word' id='word_1_301' title='bbox 2737 1813 2982 1870; x_wconf 85' lang='lat' dir='ltr'><strong>facerent</strong></span> <span class='ocrx_word' id='word_1_302' title='bbox 3006 1816 3110 1871; x_wconf 92' lang='lat' dir='ltr'><strong>sibi</strong></span> <span class='ocrx_word' id='word_1_303' title='bbox 3140 1819 3429 1874; x_wconf 81' lang='lat' dir='ltr'><strong>vasculum</strong></span> <span class='ocrx_word' id='word_1_304' title='bbox 3449 1819 3592 1887; x_wconf 81' lang='lat' dir='ltr'><strong>tale,</strong></span> <span class='ocrx_word' id='word_1_305' title='bbox 3617 1820 3663 1874; x_wconf 88' lang='lat' dir='ltr'><strong>in</strong></span> <span class='ocrx_word' id='word_1_306' title='bbox 3684 1837 3763 1890; x_wconf 79' lang='lat' dir='ltr'><strong>quo</strong></span> 
     </span>
    </p>
   </div>
   <div class='ocr_carea' id='block_1_38' title="bbox 2200 1905 3828 1998">
    <p class='ocr_par' dir='ltr' id='par_1_38' title="bbox 2200 1905 3828 1998">
     <span class='ocr_line' id='line_1_38' title="bbox 2200 1905 3828 1998; baseline 0.002 -38"><span class='ocrx_word' id='word_1_307' title='bbox 2200 1914 2388 1976; x_wconf 90' lang='lat' dir='ltr'><strong>posset</strong></span> <span class='ocrx_word' id='word_1_308' title='bbox 2431 1905 2486 1960; x_wconf 90' lang='lat' dir='ltr'><strong>in</strong></span> <span class='ocrx_word' id='word_1_309' title='bbox 2521 1905 2852 1976; x_wconf 81' lang='lat' dir='ltr'><strong>profundum</strong></span> <span class='ocrx_word' id='word_1_310' title='bbox 2880 1907 3053 1962; x_wconf 88' lang='lat' dir='ltr'><strong>maris</strong></span> <span class='ocrx_word' id='word_1_311' title='bbox 3080 1908 3412 1966; x_wconf 88' lang='lat' dir='ltr'><strong>descendere</strong></span> <span class='ocrx_word' id='word_1_312' title='bbox 3439 1921 3504 1966; x_wconf 82' lang='lat' dir='ltr'><strong>et</strong></span> <span class='ocrx_word' id='word_1_313' title='bbox 3539 1911 3763 1966; x_wconf 74' lang='lat' dir='ltr'><strong>mirabili:</strong></span> <span class='ocrx_word' id='word_1_314' title='bbox 3826 1931 3828 1998; x_wconf 54' lang='grc' dir='ltr'><em>ε</em></span> 
     </span>
    </p>
   </div>
   <div class='ocr_carea' id='block_1_39' title="bbox 2199 1997 3828 2068">
    <p class='ocr_par' dir='ltr' id='par_1_39' title="bbox 2199 1997 3828 2068">
     <span class='ocr_line' id='line_1_39' title="bbox 2199 1997 3828 2068; baseline 0.001 -16"><span class='ocrx_word' id='word_1_315' title='bbox 2199 2013 2323 2068; x_wconf 77' lang='lat' dir='ltr'><strong>qum</strong></span> <span class='ocrx_word' id='word_1_316' title='bbox 2346 1997 2420 2052; x_wconf 91' lang='lat' dir='ltr'><strong>ibi</strong></span> <span class='ocrx_word' id='word_1_317' title='bbox 2450 2007 2580 2052; x_wconf 87' lang='lat' dir='ltr'><strong>sunt</strong></span> <span class='ocrx_word' id='word_1_318' title='bbox 2609 1997 2939 2068; x_wconf 84' lang='lat' dir='ltr'><strong>perspicere.</strong></span> <span class='ocrx_word' id='word_1_319' title='bbox 2973 1997 3079 2066; x_wconf 85' lang='lat' dir='ltr'><strong>Qui</strong></span> <span class='ocrx_word' id='word_1_320' title='bbox 3113 2000 3371 2056; x_wconf 80' lang='lat' dir='ltr'><strong>dixerunt</strong></span> <span class='ocrx_word' id='word_1_321' title='bbox 3404 2021 3418 2056; x_wconf 91' lang='lat'>:</span> <span class='ocrx_word' id='word_1_322' title='bbox 3459 2001 3598 2056; x_wconf 83' lang='lat' dir='ltr'><strong>Fiat</strong></span> <span class='ocrx_word' id='word_1_323' title='bbox 3631 2002 3764 2056; x_wconf 66' lang='lat' dir='ltr'><strong>doli“</strong></span> <span class='ocrx_word' id='word_1_324' title='bbox 3826 2039 3828 2044; x_wconf 86' lang='grc'><strong><em>-</em></strong></span> 
     </span>
    </p>
   </div>
   <div class='ocr_carea' id='block_1_40' title="bbox 2199 2089 3765 2164">
    <p class='ocr_par' dir='ltr' id='par_1_40' title="bbox 2199 2089 3765 2164">
     <span class='ocr_line' id='line_1_40' title="bbox 2199 2089 3765 2164; baseline 0.003 -20"><span class='ocrx_word' id='word_1_325' title='bbox 2199 2090 2483 2144; x_wconf 81' lang='lat' dir='ltr'><strong>oloritrcus</strong></span> <span class='ocrx_word' id='word_1_326' title='bbox 2505 2100 2553 2144; x_wconf 88' lang='lat' dir='ltr'><strong>et</strong></span> <span class='ocrx_word' id='word_1_327' title='bbox 2581 2089 2778 2162; x_wconf 78' lang='lat' dir='ltr'><strong>ligetur</strong></span> <span class='ocrx_word' id='word_1_328' title='bbox 2799 2093 3023 2158; x_wconf 78' lang='lat' dir='ltr'><strong>catenis,</strong></span> <span class='ocrx_word' id='word_1_329' title='bbox 3041 2100 3091 2146; x_wconf 85' lang='lat' dir='ltr'><strong>et</strong></span> <span class='ocrx_word' id='word_1_330' title='bbox 3112 2101 3294 2164; x_wconf 83' lang='lat' dir='ltr'><strong>regant</strong></span> <span class='ocrx_word' id='word_1_331' title='bbox 3319 2109 3442 2148; x_wconf 82' lang='lat' dir='ltr'><strong>eum</strong></span> <span class='ocrx_word' id='word_1_332' title='bbox 3476 2095 3668 2149; x_wconf 75' lang='lat' dir='ltr'><strong>milites</strong></span> <span class='ocrx_word' id='word_1_333' title='bbox 3689 2095 3765 2164; x_wconf 74' lang='lat'><strong>[0&#39;-</strong></span> 
     </span>
    </p>
   </div>
   <div class='ocr_carea' id='block_1_41' title="bbox 2201 2183 3391 2240">
    <p class='ocr_par' dir='ltr' id='par_1_41' title="bbox 2201 2183 3391 2240">
     <span class='ocr_line' id='line_1_41' title="bbox 2201 2183 3391 2240; baseline 0.002 -2"><span class='ocrx_word' id='word_1_334' title='bbox 2201 2183 2398 2238; x_wconf 86' lang='lat' dir='ltr'><strong>tissimi</strong></span> <span class='ocrx_word' id='word_1_335' title='bbox 2447 2184 2504 2237; x_wconf 85' lang='lat' dir='ltr'><strong>in</strong></span> <span class='ocrx_word' id='word_1_336' title='bbox 2566 2183 2927 2238; x_wconf 83' lang='lat' dir='ltr'><strong>submittendo</strong></span> <span class='ocrx_word' id='word_1_337' title='bbox 2977 2193 3027 2240; x_wconf 78' lang='lat' dir='ltr'><strong>et</strong></span> <span class='ocrx_word' id='word_1_338' title='bbox 3078 2185 3391 2240; x_wconf 85' lang='lat' dir='ltr'><strong>reducendo.</strong></span> 
     </span>
    </p>
   </div>
   <div class='ocr_carea' id='block_1_42' title="bbox 2198 2367 3760 2444">
    <p class='ocr_par' dir='ltr' id='par_1_42' title="bbox 2198 2367 3760 2444">
     <span class='ocr_line' id='line_1_42' title="bbox 2198 2367 3760 2444; baseline 0.003 -22"><span class='ocrx_word' id='word_1_339' title='bbox 2198 2383 2326 2424; x_wconf 87' lang='lat' dir='ltr'><strong>rens</strong></span> <span class='ocrx_word' id='word_1_340' title='bbox 2357 2367 2686 2439; x_wconf 78' lang='lat' dir='ltr'><strong>profundum</strong></span> <span class='ocrx_word' id='word_1_341' title='bbox 2715 2369 2908 2436; x_wconf 88' lang='lat' dir='ltr'><strong>maris,</strong></span> <span class='ocrx_word' id='word_1_342' title='bbox 2932 2370 3066 2426; x_wconf 89' lang='lat' dir='ltr'><strong>vidit</strong></span> <span class='ocrx_word' id='word_1_343' title='bbox 3090 2371 3336 2427; x_wconf 87' lang='lat' dir='ltr'><strong>diversas</strong></span> <span class='ocrx_word' id='word_1_344' title='bbox 3375 2371 3594 2444; x_wconf 83' lang='lat' dir='ltr'><strong>ﬁguras</strong></span> <span class='ocrx_word' id='word_1_345' title='bbox 3623 2374 3760 2427; x_wconf 49' lang='lat' dir='ltr'><strong>dira.</strong></span> 
     </span>
    </p>
   </div>
   <div class='ocr_carea' id='block_1_43' title="bbox 2199 2455 3762 2532">
    <p class='ocr_par' dir='ltr' id='par_1_43' title="bbox 2199 2455 3762 2532">
     <span class='ocr_line' id='line_1_43' title="bbox 2199 2455 3762 2532; baseline 0.003 -18"><span class='ocrx_word' id='word_1_346' title='bbox 2199 2459 2492 2515; x_wconf 75' lang='lat' dir='ltr'><strong>siculorum</strong></span> <span class='ocrx_word' id='word_1_347' title='bbox 2534 2459 2766 2531; x_wconf 88' lang='lat' dir='ltr'><strong>piscium</strong></span> <span class='ocrx_word' id='word_1_348' title='bbox 2808 2455 2864 2516; x_wconf 82' lang='lat' dir='ltr'><strong>et</strong></span> <span class='ocrx_word' id='word_1_349' title='bbox 2899 2462 3057 2532; x_wconf 89' lang='lat' dir='ltr'><strong>quasi</strong></span> <span class='ocrx_word' id='word_1_350' title='bbox 3093 2464 3440 2520; x_wconf 86' lang='lat' dir='ltr'><strong>terrestrium</strong></span> <span class='ocrx_word' id='word_1_351' title='bbox 3487 2465 3762 2521; x_wconf 73' lang='lat' dir='ltr'><strong>animalium</strong></span> 
     </span>
    </p>
   </div>
   <div class='ocr_carea' id='block_1_44' title="bbox 2197 2552 3828 2632">
    <p class='ocr_par' dir='ltr' id='par_1_44' title="bbox 2197 2552 3828 2632">
     <span class='ocr_line' id='line_1_44' title="bbox 2197 2552 3828 2632; baseline 0.006 -25"><span class='ocrx_word' id='word_1_352' title='bbox 2197 2552 2530 2624; x_wconf 84' lang='lat' dir='ltr'><strong>profundum</strong></span> <span class='ocrx_word' id='word_1_353' title='bbox 2568 2553 2738 2610; x_wconf 88' lang='lat' dir='ltr'><strong>maris</strong></span> <span class='ocrx_word' id='word_1_354' title='bbox 2775 2555 3201 2625; x_wconf 87' lang='lat' dir='ltr'><strong>ambulantium,</strong></span> <span class='ocrx_word' id='word_1_355' title='bbox 3232 2558 3532 2630; x_wconf 84' lang='lat' dir='ltr'><strong>multaque</strong></span> <span class='ocrx_word' id='word_1_356' title='bbox 3559 2557 3762 2632; x_wconf 69' lang='grc' dir='ltr'><strong>(μιεῶίί</strong></span> <span class='ocrx_word' id='word_1_357' title='bbox 3826 2611 3828 2616; x_wconf 91' lang='grc'>.</span> 
     </span>
    </p>
   </div>
   <div class='ocr_carea' id='block_1_45' title="bbox 494 2651 2586 2729">
    <p class='ocr_par' dir='ltr' id='par_1_45' title="bbox 494 2651 2586 2729">
     <span class='ocr_line' id='line_1_45' title="bbox 494 2651 2586 2729; baseline -0.002 -22"><span class='ocrx_word' id='word_1_358' title='bbox 494 2665 614 2715; x_wconf 83' lang='lat' dir='ltr'><strong>rex,</strong></span> <span class='ocrx_word' id='word_1_359' title='bbox 640 2651 872 2708; x_wconf 87' lang='lat' dir='ltr'><strong>miratus</strong></span> <span class='ocrx_word' id='word_1_360' title='bbox 893 2660 999 2708; x_wconf 87' lang='lat' dir='ltr'><strong>est.</strong></span> <span class='ocrx_word' id='word_1_361' title='bbox 1020 2659 1326 2722; x_wconf 83' lang='lat' dir='ltr'><strong>vocatoque</strong></span> <span class='ocrx_word' id='word_1_362' title='bbox 1347 2651 1542 2717; x_wconf 84' lang='lat' dir='ltr'><strong>ariolo,</strong></span> <span class='ocrx_word' id='word_1_363' title='bbox 1569 2651 1924 2721; x_wconf 75' lang='lat' dir='ltr'><strong>interrogavit</strong></span> <span class='ocrx_word' id='word_1_364' title='bbox 1946 2665 2094 2716; x_wconf 81' lang='lat' dir='ltr'><strong>eum,</strong></span> <span class='ocrx_word' id='word_1_365' title='bbox 2135 2651 2308 2729; x_wconf 41' lang='lat' dir='ltr'><strong>{Enen</strong></span> <span class='ocrx_word' id='word_1_366' title='bbox 2331 2655 2586 2716; x_wconf 87' lang='lat' dir='ltr'><strong>possunt.</strong></span> 
     </span>
    </p>
   </div>
   <div class='ocr_carea' id='block_1_46' title="bbox 493 2737 3765 2818">
    <p class='ocr_par' dir='ltr' id='par_1_46' title="bbox 493 2737 3765 2818">
     <span class='ocr_line' id='line_1_46' title="bbox 493 2737 3765 2818; baseline -0.001 -19"><span class='ocrx_word' id='word_1_367' title='bbox 493 2743 628 2815; x_wconf 82' lang='lat' dir='ltr'><strong>quid</strong></span> <span class='ocrx_word' id='word_1_368' title='bbox 657 2743 764 2800; x_wconf 89' lang='lat' dir='ltr'><strong>hoc</strong></span> <span class='ocrx_word' id='word_1_369' title='bbox 793 2744 1160 2814; x_wconf 89' lang='lat' dir='ltr'><strong>portenderet.</strong></span> <span class='ocrx_word' id='word_1_370' title='bbox 1201 2743 1308 2812; x_wconf 90' lang='lat' dir='ltr'><strong>Qui</strong></span> <span class='ocrx_word' id='word_1_371' title='bbox 1345 2745 1660 2815; x_wconf 89' lang='lat' dir='ltr'><strong>susspirans</strong></span> <span class='ocrx_word' id='word_1_372' title='bbox 1685 2743 1825 2798; x_wconf 71' lang='lat' dir='ltr'><strong>dixit</strong></span> <span class='ocrx_word' id='word_1_373' title='bbox 1865 2762 1878 2797; x_wconf 88' lang='lat'><strong>:</strong></span> <span class='ocrx_word' id='word_1_374' title='bbox 1914 2742 1959 2799; x_wconf 93' lang='lat'><em>0</em></span> <span class='ocrx_word' id='word_1_375' title='bbox 1983 2759 2095 2810; x_wconf 80' lang='lat' dir='ltr'><strong>rex,</strong></span> <span class='ocrx_word' id='word_1_376' title='bbox 2137 2737 2216 2818; x_wconf 58' lang='lat' dir='ltr'><strong>1V&quot;</strong></span> <span class='ocrx_word' id='word_1_377' title='bbox 2271 2737 2397 2810; x_wconf 76' lang='grc' dir='ltr'><strong>(Ἑρ.</strong></span> <span class='ocrx_word' id='word_1_378' title='bbox 2429 2739 2498 2793; x_wconf 83' lang='lat' dir='ltr'><strong>ad</strong></span> <span class='ocrx_word' id='word_1_379' title='bbox 2526 2739 2696 2794; x_wconf 80' lang='lat' dir='ltr'><strong>Arist.</strong></span> <span class='ocrx_word' id='word_1_380' title='bbox 2728 2741 2865 2797; x_wconf 87' lang='lat' dir='ltr'><strong>Cod.</strong></span> <span class='ocrx_word' id='word_1_381' title='bbox 2894 2740 3085 2797; x_wconf 89' lang='lat' dir='ltr'><strong>Bamb.</strong></span> <span class='ocrx_word' id='word_1_382' title='bbox 3115 2741 3154 2796; x_wconf 92' lang='lat' dir='ltr'><strong>f.</strong></span> <span class='ocrx_word' id='word_1_383' title='bbox 3181 2741 3676 2816; x_wconf 53' lang='lat' dir='ltr'><strong>2281)?”th</strong></span> <span class='ocrx_word' id='word_1_384' title='bbox 3696 2758 3765 2798; x_wconf 79' lang='lat' dir='ltr'><strong>au-</strong></span> 
     </span>
    </p>
   </div>
   <div class='ocr_carea' id='block_1_47' title="bbox 493 2833 2092 2906">
    <p class='ocr_par' dir='ltr' id='par_1_47' title="bbox 493 2833 2092 2906">
     <span class='ocr_line' id='line_1_47' title="bbox 493 2833 2092 2906; baseline 0 -18"><span class='ocrx_word' id='word_1_385' title='bbox 493 2835 936 2906; x_wconf 81' lang='lat' dir='ltr'><strong>appropinquabit</strong></span> <span class='ocrx_word' id='word_1_386' title='bbox 966 2843 1168 2906; x_wconf 82' lang='lat' dir='ltr'><strong>tempus</strong></span> <span class='ocrx_word' id='word_1_387' title='bbox 1202 2843 1372 2903; x_wconf 82' lang='lat' dir='ltr'><strong>tuum,</strong></span> <span class='ocrx_word' id='word_1_388' title='bbox 1406 2847 1465 2889; x_wconf 85' lang='lat' dir='ltr'><strong>ut</strong></span> <span class='ocrx_word' id='word_1_389' title='bbox 1489 2851 1646 2890; x_wconf 71' lang='lat' dir='ltr'><strong>exeas</strong></span> <span class='ocrx_word' id='word_1_390' title='bbox 1674 2836 1738 2888; x_wconf 86' lang='lat' dir='ltr'><strong>de</strong></span> <span class='ocrx_word' id='word_1_391' title='bbox 1773 2835 1870 2888; x_wconf 84' lang='lat' dir='ltr'><strong>hoc</strong></span> <span class='ocrx_word' id='word_1_392' title='bbox 1895 2833 2092 2890; x_wconf 82' lang='lat' dir='ltr'><strong>seculo.</strong></span> 
     </span>
    </p>
   </div>
   <div class='ocr_carea' id='block_1_48' title="bbox 2200 2831 3762 2909">
    <p class='ocr_par' dir='ltr' id='par_1_48' title="bbox 2200 2831 3762 2909">
     <span class='ocr_line' id='line_1_48' title="bbox 2200 2831 3762 2909; baseline 0.004 -23"><span class='ocrx_word' id='word_1_393' title='bbox 2200 2839 2306 2886; x_wconf 82' lang='lat' dir='ltr'><strong>tein</strong></span> <span class='ocrx_word' id='word_1_394' title='bbox 2347 2831 2496 2886; x_wconf 88' lang='lat' dir='ltr'><strong>venit</strong></span> <span class='ocrx_word' id='word_1_395' title='bbox 2544 2831 2599 2887; x_wconf 91' lang='lat' dir='ltr'><strong>in</strong></span> <span class='ocrx_word' id='word_1_396' title='bbox 2630 2831 2910 2889; x_wconf 84' lang='lat' dir='ltr'><strong>Persidam</strong></span> <span class='ocrx_word' id='word_1_397' title='bbox 2941 2842 2994 2890; x_wconf 88' lang='lat' dir='ltr'><strong>et</strong></span> <span class='ocrx_word' id='word_1_398' title='bbox 3037 2833 3312 2890; x_wconf 86' lang='lat' dir='ltr'><strong>interfecit</strong></span> <span class='ocrx_word' id='word_1_399' title='bbox 3352 2833 3588 2892; x_wconf 82' lang='lat' dir='ltr'><strong>Darium</strong></span> <span class='ocrx_word' id='word_1_400' title='bbox 3619 2851 3762 2909; x_wconf 71' lang='lat' dir='ltr'><strong>regem</strong></span> 
     </span>
    </p>
   </div>
   <div class='ocr_carea' id='block_1_49' title="bbox 497 2923 3766 2998">
    <p class='ocr_par' dir='ltr' id='par_1_49' title="bbox 497 2923 3766 2998">
     <span class='ocr_line' id='line_1_49' title="bbox 497 2923 3766 2998; baseline 0.002 -18"><span class='ocrx_word' id='word_1_401' title='bbox 497 2925 756 2982; x_wconf 74' lang='lat' dir='ltr'><strong>Medietas</strong></span> <span class='ocrx_word' id='word_1_402' title='bbox 779 2927 1036 2998; x_wconf 82' lang='lat' dir='ltr'><strong>corporis,</strong></span> <span class='ocrx_word' id='word_1_403' title='bbox 1061 2927 1349 2998; x_wconf 72' lang='lat' dir='ltr'><strong>quwliabet</strong></span> <span class='ocrx_word' id='word_1_404' title='bbox 1371 2937 1642 2998; x_wconf 83' lang='lat' dir='ltr'><strong>aspectum</strong></span> <span class='ocrx_word' id='word_1_405' title='bbox 1666 2927 1916 2995; x_wconf 81' lang='lat' dir='ltr'><strong>hominis,</strong></span> <span class='ocrx_word' id='word_1_406' title='bbox 1938 2937 1991 2980; x_wconf 85' lang='lat' dir='ltr'><strong>tu</strong></span> <span class='ocrx_word' id='word_1_407' title='bbox 2015 2943 2091 2994; x_wconf 86' lang='lat' dir='ltr'><strong>es,</strong></span> <span class='ocrx_word' id='word_1_408' title='bbox 2122 2923 2164 2949; x_wconf 85' lang='lat'><em>“</em></span> <span class='ocrx_word' id='word_1_409' title='bbox 2197 2938 2386 2980; x_wconf 86' lang='lat' dir='ltr'><strong>mense</strong></span> <span class='ocrx_word' id='word_1_410' title='bbox 2409 2923 2572 2992; x_wconf 80' lang='lat' dir='ltr'><strong>Maio,</strong></span> <span class='ocrx_word' id='word_1_411' title='bbox 2597 2933 2659 2980; x_wconf 89' lang='lat' dir='ltr'><strong>ut</strong></span> <span class='ocrx_word' id='word_1_412' title='bbox 2687 2925 2802 2996; x_wconf 89' lang='lat' dir='ltr'><strong>ipse</strong></span> <span class='ocrx_word' id='word_1_413' title='bbox 2823 2926 3088 2998; x_wconf 86' lang='lat' dir='ltr'><strong>magistro</strong></span> <span class='ocrx_word' id='word_1_414' title='bbox 3134 2943 3236 2984; x_wconf 91' lang='lat' dir='ltr'><strong>suo</strong></span> <span class='ocrx_word' id='word_1_415' title='bbox 3265 2927 3558 2989; x_wconf 78' lang='lat' dir='ltr'><strong>Aristoteli</strong></span> <span class='ocrx_word' id='word_1_416' title='bbox 3593 2930 3766 2993; x_wconf 68' lang='lat' dir='ltr'><strong>stu-ibit,</strong></span> 
     </span>
    </p>
   </div>
   <div class='ocr_carea' id='block_1_50' title="bbox 491 3017 2094 3089">
    <p class='ocr_par' dir='ltr' id='par_1_50' title="bbox 491 3017 2094 3089">
     <span class='ocr_line' id='line_1_50' title="bbox 491 3017 2094 3089; baseline 0.001 -17"><span class='ocrx_word' id='word_1_417' title='bbox 491 3033 621 3088; x_wconf 73' lang='lat' dir='ltr'><strong>pars</strong></span> <span class='ocrx_word' id='word_1_418' title='bbox 649 3027 828 3074; x_wconf 86' lang='lat' dir='ltr'><strong>autem</strong></span> <span class='ocrx_word' id='word_1_419' title='bbox 851 3034 1000 3073; x_wconf 78' lang='lat' dir='ltr'><strong>versa</strong></span> <span class='ocrx_word' id='word_1_420' title='bbox 1025 3018 1082 3072; x_wconf 84' lang='lat' dir='ltr'><strong>in</strong></span> <span class='ocrx_word' id='word_1_421' title='bbox 1111 3018 1336 3073; x_wconf 80' lang='lat' dir='ltr'><strong>bestiam</strong></span> <span class='ocrx_word' id='word_1_422' title='bbox 1369 3017 1606 3072; x_wconf 80' lang='lat' dir='ltr'><strong>homines</strong></span> <span class='ocrx_word' id='word_1_423' title='bbox 1629 3027 1752 3072; x_wconf 79' lang='lat' dir='ltr'><strong>sunt</strong></span> <span class='ocrx_word' id='word_1_424' title='bbox 1777 3018 1868 3089; x_wconf 84' lang='lat' dir='ltr'><strong>qui</strong></span> <span class='ocrx_word' id='word_1_425' title='bbox 1896 3027 2013 3089; x_wconf 83' lang='lat' dir='ltr'><strong>post</strong></span> <span class='ocrx_word' id='word_1_426' title='bbox 2045 3026 2094 3073; x_wconf 89' lang='lat' dir='ltr'><strong>te</strong></span> 
     </span>
    </p>
   </div>
   <div class='ocr_carea' id='block_1_51' title="bbox 497 3109 2090 3179">
    <p class='ocr_par' dir='ltr' id='par_1_51' title="bbox 497 3109 2090 3179">
     <span class='ocr_line' id='line_1_51' title="bbox 497 3109 2090 3179; baseline 0.002 -16"><span class='ocrx_word' id='word_1_427' title='bbox 497 3109 721 3164; x_wconf 83' lang='lat' dir='ltr'><strong>venient.</strong></span> <span class='ocrx_word' id='word_1_428' title='bbox 753 3109 1000 3165; x_wconf 86' lang='lat' dir='ltr'><strong>Audiens</strong></span> <span class='ocrx_word' id='word_1_429' title='bbox 1027 3109 1144 3165; x_wconf 66' lang='lat' dir='ltr'><strong>haec</strong></span> <span class='ocrx_word' id='word_1_430' title='bbox 1169 3109 1496 3178; x_wconf 77' lang='lat' dir='ltr'><strong>Alexander,</strong></span> <span class='ocrx_word' id='word_1_431' title='bbox 1531 3110 1706 3166; x_wconf 83' lang='lat' dir='ltr'><strong>tristis</strong></span> <span class='ocrx_word' id='word_1_432' title='bbox 1732 3109 1958 3167; x_wconf 75' lang='lat' dir='ltr'><strong>eﬁ‘cctus</strong></span> <span class='ocrx_word' id='word_1_433' title='bbox 1985 3119 2090 3179; x_wconf 87' lang='lat' dir='ltr'><strong>est,</strong></span> 
     </span>
    </p>
   </div>
   <div class='ocr_carea' id='block_1_52' title="bbox 495 3199 2093 3273">
    <p class='ocr_par' dir='ltr' id='par_1_52' title="bbox 495 3199 2093 3273">
     <span class='ocr_line' id='line_1_52' title="bbox 495 3199 2093 3273; baseline 0.001 -17"><span class='ocrx_word' id='word_1_434' title='bbox 495 3207 552 3256; x_wconf 87' lang='lat' dir='ltr'><strong>et</strong></span> <span class='ocrx_word' id='word_1_435' title='bbox 574 3199 713 3256; x_wconf 76' lang='lat' dir='ltr'><strong>dixit</strong></span> <span class='ocrx_word' id='word_1_436' title='bbox 741 3219 754 3256; x_wconf 91' lang='lat'><strong>:</strong></span> <span class='ocrx_word' id='word_1_437' title='bbox 789 3199 834 3260; x_wconf 89' lang='grc' dir='ltr'><em>ο</em></span> <span class='ocrx_word' id='word_1_438' title='bbox 873 3199 1141 3272; x_wconf 73' lang='lat' dir='ltr'><strong>luppiter,</strong></span> <span class='ocrx_word' id='word_1_439' title='bbox 1179 3203 1414 3272; x_wconf 84' lang='lat' dir='ltr'><strong>oportuit</strong></span> <span class='ocrx_word' id='word_1_440' title='bbox 1451 3203 1661 3273; x_wconf 86' lang='lat' dir='ltr'><strong>quidem</strong></span> <span class='ocrx_word' id='word_1_441' title='bbox 1693 3213 1748 3256; x_wconf 85' lang='lat' dir='ltr'><strong>ut</strong></span> <span class='ocrx_word' id='word_1_442' title='bbox 1773 3203 1884 3258; x_wconf 85' lang='lat' dir='ltr'><strong>dies</strong></span> <span class='ocrx_word' id='word_1_443' title='bbox 1917 3203 2093 3258; x_wconf 76' lang='lat' dir='ltr'><strong>obitus</strong></span> 
     </span>
    </p>
   </div>
   <div class='ocr_carea' id='block_1_53' title="bbox 495 3293 2092 3367">
    <p class='ocr_par' dir='ltr' id='par_1_53' title="bbox 495 3293 2092 3367">
     <span class='ocr_line' id='line_1_53' title="bbox 495 3293 2092 3367; baseline 0.001 -17"><span class='ocrx_word' id='word_1_444' title='bbox 495 3295 600 3350; x_wconf 85' lang='lat' dir='ltr'><strong>mei</strong></span> <span class='ocrx_word' id='word_1_445' title='bbox 633 3293 692 3348; x_wconf 85' lang='lat' dir='ltr'><strong>in</strong></span> <span class='ocrx_word' id='word_1_446' title='bbox 725 3310 853 3365; x_wconf 85' lang='lat' dir='ltr'><strong>pace</strong></span> <span class='ocrx_word' id='word_1_447' title='bbox 887 3295 1152 3364; x_wconf 78' lang='lat' dir='ltr'><strong>ﬁniretur,</strong></span> <span class='ocrx_word' id='word_1_448' title='bbox 1182 3303 1240 3349; x_wconf 88' lang='lat' dir='ltr'><strong>ut</strong></span> <span class='ocrx_word' id='word_1_449' title='bbox 1275 3293 1372 3348; x_wconf 83' lang='lat' dir='ltr'><strong>hoc</strong></span> <span class='ocrx_word' id='word_1_450' title='bbox 1411 3295 1552 3366; x_wconf 86' lang='lat' dir='ltr'><strong>quod</strong></span> <span class='ocrx_word' id='word_1_451' title='bbox 1588 3297 1838 3366; x_wconf 83' lang='lat' dir='ltr'><strong>proposui</strong></span> <span class='ocrx_word' id='word_1_452' title='bbox 1869 3297 2092 3367; x_wconf 72' lang='lat' dir='ltr'><strong>perfice-</strong></span> 
     </span>
    </p>
   </div>
   <div class='ocr_carea' id='block_1_54' title="bbox 496 3370 2093 3458">
    <p class='ocr_par' dir='ltr' id='par_1_54' title="bbox 496 3370 2093 3458">
     <span class='ocr_line' id='line_1_54' title="bbox 496 3370 2093 3458; baseline 0.002 -18"><span class='ocrx_word' id='word_1_453' title='bbox 496 3395 662 3456; x_wconf 80' lang='lat' dir='ltr'><strong>retur,</strong></span> <span class='ocrx_word' id='word_1_454' title='bbox 697 3387 788 3441; x_wconf 84' lang='lat' dir='ltr'><strong>sed</strong></span> <span class='ocrx_word' id='word_1_455' title='bbox 811 3387 938 3458; x_wconf 81' lang='lat' dir='ltr'><strong>quia</strong></span> <span class='ocrx_word' id='word_1_456' title='bbox 971 3370 1068 3440; x_wconf 86' lang='lat' dir='ltr'><strong>tibi</strong></span> <span class='ocrx_word' id='word_1_457' title='bbox 1096 3387 1174 3440; x_wconf 86' lang='lat' dir='ltr'><strong>sic</strong></span> <span class='ocrx_word' id='word_1_458' title='bbox 1203 3385 1397 3456; x_wconf 82' lang='lat' dir='ltr'><strong>placet,</strong></span> <span class='ocrx_word' id='word_1_459' title='bbox 1427 3388 1634 3458; x_wconf 83' lang='lat' dir='ltr'><strong>suscipe</strong></span> <span class='ocrx_word' id='word_1_460' title='bbox 1672 3404 1754 3442; x_wconf 84' lang='lat' dir='ltr'><strong>me</strong></span> <span class='ocrx_word' id='word_1_461' title='bbox 1779 3396 1950 3444; x_wconf 84' lang='lat' dir='ltr'><strong>tecum</strong></span> <span class='ocrx_word' id='word_1_462' title='bbox 1984 3391 2093 3444; x_wconf 83' lang='lat' dir='ltr'><strong>int-</strong></span> 
     </span>
    </p>
   </div>
   <div class='ocr_carea' id='block_1_55' title="bbox 495 3480 1424 3536">
    <p class='ocr_par' dir='ltr' id='par_1_55' title="bbox 495 3480 1424 3536">
     <span class='ocr_line' id='line_1_55' title="bbox 495 3480 1424 3536; baseline 0 0"><span class='ocrx_word' id='word_1_463' title='bbox 495 3480 800 3536; x_wconf 85' lang='lat' dir='ltr'><strong>mortalem.</strong></span> <span class='ocrx_word' id='word_1_464' title='bbox 1421 3498 1424 3504; x_wconf 72' lang='lat'>&#39;</span> 
     </span>
    </p>
   </div>
   <div class='ocr_carea' id='block_1_56' title="bbox 497 3573 2093 3648">
    <p class='ocr_par' dir='ltr' id='par_1_56' title="bbox 497 3573 2093 3648">
     <span class='ocr_line' id='line_1_56' title="bbox 497 3573 2093 3648; baseline 0.002 -19"><span class='ocrx_word' id='word_1_465' title='bbox 497 3614 506 3620; x_wconf 82' lang='lat'><strong>.</strong></span> <span class='ocrx_word' id='word_1_466' title='bbox 565 3574 652 3646; x_wconf 89' lang='lat' dir='ltr'><strong>(F.</strong></span> <span class='ocrx_word' id='word_1_467' title='bbox 667 3574 820 3647; x_wconf 75' lang='grc'><strong>217.)</strong></span> <span class='ocrx_word' id='word_1_468' title='bbox 834 3573 1170 3632; x_wconf 86' lang='lat' dir='ltr'><strong>Coaduuato.</strong></span> <span class='ocrx_word' id='word_1_469' title='bbox 1180 3585 1362 3632; x_wconf 88' lang='lat' dir='ltr'><strong>autem</strong></span> <span class='ocrx_word' id='word_1_470' title='bbox 1383 3575 1587 3648; x_wconf 87' lang='lat' dir='ltr'><strong>populo</strong></span> <span class='ocrx_word' id='word_1_471' title='bbox 1607 3590 1730 3644; x_wconf 91' lang='lat' dir='ltr'><strong>suo,</strong></span> <span class='ocrx_word' id='word_1_472' title='bbox 1751 3575 1902 3644; x_wconf 80' lang='lat' dir='ltr'><strong>exiit,</strong></span> <span class='ocrx_word' id='word_1_473' title='bbox 1921 3583 1976 3632; x_wconf 89' lang='lat' dir='ltr'><strong>et</strong></span> <span class='ocrx_word' id='word_1_474' title='bbox 1999 3589 2093 3632; x_wconf 90' lang='lat' dir='ltr'><strong>ve-</strong></span> 
     </span>
    </p>
   </div>
   <div class='ocr_carea' id='block_1_57' title="bbox 495 3667 2094 3738">
    <p class='ocr_par' dir='ltr' id='par_1_57' title="bbox 495 3667 2094 3738">
     <span class='ocr_line' id='line_1_57' title="bbox 495 3667 2094 3738; baseline 0 -14"><span class='ocrx_word' id='word_1_475' title='bbox 495 3669 577 3725; x_wconf 89' lang='lat' dir='ltr'><strong>nit</strong></span> <span class='ocrx_word' id='word_1_476' title='bbox 602 3668 672 3724; x_wconf 87' lang='lat' dir='ltr'><strong>ad</strong></span> <span class='ocrx_word' id='word_1_477' title='bbox 697 3669 984 3724; x_wconf 88' lang='lat' dir='ltr'><strong>columnas</strong></span> <span class='ocrx_word' id='word_1_478' title='bbox 1009 3667 1265 3738; x_wconf 83' lang='lat' dir='ltr'><strong>Heraelii,</strong></span> <span class='ocrx_word' id='word_1_479' title='bbox 1288 3683 1454 3726; x_wconf 78' lang='lat' dir='ltr'><strong>unum</strong></span> <span class='ocrx_word' id='word_1_480' title='bbox 1477 3684 1724 3737; x_wconf 88' lang='lat' dir='ltr'><strong>auream,</strong></span> <span class='ocrx_word' id='word_1_481' title='bbox 1746 3669 1974 3724; x_wconf 89' lang='lat' dir='ltr'><strong>alteram</strong></span> <span class='ocrx_word' id='word_1_482' title='bbox 2003 3684 2094 3724; x_wconf 91' lang='lat' dir='ltr'><strong>ar-</strong></span> 
     </span>
    </p>
   </div>
   <div class='ocr_carea' id='block_1_58' title="bbox 493 3759 2089 3833">
    <p class='ocr_par' dir='ltr' id='par_1_58' title="bbox 493 3759 2089 3833">
     <span class='ocr_line' id='line_1_58' title="bbox 493 3759 2089 3833; baseline -0.001 -18"><span class='ocrx_word' id='word_1_483' title='bbox 493 3767 767 3832; x_wconf 84' lang='lat' dir='ltr'><strong>genteam,</strong></span> <span class='ocrx_word' id='word_1_484' title='bbox 791 3759 1056 3816; x_wconf 87' lang='lat' dir='ltr'><strong>habentes</strong></span> <span class='ocrx_word' id='word_1_485' title='bbox 1085 3759 1142 3816; x_wconf 89' lang='lat' dir='ltr'><strong>in</strong></span> <span class='ocrx_word' id='word_1_486' title='bbox 1176 3761 1516 3833; x_wconf 80' lang='lat' dir='ltr'><strong>longitudine</strong></span> <span class='ocrx_word' id='word_1_487' title='bbox 1540 3761 1758 3818; x_wconf 83' lang='lat' dir='ltr'><strong>cubitus</strong></span> <span class='ocrx_word' id='word_1_488' title='bbox 1779 3761 2089 3829; x_wconf 71' lang='lat' dir='ltr'><strong>duodecim,</strong></span> 
     </span>
    </p>
   </div>
   <div class='ocr_carea' id='block_1_59' title="bbox 494 3851 1056 3909">
    <p class='ocr_par' dir='ltr' id='par_1_59' title="bbox 494 3851 1056 3909">
     <span class='ocr_line' id='line_1_59' title="bbox 494 3851 1056 3909; baseline 0.007 -4"><span class='ocrx_word' id='word_1_489' title='bbox 494 3851 551 3908; x_wconf 90' lang='lat' dir='ltr'><strong>in</strong></span> <span class='ocrx_word' id='word_1_490' title='bbox 587 3851 876 3908; x_wconf 85' lang='lat' dir='ltr'><strong>latitudine</strong></span> <span class='ocrx_word' id='word_1_491' title='bbox 895 3853 1056 3909; x_wconf 90' lang='lat' dir='ltr'><strong>duos.</strong></span> 
     </span>
    </p>
   </div>
   <div class='ocr_carea' id='block_1_60' title="bbox 507 3943 2093 4018">
    <p class='ocr_par' dir='ltr' id='par_1_60' title="bbox 507 3943 2093 4018">
     <span class='ocr_line' id='line_1_60' title="bbox 507 3943 2093 4018; baseline 0.001 -19"><span class='ocrx_word' id='word_1_492' title='bbox 507 3984 513 3990; x_wconf 83' lang='lat'><strong>.</strong></span> <span class='ocrx_word' id='word_1_493' title='bbox 566 3943 697 4002; x_wconf 85' lang='lat' dir='ltr'><strong>Inde</strong></span> <span class='ocrx_word' id='word_1_494' title='bbox 729 3953 1034 4013; x_wconf 79' lang='lat' dir='ltr'><strong>moventes,</strong></span> <span class='ocrx_word' id='word_1_495' title='bbox 1077 3945 1311 4018; x_wconf 85' lang='lat' dir='ltr'><strong>ingressi</strong></span> <span class='ocrx_word' id='word_1_496' title='bbox 1355 3955 1486 4003; x_wconf 89' lang='lat' dir='ltr'><strong>sunt</strong></span> <span class='ocrx_word' id='word_1_497' title='bbox 1528 3945 1832 4012; x_wconf 88' lang='lat' dir='ltr'><strong>desertum,</strong></span> <span class='ocrx_word' id='word_1_498' title='bbox 1869 3945 2093 4000; x_wconf 86' lang='lat' dir='ltr'><strong>invene-</strong></span> 
     </span>
    </p>
   </div>
   <div class='ocr_carea' id='block_1_61' title="bbox 491 4037 2093 4111">
    <p class='ocr_par' dir='ltr' id='par_1_61' title="bbox 491 4037 2093 4111">
     <span class='ocr_line' id='line_1_61' title="bbox 491 4037 2093 4111; baseline -0.001 -17"><span class='ocrx_word' id='word_1_499' title='bbox 491 4047 736 4110; x_wconf 86' lang='lat' dir='ltr'><strong>runtque</strong></span> <span class='ocrx_word' id='word_1_500' title='bbox 771 4039 891 4096; x_wconf 89' lang='lat' dir='ltr'><strong>loca</strong></span> <span class='ocrx_word' id='word_1_501' title='bbox 925 4037 1124 4111; x_wconf 87' lang='lat' dir='ltr'><strong>frigida</strong></span> <span class='ocrx_word' id='word_1_502' title='bbox 1153 4052 1317 4110; x_wconf 80' lang='lat' dir='ltr'><strong>atque</strong></span> <span class='ocrx_word' id='word_1_503' title='bbox 1354 4039 1436 4096; x_wconf 90' lang='lat' dir='ltr'><strong>sic</strong></span> <span class='ocrx_word' id='word_1_504' title='bbox 1462 4037 1724 4107; x_wconf 88' lang='lat' dir='ltr'><strong>obscura,</strong></span> <span class='ocrx_word' id='word_1_505' title='bbox 1755 4047 1816 4094; x_wconf 91' lang='lat' dir='ltr'><strong>ut</strong></span> <span class='ocrx_word' id='word_1_506' title='bbox 1850 4053 1988 4094; x_wconf 77' lang='lat' dir='ltr'><strong>nene</strong></span> <span class='ocrx_word' id='word_1_507' title='bbox 2031 4051 2093 4092; x_wconf 90' lang='lat' dir='ltr'><strong>se</strong></span> 
     </span>
    </p>
   </div>
   <div class='ocr_carea' id='block_1_62' title="bbox 492 4140 1221 4203">
    <p class='ocr_par' dir='ltr' id='par_1_62' title="bbox 492 4140 1221 4203">
     <span class='ocr_line' id='line_1_62' title="bbox 492 4140 1221 4203; baseline -0.004 -13"><span class='ocrx_word' id='word_1_508' title='bbox 492 4140 686 4190; x_wconf 86' lang='lat' dir='ltr'><strong>mutuo</strong></span> <span class='ocrx_word' id='word_1_509' title='bbox 711 4147 821 4188; x_wconf 90' lang='lat' dir='ltr'><strong>non</strong></span> <span class='ocrx_word' id='word_1_510' title='bbox 845 4141 1221 4203; x_wconf 81' lang='lat' dir='ltr'><strong>agnoscerent.</strong></span> 
     </span>
    </p>
   </div>
   <div class='ocr_carea' id='block_1_63' title="bbox 565 4221 2167 4309">
    <p class='ocr_par' dir='ltr' id='par_1_63' title="bbox 565 4221 2167 4309">
     <span class='ocr_line' id='line_1_63' title="bbox 565 4221 2167 4309; baseline -0.001 -30"><span class='ocrx_word' id='word_1_511' title='bbox 565 4223 695 4280; x_wconf 89' lang='lat' dir='ltr'><strong>Inde</strong></span> <span class='ocrx_word' id='word_1_512' title='bbox 724 4225 1069 4282; x_wconf 86' lang='lat' dir='ltr'><strong>ambulantes</strong></span> <span class='ocrx_word' id='word_1_513' title='bbox 1088 4240 1186 4296; x_wconf 88' lang='lat' dir='ltr'><strong>per</strong></span> <span class='ocrx_word' id='word_1_514' title='bbox 1214 4232 1422 4296; x_wconf 89' lang='lat' dir='ltr'><strong>septem</strong></span> <span class='ocrx_word' id='word_1_515' title='bbox 1441 4225 1581 4290; x_wconf 89' lang='lat' dir='ltr'><strong>dies,</strong></span> <span class='ocrx_word' id='word_1_516' title='bbox 1603 4233 1874 4281; x_wconf 84' lang='lat' dir='ltr'><strong>venerunt</strong></span> <span class='ocrx_word' id='word_1_517' title='bbox 1895 4223 1963 4279; x_wconf 86' lang='lat' dir='ltr'><strong>ad</strong></span> <span class='ocrx_word' id='word_1_518' title='bbox 1989 4221 2092 4278; x_wconf 78' lang='grc' dir='ltr'><strong>Ωιι-</strong></span> <span class='ocrx_word' id='word_1_519' title='bbox 2125 4253 2167 4309; x_wconf 74' lang='lat' dir='ltr'><strong>D</strong></span> 
     </span>
    </p>
   </div>
   <div class='ocr_carea' id='block_1_64' title="bbox 491 4315 2088 4386">
    <p class='ocr_par' dir='ltr' id='par_1_64' title="bbox 491 4315 2088 4386">
     <span class='ocr_line' id='line_1_64' title="bbox 491 4315 2088 4386; baseline 0 -16"><span class='ocrx_word' id='word_1_520' title='bbox 491 4315 643 4370; x_wconf 88' lang='lat' dir='ltr'><strong>vium</strong></span> <span class='ocrx_word' id='word_1_521' title='bbox 677 4315 936 4383; x_wconf 87' lang='lat' dir='ltr'><strong>calidum,</strong></span> <span class='ocrx_word' id='word_1_522' title='bbox 981 4316 1344 4386; x_wconf 84' lang='lat' dir='ltr'><strong>videruntque</strong></span> <span class='ocrx_word' id='word_1_523' title='bbox 1385 4316 1459 4372; x_wconf 85' lang='lat' dir='ltr'><strong>ibi</strong></span> <span class='ocrx_word' id='word_1_524' title='bbox 1487 4316 1745 4372; x_wconf 85' lang='lat' dir='ltr'><strong>mulieres</strong></span> <span class='ocrx_word' id='word_1_525' title='bbox 1780 4316 2088 4371; x_wconf 75' lang='lat' dir='ltr'><strong>Amazonas</strong></span> 
     </span>
    </p>
   </div>
   <div class='ocr_carea' id='block_1_65' title="bbox 491 4407 2085 4480">
    <p class='ocr_par' dir='ltr' id='par_1_65' title="bbox 491 4407 2085 4480">
     <span class='ocr_line' id='line_1_65' title="bbox 491 4407 2085 4480; baseline -0.001 -16"><span class='ocrx_word' id='word_1_526' title='bbox 491 4407 772 4479; x_wconf 88' lang='lat' dir='ltr'><strong>speciosas</strong></span> <span class='ocrx_word' id='word_1_527' title='bbox 799 4407 985 4475; x_wconf 88' lang='lat' dir='ltr'><strong>nimis,</strong></span> <span class='ocrx_word' id='word_1_528' title='bbox 1014 4409 1323 4478; x_wconf 87' lang='lat' dir='ltr'><strong>equitantes</strong></span> <span class='ocrx_word' id='word_1_529' title='bbox 1349 4408 1406 4463; x_wconf 86' lang='lat' dir='ltr'><strong>in</strong></span> <span class='ocrx_word' id='word_1_530' title='bbox 1444 4408 1701 4480; x_wconf 86' lang='lat' dir='ltr'><strong>horridis_</strong></span> <span class='ocrx_word' id='word_1_531' title='bbox 1720 4407 2085 4475; x_wconf 86' lang='lat' dir='ltr'><strong>vestimentis,</strong></span> 
     </span>
    </p>
   </div>
   <div class='ocr_carea' id='block_1_66' title="bbox 493 4501 2087 4572">
    <p class='ocr_par' dir='ltr' id='par_1_66' title="bbox 493 4501 2087 4572">
     <span class='ocr_line' id='line_1_66' title="bbox 493 4501 2087 4572; baseline 0.003 -18"><span class='ocrx_word' id='word_1_532' title='bbox 493 4508 754 4572; x_wconf 79' lang='lat' dir='ltr'><strong>argentea</strong></span> <span class='ocrx_word' id='word_1_533' title='bbox 785 4515 939 4556; x_wconf 88' lang='lat' dir='ltr'><strong>arma</strong></span> <span class='ocrx_word' id='word_1_534' title='bbox 982 4501 1035 4555; x_wconf 88' lang='lat' dir='ltr'><strong>in</strong></span> <span class='ocrx_word' id='word_1_535' title='bbox 1077 4501 1336 4557; x_wconf 88' lang='lat' dir='ltr'><strong>manibus</strong></span> <span class='ocrx_word' id='word_1_536' title='bbox 1371 4510 1646 4570; x_wconf 87' lang='lat' dir='ltr'><strong>tenentes;</strong></span> <span class='ocrx_word' id='word_1_537' title='bbox 1681 4517 1758 4557; x_wconf 74' lang='lat' dir='ltr'><strong>tes</strong></span> <span class='ocrx_word' id='word_1_538' title='bbox 1809 4511 1995 4557; x_wconf 87' lang='lat' dir='ltr'><strong>autem</strong></span> <span class='ocrx_word' id='word_1_539' title='bbox 2031 4509 2087 4558; x_wconf 87' lang='lat' dir='ltr'><strong>et</strong></span> 
     </span>
    </p>
   </div>
   <div class='ocr_carea' id='block_1_67' title="bbox 491 4591 2082 4666">
    <p class='ocr_par' dir='ltr' id='par_1_67' title="bbox 491 4591 2082 4666">
     <span class='ocr_line' id='line_1_67' title="bbox 491 4591 2082 4666; baseline 0 -18"><span class='ocrx_word' id='word_1_540' title='bbox 491 4591 700 4650; x_wconf 82' lang='lat' dir='ltr'><strong>ferrum</strong></span> <span class='ocrx_word' id='word_1_541' title='bbox 730 4593 802 4648; x_wconf 91' lang='lat' dir='ltr'><strong>ibi</strong></span> <span class='ocrx_word' id='word_1_542' title='bbox 829 4608 941 4648; x_wconf 89' lang='lat' dir='ltr'><strong>non</strong></span> <span class='ocrx_word' id='word_1_543' title='bbox 963 4593 1260 4649; x_wconf 89' lang='lat' dir='ltr'><strong>invenitur.</strong></span> <span class='ocrx_word' id='word_1_544' title='bbox 1291 4592 1534 4666; x_wconf 86' lang='lat' dir='ltr'><strong>.Iungcns</strong></span> <span class='ocrx_word' id='word_1_545' title='bbox 1559 4603 1744 4652; x_wconf 89' lang='lat' dir='ltr'><strong>autem</strong></span> <span class='ocrx_word' id='word_1_546' title='bbox 1785 4609 1845 4651; x_wconf 88' lang='lat' dir='ltr'><strong>se</strong></span> <span class='ocrx_word' id='word_1_547' title='bbox 1871 4593 2082 4649; x_wconf 81' lang='lat' dir='ltr'><strong>exerci-</strong></span> 
     </span>
    </p>
   </div>
   <div class='ocr_carea' id='block_1_68' title="bbox 489 4685 2082 4758">
    <p class='ocr_par' dir='ltr' id='par_1_68' title="bbox 489 4685 2082 4758">
     <span class='ocr_line' id='line_1_68' title="bbox 489 4685 2082 4758; baseline 0.001 -17"><span class='ocrx_word' id='word_1_548' title='bbox 489 4693 583 4744; x_wconf 87' lang='lat' dir='ltr'><strong>tus</strong></span> <span class='ocrx_word' id='word_1_549' title='bbox 606 4687 676 4743; x_wconf 91' lang='lat' dir='ltr'><strong>ad</strong></span> <span class='ocrx_word' id='word_1_550' title='bbox 704 4687 884 4758; x_wconf 89' lang='lat' dir='ltr'><strong>ipsum</strong></span> <span class='ocrx_word' id='word_1_551' title='bbox 909 4686 1158 4752; x_wconf 86' lang='lat' dir='ltr'><strong>ﬂuvium,</strong></span> <span class='ocrx_word' id='word_1_552' title='bbox 1184 4685 1420 4743; x_wconf 87' lang='lat' dir='ltr'><strong>transire</strong></span> <span class='ocrx_word' id='word_1_553' title='bbox 1439 4702 1549 4742; x_wconf 89' lang='lat' dir='ltr'><strong>non</strong></span> <span class='ocrx_word' id='word_1_554' title='bbox 1585 4686 1784 4758; x_wconf 86' lang='lat' dir='ltr'><strong>potuit,</strong></span> <span class='ocrx_word' id='word_1_555' title='bbox 1803 4687 1932 4757; x_wconf 85' lang='lat' dir='ltr'><strong>quia</strong></span> <span class='ocrx_word' id='word_1_556' title='bbox 1957 4686 2082 4742; x_wconf 85' lang='lat' dir='ltr'><strong>lati-</strong></span> 
     </span>
    </p>
   </div>
   <div class='ocr_carea' id='block_1_69' title="bbox 489 4779 2086 4852">
    <p class='ocr_par' dir='ltr' id='par_1_69' title="bbox 489 4779 2086 4852">
     <span class='ocr_line' id='line_1_69' title="bbox 489 4779 2086 4852; baseline 0.001 -17"><span class='ocrx_word' id='word_1_557' title='bbox 489 4779 626 4836; x_wconf 85' lang='lat' dir='ltr'><strong>tudo</strong></span> <span class='ocrx_word' id='word_1_558' title='bbox 655 4789 712 4838; x_wconf 91' lang='lat' dir='ltr'><strong>et</strong></span> <span class='ocrx_word' id='word_1_559' title='bbox 741 4781 972 4836; x_wconf 86' lang='lat' dir='ltr'><strong>altitudo</strong></span> <span class='ocrx_word' id='word_1_560' title='bbox 1001 4779 1147 4836; x_wconf 87' lang='lat' dir='ltr'><strong>illius</strong></span> <span class='ocrx_word' id='word_1_561' title='bbox 1187 4795 1387 4852; x_wconf 82' lang='lat' dir='ltr'><strong>magna</strong></span> <span class='ocrx_word' id='word_1_562' title='bbox 1416 4790 1534 4836; x_wconf 87' lang='lat' dir='ltr'><strong>erat</strong></span> <span class='ocrx_word' id='word_1_563' title='bbox 1567 4779 1754 4848; x_wconf 89' lang='lat' dir='ltr'><strong>nimis,</strong></span> <span class='ocrx_word' id='word_1_564' title='bbox 1782 4780 2086 4852; x_wconf 85' lang='lat' dir='ltr'><strong>plenusque</strong></span> 
     </span>
    </p>
   </div>
   <div class='ocr_carea' id='block_1_70' title="bbox 489 4871 1239 4944">
    <p class='ocr_par' dir='ltr' id='par_1_70' title="bbox 489 4871 1239 4944">
     <span class='ocr_line' id='line_1_70' title="bbox 489 4871 1239 4944; baseline -0.003 -16"><span class='ocrx_word' id='word_1_565' title='bbox 489 4881 610 4929; x_wconf 86' lang='lat' dir='ltr'><strong>erat</strong></span> <span class='ocrx_word' id='word_1_566' title='bbox 633 4873 920 4944; x_wconf 88' lang='lat' dir='ltr'><strong>reptilibus</strong></span> <span class='ocrx_word' id='word_1_567' title='bbox 950 4879 1006 4928; x_wconf 90' lang='lat' dir='ltr'><strong>et</strong></span> <span class='ocrx_word' id='word_1_568' title='bbox 1029 4871 1239 4928; x_wconf 88' lang='lat' dir='ltr'><strong>bestiis.</strong></span> 
     </span>
    </p>
   </div>
   <div class='ocr_carea' id='block_1_71' title="bbox 495 4963 2086 5032">
    <p class='ocr_par' dir='ltr' id='par_1_71' title="bbox 495 4963 2086 5032">
     <span class='ocr_line' id='line_1_71' title="bbox 495 4963 2086 5032; baseline 0.004 -18"><span class='ocrx_word' id='word_1_569' title='bbox 495 5007 502 5014; x_wconf 88' lang='lat'><strong>.</strong></span> <span class='ocrx_word' id='word_1_570' title='bbox 561 4963 771 5021; x_wconf 81' lang='lat' dir='ltr'><strong>Ahinde</strong></span> <span class='ocrx_word' id='word_1_571' title='bbox 810 4966 1090 5022; x_wconf 87' lang='lat' dir='ltr'><strong>venientes</strong></span> <span class='ocrx_word' id='word_1_572' title='bbox 1145 4965 1216 5020; x_wconf 88' lang='lat' dir='ltr'><strong>ad</strong></span> <span class='ocrx_word' id='word_1_573' title='bbox 1254 4980 1408 5021; x_wconf 89' lang='lat' dir='ltr'><strong>mare</strong></span> <span class='ocrx_word' id='word_1_574' title='bbox 1443 4963 1712 5032; x_wconf 79' lang='lat' dir='ltr'><strong>Rubrum,</strong></span> <span class='ocrx_word' id='word_1_575' title='bbox 1755 4964 2086 5021; x_wconf 87' lang='lat' dir='ltr'><strong>invenerunt</strong></span> 
     </span>
    </p>
   </div>
   <div class='ocr_carea' id='block_1_72' title="bbox 491 5057 2081 5128">
    <p class='ocr_par' dir='ltr' id='par_1_72' title="bbox 491 5057 2081 5128">
     <span class='ocr_line' id='line_1_72' title="bbox 491 5057 2081 5128; baseline 0.001 -16"><span class='ocrx_word' id='word_1_576' title='bbox 491 5064 733 5113; x_wconf 79' lang='lat' dir='ltr'><strong>montem</strong></span> <span class='ocrx_word' id='word_1_577' title='bbox 755 5057 921 5115; x_wconf 90' lang='lat' dir='ltr'><strong>nimis</strong></span> <span class='ocrx_word' id='word_1_578' title='bbox 933 5059 1126 5127; x_wconf 90' lang='lat' dir='ltr'><strong>altum,</strong></span> <span class='ocrx_word' id='word_1_579' title='bbox 1153 5057 1205 5112; x_wconf 92' lang='lat' dir='ltr'><strong>in</strong></span> <span class='ocrx_word' id='word_1_580' title='bbox 1237 5073 1400 5128; x_wconf 88' lang='lat' dir='ltr'><strong>quem</strong></span> <span class='ocrx_word' id='word_1_581' title='bbox 1427 5057 1803 5124; x_wconf 87' lang='lat' dir='ltr'><strong>ascendentes,</strong></span> <span class='ocrx_word' id='word_1_582' title='bbox 1826 5057 1932 5112; x_wconf 80' lang='lat' dir='ltr'><strong>visi</strong></span> <span class='ocrx_word' id='word_1_583' title='bbox 1955 5067 2081 5113; x_wconf 90' lang='lat' dir='ltr'><strong>sunt</strong></span> 
     </span>
    </p>
   </div>
   <div class='ocr_carea' id='block_1_73' title="bbox 490 5148 2082 5222">
    <p class='ocr_par' dir='ltr' id='par_1_73' title="bbox 490 5148 2082 5222">
     <span class='ocr_line' id='line_1_73' title="bbox 490 5148 2082 5222; baseline -0.001 -17"><span class='ocrx_word' id='word_1_584' title='bbox 490 5148 616 5217; x_wconf 84' lang='lat' dir='ltr'><strong>sibi,</strong></span> <span class='ocrx_word' id='word_1_585' title='bbox 646 5151 806 5220; x_wconf 90' lang='lat' dir='ltr'><strong>quasi</strong></span> <span class='ocrx_word' id='word_1_586' title='bbox 832 5161 1016 5207; x_wconf 86' lang='lat' dir='ltr'><strong>essent</strong></span> <span class='ocrx_word' id='word_1_587' title='bbox 1046 5151 1101 5206; x_wconf 87' lang='lat' dir='ltr'><strong>in</strong></span> <span class='ocrx_word' id='word_1_588' title='bbox 1135 5149 1595 5222; x_wconf 65' lang='lat' dir='ltr'><strong>etaim-Cogitavit</strong></span> <span class='ocrx_word' id='word_1_589' title='bbox 1623 5159 1802 5205; x_wconf 89' lang='lat' dir='ltr'><strong>autem</strong></span> <span class='ocrx_word' id='word_1_590' title='bbox 1839 5149 2082 5205; x_wconf 71' lang='lat' dir='ltr'><strong>Alexan—</strong></span> 
     </span>
    </p>
   </div>
   <div class='ocr_carea' id='block_1_74' title="bbox 488 5242 2079 5313">
    <p class='ocr_par' dir='ltr' id='par_1_74' title="bbox 488 5242 2079 5313">
     <span class='ocr_line' id='line_1_74' title="bbox 488 5242 2079 5313; baseline 0 -15"><span class='ocrx_word' id='word_1_591' title='bbox 488 5243 587 5298; x_wconf 91' lang='lat' dir='ltr'><strong>der</strong></span> <span class='ocrx_word' id='word_1_592' title='bbox 605 5257 730 5296; x_wconf 89' lang='lat' dir='ltr'><strong>cum</strong></span> <span class='ocrx_word' id='word_1_593' title='bbox 765 5243 959 5300; x_wconf 89' lang='lat' dir='ltr'><strong>amicis</strong></span> <span class='ocrx_word' id='word_1_594' title='bbox 991 5243 1129 5311; x_wconf 86' lang='lat' dir='ltr'><strong>suis,</strong></span> <span class='ocrx_word' id='word_1_595' title='bbox 1151 5251 1214 5299; x_wconf 91' lang='lat' dir='ltr'><strong>ut</strong></span> <span class='ocrx_word' id='word_1_596' title='bbox 1252 5244 1545 5304; x_wconf 86' lang='lat' dir='ltr'><strong>instrueret</strong></span> <span class='ocrx_word' id='word_1_597' title='bbox 1578 5242 1785 5313; x_wconf 89' lang='lat' dir='ltr'><strong>aliquid</strong></span> <span class='ocrx_word' id='word_1_598' title='bbox 1811 5242 1941 5310; x_wconf 86' lang='lat' dir='ltr'><strong>tale,</strong></span> <span class='ocrx_word' id='word_1_599' title='bbox 1967 5255 2079 5312; x_wconf 89' lang='lat' dir='ltr'><strong>quo</strong></span> 
     </span>
    </p>
   </div>
   <div class='ocr_carea' id='block_1_75' title="bbox 487 5333 2080 5408">
    <p class='ocr_par' dir='ltr' id='par_1_75' title="bbox 487 5333 2080 5408">
     <span class='ocr_line' id='line_1_75' title="bbox 487 5333 2080 5408; baseline -0.001 -17"><span class='ocrx_word' id='word_1_600' title='bbox 487 5343 676 5408; x_wconf 88' lang='lat' dir='ltr'><strong>posset</strong></span> <span class='ocrx_word' id='word_1_601' title='bbox 711 5335 1007 5392; x_wconf 83' lang='lat' dir='ltr'><strong>ascendere</strong></span> <span class='ocrx_word' id='word_1_602' title='bbox 1035 5337 1256 5404; x_wconf 74' lang='lat' dir='ltr'><strong>etclam,</strong></span> <span class='ocrx_word' id='word_1_603' title='bbox 1285 5344 1348 5392; x_wconf 84' lang='lat' dir='ltr'><strong>ut</strong></span> <span class='ocrx_word' id='word_1_604' title='bbox 1385 5335 1664 5406; x_wconf 87' lang='lat' dir='ltr'><strong>probaret,</strong></span> <span class='ocrx_word' id='word_1_605' title='bbox 1701 5335 1746 5390; x_wconf 90' lang='lat' dir='ltr'><strong>si</strong></span> <span class='ocrx_word' id='word_1_606' title='bbox 1790 5341 1938 5390; x_wconf 86' lang='lat' dir='ltr'><strong>esset</strong></span> <span class='ocrx_word' id='word_1_607' title='bbox 1974 5333 2080 5390; x_wconf 86' lang='lat' dir='ltr'><strong>hoc</strong></span> 
     </span>
    </p>
   </div>
   <div class='ocr_carea' id='block_1_76' title="bbox 487 5424 2075 5500">
    <p class='ocr_par' dir='ltr' id='par_1_76' title="bbox 487 5424 2075 5500">
     <span class='ocr_line' id='line_1_76' title="bbox 487 5424 2075 5500; baseline -0.004 -15"><span class='ocrx_word' id='word_1_608' title='bbox 487 5428 690 5485; x_wconf 72' lang='lat' dir='ltr'><strong>emtum</strong></span> <span class='ocrx_word' id='word_1_609' title='bbox 712 5428 860 5500; x_wconf 88' lang='lat' dir='ltr'><strong>quod</strong></span> <span class='ocrx_word' id='word_1_610' title='bbox 888 5428 1156 5484; x_wconf 87' lang='lat' dir='ltr'><strong>videmus.</strong></span> <span class='ocrx_word' id='word_1_611' title='bbox 1179 5427 1331 5484; x_wconf 89' lang='lat' dir='ltr'><strong>Fecit</strong></span> <span class='ocrx_word' id='word_1_612' title='bbox 1349 5443 1480 5500; x_wconf 88' lang='lat' dir='ltr'><strong>ergo</strong></span> <span class='ocrx_word' id='word_1_613' title='bbox 1501 5427 1604 5484; x_wconf 89' lang='lat' dir='ltr'><strong>sibi</strong></span> <span class='ocrx_word' id='word_1_614' title='bbox 1641 5425 1827 5484; x_wconf 87' lang='lat' dir='ltr'><strong>sedem</strong></span> <span class='ocrx_word' id='word_1_615' title='bbox 1853 5424 2075 5498; x_wconf 82' lang='lat' dir='ltr'><strong>excogi-</strong></span> 
     </span>
    </p>
   </div>
   <div class='ocr_carea' id='block_1_77' title="bbox 408 5517 2081 5592">
    <p class='ocr_par' dir='ltr' id='par_1_77' title="bbox 408 5517 2081 5592">
     <span class='ocr_line' id='line_1_77' title="bbox 408 5517 2081 5592; baseline -0.002 -16"><span class='ocrx_word' id='word_1_616' title='bbox 408 5573 426 5588; x_wconf 62' lang='lat'><strong>,</strong></span> <span class='ocrx_word' id='word_1_617' title='bbox 489 5526 680 5587; x_wconf 83' lang='lat' dir='ltr'><strong>tatam,</strong></span> <span class='ocrx_word' id='word_1_618' title='bbox 711 5527 768 5575; x_wconf 83' lang='lat' dir='ltr'><strong>et</strong></span> <span class='ocrx_word' id='word_1_619' title='bbox 787 5519 1200 5592; x_wconf 87' lang='lat' dir='ltr'><strong>apprehendens</strong></span> <span class='ocrx_word' id='word_1_620' title='bbox 1221 5520 1442 5592; x_wconf 87' lang='lat' dir='ltr'><strong>griphes</strong></span> <span class='ocrx_word' id='word_1_621' title='bbox 1470 5519 1628 5586; x_wconf 87' lang='lat' dir='ltr'><strong>duos,</strong></span> <span class='ocrx_word' id='word_1_622' title='bbox 1671 5517 1947 5590; x_wconf 85' lang='lat' dir='ltr'><strong>colligavit</strong></span> <span class='ocrx_word' id='word_1_623' title='bbox 1982 5532 2081 5573; x_wconf 89' lang='lat' dir='ltr'><strong>eos</strong></span> 
     </span>
    </p>
   </div>
   <div class='ocr_carea' id='block_1_78' title="bbox 483 5609 2081 5684">
    <p class='ocr_par' dir='ltr' id='par_1_78' title="bbox 483 5609 2081 5684">
     <span class='ocr_line' id='line_1_78' title="bbox 483 5609 2081 5684; baseline -0.003 -14"><span class='ocrx_word' id='word_1_624' title='bbox 483 5612 714 5680; x_wconf 82' lang='lat' dir='ltr'><strong>catenis,</strong></span> <span class='ocrx_word' id='word_1_625' title='bbox 743 5621 814 5670; x_wconf 74' lang='grc' dir='ltr'><strong>,οι</strong></span> <span class='ocrx_word' id='word_1_626' title='bbox 839 5613 1026 5684; x_wconf 92' lang='lat' dir='ltr'><strong>posuit</strong></span> <span class='ocrx_word' id='word_1_627' title='bbox 1062 5621 1242 5670; x_wconf 85' lang='lat' dir='ltr'><strong>vectes</strong></span> <span class='ocrx_word' id='word_1_628' title='bbox 1282 5623 1410 5670; x_wconf 89' lang='lat' dir='ltr'><strong>ante</strong></span> <span class='ocrx_word' id='word_1_629' title='bbox 1435 5628 1550 5682; x_wconf 90' lang='lat' dir='ltr'><strong>eos,</strong></span> <span class='ocrx_word' id='word_1_630' title='bbox 1591 5612 1724 5668; x_wconf 84' lang='lat' dir='ltr'><strong>etin</strong></span> <span class='ocrx_word' id='word_1_631' title='bbox 1764 5609 2081 5668; x_wconf 88' lang='lat' dir='ltr'><strong>summitate</strong></span> 
     </span>
    </p>
   </div>
   <div class='ocr_carea' id='block_1_79' title="bbox 485 5705 2078 5778">
    <p class='ocr_par' dir='ltr' id='par_1_79' title="bbox 485 5705 2078 5778">
     <span class='ocr_line' id='line_1_79' title="bbox 485 5705 2078 5778; baseline -0.002 -16"><span class='ocrx_word' id='word_1_632' title='bbox 485 5721 678 5762; x_wconf 87' lang='lat' dir='ltr'><strong>eorum</strong></span> <span class='ocrx_word' id='word_1_633' title='bbox 707 5706 913 5762; x_wconf 87' lang='lat' dir='ltr'><strong>cibaria</strong></span> <span class='ocrx_word' id='word_1_634' title='bbox 945 5705 1183 5762; x_wconf 91' lang='lat' dir='ltr'><strong>illorum.</strong></span> <span class='ocrx_word' id='word_1_635' title='bbox 1211 5705 1508 5778; x_wconf 88' lang='lat' dir='ltr'><strong>Coeperunt</strong></span> <span class='ocrx_word' id='word_1_636' title='bbox 1539 5705 1702 5778; x_wconf 80' lang='lat' dir='ltr'><strong>igitur</strong></span> <span class='ocrx_word' id='word_1_637' title='bbox 1737 5718 1960 5762; x_wconf 90' lang='lat' dir='ltr'><strong>sursum</strong></span> <span class='ocrx_word' id='word_1_638' title='bbox 1987 5718 2078 5760; x_wconf 90' lang='lat' dir='ltr'><strong>as-</strong></span> 
     </span>
    </p>
   </div>
   <div class='ocr_carea' id='block_1_80' title="bbox 486 5797 2078 5870">
    <p class='ocr_par' dir='ltr' id='par_1_80' title="bbox 486 5797 2078 5870">
     <span class='ocr_line' id='line_1_80' title="bbox 486 5797 2078 5870; baseline 0.001 -18"><span class='ocrx_word' id='word_1_639' title='bbox 486 5797 738 5867; x_wconf 85' lang='lat' dir='ltr'><strong>cendere,</strong></span> <span class='ocrx_word' id='word_1_640' title='bbox 766 5799 942 5856; x_wconf 86' lang='lat' dir='ltr'><strong>donec</strong></span> <span class='ocrx_word' id='word_1_641' title='bbox 962 5807 1108 5855; x_wconf 86' lang='lat' dir='ltr'><strong>terra</strong></span> <span class='ocrx_word' id='word_1_642' title='bbox 1131 5806 1244 5856; x_wconf 89' lang='lat' dir='ltr'><strong>tota</strong></span> <span class='ocrx_word' id='word_1_643' title='bbox 1269 5799 1374 5856; x_wconf 89' lang='lat' dir='ltr'><strong>sibi</strong></span> <span class='ocrx_word' id='word_1_644' title='bbox 1394 5798 1681 5856; x_wconf 85' lang='lat' dir='ltr'><strong>videbatur</strong></span> <span class='ocrx_word' id='word_1_645' title='bbox 1707 5797 1810 5858; x_wconf 87' lang='lat' dir='ltr'><strong>sub</strong></span> <span class='ocrx_word' id='word_1_646' title='bbox 1833 5812 1892 5856; x_wconf 89' lang='lat' dir='ltr'><strong>se</strong></span> <span class='ocrx_word' id='word_1_647' title='bbox 1916 5797 2078 5870; x_wconf 85' lang='lat' dir='ltr'><strong>quasi</strong></span> 
     </span>
    </p>
   </div>
   <div class='ocr_carea' id='block_1_81' title="bbox 2197 3015 3763 3094">
    <p class='ocr_par' dir='ltr' id='par_1_81' title="bbox 2197 3015 3763 3094">
     <span class='ocr_line' id='line_1_81' title="bbox 2197 3015 3763 3094; baseline 0.003 -24"><span class='ocrx_word' id='word_1_648' title='bbox 2197 3015 2507 3088; x_wconf 84' lang='lat' dir='ltr'><strong>subjugavit</strong></span> <span class='ocrx_word' id='word_1_649' title='bbox 2553 3018 2658 3074; x_wconf 89' lang='lat' dir='ltr'><strong>sibi</strong></span> <span class='ocrx_word' id='word_1_650' title='bbox 2704 3033 2922 3075; x_wconf 89' lang='lat' dir='ltr'><strong>omnem</strong></span> <span class='ocrx_word' id='word_1_651' title='bbox 2977 3027 3179 3076; x_wconf 87' lang='lat' dir='ltr'><strong>terram</strong></span> <span class='ocrx_word' id='word_1_652' title='bbox 3219 3021 3390 3089; x_wconf 87' lang='lat' dir='ltr'><strong>illius,</strong></span> <span class='ocrx_word' id='word_1_653' title='bbox 3423 3033 3484 3078; x_wconf 86' lang='lat' dir='ltr'><strong>et</strong></span> <span class='ocrx_word' id='word_1_654' title='bbox 3517 3024 3686 3094; x_wconf 84' lang='lat' dir='ltr'><strong>posuit</strong></span> <span class='ocrx_word' id='word_1_655' title='bbox 3722 3022 3763 3075; x_wconf 81' lang='lat' dir='ltr'><strong>in</strong></span> 
     </span>
    </p>
   </div>
   <div class='ocr_carea' id='block_1_82' title="bbox 2196 3109 3828 3184">
    <p class='ocr_par' dir='ltr' id='par_1_82' title="bbox 2196 3109 3828 3184">
     <span class='ocr_line' id='line_1_82' title="bbox 2196 3109 3828 3184; baseline 0.006 -23"><span class='ocrx_word' id='word_1_656' title='bbox 2196 3109 2494 3176; x_wconf 84' lang='lat' dir='ltr'><strong>provinciis</strong></span> <span class='ocrx_word' id='word_1_657' title='bbox 2542 3111 2774 3168; x_wconf 90' lang='lat' dir='ltr'><strong>orientis</strong></span> <span class='ocrx_word' id='word_1_658' title='bbox 2817 3127 2948 3168; x_wconf 88' lang='lat' dir='ltr'><strong>suos</strong></span> <span class='ocrx_word' id='word_1_659' title='bbox 2991 3113 3316 3182; x_wconf 89' lang='lat' dir='ltr'><strong>honoratos,</strong></span> <span class='ocrx_word' id='word_1_660' title='bbox 3361 3125 3420 3172; x_wconf 88' lang='lat' dir='ltr'><strong>et</strong></span> <span class='ocrx_word' id='word_1_661' title='bbox 3453 3115 3766 3172; x_wconf 76' lang='lat' dir='ltr'><strong>divitesfacu</strong></span> <span class='ocrx_word' id='word_1_662' title='bbox 3826 3109 3828 3184; x_wconf 54' lang='lat' dir='ltr'>g</span> 
     </span>
    </p>
   </div>
   <div class='ocr_carea' id='block_1_83' title="bbox 2195 3203 3828 3276">
    <p class='ocr_par' dir='ltr' id='par_1_83' title="bbox 2195 3203 3828 3276">
     <span class='ocr_line' id='line_1_83' title="bbox 2195 3203 3828 3276; baseline 0 -16"><span class='ocrx_word' id='word_1_663' title='bbox 2195 3211 2326 3260; x_wconf 86' lang='lat' dir='ltr'><strong>sunt</strong></span> <span class='ocrx_word' id='word_1_664' title='bbox 2353 3218 2566 3260; x_wconf 88' lang='lat' dir='ltr'><strong>omnes.</strong></span> <span class='ocrx_word' id='word_1_665' title='bbox 2597 3203 2783 3262; x_wconf 84' lang='lat' dir='ltr'><strong>Mense</strong></span> <span class='ocrx_word' id='word_1_666' title='bbox 2823 3215 3006 3262; x_wconf 89' lang='lat' dir='ltr'><strong>autem</strong></span> <span class='ocrx_word' id='word_1_667' title='bbox 3023 3205 3179 3263; x_wconf 79' lang='lat' dir='ltr'><strong>Julio</strong></span> <span class='ocrx_word' id='word_1_668' title='bbox 3203 3207 3526 3276; x_wconf 72' lang='lat' dir='ltr'><strong>deﬁciente,</strong></span> <span class='ocrx_word' id='word_1_669' title='bbox 3571 3209 3700 3265; x_wconf 83' lang='lat' dir='ltr'><strong>venit</strong></span> <span class='ocrx_word' id='word_1_670' title='bbox 3723 3209 3763 3260; x_wconf 80' lang='lat' dir='ltr'><strong>in</strong></span> <span class='ocrx_word' id='word_1_671' title='bbox 3826 3209 3828 3276; x_wconf 74' lang='grc' dir='ltr'><strong>ί</strong></span> 
     </span>
    </p>
   </div>
   <div class='ocr_carea' id='block_1_84' title="bbox 2194 3294 3768 3373">
    <p class='ocr_par' dir='ltr' id='par_1_84' title="bbox 2194 3294 3768 3373">
     <span class='ocr_line' id='line_1_84' title="bbox 2194 3294 3768 3373; baseline 0.002 -23"><span class='ocrx_word' id='word_1_672' title='bbox 2194 3294 2400 3352; x_wconf 88' lang='lat' dir='ltr'><strong>lndiam</strong></span> <span class='ocrx_word' id='word_1_673' title='bbox 2426 3296 2712 3364; x_wconf 78' lang='lat' dir='ltr'><strong>Fasiacen,</strong></span> <span class='ocrx_word' id='word_1_674' title='bbox 2739 3299 2831 3354; x_wconf 90' lang='lat' dir='ltr'><strong>ubi</strong></span> <span class='ocrx_word' id='word_1_675' title='bbox 2861 3315 2985 3356; x_wconf 90' lang='lat' dir='ltr'><strong>cum</strong></span> <span class='ocrx_word' id='word_1_676' title='bbox 3009 3315 3210 3373; x_wconf 86' lang='lat' dir='ltr'><strong>magna</strong></span> <span class='ocrx_word' id='word_1_677' title='bbox 3235 3303 3526 3359; x_wconf 87' lang='lat' dir='ltr'><strong>celeritate</strong></span> <span class='ocrx_word' id='word_1_678' title='bbox 3547 3303 3671 3358; x_wconf 84' lang='lat' dir='ltr'><strong>vicit</strong></span> <span class='ocrx_word' id='word_1_679' title='bbox 3688 3299 3768 3355; x_wconf 77' lang='lat' dir='ltr'><strong>Po-</strong></span> 
     </span>
    </p>
   </div>
   <div class='ocr_carea' id='block_1_85' title="bbox 2193 3381 3828 3467">
    <p class='ocr_par' dir='ltr' id='par_1_85' title="bbox 2193 3381 3828 3467">
     <span class='ocr_line' id='line_1_85' title="bbox 2193 3381 3828 3467; baseline 0.001 -24"><span class='ocrx_word' id='word_1_680' title='bbox 2193 3403 2318 3444; x_wconf 87' lang='lat' dir='ltr'><strong>rum</strong></span> <span class='ocrx_word' id='word_1_681' title='bbox 2348 3405 2530 3462; x_wconf 83' lang='lat' dir='ltr'><strong>regem</strong></span> <span class='ocrx_word' id='word_1_682' title='bbox 2573 3391 2887 3463; x_wconf 85' lang='lat' dir='ltr'><strong>multasque</strong></span> <span class='ocrx_word' id='word_1_683' title='bbox 2906 3391 3127 3450; x_wconf 88' lang='lat' dir='ltr'><strong>divitias</strong></span> <span class='ocrx_word' id='word_1_684' title='bbox 3166 3393 3401 3450; x_wconf 86' lang='lat' dir='ltr'><strong>invenit.</strong></span> <span class='ocrx_word' id='word_1_685' title='bbox 3429 3392 3770 3467; x_wconf 81' lang='lat' dir='ltr'><strong>Apprehendit</strong></span> 
     </span>
    </p>
   </div>
   <div class='ocr_carea' id='block_1_86' title="bbox 2193 3481 3768 3560">
    <p class='ocr_par' dir='ltr' id='par_1_86' title="bbox 2193 3481 3768 3560">
     <span class='ocr_line' id='line_1_86' title="bbox 2193 3481 3768 3560; baseline 0.006 -23"><span class='ocrx_word' id='word_1_686' title='bbox 2193 3481 2339 3537; x_wconf 80' lang='lat' dir='ltr'><strong>enim</strong></span> <span class='ocrx_word' id='word_1_687' title='bbox 2368 3483 2641 3538; x_wconf 83' lang='lat' dir='ltr'><strong>civitatem</strong></span> <span class='ocrx_word' id='word_1_688' title='bbox 2667 3483 2840 3555; x_wconf 87' lang='lat' dir='ltr'><strong>ipsius</strong></span> <span class='ocrx_word' id='word_1_689' title='bbox 2874 3483 3003 3540; x_wconf 89' lang='lat' dir='ltr'><strong>Pori</strong></span> <span class='ocrx_word' id='word_1_690' title='bbox 3032 3494 3088 3542; x_wconf 91' lang='lat' dir='ltr'><strong>et</strong></span> <span class='ocrx_word' id='word_1_691' title='bbox 3125 3486 3358 3542; x_wconf 88' lang='lat' dir='ltr'><strong>domum</strong></span> <span class='ocrx_word' id='word_1_692' title='bbox 3389 3489 3517 3559; x_wconf 76' lang='lat' dir='ltr'><strong>ejus</strong></span> <span class='ocrx_word' id='word_1_693' title='bbox 3550 3485 3768 3560; x_wconf 48' lang='lat' dir='ltr'><strong>magni-</strong></span> 
     </span>
    </p>
   </div>
   <div class='ocr_carea' id='block_1_87' title="bbox 2192 3574 3769 3652">
    <p class='ocr_par' dir='ltr' id='par_1_87' title="bbox 2192 3574 3769 3652">
     <span class='ocr_line' id='line_1_87' title="bbox 2192 3574 3769 3652; baseline 0.002 -22"><span class='ocrx_word' id='word_1_694' title='bbox 2192 3589 2336 3642; x_wconf 88' lang='lat' dir='ltr'><strong>cam,</strong></span> <span class='ocrx_word' id='word_1_695' title='bbox 2363 3574 2416 3632; x_wconf 88' lang='lat' dir='ltr'><strong>in</strong></span> <span class='ocrx_word' id='word_1_696' title='bbox 2469 3592 2576 3648; x_wconf 89' lang='lat' dir='ltr'><strong>qua</strong></span> <span class='ocrx_word' id='word_1_697' title='bbox 2623 3575 2845 3633; x_wconf 87' lang='lat' dir='ltr'><strong>fuerunt</strong></span> <span class='ocrx_word' id='word_1_698' title='bbox 2873 3577 3290 3652; x_wconf 66' lang='lat' dir='ltr'><strong>quadringenta</strong></span> <span class='ocrx_word' id='word_1_699' title='bbox 3311 3581 3592 3637; x_wconf 64' lang='lat' dir='ltr'><strong>columnae</strong></span> <span class='ocrx_word' id='word_1_700' title='bbox 3617 3593 3769 3635; x_wconf 68' lang='lat' dir='ltr'><strong>aure:</strong></span> 
     </span>
    </p>
   </div>
   <div class='ocr_carea' id='block_1_88' title="bbox 2193 3665 3828 3738">
    <p class='ocr_par' dir='ltr' id='par_1_88' title="bbox 2193 3665 3828 3738">
     <span class='ocr_line' id='line_1_88' title="bbox 2193 3665 3828 3738; baseline 0.002 -20"><span class='ocrx_word' id='word_1_701' title='bbox 2193 3678 2318 3719; x_wconf 89' lang='lat' dir='ltr'><strong>cum</strong></span> <span class='ocrx_word' id='word_1_702' title='bbox 2345 3665 2612 3735; x_wconf 85' lang='lat' dir='ltr'><strong>capitellis</strong></span> <span class='ocrx_word' id='word_1_703' title='bbox 2651 3667 2854 3723; x_wconf 87' lang='lat' dir='ltr'><strong>aureis.</strong></span> <span class='ocrx_word' id='word_1_704' title='bbox 2895 3676 2951 3724; x_wconf 89' lang='lat' dir='ltr'><strong>et</strong></span> <span class='ocrx_word' id='word_1_705' title='bbox 2993 3668 3232 3738; x_wconf 86' lang='lat' dir='ltr'><strong>parietes</strong></span> <span class='ocrx_word' id='word_1_706' title='bbox 3270 3670 3481 3728; x_wconf 84' lang='lat' dir='ltr'><strong>domus</strong></span> <span class='ocrx_word' id='word_1_707' title='bbox 3509 3680 3665 3727; x_wconf 85' lang='lat' dir='ltr'><strong>erant</strong></span> <span class='ocrx_word' id='word_1_708' title='bbox 3699 3684 3771 3724; x_wconf 66' lang='lat' dir='ltr'><strong>vr-</strong></span> <span class='ocrx_word' id='word_1_709' title='bbox 3826 3671 3828 3738; x_wconf 54' lang='grc' dir='ltr'><strong>ί</strong></span> 
     </span>
    </p>
   </div>
   <div class='ocr_carea' id='block_1_89' title="bbox 2192 3746 3768 3833">
    <p class='ocr_par' dir='ltr' id='par_1_89' title="bbox 2192 3746 3768 3833">
     <span class='ocr_line' id='line_1_89' title="bbox 2192 3746 3768 3833; baseline -0.001 -19"><span class='ocrx_word' id='word_1_710' title='bbox 2192 3746 2552 3814; x_wconf 74' lang='lat' dir='ltr'><strong>stitilaminis</strong></span> <span class='ocrx_word' id='word_1_711' title='bbox 2573 3757 2776 3825; x_wconf 86' lang='lat' dir='ltr'><strong>aureis,</strong></span> <span class='ocrx_word' id='word_1_712' title='bbox 2799 3774 2923 3828; x_wconf 66' lang='lat' dir='ltr'><strong>quae</strong></span> <span class='ocrx_word' id='word_1_713' title='bbox 2947 3768 3106 3815; x_wconf 87' lang='lat' dir='ltr'><strong>erant</strong></span> <span class='ocrx_word' id='word_1_714' title='bbox 3125 3775 3340 3832; x_wconf 63' lang='lat' dir='ltr'><strong>grossae</strong></span> <span class='ocrx_word' id='word_1_715' title='bbox 3357 3760 3420 3816; x_wconf 90' lang='lat' dir='ltr'><strong>in</strong></span> <span class='ocrx_word' id='word_1_716' title='bbox 3445 3759 3768 3833; x_wconf 76' lang='lat' dir='ltr'><strong>spissitndiac</strong></span> 
     </span>
    </p>
   </div>
   <div class='ocr_carea' id='block_1_90' title="bbox 2193 3847 3828 3924">
    <p class='ocr_par' dir='ltr' id='par_1_90' title="bbox 2193 3847 3828 3924">
     <span class='ocr_line' id='line_1_90' title="bbox 2193 3847 3828 3924; baseline 0.001 -20"><span class='ocrx_word' id='word_1_717' title='bbox 2193 3847 2337 3906; x_wconf 89' lang='lat' dir='ltr'><strong>sicut</strong></span> <span class='ocrx_word' id='word_1_718' title='bbox 2358 3859 2443 3905; x_wconf 89' lang='lat' dir='ltr'><strong>est</strong></span> <span class='ocrx_word' id='word_1_719' title='bbox 2465 3849 2670 3922; x_wconf 85' lang='lat' dir='ltr'><strong>digitus</strong></span> <span class='ocrx_word' id='word_1_720' title='bbox 2690 3850 2952 3918; x_wconf 86' lang='lat' dir='ltr'><strong>hominis,</strong></span> <span class='ocrx_word' id='word_1_721' title='bbox 2981 3851 3142 3908; x_wconf 84' lang='lat' dir='ltr'><strong>vinea</strong></span> <span class='ocrx_word' id='word_1_722' title='bbox 3170 3867 3400 3924; x_wconf 80' lang='lat' dir='ltr'><strong>quoque</strong></span> <span class='ocrx_word' id='word_1_723' title='bbox 3441 3862 3772 3910; x_wconf 79' lang='lat' dir='ltr'><strong>aureaetn-</strong></span> <span class='ocrx_word' id='word_1_724' title='bbox 3826 3847 3828 3924; x_wconf 65' lang='grc' dir='ltr'><strong>ε</strong></span> 
     </span>
    </p>
   </div>
   <div class='ocr_carea' id='block_1_91' title="bbox 3453 2185 3763 2242">
    <p class='ocr_par' dir='ltr' id='par_1_91' title="bbox 3453 2185 3763 2242">
     <span class='ocr_line' id='line_1_91' title="bbox 3453 2185 3763 2242; baseline 0 -2"><span class='ocrx_word' id='word_1_725' title='bbox 3453 2185 3582 2242; x_wconf 86' lang='lat' dir='ltr'><strong>Hoc</strong></span> <span class='ocrx_word' id='word_1_726' title='bbox 3621 2187 3763 2242; x_wconf 70' lang='lat' dir='ltr'><strong>audito</strong></span> 
     </span>
    </p>
   </div>
   <div class='ocr_carea' id='block_1_92' title="bbox 2199 2202 3828 2356">
    <p class='ocr_par' dir='ltr' id='par_1_92' title="bbox 2199 2202 3828 2356">
     <span class='ocr_line' id='line_1_92' title="bbox 2201 2202 3828 2250; baseline 0.001 -12"><span class='ocrx_word' id='word_1_727' title='bbox 2201 2202 2396 2238; x_wconf 76' lang='grc' dir='ltr'><strong>ιιδδιηιι</strong></span> <span class='ocrx_word' id='word_1_728' title='bbox 2447 2202 2504 2237; x_wconf 81' lang='grc' dir='ltr'><strong>ιη</strong></span> <span class='ocrx_word' id='word_1_729' title='bbox 2566 2202 2927 2238; x_wconf 84' lang='lat' dir='ltr'><strong>summuenao</strong></span> <span class='ocrx_word' id='word_1_730' title='bbox 2977 2202 3027 2240; x_wconf 78' lang='grc' dir='ltr'><strong>ει</strong></span> <span class='ocrx_word' id='word_1_731' title='bbox 3078 2202 3391 2240; x_wconf 76' lang='lat' dir='ltr'><strong>reducendo.</strong></span> <span class='ocrx_word' id='word_1_732' title='bbox 3453 2202 3582 2244; x_wconf 73' lang='lat' dir='ltr'><strong>HOC</strong></span> <span class='ocrx_word' id='word_1_733' title='bbox 3621 2202 3763 2242; x_wconf 68' lang='lat' dir='ltr'><strong>auena</strong></span> <span class='ocrx_word' id='word_1_734' title='bbox 3826 2235 3828 2250; x_wconf 82' lang='grc'>,</span> 
     </span>
     <span class='ocr_line' id='line_1_93' title="bbox 2199 2276 3828 2356; baseline 0.002 -26"><span class='ocrx_word' id='word_1_735' title='bbox 2199 2276 2525 2344; x_wconf 76' lang='lat' dir='ltr'><strong>Alexander,</strong></span> <span class='ocrx_word' id='word_1_736' title='bbox 2550 2276 2793 2348; x_wconf 88' lang='lat' dir='ltr'><strong>precepit</strong></span> <span class='ocrx_word' id='word_1_737' title='bbox 2816 2277 2946 2333; x_wconf 88' lang='lat' dir='ltr'><strong>talia</strong></span> <span class='ocrx_word' id='word_1_738' title='bbox 2986 2278 3126 2344; x_wconf 85' lang='lat' dir='ltr'><strong>ﬁeri,</strong></span> <span class='ocrx_word' id='word_1_739' title='bbox 3167 2287 3222 2334; x_wconf 90' lang='lat' dir='ltr'><strong>et</strong></span> <span class='ocrx_word' id='word_1_740' title='bbox 3252 2279 3346 2334; x_wconf 88' lang='lat' dir='ltr'><strong>tali</strong></span> <span class='ocrx_word' id='word_1_741' title='bbox 3382 2281 3564 2337; x_wconf 88' lang='lat' dir='ltr'><strong>modo</strong></span> <span class='ocrx_word' id='word_1_742' title='bbox 3591 2281 3763 2352; x_wconf 79' lang='lat' dir='ltr'><strong>perqni-</strong></span> <span class='ocrx_word' id='word_1_743' title='bbox 3826 2351 3828 2356; x_wconf 24' lang='grc' dir='ltr'>ι</span> 
     </span>
    </p>
   </div>
   <div class='ocr_carea' id='block_1_93' title="bbox 2191 3941 3828 4018">
    <p class='ocr_par' dir='ltr' id='par_1_93' title="bbox 2191 3941 3828 4018">
     <span class='ocr_line' id='line_1_94' title="bbox 2191 3941 3828 4018; baseline -0.001 -20"><span class='ocrx_word' id='word_1_744' title='bbox 2191 3941 2332 3998; x_wconf 81' lang='lat' dir='ltr'><strong>cemi</strong></span> <span class='ocrx_word' id='word_1_745' title='bbox 2372 3941 2680 4009; x_wconf 85' lang='lat' dir='ltr'><strong>cristallini,</strong></span> <span class='ocrx_word' id='word_1_746' title='bbox 2727 3942 2931 4014; x_wconf 89' lang='lat' dir='ltr'><strong>quibus</strong></span> <span class='ocrx_word' id='word_1_747' title='bbox 2975 3943 3316 4016; x_wconf 72' lang='lat' dir='ltr'><strong>interposita:</strong></span> <span class='ocrx_word' id='word_1_748' title='bbox 3365 3953 3532 4002; x_wconf 84' lang='lat' dir='ltr'><strong>erant</strong></span> <span class='ocrx_word' id='word_1_749' title='bbox 3573 3957 3772 4018; x_wconf 66' lang='lat' dir='ltr'><strong>genae</strong></span> <span class='ocrx_word' id='word_1_750' title='bbox 3826 3941 3828 3996; x_wconf 76' lang='grc' dir='ltr'><em>ἲ</em></span> 
     </span>
    </p>
   </div>
   <div class='ocr_carea' id='block_1_94' title="bbox 2191 4031 3828 4107">
    <p class='ocr_par' dir='ltr' id='par_1_94' title="bbox 2191 4031 3828 4107">
     <span class='ocr_line' id='line_1_95' title="bbox 2191 4031 3828 4107; baseline 0.004 -19"><span class='ocrx_word' id='word_1_751' title='bbox 2191 4033 2375 4106; x_wconf 70' lang='lat' dir='ltr'><strong>ignita:</strong></span> <span class='ocrx_word' id='word_1_752' title='bbox 2427 4043 2482 4091; x_wconf 92' lang='lat' dir='ltr'><strong>ct</strong></span> <span class='ocrx_word' id='word_1_753' title='bbox 2521 4035 2938 4107; x_wconf 73' lang='lat' dir='ltr'><strong>smaragdinete.</strong></span> <span class='ocrx_word' id='word_1_754' title='bbox 2991 4034 3198 4095; x_wconf 87' lang='lat' dir='ltr'><strong>Omnes</strong></span> <span class='ocrx_word' id='word_1_755' title='bbox 3237 4038 3413 4093; x_wconf 77' lang='lat' dir='ltr'><strong>etiam</strong></span> <span class='ocrx_word' id='word_1_756' title='bbox 3455 4037 3772 4096; x_wconf 73' lang='lat' dir='ltr'><strong>mansiones.</strong></span> <span class='ocrx_word' id='word_1_757' title='bbox 3826 4031 3828 4084; x_wconf 79' lang='grc' dir='ltr'><strong>ἱ</strong></span> 
     </span>
    </p>
   </div>
   <div class='ocr_carea' id='block_1_95' title="bbox 2191 4126 3770 4202">
    <p class='ocr_par' dir='ltr' id='par_1_95' title="bbox 2191 4126 3770 4202">
     <span class='ocr_line' id='line_1_96' title="bbox 2191 4126 3770 4202; baseline 0.003 -21"><span class='ocrx_word' id='word_1_758' title='bbox 2191 4142 2315 4198; x_wconf 82' lang='lat' dir='ltr'><strong>qua:</strong></span> <span class='ocrx_word' id='word_1_759' title='bbox 2346 4126 2561 4184; x_wconf 87' lang='lat' dir='ltr'><strong>inerant</strong></span> <span class='ocrx_word' id='word_1_760' title='bbox 2586 4127 2658 4196; x_wconf 90' lang='lat' dir='ltr'><strong>ei,</strong></span> <span class='ocrx_word' id='word_1_761' title='bbox 2687 4136 2896 4184; x_wconf 77' lang='lat' dir='ltr'><strong>ornata:</strong></span> <span class='ocrx_word' id='word_1_762' title='bbox 2916 4137 3074 4184; x_wconf 85' lang='lat' dir='ltr'><strong>erant</strong></span> <span class='ocrx_word' id='word_1_763' title='bbox 3097 4129 3166 4185; x_wconf 91' lang='lat' dir='ltr'><strong>de</strong></span> <span class='ocrx_word' id='word_1_764' title='bbox 3188 4131 3512 4202; x_wconf 86' lang='lat' dir='ltr'><strong>margaritis</strong></span> <span class='ocrx_word' id='word_1_765' title='bbox 3545 4140 3604 4188; x_wconf 84' lang='lat' dir='ltr'><strong>et</strong></span> <span class='ocrx_word' id='word_1_766' title='bbox 3631 4128 3770 4185; x_wconf 80' lang='lat' dir='ltr'><strong>unio-</strong></span> 
     </span>
    </p>
   </div>
   <div class='ocr_carea' id='block_1_96' title="bbox 2193 4218 3772 4292">
    <p class='ocr_par' dir='ltr' id='par_1_96' title="bbox 2193 4218 3772 4292">
     <span class='ocr_line' id='line_1_97' title="bbox 2193 4218 3772 4292; baseline 0.004 -19"><span class='ocrx_word' id='word_1_767' title='bbox 2193 4218 2357 4275; x_wconf 83' lang='lat' dir='ltr'><strong>nibus</strong></span> <span class='ocrx_word' id='word_1_768' title='bbox 2403 4229 2458 4275; x_wconf 85' lang='lat' dir='ltr'><strong>et</strong></span> <span class='ocrx_word' id='word_1_769' title='bbox 2486 4220 2858 4288; x_wconf 87' lang='lat' dir='ltr'><strong>carbunculis,</strong></span> <span class='ocrx_word' id='word_1_770' title='bbox 2881 4229 2937 4276; x_wconf 89' lang='lat' dir='ltr'><strong>et</strong></span> <span class='ocrx_word' id='word_1_771' title='bbox 2963 4219 3166 4292; x_wconf 88' lang='lat' dir='ltr'><strong>januas</strong></span> <span class='ocrx_word' id='word_1_772' title='bbox 3199 4221 3480 4280; x_wconf 81' lang='lat' dir='ltr'><strong>habebant</strong></span> <span class='ocrx_word' id='word_1_773' title='bbox 3523 4224 3598 4281; x_wconf 83' lang='lat' dir='ltr'><strong>de</strong></span> <span class='ocrx_word' id='word_1_774' title='bbox 3629 4222 3772 4279; x_wconf 60' lang='lat' dir='ltr'><strong>em</strong></span> 
     </span>
    </p>
   </div>
   <div class='ocr_carea' id='block_1_97' title="bbox 2193 4307 3828 4386">
    <p class='ocr_par' dir='ltr' id='par_1_97' title="bbox 2193 4307 3828 4386">
     <span class='ocr_line' id='line_1_98' title="bbox 2193 4307 3828 4386; baseline 0.001 -20"><span class='ocrx_word' id='word_1_775' title='bbox 2193 4307 2338 4378; x_wconf 88' lang='lat' dir='ltr'><strong>albo,</strong></span> <span class='ocrx_word' id='word_1_776' title='bbox 2371 4320 2426 4368; x_wconf 89' lang='lat' dir='ltr'><strong>et</strong></span> <span class='ocrx_word' id='word_1_777' title='bbox 2457 4311 2736 4384; x_wconf 81' lang='lat' dir='ltr'><strong>laquearia</strong></span> <span class='ocrx_word' id='word_1_778' title='bbox 2760 4313 2972 4369; x_wconf 81' lang='lat' dir='ltr'><strong>subﬁxa</strong></span> <span class='ocrx_word' id='word_1_779' title='bbox 2993 4313 3062 4370; x_wconf 91' lang='lat' dir='ltr'><strong>de</strong></span> <span class='ocrx_word' id='word_1_780' title='bbox 3090 4314 3241 4386; x_wconf 84' lang='lat' dir='ltr'><strong>ligno</strong></span> <span class='ocrx_word' id='word_1_781' title='bbox 3265 4316 3419 4386; x_wconf 85' lang='lat' dir='ltr'><strong>quod</strong></span> <span class='ocrx_word' id='word_1_782' title='bbox 3439 4316 3770 4374; x_wconf 74' lang='lat' dir='ltr'><strong>diciturcbc—</strong></span> <span class='ocrx_word' id='word_1_783' title='bbox 3826 4317 3828 4368; x_wconf 79' lang='grc' dir='ltr'><em>Ξ</em></span> 
     </span>
    </p>
   </div>
   <div class='ocr_carea' id='block_1_98' title="bbox 2191 4404 3828 4482">
    <p class='ocr_par' dir='ltr' id='par_1_98' title="bbox 2191 4404 3828 4482">
     <span class='ocr_line' id='line_1_99' title="bbox 2191 4404 3828 4482; baseline 0.006 -25"><span class='ocrx_word' id='word_1_784' title='bbox 2191 4418 2322 4458; x_wconf 87' lang='lat' dir='ltr'><strong>num</strong></span> <span class='ocrx_word' id='word_1_785' title='bbox 2351 4411 2516 4460; x_wconf 85' lang='lat' dir='ltr'><strong>etest</strong></span> <span class='ocrx_word' id='word_1_786' title='bbox 2545 4404 2762 4477; x_wconf 78' lang='lat' dir='ltr'><strong>nigru‘m</strong></span> <span class='ocrx_word' id='word_1_787' title='bbox 2788 4405 3144 4478; x_wconf 84' lang='lat' dir='ltr'><strong>nasciturque</strong></span> <span class='ocrx_word' id='word_1_788' title='bbox 3168 4406 3225 4462; x_wconf 90' lang='lat' dir='ltr'><strong>in</strong></span> <span class='ocrx_word' id='word_1_789' title='bbox 3247 4405 3404 4464; x_wconf 87' lang='lat' dir='ltr'><strong>India</strong></span> <span class='ocrx_word' id='word_1_790' title='bbox 3424 4418 3480 4466; x_wconf 87' lang='lat' dir='ltr'><strong>et</strong></span> <span class='ocrx_word' id='word_1_791' title='bbox 3501 4405 3774 4482; x_wconf 67' lang='lat' dir='ltr'><strong>Etbfopia.</strong></span> <span class='ocrx_word' id='word_1_792' title='bbox 3826 4404 3828 4442; x_wconf 78' lang='grc'><em>⁵</em></span> 
     </span>
    </p>
   </div>
   <div class='ocr_carea' id='block_1_99' title="bbox 2189 4495 3828 4572">
    <p class='ocr_par' dir='ltr' id='par_1_99' title="bbox 2189 4495 3828 4572">
     <span class='ocr_line' id='line_1_100' title="bbox 2189 4495 3828 4572; baseline 0.002 -20"><span class='ocrx_word' id='word_1_793' title='bbox 2189 4505 2242 4552; x_wconf 87' lang='lat' dir='ltr'><strong>et</strong></span> <span class='ocrx_word' id='word_1_794' title='bbox 2263 4511 2494 4552; x_wconf 82' lang='lat' dir='ltr'><strong>camera:</strong></span> <span class='ocrx_word' id='word_1_795' title='bbox 2512 4505 2670 4553; x_wconf 87' lang='lat' dir='ltr'><strong>erant</strong></span> <span class='ocrx_word' id='word_1_796' title='bbox 2692 4495 2851 4554; x_wconf 69' lang='lat' dir='ltr'><strong>facta:</strong></span> <span class='ocrx_word' id='word_1_797' title='bbox 2871 4498 2940 4554; x_wconf 88' lang='lat' dir='ltr'><strong>de</strong></span> <span class='ocrx_word' id='word_1_798' title='bbox 2969 4499 3264 4572; x_wconf 81' lang='lat' dir='ltr'><strong>cypressis.</strong></span> <span class='ocrx_word' id='word_1_799' title='bbox 3303 4501 3466 4558; x_wconf 85' lang='lat' dir='ltr'><strong>Foris</strong></span> <span class='ocrx_word' id='word_1_800' title='bbox 3487 4509 3674 4559; x_wconf 77' lang='lat' dir='ltr'><strong>autem</strong></span> <span class='ocrx_word' id='word_1_801' title='bbox 3693 4515 3774 4554; x_wconf 70' lang='lat' dir='ltr'><strong>ex-</strong></span> <span class='ocrx_word' id='word_1_802' title='bbox 3826 4519 3828 4556; x_wconf 91' lang='lat' dir='ltr'><strong>i</strong></span> 
     </span>
    </p>
   </div>
   <div class='ocr_carea' id='block_1_100' title="bbox 2189 4587 3828 4666">
    <p class='ocr_par' dir='ltr' id='par_1_100' title="bbox 2189 4587 3828 4666">
     <span class='ocr_line' id='line_1_101' title="bbox 2189 4587 3828 4666; baseline 0.001 -23"><span class='ocrx_word' id='word_1_803' title='bbox 2189 4595 2274 4643; x_wconf 89' lang='lat' dir='ltr'><strong>tra</strong></span> <span class='ocrx_word' id='word_1_804' title='bbox 2303 4587 2528 4644; x_wconf 86' lang='lat' dir='ltr'><strong>domum</strong></span> <span class='ocrx_word' id='word_1_805' title='bbox 2567 4599 2726 4646; x_wconf 84' lang='lat' dir='ltr'><strong>erant</strong></span> <span class='ocrx_word' id='word_1_806' title='bbox 2754 4599 2951 4648; x_wconf 74' lang='lat' dir='ltr'><strong>statua:</strong></span> <span class='ocrx_word' id='word_1_807' title='bbox 2973 4591 3042 4647; x_wconf 90' lang='lat' dir='ltr'><strong>de</strong></span> <span class='ocrx_word' id='word_1_808' title='bbox 3087 4607 3226 4648; x_wconf 88' lang='lat' dir='ltr'><strong>auro</strong></span> <span class='ocrx_word' id='word_1_809' title='bbox 3247 4594 3449 4664; x_wconf 64' lang='lat' dir='ltr'><strong>posita</strong></span> <span class='ocrx_word' id='word_1_810' title='bbox 3501 4603 3562 4650; x_wconf 88' lang='lat' dir='ltr'><strong>et</strong></span> <span class='ocrx_word' id='word_1_811' title='bbox 3587 4590 3772 4666; x_wconf 70' lang='lat' dir='ltr'><strong>platani</strong></span> <span class='ocrx_word' id='word_1_812' title='bbox 3826 4591 3828 4640; x_wconf 77' lang='lat' dir='ltr'><strong>l</strong></span> 
     </span>
    </p>
   </div>
   <div class='ocr_carea' id='block_1_101' title="bbox 2191 4681 3828 4755">
    <p class='ocr_par' dir='ltr' id='par_1_101' title="bbox 2191 4681 3828 4755">
     <span class='ocr_line' id='line_1_102' title="bbox 2191 4681 3828 4755; baseline 0.001 -20"><span class='ocrx_word' id='word_1_813' title='bbox 2191 4695 2390 4746; x_wconf 70' lang='lat' dir='ltr'><strong>aurem,</strong></span> <span class='ocrx_word' id='word_1_814' title='bbox 2411 4691 2468 4736; x_wconf 88' lang='lat' dir='ltr'><strong>et</strong></span> <span class='ocrx_word' id='word_1_815' title='bbox 2495 4681 2639 4737; x_wconf 87' lang='lat' dir='ltr'><strong>inter</strong></span> <span class='ocrx_word' id='word_1_816' title='bbox 2668 4681 2788 4737; x_wconf 87' lang='lat' dir='ltr'><strong>illas</strong></span> <span class='ocrx_word' id='word_1_817' title='bbox 2813 4691 2972 4738; x_wconf 87' lang='lat' dir='ltr'><strong>erant</strong></span> <span class='ocrx_word' id='word_1_818' title='bbox 3003 4683 3172 4738; x_wconf 86' lang='lat' dir='ltr'><strong>multa</strong></span> <span class='ocrx_word' id='word_1_819' title='bbox 3211 4699 3420 4755; x_wconf 86' lang='lat' dir='ltr'><strong>genera</strong></span> <span class='ocrx_word' id='word_1_820' title='bbox 3452 4685 3770 4741; x_wconf 66' lang='lat' dir='ltr'><strong>ancellarum</strong></span> <span class='ocrx_word' id='word_1_821' title='bbox 3826 4737 3828 4752; x_wconf 43' lang='grc' dir='ltr'><strong>ε</strong></span> 
     </span>
    </p>
   </div>
   <div class='ocr_carea' id='block_1_102' title="bbox 2189 4769 3828 4848">
    <p class='ocr_par' dir='ltr' id='par_1_102' title="bbox 2189 4769 3828 4848">
     <span class='ocr_line' id='line_1_103' title="bbox 2189 4769 3828 4848; baseline 0.002 -20"><span class='ocrx_word' id='word_1_822' title='bbox 2189 4774 2325 4828; x_wconf 86' lang='lat' dir='ltr'><strong>varii</strong></span> <span class='ocrx_word' id='word_1_823' title='bbox 2344 4775 2565 4843; x_wconf 84' lang='lat' dir='ltr'><strong>coloris,</strong></span> <span class='ocrx_word' id='word_1_824' title='bbox 2592 4785 2647 4844; x_wconf 84' lang='lat' dir='ltr'><strong>et</strong></span> <span class='ocrx_word' id='word_1_825' title='bbox 2669 4775 2946 4832; x_wconf 86' lang='lat' dir='ltr'><strong>habebant</strong></span> <span class='ocrx_word' id='word_1_826' title='bbox 2967 4776 3203 4848; x_wconf 82' lang='lat' dir='ltr'><strong>ungulas</strong></span> <span class='ocrx_word' id='word_1_827' title='bbox 3221 4787 3282 4833; x_wconf 83' lang='lat' dir='ltr'><strong>et</strong></span> <span class='ocrx_word' id='word_1_828' title='bbox 3301 4788 3484 4836; x_wconf 83' lang='lat' dir='ltr'><strong>rostra</strong></span> <span class='ocrx_word' id='word_1_829' title='bbox 3509 4779 3774 4834; x_wconf 73' lang='lat' dir='ltr'><strong>inaurata.</strong></span> <span class='ocrx_word' id='word_1_830' title='bbox 3826 4769 3828 4780; x_wconf 82' lang='grc'><em>’</em></span> 
     </span>
    </p>
   </div>
   <div class='ocr_carea' id='block_1_103' title="bbox 2185 4867 3774 4941">
    <p class='ocr_par' dir='ltr' id='par_1_103' title="bbox 2185 4867 3774 4941">
     <span class='ocr_line' id='line_1_104' title="bbox 2185 4867 3774 4941; baseline 0.001 -20"><span class='ocrx_word' id='word_1_831' title='bbox 2185 4874 2240 4922; x_wconf 88' lang='lat' dir='ltr'><strong>et</strong></span> <span class='ocrx_word' id='word_1_832' title='bbox 2257 4867 2310 4922; x_wconf 90' lang='lat' dir='ltr'><strong>in</strong></span> <span class='ocrx_word' id='word_1_833' title='bbox 2325 4867 2590 4924; x_wconf 82' lang='lat' dir='ltr'><strong>auriculis</strong></span> <span class='ocrx_word' id='word_1_834' title='bbox 2609 4869 2919 4939; x_wconf 81' lang='lat' dir='ltr'><strong>pendebant</strong></span> <span class='ocrx_word' id='word_1_835' title='bbox 2939 4870 3254 4941; x_wconf 75' lang='lat' dir='ltr'><strong>margarittn</strong></span> <span class='ocrx_word' id='word_1_836' title='bbox 3271 4881 3329 4926; x_wconf 92' lang='lat' dir='ltr'><strong>ct</strong></span> <span class='ocrx_word' id='word_1_837' title='bbox 3351 4873 3610 4928; x_wconf 80' lang='lat' dir='ltr'><strong>uniones.</strong></span> <span class='ocrx_word' id='word_1_838' title='bbox 3624 4869 3774 4924; x_wconf 72' lang='lat' dir='ltr'><strong>luna</strong></span> 
     </span>
    </p>
   </div>
   <div class='ocr_carea' id='block_1_104' title="bbox 2185 4961 3775 5034">
    <p class='ocr_par' dir='ltr' id='par_1_104' title="bbox 2185 4961 3775 5034">
     <span class='ocr_line' id='line_1_105' title="bbox 2185 4961 3775 5034; baseline -0.001 -18"><span class='ocrx_word' id='word_1_839' title='bbox 2185 4975 2412 5032; x_wconf 83' lang='lat' dir='ltr'><strong>quoque</strong></span> <span class='ocrx_word' id='word_1_840' title='bbox 2429 4977 2560 5018; x_wconf 87' lang='lat' dir='ltr'><strong>vasa</strong></span> <span class='ocrx_word' id='word_1_841' title='bbox 2589 4977 2836 5034; x_wconf 82' lang='lat' dir='ltr'><strong>gemmea</strong></span> <span class='ocrx_word' id='word_1_842' title='bbox 2875 4972 2932 5019; x_wconf 92' lang='lat' dir='ltr'><strong>et</strong></span> <span class='ocrx_word' id='word_1_843' title='bbox 2964 4963 3270 5020; x_wconf 88' lang='lat' dir='ltr'><strong>cristallina</strong></span> <span class='ocrx_word' id='word_1_844' title='bbox 3299 4973 3359 5021; x_wconf 88' lang='lat' dir='ltr'><strong>et</strong></span> <span class='ocrx_word' id='word_1_845' title='bbox 3384 4980 3551 5020; x_wconf 84' lang='lat' dir='ltr'><strong>aurea</strong></span> <span class='ocrx_word' id='word_1_846' title='bbox 3581 4961 3775 5019; x_wconf 80' lang='lat' dir='ltr'><strong>invenit</strong></span> 
     </span>
    </p>
   </div>
   <div class='ocr_carea' id='block_1_105' title="bbox 2183 5051 2946 5126">
    <p class='ocr_par' dir='ltr' id='par_1_105' title="bbox 2183 5051 2946 5126">
     <span class='ocr_line' id='line_1_106' title="bbox 2183 5051 2946 5126; baseline 0.008 -20"><span class='ocrx_word' id='word_1_847' title='bbox 2183 5051 2280 5119; x_wconf 88' lang='lat' dir='ltr'><strong>ibi,</strong></span> <span class='ocrx_word' id='word_1_848' title='bbox 2317 5064 2574 5124; x_wconf 82' lang='lat' dir='ltr'><strong>argentea</strong></span> <span class='ocrx_word' id='word_1_849' title='bbox 2601 5070 2946 5126; x_wconf 83' lang='lat' dir='ltr'><strong>vcropauca.</strong></span> 
     </span>
    </p>
   </div>
   <div class='ocr_carea' id='block_1_106' title="bbox 2261 5145 3770 5220">
    <p class='ocr_par' dir='ltr' id='par_1_106' title="bbox 2261 5145 3770 5220">
     <span class='ocr_line' id='line_1_107' title="bbox 2261 5145 3770 5220; baseline 0.003 -19"><span class='ocrx_word' id='word_1_850' title='bbox 2261 5145 2513 5218; x_wconf 77' lang='lat' dir='ltr'><strong>Cumque</strong></span> <span class='ocrx_word' id='word_1_851' title='bbox 2541 5149 2726 5202; x_wconf 88' lang='lat' dir='ltr'><strong>omnia</strong></span> <span class='ocrx_word' id='word_1_852' title='bbox 2767 5147 2821 5204; x_wconf 93' lang='lat' dir='ltr'><strong>in</strong></span> <span class='ocrx_word' id='word_1_853' title='bbox 2847 5164 2946 5204; x_wconf 88' lang='lat' dir='ltr'><strong>sua</strong></span> <span class='ocrx_word' id='word_1_854' title='bbox 2992 5157 3268 5220; x_wconf 87' lang='lat' dir='ltr'><strong>potestate</strong></span> <span class='ocrx_word' id='word_1_855' title='bbox 3297 5150 3544 5216; x_wconf 87' lang='lat' dir='ltr'><strong>haberet,</strong></span> <span class='ocrx_word' id='word_1_856' title='bbox 3567 5147 3770 5205; x_wconf 60' lang='lat' dir='ltr'><strong>deside-</strong></span> 
     </span>
    </p>
   </div>
   <div class='ocr_carea' id='block_1_107' title="bbox 2190 5237 3776 5314">
    <p class='ocr_par' dir='ltr' id='par_1_107' title="bbox 2190 5237 3776 5314">
     <span class='ocr_line' id='line_1_108' title="bbox 2190 5237 3776 5314; baseline 0.003 -22"><span class='ocrx_word' id='word_1_857' title='bbox 2190 5237 2334 5293; x_wconf 84' lang='lat' dir='ltr'><strong>ravit</strong></span> <span class='ocrx_word' id='word_1_858' title='bbox 2355 5237 2670 5296; x_wconf 85' lang='lat' dir='ltr'><strong>interiorem</strong></span> <span class='ocrx_word' id='word_1_859' title='bbox 2704 5239 2910 5296; x_wconf 87' lang='lat' dir='ltr'><strong>Indiam</strong></span> <span class='ocrx_word' id='word_1_860' title='bbox 2943 5240 3129 5298; x_wconf 90' lang='lat' dir='ltr'><strong>videre</strong></span> <span class='ocrx_word' id='word_1_861' title='bbox 3149 5249 3206 5298; x_wconf 90' lang='lat' dir='ltr'><strong>et</strong></span> <span class='ocrx_word' id='word_1_862' title='bbox 3234 5243 3304 5299; x_wconf 89' lang='lat' dir='ltr'><strong>ad</strong></span> <span class='ocrx_word' id='word_1_863' title='bbox 3337 5252 3524 5314; x_wconf 88' lang='lat' dir='ltr'><strong>portas</strong></span> <span class='ocrx_word' id='word_1_864' title='bbox 3550 5241 3776 5311; x_wconf 77' lang='lat' dir='ltr'><strong>Caspias</strong></span> 
     </span>
    </p>
   </div>
   <div class='ocr_carea' id='block_1_108' title="bbox 2188 5327 3828 5406">
    <p class='ocr_par' dir='ltr' id='par_1_108' title="bbox 2188 5327 3828 5406">
     <span class='ocr_line' id='line_1_109' title="bbox 2188 5327 3828 5406; baseline -0.002 -18"><span class='ocrx_word' id='word_1_865' title='bbox 2188 5331 2492 5402; x_wconf 82' lang='lat' dir='ltr'><strong>pervenire.</strong></span> <span class='ocrx_word' id='word_1_866' title='bbox 2525 5331 2647 5400; x_wconf 88' lang='lat' dir='ltr'><strong>Quo</strong></span> <span class='ocrx_word' id='word_1_867' title='bbox 2680 5349 2806 5392; x_wconf 87' lang='lat' dir='ltr'><strong>cum</strong></span> <span class='ocrx_word' id='word_1_868' title='bbox 2843 5335 3088 5392; x_wconf 85' lang='lat' dir='ltr'><strong>tenderet</strong></span> <span class='ocrx_word' id='word_1_869' title='bbox 3126 5352 3258 5394; x_wconf 87' lang='lat' dir='ltr'><strong>cum</strong></span> <span class='ocrx_word' id='word_1_870' title='bbox 3284 5352 3438 5393; x_wconf 85' lang='lat' dir='ltr'><strong>omni</strong></span> <span class='ocrx_word' id='word_1_871' title='bbox 3471 5349 3581 5390; x_wconf 85' lang='lat' dir='ltr'><strong>suo</strong></span> <span class='ocrx_word' id='word_1_872' title='bbox 3627 5347 3774 5389; x_wconf 64' lang='grc' dir='ltr'><strong>εδει·-</strong></span> <span class='ocrx_word' id='word_1_873' title='bbox 3826 5327 3828 5406; x_wconf 58' lang='grc' dir='ltr'>ξ</span> 
     </span>
    </p>
   </div>
   <div class='ocr_carea' id='block_1_109' title="bbox 2187 5423 3828 5498">
    <p class='ocr_par' dir='ltr' id='par_1_109' title="bbox 2187 5423 3828 5498">
     <span class='ocr_line' id='line_1_110' title="bbox 2187 5423 3828 5498; baseline 0.001 -18"><span class='ocrx_word' id='word_1_874' title='bbox 2187 5424 2322 5491; x_wconf 79' lang='lat' dir='ltr'><strong>ritu,</strong></span> <span class='ocrx_word' id='word_1_875' title='bbox 2361 5437 2728 5496; x_wconf 86' lang='lat' dir='ltr'><strong>pervenerunt</strong></span> <span class='ocrx_word' id='word_1_876' title='bbox 2769 5426 2839 5483; x_wconf 87' lang='lat' dir='ltr'><strong>ad</strong></span> <span class='ocrx_word' id='word_1_877' title='bbox 2883 5428 3158 5498; x_wconf 85' lang='lat' dir='ltr'><strong>quendam</strong></span> <span class='ocrx_word' id='word_1_878' title='bbox 3197 5429 3454 5494; x_wconf 84' lang='lat' dir='ltr'><strong>ﬂuvium,</strong></span> <span class='ocrx_word' id='word_1_879' title='bbox 3507 5427 3574 5482; x_wconf 84' lang='lat' dir='ltr'><strong>in</strong></span> <span class='ocrx_word' id='word_1_880' title='bbox 3625 5425 3776 5494; x_wconf 71' lang='lat' dir='ltr'><strong>cuius</strong></span> <span class='ocrx_word' id='word_1_881' title='bbox 3826 5423 3828 5460; x_wconf 74' lang='grc' dir='ltr'>ί</span> 
     </span>
    </p>
   </div>
   <div class='ocr_carea' id='block_1_110' title="bbox 2185 5515 3774 5589">
    <p class='ocr_par' dir='ltr' id='par_1_110' title="bbox 2185 5515 3774 5589">
     <span class='ocr_line' id='line_1_111' title="bbox 2185 5515 3774 5589; baseline -0.002 -19"><span class='ocrx_word' id='word_1_882' title='bbox 2185 5515 2368 5572; x_wconf 90' lang='lat' dir='ltr'><strong>medio</strong></span> <span class='ocrx_word' id='word_1_883' title='bbox 2392 5517 2730 5574; x_wconf 84' lang='lat' dir='ltr'><strong>erateivitas</strong></span> <span class='ocrx_word' id='word_1_884' title='bbox 2759 5529 3039 5589; x_wconf 80' lang='lat' dir='ltr'><strong>cooperta,</strong></span> <span class='ocrx_word' id='word_1_885' title='bbox 3070 5525 3126 5576; x_wconf 90' lang='lat' dir='ltr'><strong>ct</strong></span> <span class='ocrx_word' id='word_1_886' title='bbox 3173 5519 3230 5576; x_wconf 91' lang='lat' dir='ltr'><strong>in</strong></span> <span class='ocrx_word' id='word_1_887' title='bbox 3271 5519 3494 5577; x_wconf 81' lang='lat' dir='ltr'><strong>circuitu</strong></span> <span class='ocrx_word' id='word_1_888' title='bbox 3533 5515 3774 5572; x_wconf 78' lang='lat' dir='ltr'><strong>civitatis</strong></span> 
     </span>
    </p>
   </div>
   <div class='ocr_carea' id='block_1_111' title="bbox 2184 5611 3776 5685">
    <p class='ocr_par' dir='ltr' id='par_1_111' title="bbox 2184 5611 3776 5685">
     <span class='ocr_line' id='line_1_112' title="bbox 2184 5611 3776 5685; baseline -0.001 -19"><span class='ocrx_word' id='word_1_889' title='bbox 2184 5622 2302 5666; x_wconf 86' lang='lat' dir='ltr'><strong>erat</strong></span> <span class='ocrx_word' id='word_1_890' title='bbox 2322 5627 2468 5683; x_wconf 87' lang='lat' dir='ltr'><strong>aqua</strong></span> <span class='ocrx_word' id='word_1_891' title='bbox 2495 5611 2655 5682; x_wconf 89' lang='lat' dir='ltr'><strong>quasi</strong></span> <span class='ocrx_word' id='word_1_892' title='bbox 2683 5611 2876 5668; x_wconf 85' lang='lat' dir='ltr'><strong>stadiis</strong></span> <span class='ocrx_word' id='word_1_893' title='bbox 2901 5623 3170 5683; x_wconf 87' lang='lat' dir='ltr'><strong>quatuor;</strong></span> <span class='ocrx_word' id='word_1_894' title='bbox 3198 5613 3317 5685; x_wconf 88' lang='lat' dir='ltr'><strong>ipsa</strong></span> <span class='ocrx_word' id='word_1_895' title='bbox 3341 5626 3465 5669; x_wconf 87' lang='lat' dir='ltr'><strong>vero</strong></span> <span class='ocrx_word' id='word_1_896' title='bbox 3482 5625 3646 5682; x_wconf 79' lang='lat' dir='ltr'><strong>aqua</strong></span> <span class='ocrx_word' id='word_1_897' title='bbox 3663 5617 3776 5665; x_wconf 73' lang='lat' dir='ltr'><strong>erat</strong></span> 
     </span>
    </p>
   </div>
   <div class='ocr_carea' id='block_1_112' title="bbox 2183 5691 3828 5779">
    <p class='ocr_par' dir='ltr' id='par_1_112' title="bbox 2183 5691 3828 5779">
     <span class='ocr_line' id='line_1_113' title="bbox 2183 5691 3828 5779; baseline 0.002 -21"><span class='ocrx_word' id='word_1_898' title='bbox 2183 5719 2374 5760; x_wconf 87' lang='lat' dir='ltr'><strong>amara</strong></span> <span class='ocrx_word' id='word_1_899' title='bbox 2411 5703 2576 5760; x_wconf 88' lang='lat' dir='ltr'><strong>nimis</strong></span> <span class='ocrx_word' id='word_1_900' title='bbox 2607 5705 2754 5761; x_wconf 88' lang='lat' dir='ltr'><strong>velut</strong></span> <span class='ocrx_word' id='word_1_901' title='bbox 2798 5705 3121 5762; x_wconf 87' lang='lat' dir='ltr'><strong>elleborum.</strong></span> <span class='ocrx_word' id='word_1_902' title='bbox 3172 5706 3344 5779; x_wconf 76' lang='lat' dir='ltr'><strong>(Hist.</strong></span> <span class='ocrx_word' id='word_1_903' title='bbox 3391 5701 3473 5758; x_wconf 85' lang='grc' dir='ltr'><strong>ΑΙ.</strong></span> <span class='ocrx_word' id='word_1_904' title='bbox 3511 5701 3562 5757; x_wconf 83' lang='lat' dir='ltr'><strong>f.</strong></span> <span class='ocrx_word' id='word_1_905' title='bbox 3605 5700 3772 5774; x_wconf 67' lang='lat'><strong>312&quot;.)</strong></span> 
     </span>
    </p>
   </div>
   <div class='ocr_carea' id='block_1_113' title="bbox 2187 5794 3772 5870">
    <p class='ocr_par' dir='ltr' id='par_1_113' title="bbox 2187 5794 3772 5870">
     <span class='ocr_line' id='line_1_114' title="bbox 2187 5794 3772 5870; baseline 0.002 -19"><span class='ocrx_word' id='word_1_906' title='bbox 2187 5795 2288 5856; x_wconf 66' lang='lat' dir='ltr'><strong>libi</strong></span> <span class='ocrx_word' id='word_1_907' title='bbox 2317 5811 2444 5856; x_wconf 89' lang='lat' dir='ltr'><strong>cum</strong></span> <span class='ocrx_word' id='word_1_908' title='bbox 2479 5796 2870 5870; x_wconf 83' lang='lat' dir='ltr'><strong>applicuissent</strong></span> <span class='ocrx_word' id='word_1_909' title='bbox 2910 5798 3049 5858; x_wconf 81' lang='lat' dir='ltr'><strong>hora</strong></span> <span class='ocrx_word' id='word_1_910' title='bbox 3083 5795 3194 5857; x_wconf 88' lang='lat' dir='ltr'><strong>dici</strong></span> <span class='ocrx_word' id='word_1_911' title='bbox 3223 5798 3406 5866; x_wconf 85' lang='lat' dir='ltr'><strong>tcrcia,</strong></span> <span class='ocrx_word' id='word_1_912' title='bbox 3432 5794 3682 5867; x_wconf 59' lang='lat' dir='ltr'><strong>quia!“</strong></span> <span class='ocrx_word' id='word_1_913' title='bbox 3709 5817 3772 5856; x_wconf 76' lang='lat' dir='ltr'><strong>ex</strong></span> 
     </span>
    </p>
   </div>
  </div>
