3828 6308
110 291 191 346 589
941 280 1308 337 CHRONIGA.
1349 310 1419 320 —
1455 278 1849 336 CHRONICON
1886 276 2346 337 UNIVERSALE.

3203 270 3307 341 590

107 397 343 474 juvenibus
379 393 1024 450 audacioribus-numero
1055 393 1122 447 37
1171 390 1474 463 evaginatis
1501 390 1617 460 gla—
1645 394 1690 453 Α
1719 404 1936 461 quoque
1958 406 2150 447 omnes
2174 408 2360 448 vocem
2384 392 2542 474 quasi
2587 392 2653 448 de
2676 394 2816 449 coelo
2860 394 2967 450 sibi
2996 396 3306 467 precipi‘en-

105 491 184 546 diis
211 486 320 542 nudi
346 484 568 556 ingressi
621 492 748 540 sunt
784 483 1031 550 ﬂuvium,
1065 483 1160 540 sed
1212 489 1501 553 surgentes
1538 496 1620 535 ex

106 598 155 636 eo
194 578 352 635 bestia:
394 591 513 646 qua:
575 576 832 631 dicuntur
883 576 1161 646 yppotami
1216 575 1623 630 devoraverunt

103 688 190 727 eos.
221 668 457 741 Gyrantes
492 667 674 721 autem
707 668 873 722 ceteri
912 666 1112 721 milites
1147 664 1370 719 ﬂuvium
1415 680 1483 720 ex
1517 664 1624 721 alia

103 770 237 834 parte,
260 767 601 830 perrexerunt
624 758 899 829 superius,
923 766 977 813 et
1010 757 1345 812 invenerunt
1369 764 1623 826 stagnum

101 853 241 918 dulce,
261 851 427 920 ibique
466 850 824 921 applicantes,
861 851 1230 906 accenderunt
1257 847 1426 904 focos.
1480 847 1625 904 Hora

100 959 200 999 vero
225 943 381 999 noctis
407 943 574 997 tercia
608 950 872 997 exeuntes
915 942 1099 997 subito
1123 956 1191 997 ex
1239 941 1414 1012 ipsius
1448 942 1628 1012 stagni

100 1034 371 1094 arundineto
428 1032 559 1089 ferte
625 1034 938 1100 silvestres,
993 1042 1262 1089 venerunt
1324 1033 1391 1089 ad
1447 1033 1629 1103 ipsum

98 1138 304 1198 stagnum
331 1126 533 1192 bibere,
559 1126 746 1181 leones
800 1127 954 1181 mirae
1003 1126 1422 1196 magnitudinis,
1449 1125 1626 1196 pardi,

100 1218 296 1290 tigrides,
326 1218 475 1289 porci
517 1217 754 1274 silvatici
798 1217 1065 1273 habentes
1089 1217 1280 1274 dentes
1311 1218 1367 1272 in
1398 1218 1631 1289 longitu-

94 1313 192 1367 dine
214 1311 367 1376 cubiti
407 1310 595 1378 unius,
640 1306 916 1381 elephanti
960 1324 1180 1380 quoque
1224 1318 1281 1366 et
1308 1310 1625 1381 scorpiones

96 1405 310 1460 habentes
361 1400 760 1476 longitudinem
811 1402 975 1459 unius
1014 1403 1205 1458 cubiti.
1259 1401 1542 1460 Venerunt
1575 1412 1630 1459 et

94 1498 299 1553 homines
337 1497 591 1563 silvatici,
618 1497 885 1552 habentes
926 1512 1023 1552 sex
1052 1496 1253 1568 digitos
1285 1496 1339 1551 in
1376 1496 1631 1553 manibus

94 1591 134 1645 et
152 1591 367 1660 pedibus,
398 1588 496 1661 qui
545 1589 829 1646 incursum
864 1604 1126 1660 magnum
1182 1588 1431 1645 fecerunt
1463 1604 1632 1660 super

92 1683 271 1749 milites,
297 1682 387 1737 sed
411 1697 539 1736 cum
575 1680 780 1736 lanceis
809 1689 863 1735 et
889 1680 1103 1751 sagittis
1142 1680 1425 1750 eiecerunt
1463 1696 1558 1735 eos
1598 1697 1629 1736 a

1723 486 1852 547 tem,
1879 489 1939 534 ut
1959 481 2143 537 nullus
2193 482 2397 553 aliquid
2416 471 2687 539 incideret
2715 500 2784 540 ex
2823 485 2961 555 ipsis
2990 487 3302 556 arboribus,

1723 569 1851 639 quia
1904 570 1999 641 qui
2055 570 2257 627 faceret
2301 574 2614 630 moriretur.
2645 573 2815 631 Erant
2849 576 2924 631 ibi
2976 584 3030 634 et
3064 579 3307 634 volatilia

1725 660 2043 726 mitissima,
2078 662 2171 718 sed
2235 679 2567 736 quicumque
2619 667 2875 745 volebant
2928 684 2993 724 ca
3046 678 3305 744 tangere,

1725 755 1941 810 exiebat
1966 756 2107 827 ignis
2131 769 2185 812 et
2206 758 2529 814 incendebat
2542 775 2657 817 eos.
2674 759 2951 818 Moventes
2972 763 3137 818 etiam
3161 764 3308 829 inde,

1725 854 1995 901 venerunt
2047 846 2104 899 in
2152 829 2289 902 ﬁnes
2337 848 2527 903 oceani
2577 850 2781 916 maris,
2817 858 2872 905 et
2916 852 3209 907 audierunt
3255 853 3313 907 in

1727 937 1908 994 insula
1939 937 2175 1008 quadam
2201 938 2452 996 homines
2475 941 2760 1011 loquentes
2783 942 3013 998 Grecam
3042 943 3308 1021 linguam.

1728 1027 1959 1096 Quidam
1993 1044 2123 1084 vero
2164 1045 2232 1085 ex
2270 1030 2537 1091 militibus
2583 1041 2846 1090 exuentes
2897 1050 2986 1103 se,
3018 1037 3313 1091 voluerunt

1730 1120 1942 1192 ingredi
1992 1121 2060 1175 ad
2113 1122 2286 1192 ipsam
2337 1121 2607 1190 insulam,
2648 1124 2744 1180 sed
2793 1135 3078 1197 surgentes
3122 1111 3313 1184 bestiae

1731 1211 1980 1282 quaedam
2021 1210 2088 1266 de
2137 1212 2298 1281 mari,
2326 1214 2801 1283 apprehenderunt
2825 1232 2891 1272 ex
2922 1218 3004 1274 eis
3043 1218 3232 1291 viginti
3258 1231 3314 1276 et

1732 1302 2148 1359 submerserunt
2170 1303 2229 1358 in
2256 1304 2608 1375 profundum.
3224 1376 3228 1380 ,

1802 1392 2010 1449 Exinde
2030 1404 2300 1451 venerunt
2327 1402 2383 1452 in
2412 1401 2593 1453 locum
2635 1401 2931 1470 quendam,
2955 1403 3010 1457 in
3039 1420 3149 1475 quo
3194 1416 3314 1463 erat

1731 1486 1897 1543 arbor
1930 1502 2107 1558 neque
2132 1486 2372 1544 fructum
2397 1490 2607 1547 habens
2630 1508 2808 1564 neque
2833 1492 2983 1562 folia,
3011 1506 3064 1551 et
3091 1498 3314 1553 sedebat

1733 1593 1898 1647 super
1918 1593 2039 1633 eam
2082 1580 2217 1636 avis.
2260 1581 2468 1638 habens
2511 1599 2675 1655 super
2723 1594 2885 1656 caput
2927 1602 3087 1643 suum
3131 1591 3312 1648 radios

1733 1670 1975 1728 lucentes
2004 1673 2147 1729 sicut
2176 1674 2310 1730 sol.-

93 1790 152 1829 se.
178 1733 464 1830 Posuerunt
516 1782 700 1829 autem
737 1774 922 1829 focum
954 1733 1033 1828 ain
1081 1733 1198 1843 ipsa
1229 1774 1363 1829 silva
1409 1773 1469 1843 (f.
1501 1774 1626 1845 215)
1662 1733 1706 1790 Β
1806 1763 2004 1819 υθίηάθ
2030 1776 2295 1847 Venerunt
2327 1769 2394 1824 ad
2422 1779 2664 1826 moui-cm
2709 1772 3006 1842 quendam,
3051 1774 3154 1830 θυι)
3202 1791 3314 1846 quo

88 1866 393 1935 arundinum,
420 1875 484 1920 ut
517 1865 771 1938 fugerent
806 1866 939 1937 ipsae
981 1864 1146 1932 ferae,
1196 1875 1251 1921 et
1300 1881 1463 1940 ecce”
1480 1867 1631 1921 venit

88 1975 315 2030 supereos
343 1960 517 2015 bestia
535 1960 688 2015 mira:
718 1949 1079 2026 fortitudinis,
1096 1957 1292 2014 fortior
1320 1959 1625 2030 elephanto,

86 2066 181 2119 qua:
200 2052 398 2108 irruens
417 2052 623 2108 occidit
650 2068 715 2108 ex
733 2052 815 2108 eis
837 2050 1026 2123 viginti
1060 2068 1180 2119 sex,
1200 2051 1421 2122 quidam
1446 2060 1628 2107 autem

88 2145 244 2199 armati
271 2145 589 2201 occiderunt
633 2161 776 2200 eam.
813 2142 1075 2216 Sequenti
1126 2160 1255 2199 vero
1295 2152 1454 2200 nocte
1478 2144 1628 2199 exie-

85 2246 187 2292 runt
224 2253 283 2294 ex
311 2247 476 2297 arena
511 2237 704 2308 vulpes
747 2246 801 2292 et
831 2236 1145 2303 cocodrilli,
1178 2245 1232 2292 et
1273 2236 1632 2292 comedebant

86 2344 276 2399 corpora
307 2341 674 2386 mortuorum.
710 2328 980 2386 Volabant
1021 2329 1095 2384 ibi
1121 2337 1175 2384 et
1215 2329 1630 2401 vespertiliones

84 2427 171 2473 tam
193 2420 362 2492 magni
388 2408 538 2477 sicut
565 2419 851 2486 columbae,
882 2416 1119 2489 quorum
1157 2419 1351 2474 dentes
1377 2427 1440 2473 ut
1459 2418 1631 2473 homi-

84 2512 170 2579 nis,
193 2514 278 2585 qui
304 2515 635 2571 mordebant
678 2512 954 2579 homines,
1011 2510 1321 2568 auferentes
1345 2510 1426 2567 eis
1467 2526 1630 2566 nares

81 2611 124 2657 et
141 2621 280 2662 aures
300 2607 352 2663 et
371 2607 602 2679 digitos.

136 2694 387 2753 Moventes
415 2696 569 2763 inde,
595 2702 863 2750 venerunt
894 2694 951 2749 in
996 2708 1249 2764 campum
1298 2693 1390 2764 qui
1428 2692 1630 2749 dicitur

82 2785 234 2856 Actia,
284 2787 337 2843 in
387 2787 556 2859 cujus
605 2776 839 2843 circuitu
870 2794 989 2842 erat
1031 2785 1167 2842 silva
1218 2787 1528 2852 condensa;
1577 2795 1632 2840 et

78 2890 211 2936 erant
230 2882 297 2938 ibi
325 2874 562 2939 arbores
590 2863 902 2949 fructiferae,
927 2896 996 2936 ex
1020 2881 1219 2952 quibus
1252 2879 1632 2935 nutriebantur

78 2968 295 3030 homines
322 2981 596 3047 agrestes,
624 2972 890 3028 habentes
919 2968 1152 3027 formam
1186 2976 1501 3043 gygantum,
1542 2969 1629 3023 in-

1730 1866 1846 1912 erat
1885 1857 2023 1928 ripa,
2071 1859 2126 1914 in
2168 1876 2277 1932 qua
2329 1864 2598 1932 pendebat
2647 1875 2840 1922 catena
2890 1883 3078 1934 aurea,
3120 1880 3173 1925 et
3202 1870 3316 1941 ipse

1730 1963 1891 2005 mons
1919 1950 2157 2007 habebat
2201 1953 2406 2024 gradus
2455 1955 2540 2012 bis
2569 1957 2717 2013 mille
2766 1967 2822 2014 et
2868 1960 3199 2033 quingentos
3247 1978 3316 2018 cx

1731 2038 1974 2108 saphiro.
2001 2039 2258 2098 Ascendit
2284 2052 2465 2099 autem
2496 2044 2804 2103 Alexander
2841 2057 3086 2104 montem
3133 2051 3313 2121 ipsum

1731 2143 1856 2185 cum
1878 2130 2172 2203 aliquantis
2195 2135 2481 2213 militibus,
2513 2146 2567 2192 et
2594 2137 2802 2193 invertit
2836 2139 2912 2194 ibi
2939 2141 3224 2213 palatium,
3257 2143 3314 2197 in

1730 2235 1842 2292 quo
1863 2231 1981 2278 erat
2009 2226 2268 2296 templum
2312 2210 2484 2283 totum
2511 2245 2762 2299 aureum,
2791 2240 2845 2287 et
2868 2210 3024 2288 ineo
3055 2210 3315 2307 tympana

1730 2322 1784 2370 et
1806 2315 2035 2371 eimhala
2066 2332 2131 2372 ex
2171 2333 2327 2386 auro,
2370 2329 2423 2376 et
2481 2322 2655 2389 lectus
2707 2339 2832 2378 cum
2890 2325 3318 2394 preciosissimis

1732 2405 2080 2463 lectisterniis
2105 2409 2159 2463 in
2190 2425 2300 2479 quo
2321 2405 2537 2481 jactﬁiat
2555 2413 2719 2469 homo
2736 2415 3316 2486 magniﬁcentissimus

1731 2508 1785 2554 et
1805 2499 2165 2568 clarissimus,
2192 2502 2417 2559 indutus
2446 2505 2567 2560 alba
2594 2514 2745 2561 veste
2786 2507 3069 2565 bombicea
3086 2550 3101 2577 ,
3124 2520 3317 2565 ornata

1731 2606 1797 2647 ex
1851 2609 1986 2648 auro
2025 2603 2079 2649 ct
2106 2594 2377 2665 lapidibus
2408 2597 2695 2668 preciosis,
2733 2606 2786 2653 et
2824 2599 2969 2655 circa
2998 2616 3122 2656 cum
3160 2601 3320 2657 vinea

1732 2700 1918 2752 aurea,
1952 2684 2132 2742 ferens
2162 2687 2348 2743 botros
2384 2703 2453 2743 ex
2488 2689 2762 2760 lapidibus
2792 2692 3074 2762 preciosis.
3105 2693 3319 2748 Adera-

1730 2777 1808 2834 vit
1846 2779 2026 2853 itaque
2059 2778 2362 2861 Alexander
2382 2770 2659 2861 hominem
2691 2783 2893 2854 ipsum,
2917 2796 2972 2839 et
3016 2785 3316 2842 descendit.

1760 2891 1776 2908 ο
1802 2869 1884 2929 Ab
1912 2870 2019 2926 hoc
2064 2858 2190 2928 loco
2242 2858 2481 2943 perrexit
2525 2889 2622 2944 per
2674 2875 2965 2932 continuos
3000 2877 3314 2948 quindecim

1733 2961 1873 3030 dies,
1902 2972 1956 3018 et
1983 2962 2131 3019 venit
2174 2963 2231 3020 in
2280 2972 2483 3020 terram
2521 2980 2644 3036 quae
2671 2965 3177 3046 dicitur_Prasiaca.
3210 2968 3319 3024 Co-

74 3061 169 3116 (ιιιιὶ
211 3067 539 3121 vestimento
570 3063 807 3136 pellicia,
850 3062 944 3134 qui
974 3070 1237 3119 exeuntes
1281 3077 1406 3116 cum
1454 3058 1632 3132 longis
1661 3097 1703 3155 ο
1735 3062 2059 3124 gnosccntes
2111 3062 2293 3110 autem
2341 3056 2635 3111 adventum
2684 3057 2804 3128 ejus
2857 3058 3111 3115 homines
3160 3068 3322 3119 terra:

76 3154 227 3209 contis
255 3157 579 3212 occiderunt
626 3154 892 3226 quosdam
927 3154 994 3209 de
1041 3152 1305 3211 exercitu.
1347 3152 1504 3219 Quod
1548 3152 1632 3206 vi-

71 3242 185 3300 dens
214 3245 554 3314 Alexander,
580 3246 821 3318 precepit
860 3261 993 3302 suos
1024 3243 1343 3302 vociferare.
1374 3243 1478 3312 Qui
1508 3258 1634 3299 cum

71 3331 342 3391 Clamarent
377 3336 603 3407 magnis
631 3335 881 3402 vocibus,
911 3335 1221 3391 timuerunt
1261 3333 1338 3388 illi
1373 3343 1429 3389 et
1476 3333 1633 3405 fuge~

65 3432 193 3491 runt,
217 3429 345 3498 quia
388 3445 511 3484 non
557 3436 716 3483 erant
753 3427 861 3482 illis
890 3428 1122 3500 cognita:
1150 3443 1312 3483 voces
1354 3427 1629 3483 humanm.

66 3506 401 3586 lnsequentes
450 3526 643 3572 autem
675 3532 771 3572 eos
820 3515 1041 3583 milites,
1083 3516 1400 3573 occiderunt
1443 3533 1508 3571 ex
1556 3517 1635 3572 eis

61 3620 327 3667 sexcentos
355 3620 415 3669 et
437 3611 668 3683 triginta
694 3619 964 3682 quatuor;
991 3625 1059 3665 ex
1087 3608 1222 3680 ipsis
1247 3625 1377 3665 vero
1421 3600 1633 3665 cecide-

60 3709 171 3783 rpnt
198 3712 421 3759 centum
471 3702 669 3776 viginti
699 3711 927 3774 septem.
963 3700 1283 3757 Manserunt
1324 3710 1505 3757 autem
1540 3717 1636 3771 per

54 3801 151 3849 tres
179 3796 319 3865 dies,
352 3797 715 3854 comedentes
742 3811 906 3867 poma
937 3794 1195 3850 arborum
1227 3794 1490 3865 ipsarum.

113 3885 310 3946 Deinde
358 3897 641 3947 venerunt
675 3889 742 3944 ad
790 3888 1015 3944 ﬂuvium
1073 3886 1379 3959 quendam,
1430 3890 1485 3943 in
1525 3905 1635 3961 quo

48 3988 155 4035 erat
192 3982 400 4039 civitas
436 3982 689 4052 locuples
717 3980 894 4036 valde.
927 3978 1074 4036 Hora
1091 3994 1224 4035 vero
1255 3995 1399 4035 nona
1425 3980 1637 4037 incum-

48 4070 214 4143 bente,
236 4075 397 4130 venit
438 4090 612 4146 super
645 4089 738 4129 eos
763 4073 986 4144 quidam
1016 4088 1247 4147 magnus
1272 4071 1437 4128 homo
1478 4089 1635 4146 agre--

44 4164 159 4234 stis,
200 4168 431 4238 pilosus
481 4173 543 4223 ut
572 4181 793 4237 porcus.
837 4164 1145 4221 Alexander
1175 4165 1358 4237 itaque
1399 4166 1639 4237 precepit

45 4258 298 4315 militibus
323 4261 478 4328 suis,
507 4269 566 4315 ut
588 4259 1055 4331 apprehenderent
1088 4275 1234 4315 eum.
1265 4252 1367 4327 Qui
1412 4276 1535 4316 cum
1560 4259 1639 4316 fe-

37 4350 230 4409 cissent
251 4353 538 4425 impetum
560 4352 613 4407 in
624 4368 771 4420 eum,
785 4352 876 4408 ille
887 4368 1064 4424 neque
1077 4353 1260 4408 timuit
1276 4369 1452 4424 neque
1476 4352 1634 4425 fugit,

1739 3146 1906 3212 illius,
1926 3147 2273 3202 adduxerunt
2296 3147 2346 3203 ei
2367 3148 2549 3215 xenia,
2568 3149 2734 3219 pelles
2761 3166 2828 3206 ex
2847 3151 3093 3223 piscibus
3115 3152 3322 3210 similes

1736 3239 1968 3308 pellibus
1996 3239 2382 3311 leopardorum
2410 3250 2463 3298 et
2490 3242 2657 3313 pelles
2680 3258 3036 3300 murenarum
3081 3245 3323 3317 longitu-

1736 3330 1863 3386 dine
1904 3332 2215 3389 cubitorum
2272 3350 2387 3390 sex.
2420 3332 2652 3391 Erat.ibi
2697 3336 2888 3393 civitas
2932 3346 3149 3395 murata
3204 3340 3326 3395 sine

1737 3423 1903 3491 calce,
1935 3424 2166 3501 prccisis
2190 3440 2254 3480 ex
2285 3434 2469 3482 monte
2500 3426 2790 3497 lapidibus.
2816 3427 3120 3484 Primatum
3151 3430 3324 3501 ipsius

1737 3520 1891 3588 regni
1922 3496 2141 3572 tenebal
2173 3518 2421 3589 quaedam
2462 3517 2662 3575 femina
2694 3521 2878 3591 vidua,
2905 3507 3129 3578 nomine
3172 3522 3322 3579 Can—

1736 3608 1928 3678 dacis,
1975 3611 2183 3668 habens
2232 3619 2344 3669 tres
2401 3611 2564 3670 ﬁlios.
2619 3612 2720 3668 Cui
2773 3615 2972 3671 direxit
3015 3614 3325 3672 Alexander

1737 3700 2023 3774 epistolam
2079 3699 2242 3761 talem
2276 3724 2290 3761 :
2334 3705 2445 3761 Rea:
2489 3708 2792 3764 Alexander
2847 3710 3042 3781 regina:
3084 3708 3323 3765 Candaci

1738 3795 2012 3866 gaudium.
2041 3794 2224 3868 Dirige
2253 3792 2347 3851 tibi
2374 3797 2624 3869 templum
2641 3807 2689 3853 et
2719 3808 2955 3855 statuam
2983 3799 3322 3869 Hammonis,

1738 3895 1797 3941 ut
1823 3888 2002 3942 venias
2038 3897 2087 3941 et
2110 3905 2290 3943 cantus
2326 3889 2489 3944 simul
2509 3890 2579 3944 ad
2618 3901 2817 3946 montes
2851 3900 2901 3959 et
2937 3893 3224 3963 oﬂ'eramus
3251 3894 3321 3951 ei.

1737 3978 1832 4034 Illa
1891 3995 2022 4035 vero
2079 3980 2361 4051 resa'ipsjt
2404 3982 2502 4038 ei:
2559 3981 2827 4037 Candacis
2887 3984 3069 4057 regina
3126 3985 3324 4041 Merois

1738 4070 2045 4126 Alexandro
2099 4072 2208 4143 regi
2253 4073 2529 4144 gaudium.
2582 4074 2887 4129 Revelatum
2949 4076 3044 4130 tibi
3098 4078 3203 4147 fuit
3256 4078 3322 4132 ab

1742 4160 2039 4217 Hammone
2086 4162 2182 4216 a'eo
2211 4172 2320 4229 tuo,
2353 4172 2411 4217 ut
2445 4164 2548 4218 ires
2573 4173 2624 4218 et
2648 4179 2975 4235 expugnare;
3004 4165 3322 4237 Egyptum,

1739 4254 1878 4326 quod
1910 4254 2006 4308 tibi
2035 4271 2336 4308 concessum
2365 4255 2429 4308 ab
2452 4249 2583 4327 ipsis
2631 4256 2756 4310 diis.
2789 4254 2903 4311 Nos
2932 4257 3109 4329 itaque
3148 4258 3323 4311 claras

1742 4363 1804 4400 ac
1826 4345 2034 4402 lucidas
2059 4347 2310 4403 habemus
2341 4347 2572 4416 animas,
2599 4349 2767 4420 magis
2789 4365 2947 4420 quam
2982 4349 3035 4403 hi
3060 4349 3150 4421 qui
3181 4350 3324 4420 apud

40 4443 121 4496 sed
136 4446 291 4501 stetit
318 4446 622 4502 immotus.
649 4440 897 4516 Precepit
916 4454 1098 4500 autem
1120 4444 1426 4502 Alexander
1444 4447 1626 4502 addch

1743 4446 1791 4491 te
1820 4446 1963 4492 sunt.
2001 4436 2083 4509 (F.
2112 4438 2264 4511 2M.)
2312 4438 2498 4510 Dirige
2534 4448 2710 4495 autem
2754 4440 2851 4494 deo
2894 4448 2983 4495 tuo
3034 4439 3324 4523 Hammoni

34 4534 260 4601 puellam
288 4545 352 4592 et
391 4536 549 4591 mitti
583 4543 708 4591 ante
735 4534 887 4590 illum
924 4532 1147 4591 nudam.
1177 4534 1271 4592 Ille
1312 4546 1494 4592 autem
1525 4538 1631 4592 im-

32 4635 208 4693 petum
244 4628 486 4684 faciens
515 4627 872 4699 apprehendit
903 4643 1046 4694 eam,
1083 4636 1139 4684 et
1172 4628 1319 4684 stetit
1364 4626 1418 4684 in
1455 4639 1629 4700 parte.

29 4711 522 4776 Concurrentibus
546 4734 676 4774 vero
705 4719 991 4786 militibus,
1020 4726 1081 4774 ut
1104 4729 1357 4792 raperent
1378 4736 1520 4790 eam,
1546 4722 1636 4777 ille

28 4814 207 4881 ruguit
255 4813 422 4869 sicut
491 4811 626 4865 fera.
686 4809 825 4866 Cum
878 4811 1117 4866 maxima
1171 4813 1339 4883 igitur
1384 4815 1636 4885 angustia

27 4902 535 4972 apprehenderunt
559 4916 707 4967 eum,
724 4909 780 4956 et
799 4900 969 4973 jussit
993 4917 1120 4957 eum
1152 4902 1458 4958 Alexander
1479 4903 1636 4975 ligari

27 5000 73 5043 et
92 4992 147 5046 in
175 4993 379 5066 ignem
422 4992 766 5064 prccipitari.

86 5081 221 5140 Inde
247 5090 589 5145 moventes.
630 5091 898 5138 venerunt
934 5083 988 5137 in
1026 5082 1195 5138 alium
1234 5098 1515 5153 campum,
1547 5083 1641 5139 ubi

27 5175 84 5228 ab
109 5176 254 5232 hora
314 5175 446 5232 dici
498 5177 675 5245 prima
724 5175 982 5231 exiebant
1029 5175 1254 5230 arbores
1288 5175 1356 5230 de
1398 5185 1545 5231 terra
1589 5183 1644 5230 et

27 5270 358 5325 crescebant
392 5283 583 5340 usque
628 5269 684 5322 in
724 5268 915 5323 horam
966 5277 1199 5335 sextam,
1229 5269 1298 5324 ab
1328 5271 1462 5325 hora
1489 5279 1644 5325 sexta

27 5375 195 5431 usque
247 5361 328 5417 ad
381 5375 658 5415 occasum
685 5360 820 5416 solis
866 5360 1269 5416 descendebant
1306 5360 1362 5415 in
1396 5369 1598 5416 terram
1628 5380 1643 5425 ;

27 5448 277 5508 ferebant
336 5460 544 5507 autem
580 5451 790 5508 fructus
838 5452 994 5507 valde
1038 5452 1362 5515 odoriferos.
1396 5453 1645 5525 Prcccpit

27 5555 197 5600 intem
224 5543 570 5601 Alexander
611 5545 878 5600 militibus
925 5546 1279 5615 quibusdam,
1307 5556 1365 5601 ut
1395 5547 1645 5604 tollerent

28 5633 79 5689 lc
106 5635 412 5692 fmctihus
460 5635 631 5705 ipsis;
657 5638 749 5693 sed
781 5652 908 5694 mox
952 5645 1011 5692 ut
1036 5639 1363 5693 accedebant
1393 5640 1661 5715 propius,

27 5729 281 5786 :xiebant
336 5729 641 5786 daemones
682 5738 736 5786 et
784 5730 1129 5803 ﬂagellabant
1175 5746 1306 5800 eos;
1355 5732 1643 5788 audierunt

1740 4545 1988 4584 coronam
2015 4546 2081 4585 ex
2111 4529 2381 4602 lapidibus
2403 4532 2933 4604 precioxis,videlicet_
2953 4549 3017 4588 ea:
3039 4534 3324 4605 smaragdo

1739 4630 1790 4673 et
1816 4622 2147 4692 margaritis,
2178 4633 2227 4677 et
2253 4624 2484 4680 insertas
2519 4634 2734 4680 catenas
2774 4625 2951 4680 decem
2986 4641 3052 4681 ea:
3074 4626 3323 4692 preciosis

1739 4708 2028 4782 lapidibus.
2080 4711 2198 4766 Tibi
2254 4714 2415 4767 etiam
2466 4713 2639 4786 dirigo
2687 4714 2986 4786 infantulos
3029 4715 3324 4786 {Et/agapes

1694 4842 1700 4849 .
1741 4811 1984 4871 centum,
2037 4812 2087 4857 et
2136 4800 2499 4876 intelligibiles
2547 4823 2664 4861 aves
2716 4808 2995 4878 psythacos
3049 4807 3323 4875 ducentos,

1741 4895 1955 4967 spinaas
2002 4897 2283 4962 ducentas,
2328 4899 2644 4953 rinocerotes
2701 4900 2996 4970 octoginta,
3038 4900 3326 4971 pantheras

1743 4992 1849 5043 tria
1877 4988 2048 5046 milia.
2088 4990 2250 5056 pelles
2302 4989 2678 5051 pardaleonum
2710 4992 3146 5064 quadringentae,
3193 5009 3325 5048 can-

1745 5079 1928 5135 tharas
1972 5098 2162 5136 aureas
2215 5086 2460 5155 triginta,
2491 5093 2654 5139 vectes
2691 5101 2755 5140 ex
2799 5086 2957 5141 ebeno
2989 5089 3137 5143 mille
3171 5089 3328 5160 quin-

1744 5179 1956 5240 gentos,
2001 5171 2302 5236 elephantos
2349 5175 2758 5247 auadringentos
2802 5180 3205 5253 quinquaginta.
3249 5180 3327 5235 Tu

1744 5279 1862 5317 vero
1913 5266 2169 5318 remanda
2209 5270 2378 5330 nobis,
2423 5268 2469 5321 si
2517 5277 2684 5321 totum
2716 5273 2970 5325 mundum
3006 5273 3324 5344 subjugasti.

1751 5354 1898 5412 Inter
1933 5357 2143 5423 legatos
2161 5368 2346 5413 autem
2392 5375 2521 5416 suos
2574 5361 2725 5417 misit
2764 5363 3027 5421 uictorem
3054 5365 3327 5432 peritissi-

1751 5464 1922 5516 mum,
1945 5466 2038 5520 (ιω
2066 5451 2349 5523 diligenter
2371 5455 2743 5511 consideraret
2762 5465 2815 5512 et
2847 5458 3161 5530 depingeret
3187 5458 3330 5530 figu-

1748 5557 1866 5596 ram
1889 5550 1943 5597 ct
1972 5541 2199 5598 formam
2228 5545 2518 5601 Alexandri
2546 5557 2600 5603 et
2626 5549 2843 5606 aﬂ‘erret
2872 5567 2994 5606 eam
3017 5551 3140 5606 sibi.
3166 5549 3324 5617 Quod
3404 5596 3409 5605 .

1746 5643 1800 5689 et
1823 5635 2026 5690 factum
2056 5644 2156 5691 est.
2184 5635 2336 5694 Unus
2357 5648 2537 5694 autem
2560 5657 2627 5697 ex
2660 5642 2787 5699 filiis
2808 5642 3077 5700 Candacis
3101 5645 3322 5715 regium,

1745 5731 1834 5785 cui
1876 5746 2075 5789 nomen
2123 5730 2438 5802 Candaulis,
2477 5751 2601 5790 cum
2632 5737 2823 5806 paucis
2871 5738 3145 5809 equitibus
3192 5739 3329 5795 abiit
