  <div class='ocr_page' id='page_1' title='image "/cluster/home/n/w/nwhite01/storage/ocr_20150623/154/hvd.32044015473820/301.png"; bbox 0 0 3876 6306; ppageno 0'>
   <div class='ocr_carea' id='block_1_1' title="bbox 456 334 587 426">
    <p class='ocr_par' dir='ltr' id='par_1_1' title="bbox 456 334 587 426">
     <span class='ocr_line' id='line_1_1' title="bbox 456 334 587 426; baseline -0.008 0"><span class='ocrx_word' id='word_1_1' title='bbox 456 334 459 337; x_wconf 39' lang='grc'>’</span> <span class='ocrx_word' id='word_1_2' title='bbox 485 370 587 426; x_wconf 77' lang='lat' dir='ltr'><strong>sat</strong></span> 
     </span>
    </p>
   </div>
   <div class='ocr_carea' id='block_1_2' title="bbox 1684 353 3746 415">
    <p class='ocr_par' dir='ltr' id='par_1_2' title="bbox 1684 353 3746 415">
     <span class='ocr_line' id='line_1_2' title="bbox 1684 353 3746 415; baseline -0.002 0"><span class='ocrx_word' id='word_1_3' title='bbox 1684 357 2083 415; x_wconf 76' lang='lat' dir='ltr'><strong>EKKEHARDI</strong></span> <span class='ocrx_word' id='word_1_4' title='bbox 2122 353 2593 412; x_wconf 75' lang='lat' dir='ltr'><strong>URAUGIENSIS</strong></span> <span class='ocrx_word' id='word_1_5' title='bbox 3659 357 3746 411; x_wconf 72' lang='lat'><strong>593</strong></span> 
     </span>
    </p>
   </div>
   <div class='ocr_carea' id='block_1_3' title="bbox 484 468 3750 548">
    <p class='ocr_par' dir='ltr' id='par_1_3' title="bbox 484 468 3750 548">
     <span class='ocr_line' id='line_1_3' title="bbox 484 468 3750 548; baseline -0.006 -5"><span class='ocrx_word' id='word_1_6' title='bbox 484 487 552 543; x_wconf 84' lang='lat' dir='ltr'><strong>ad</strong></span> <span class='ocrx_word' id='word_1_7' title='bbox 595 483 1011 542; x_wconf 74' lang='lat' dir='ltr'><strong>tabernaculum</strong></span> <span class='ocrx_word' id='word_1_8' title='bbox 1069 479 1393 548; x_wconf 74' lang='lat' dir='ltr'><strong>Alexandri;</strong></span> <span class='ocrx_word' id='word_1_9' title='bbox 1461 478 1717 535; x_wconf 80' lang='lat' dir='ltr'><strong>custodes</strong></span> <span class='ocrx_word' id='word_1_10' title='bbox 1770 493 1935 543; x_wconf 78' lang='lat' dir='ltr'><strong>vero,</strong></span> <span class='ocrx_word' id='word_1_11' title='bbox 1979 475 2075 547; x_wconf 85' lang='lat' dir='ltr'><strong>qui</strong></span> <span class='ocrx_word' id='word_1_12' title='bbox 2105 477 2150 533; x_wconf 83' lang='lat' dir='ltr'><strong>A</strong></span> <span class='ocrx_word' id='word_1_13' title='bbox 2176 473 2439 544; x_wconf 77' lang='lat' dir='ltr'><strong>palatium</strong></span> <span class='ocrx_word' id='word_1_14' title='bbox 2470 470 2724 527; x_wconf 86' lang='lat' dir='ltr'><strong>currebat</strong></span> <span class='ocrx_word' id='word_1_15' title='bbox 2754 469 2972 536; x_wconf 67' lang='lat' dir='ltr'><strong>ﬂuvius,</strong></span> <span class='ocrx_word' id='word_1_16' title='bbox 3022 468 3232 524; x_wconf 83' lang='lat' dir='ltr'><strong>habens</strong></span> <span class='ocrx_word' id='word_1_17' title='bbox 3274 468 3579 524; x_wconf 87' lang='lat' dir='ltr'><strong>claritatem</strong></span> <span class='ocrx_word' id='word_1_18' title='bbox 3614 485 3750 541; x_wconf 60' lang='lat' dir='ltr'><strong>aqua</strong></span> 
     </span>
    </p>
   </div>
   <div class='ocr_carea' id='block_1_4' title="bbox 483 568 2077 646">
    <p class='ocr_par' dir='ltr' id='par_1_4' title="bbox 483 568 2077 646">
     <span class='ocr_line' id='line_1_4' title="bbox 483 568 2077 646; baseline -0.006 -18"><span class='ocrx_word' id='word_1_19' title='bbox 483 573 782 646; x_wconf 77' lang='lat' dir='ltr'><strong>vigilabant</strong></span> <span class='ocrx_word' id='word_1_20' title='bbox 807 586 973 642; x_wconf 82' lang='lat' dir='ltr'><strong>super</strong></span> <span class='ocrx_word' id='word_1_21' title='bbox 992 571 1314 635; x_wconf 84' lang='lat' dir='ltr'><strong>exercitum,</strong></span> <span class='ocrx_word' id='word_1_22' title='bbox 1339 568 1815 640; x_wconf 89' lang='lat' dir='ltr'><strong>apprehenderunt</strong></span> <span class='ocrx_word' id='word_1_23' title='bbox 1842 582 1991 630; x_wconf 89' lang='lat' dir='ltr'><strong>eum,</strong></span> <span class='ocrx_word' id='word_1_24' title='bbox 2022 574 2077 620; x_wconf 89' lang='lat' dir='ltr'><strong>et</strong></span> 
     </span>
    </p>
   </div>
   <div class='ocr_carea' id='block_1_5' title="bbox 485 656 2078 731">
    <p class='ocr_par' dir='ltr' id='par_1_5' title="bbox 485 656 2078 731">
     <span class='ocr_line' id='line_1_5' title="bbox 485 656 2078 731; baseline -0.007 -10"><span class='ocrx_word' id='word_1_25' title='bbox 485 667 761 721; x_wconf 85' lang='lat' dir='ltr'><strong>duxerunt</strong></span> <span class='ocrx_word' id='word_1_26' title='bbox 797 664 863 719; x_wconf 86' lang='lat' dir='ltr'><strong>ad</strong></span> <span class='ocrx_word' id='word_1_27' title='bbox 898 662 1310 726; x_wconf 85' lang='lat' dir='ltr'><strong>Ptholomcum,</strong></span> <span class='ocrx_word' id='word_1_28' title='bbox 1366 660 1461 731; x_wconf 88' lang='lat' dir='ltr'><strong>qui</strong></span> <span class='ocrx_word' id='word_1_29' title='bbox 1512 660 1787 715; x_wconf 88' lang='lat' dir='ltr'><strong>secundus</strong></span> <span class='ocrx_word' id='word_1_30' title='bbox 1834 665 1952 713; x_wconf 83' lang='lat' dir='ltr'><strong>erat</strong></span> <span class='ocrx_word' id='word_1_31' title='bbox 2009 656 2078 711; x_wconf 93' lang='lat' dir='ltr'><strong>ab</strong></span> 
     </span>
    </p>
   </div>
   <div class='ocr_carea' id='block_1_6' title="bbox 484 748 2072 818">
    <p class='ocr_par' dir='ltr' id='par_1_6' title="bbox 484 748 2072 818">
     <span class='ocr_line' id='line_1_6' title="bbox 484 748 2072 818; baseline -0.009 -2"><span class='ocrx_word' id='word_1_32' title='bbox 484 759 812 817; x_wconf 83' lang='lat' dir='ltr'><strong>Alexandro.</strong></span> <span class='ocrx_word' id='word_1_33' title='bbox 839 756 941 812; x_wconf 86' lang='lat' dir='ltr'><strong>Cui</strong></span> <span class='ocrx_word' id='word_1_34' title='bbox 968 755 1324 812; x_wconf 85' lang='lat' dir='ltr'><strong>Ptbolomeus</strong></span> <span class='ocrx_word' id='word_1_35' title='bbox 1346 754 1422 808; x_wconf 91' lang='lat' dir='ltr'><strong>ait</strong></span> <span class='ocrx_word' id='word_1_36' title='bbox 1447 772 1459 807; x_wconf 90' lang='lat'><strong>:</strong></span> <span class='ocrx_word' id='word_1_37' title='bbox 1495 753 1628 818; x_wconf 83' lang='lat' dir='ltr'><strong>Quis</strong></span> <span class='ocrx_word' id='word_1_38' title='bbox 1660 768 1713 805; x_wconf 88' lang='lat' dir='ltr'><strong>es</strong></span> <span class='ocrx_word' id='word_1_39' title='bbox 1739 752 1834 805; x_wconf 83' lang='lat' dir='ltr'><strong>tu?</strong></span> <span class='ocrx_word' id='word_1_40' title='bbox 1865 748 1922 804; x_wconf 83' lang='lat' dir='ltr'><strong>Et</strong></span> <span class='ocrx_word' id='word_1_41' title='bbox 1952 749 2072 803; x_wconf 84' lang='lat' dir='ltr'><strong>ille:</strong></span> 
     </span>
    </p>
   </div>
   <div class='ocr_carea' id='block_1_7' title="bbox 492 843 2074 923">
    <p class='ocr_par' dir='ltr' id='par_1_7' title="bbox 492 843 2074 923">
     <span class='ocr_line' id='line_1_7' title="bbox 492 843 2074 923; baseline -0.008 -16"><span class='ocrx_word' id='word_1_42' title='bbox 492 852 700 918; x_wconf 65' lang='lat' dir='ltr'><strong>Filius,</strong></span> <span class='ocrx_word' id='word_1_43' title='bbox 732 851 940 923; x_wconf 80' lang='lat' dir='ltr'><strong>inquit.</strong></span> <span class='ocrx_word' id='word_1_44' title='bbox 983 866 1101 903; x_wconf 89' lang='lat' dir='ltr'><strong>sum</strong></span> <span class='ocrx_word' id='word_1_45' title='bbox 1152 846 1421 903; x_wconf 86' lang='lat' dir='ltr'><strong>Candacis</strong></span> <span class='ocrx_word' id='word_1_46' title='bbox 1468 846 1684 915; x_wconf 74' lang='lat' dir='ltr'><strong>rcginw.</strong></span> <span class='ocrx_word' id='word_1_47' title='bbox 1731 843 1800 897; x_wconf 89' lang='lat' dir='ltr'><strong>At</strong></span> <span class='ocrx_word' id='word_1_48' title='bbox 1831 843 1919 897; x_wconf 90' lang='lat' dir='ltr'><strong>ille</strong></span> <span class='ocrx_word' id='word_1_49' title='bbox 1966 844 2074 896; x_wconf 85' lang='lat' dir='ltr'><strong>ait:</strong></span> 
     </span>
    </p>
   </div>
   <div class='ocr_carea' id='block_1_8' title="bbox 490 928 2077 1011">
    <p class='ocr_par' dir='ltr' id='par_1_8' title="bbox 490 928 2077 1011">
     <span class='ocr_line' id='line_1_8' title="bbox 490 928 2077 1011; baseline -0.008 -12"><span class='ocrx_word' id='word_1_50' title='bbox 490 945 668 1011; x_wconf 84' lang='lat' dir='ltr'><strong>Quare</strong></span> <span class='ocrx_word' id='word_1_51' title='bbox 691 943 791 997; x_wconf 87' lang='lat' dir='ltr'><strong>huc</strong></span> <span class='ocrx_word' id='word_1_52' title='bbox 816 928 1041 997; x_wconf 73' lang='lat' dir='ltr'><strong>venisti?</strong></span> <span class='ocrx_word' id='word_1_53' title='bbox 1073 939 1177 1008; x_wconf 87' lang='lat' dir='ltr'><strong>Qui</strong></span> <span class='ocrx_word' id='word_1_54' title='bbox 1216 939 1355 995; x_wconf 85' lang='lat' dir='ltr'><strong>dixit</strong></span> <span class='ocrx_word' id='word_1_55' title='bbox 1382 958 1393 992; x_wconf 90' lang='lat'><strong>:</strong></span> <span class='ocrx_word' id='word_1_56' title='bbox 1421 936 1580 990; x_wconf 66' lang='lat' dir='ltr'><strong>Exiri</strong></span> <span class='ocrx_word' id='word_1_57' title='bbox 1613 952 1731 989; x_wconf 86' lang='lat' dir='ltr'><strong>cum</strong></span> <span class='ocrx_word' id='word_1_58' title='bbox 1769 950 1931 988; x_wconf 72' lang='lat' dir='ltr'><strong>uxore</strong></span> <span class='ocrx_word' id='word_1_59' title='bbox 1965 951 2077 987; x_wconf 89' lang='lat' dir='ltr'><strong>mea</strong></span> 
     </span>
    </p>
   </div>
   <div class='ocr_carea' id='block_1_9' title="bbox 485 1028 2074 1115">
    <p class='ocr_par' dir='ltr' id='par_1_9' title="bbox 485 1028 2074 1107">
     <span class='ocr_line' id='line_1_9' title="bbox 485 1028 2074 1107; baseline -0.009 -14"><span class='ocrx_word' id='word_1_60' title='bbox 485 1055 723 1095; x_wconf 70' lang='lat' dir='ltr'><strong>exercere</strong></span> <span class='ocrx_word' id='word_1_61' title='bbox 755 1052 835 1092; x_wconf 89' lang='lat' dir='ltr'><strong>me</strong></span> <span class='ocrx_word' id='word_1_62' title='bbox 859 1054 977 1090; x_wconf 89' lang='lat' dir='ltr'><strong>cum</strong></span> <span class='ocrx_word' id='word_1_63' title='bbox 992 1035 1175 1107; x_wconf 81' lang='lat' dir='ltr'><strong>paucis</strong></span> <span class='ocrx_word' id='word_1_64' title='bbox 1197 1032 1483 1105; x_wconf 85' lang='lat' dir='ltr'><strong>equitibus,</strong></span> <span class='ocrx_word' id='word_1_65' title='bbox 1510 1040 1559 1084; x_wconf 86' lang='lat' dir='ltr'><strong>et</strong></span> <span class='ocrx_word' id='word_1_66' title='bbox 1584 1045 1675 1084; x_wconf 76' lang='lat' dir='ltr'><strong>rea:</strong></span> <span class='ocrx_word' id='word_1_67' title='bbox 1704 1028 2074 1094; x_wconf 74' lang='lat' dir='ltr'><strong>Bebrixorum,</strong></span> 
     </span>
    </p>
   </div>
   <div class='ocr_carea' id='block_1_10' title="bbox 485 1121 2078 1200">
    <p class='ocr_par' dir='ltr' id='par_1_10' title="bbox 485 1121 2078 1200">
     <span class='ocr_line' id='line_1_10' title="bbox 485 1121 2078 1200; baseline -0.009 -16"><span class='ocrx_word' id='word_1_68' title='bbox 485 1132 655 1184; x_wconf 80' lang='lat' dir='ltr'><strong>sciens</strong></span> <span class='ocrx_word' id='word_1_69' title='bbox 690 1126 1143 1200; x_wconf 82' lang='lat' dir='ltr'><strong>pulchritudinem</strong></span> <span class='ocrx_word' id='word_1_70' title='bbox 1192 1124 1374 1178; x_wconf 77' lang='lat' dir='ltr'><strong>uxoris</strong></span> <span class='ocrx_word' id='word_1_71' title='bbox 1414 1137 1574 1186; x_wconf 78' lang='lat' dir='ltr'><strong>mete,</strong></span> <span class='ocrx_word' id='word_1_72' title='bbox 1620 1121 1757 1175; x_wconf 86' lang='lat' dir='ltr'><strong>venit</strong></span> <span class='ocrx_word' id='word_1_73' title='bbox 1800 1135 1955 1189; x_wconf 86' lang='lat' dir='ltr'><strong>super</strong></span> <span class='ocrx_word' id='word_1_74' title='bbox 1998 1134 2078 1171; x_wconf 90' lang='lat' dir='ltr'><strong>me</strong></span> 
     </span>
    </p>
   </div>
   <div class='ocr_carea' id='block_1_11' title="bbox 485 1209 2078 1283">
    <p class='ocr_par' dir='ltr' id='par_1_11' title="bbox 485 1209 2078 1283">
     <span class='ocr_line' id='line_1_11' title="bbox 485 1209 2078 1283; baseline -0.009 -6"><span class='ocrx_word' id='word_1_75' title='bbox 485 1240 602 1277; x_wconf 86' lang='lat' dir='ltr'><strong>cum</strong></span> <span class='ocrx_word' id='word_1_76' title='bbox 627 1221 806 1276; x_wconf 86' lang='lat' dir='ltr'><strong>valida</strong></span> <span class='ocrx_word' id='word_1_77' title='bbox 845 1236 1003 1273; x_wconf 85' lang='lat' dir='ltr'><strong>manu</strong></span> <span class='ocrx_word' id='word_1_78' title='bbox 1037 1226 1085 1272; x_wconf 91' lang='lat' dir='ltr'><strong>et</strong></span> <span class='ocrx_word' id='word_1_79' title='bbox 1108 1216 1331 1271; x_wconf 78' lang='lat' dir='ltr'><strong>abstulit</strong></span> <span class='ocrx_word' id='word_1_80' title='bbox 1355 1231 1473 1269; x_wconf 87' lang='lat' dir='ltr'><strong>eam</strong></span> <span class='ocrx_word' id='word_1_81' title='bbox 1504 1213 1683 1279; x_wconf 80' lang='lat' dir='ltr'><strong>michi,</strong></span> <span class='ocrx_word' id='word_1_82' title='bbox 1708 1221 1756 1265; x_wconf 91' lang='lat' dir='ltr'><strong>et</strong></span> <span class='ocrx_word' id='word_1_83' title='bbox 1782 1212 1908 1283; x_wconf 87' lang='lat' dir='ltr'><strong>quia</strong></span> <span class='ocrx_word' id='word_1_84' title='bbox 1937 1209 2078 1264; x_wconf 84' lang='lat' dir='ltr'><strong>volui</strong></span> 
     </span>
    </p>
   </div>
   <div class='ocr_carea' id='block_1_12' title="bbox 486 1298 2076 1382">
    <p class='ocr_par' dir='ltr' id='par_1_12' title="bbox 486 1298 2076 1382">
     <span class='ocr_line' id='line_1_12' title="bbox 486 1298 2076 1382; baseline -0.009 -16"><span class='ocrx_word' id='word_1_85' title='bbox 486 1330 565 1366; x_wconf 90' lang='lat' dir='ltr'><strong>me</strong></span> <span class='ocrx_word' id='word_1_86' title='bbox 594 1310 889 1382; x_wconf 75' lang='lat' dir='ltr'><strong>defendere,</strong></span> <span class='ocrx_word' id='word_1_87' title='bbox 919 1306 1118 1362; x_wconf 88' lang='lat' dir='ltr'><strong>occidit</strong></span> <span class='ocrx_word' id='word_1_88' title='bbox 1136 1307 1300 1360; x_wconf 86' lang='lat' dir='ltr'><strong>etiam</strong></span> <span class='ocrx_word' id='word_1_89' title='bbox 1333 1302 1528 1357; x_wconf 80' lang='lat' dir='ltr'><strong>milites</strong></span> <span class='ocrx_word' id='word_1_90' title='bbox 1571 1316 1728 1355; x_wconf 84' lang='lat' dir='ltr'><strong>meos.</strong></span> <span class='ocrx_word' id='word_1_91' title='bbox 1759 1299 1860 1354; x_wconf 87' lang='lat' dir='ltr'><strong>Cui</strong></span> <span class='ocrx_word' id='word_1_92' title='bbox 1905 1298 2076 1353; x_wconf 80' lang='lat' dir='ltr'><strong>Ptho-</strong></span> 
     </span>
    </p>
   </div>
   <div class='ocr_carea' id='block_1_13' title="bbox 484 1389 2079 1470">
    <p class='ocr_par' dir='ltr' id='par_1_13' title="bbox 484 1389 2079 1470">
     <span class='ocr_line' id='line_1_13' title="bbox 484 1389 2079 1470; baseline -0.009 -13"><span class='ocrx_word' id='word_1_93' title='bbox 484 1404 737 1458; x_wconf 88' lang='lat' dir='ltr'><strong>lomcus:</strong></span> <span class='ocrx_word' id='word_1_94' title='bbox 786 1399 1045 1470; x_wconf 76' lang='lat' dir='ltr'><strong>Expecta,</strong></span> <span class='ocrx_word' id='word_1_95' title='bbox 1083 1395 1281 1466; x_wconf 84' lang='lat' dir='ltr'><strong>inquit,</strong></span> <span class='ocrx_word' id='word_1_96' title='bbox 1327 1394 1562 1448; x_wconf 84' lang='lat' dir='ltr'><strong>interim.</strong></span> <span class='ocrx_word' id='word_1_97' title='bbox 1616 1390 1682 1444; x_wconf 87' lang='lat' dir='ltr'><strong>Et</strong></span> <span class='ocrx_word' id='word_1_98' title='bbox 1734 1390 1963 1445; x_wconf 78' lang='lat' dir='ltr'><strong>exiliens</strong></span> <span class='ocrx_word' id='word_1_99' title='bbox 2011 1389 2079 1444; x_wconf 91' lang='lat' dir='ltr'><strong>de</strong></span> 
     </span>
    </p>
   </div>
   <div class='ocr_carea' id='block_1_14' title="bbox 485 1485 2079 1559">
    <p class='ocr_par' dir='ltr' id='par_1_14' title="bbox 485 1485 2079 1559">
     <span class='ocr_line' id='line_1_14' title="bbox 485 1485 2079 1559; baseline -0.008 -8"><span class='ocrx_word' id='word_1_100' title='bbox 485 1495 844 1552; x_wconf 86' lang='lat' dir='ltr'><strong>tabernaculo</strong></span> <span class='ocrx_word' id='word_1_101' title='bbox 887 1508 1010 1559; x_wconf 87' lang='lat' dir='ltr'><strong>suo,</strong></span> <span class='ocrx_word' id='word_1_102' title='bbox 1058 1490 1193 1545; x_wconf 88' lang='lat' dir='ltr'><strong>abiit</strong></span> <span class='ocrx_word' id='word_1_103' title='bbox 1244 1488 1311 1543; x_wconf 89' lang='lat' dir='ltr'><strong>ad</strong></span> <span class='ocrx_word' id='word_1_104' title='bbox 1365 1485 1780 1542; x_wconf 88' lang='lat' dir='ltr'><strong>tabernaculum</strong></span> <span class='ocrx_word' id='word_1_105' title='bbox 1831 1485 1995 1555; x_wconf 83' lang='lat' dir='ltr'><strong>regis.</strong></span> <span class='ocrx_word' id='word_1_106' title='bbox 2025 1493 2079 1539; x_wconf 87' lang='lat' dir='ltr'><strong>et</strong></span> 
     </span>
    </p>
   </div>
   <div class='ocr_carea' id='block_1_15' title="bbox 484 1578 2077 1651">
    <p class='ocr_par' dir='ltr' id='par_1_15' title="bbox 484 1578 2077 1651">
     <span class='ocr_line' id='line_1_15' title="bbox 484 1578 2077 1651; baseline -0.009 -6"><span class='ocrx_word' id='word_1_107' title='bbox 484 1589 735 1645; x_wconf 89' lang='lat' dir='ltr'><strong>excitans</strong></span> <span class='ocrx_word' id='word_1_108' title='bbox 777 1601 933 1651; x_wconf 91' lang='lat' dir='ltr'><strong>eum,</strong></span> <span class='ocrx_word' id='word_1_109' title='bbox 978 1583 1225 1639; x_wconf 86' lang='lat' dir='ltr'><strong>narravit</strong></span> <span class='ocrx_word' id='word_1_110' title='bbox 1274 1581 1325 1636; x_wconf 90' lang='lat' dir='ltr'><strong>ei</strong></span> <span class='ocrx_word' id='word_1_111' title='bbox 1373 1580 1555 1636; x_wconf 88' lang='lat' dir='ltr'><strong>omnia</strong></span> <span class='ocrx_word' id='word_1_112' title='bbox 1610 1594 1733 1650; x_wconf 69' lang='lat' dir='ltr'><strong>qua:</strong></span> <span class='ocrx_word' id='word_1_113' title='bbox 1786 1578 1993 1632; x_wconf 78' lang='lat' dir='ltr'><strong>audivit</strong></span> <span class='ocrx_word' id='word_1_114' title='bbox 2046 1593 2077 1632; x_wconf 89' lang='lat' dir='ltr'><strong>a</strong></span> 
     </span>
    </p>
   </div>
   <div class='ocr_carea' id='block_1_16' title="bbox 480 1670 2077 1751">
    <p class='ocr_par' dir='ltr' id='par_1_16' title="bbox 480 1670 2077 1751">
     <span class='ocr_line' id='line_1_16' title="bbox 480 1670 2077 1751; baseline -0.008 -16"><span class='ocrx_word' id='word_1_115' title='bbox 480 1681 701 1751; x_wconf 82' lang='lat' dir='ltr'><strong>juvene.</strong></span> <span class='ocrx_word' id='word_1_116' title='bbox 731 1677 852 1744; x_wconf 87' lang='lat' dir='ltr'><strong>Quo</strong></span> <span class='ocrx_word' id='word_1_117' title='bbox 880 1676 1087 1740; x_wconf 90' lang='lat' dir='ltr'><strong>audito,</strong></span> <span class='ocrx_word' id='word_1_118' title='bbox 1121 1673 1361 1730; x_wconf 83' lang='lat' dir='ltr'><strong>surrexit</strong></span> <span class='ocrx_word' id='word_1_119' title='bbox 1399 1671 1735 1737; x_wconf 79' lang='lat' dir='ltr'><strong>Alexander,</strong></span> <span class='ocrx_word' id='word_1_120' title='bbox 1769 1670 2077 1739; x_wconf 78' lang='lat' dir='ltr'><strong>tollensque</strong></span> 
     </span>
    </p>
   </div>
   <div class='ocr_carea' id='block_1_17' title="bbox 485 1764 2077 1839">
    <p class='ocr_par' dir='ltr' id='par_1_17' title="bbox 485 1764 2077 1839">
     <span class='ocr_line' id='line_1_17' title="bbox 485 1764 2077 1839; baseline -0.006 -12"><span class='ocrx_word' id='word_1_121' title='bbox 485 1772 737 1828; x_wconf 85' lang='lat' dir='ltr'><strong>diadema</strong></span> <span class='ocrx_word' id='word_1_122' title='bbox 788 1769 984 1839; x_wconf 86' lang='lat' dir='ltr'><strong>capitis</strong></span> <span class='ocrx_word' id='word_1_123' title='bbox 1032 1767 1154 1832; x_wconf 90' lang='lat' dir='ltr'><strong>sui,</strong></span> <span class='ocrx_word' id='word_1_124' title='bbox 1209 1766 1491 1822; x_wconf 83' lang='lat' dir='ltr'><strong>coronavit</strong></span> <span class='ocrx_word' id='word_1_125' title='bbox 1552 1764 1972 1829; x_wconf 73' lang='lat' dir='ltr'><strong>Ptholomeutn,</strong></span> <span class='ocrx_word' id='word_1_126' title='bbox 2024 1771 2077 1817; x_wconf 92' lang='lat' dir='ltr'><strong>et</strong></span> 
     </span>
    </p>
   </div>
   <div class='ocr_carea' id='block_1_18' title="bbox 483 1854 2075 1921">
    <p class='ocr_par' dir='ltr' id='par_1_18' title="bbox 483 1854 2075 1921">
     <span class='ocr_line' id='line_1_18' title="bbox 483 1854 2075 1921; baseline -0.008 -3"><span class='ocrx_word' id='word_1_127' title='bbox 483 1862 623 1919; x_wconf 80' lang='lat' dir='ltr'><strong>dixit</strong></span> <span class='ocrx_word' id='word_1_128' title='bbox 656 1862 736 1917; x_wconf 89' lang='lat' dir='ltr'><strong>ei:</strong></span> <span class='ocrx_word' id='word_1_129' title='bbox 768 1860 1041 1915; x_wconf 82' lang='lat' dir='ltr'><strong>Revertere</strong></span> <span class='ocrx_word' id='word_1_130' title='bbox 1076 1859 1131 1912; x_wconf 92' lang='lat' dir='ltr'><strong>in</strong></span> <span class='ocrx_word' id='word_1_131' title='bbox 1163 1854 1565 1911; x_wconf 79' lang='lat' dir='ltr'><strong>tabernaculum</strong></span> <span class='ocrx_word' id='word_1_132' title='bbox 1589 1864 1758 1921; x_wconf 89' lang='lat' dir='ltr'><strong>tuum,</strong></span> <span class='ocrx_word' id='word_1_133' title='bbox 1798 1864 1848 1908; x_wconf 89' lang='lat' dir='ltr'><strong>et</strong></span> <span class='ocrx_word' id='word_1_134' title='bbox 1876 1854 1994 1907; x_wconf 89' lang='lat' dir='ltr'><strong>sede</strong></span> <span class='ocrx_word' id='word_1_135' title='bbox 2020 1855 2075 1907; x_wconf 88' lang='lat' dir='ltr'><strong>in</strong></span> 
     </span>
    </p>
   </div>
   <div class='ocr_carea' id='block_1_19' title="bbox 484 1947 2077 2025">
    <p class='ocr_par' dir='ltr' id='par_1_19' title="bbox 484 1947 2077 2025">
     <span class='ocr_line' id='line_1_19' title="bbox 484 1947 2077 2025; baseline -0.007 -15"><span class='ocrx_word' id='word_1_136' title='bbox 484 1955 621 2010; x_wconf 89' lang='lat' dir='ltr'><strong>solio</strong></span> <span class='ocrx_word' id='word_1_137' title='bbox 650 1954 840 2025; x_wconf 84' lang='lat' dir='ltr'><strong>regali,</strong></span> <span class='ocrx_word' id='word_1_138' title='bbox 869 1962 917 2006; x_wconf 90' lang='lat' dir='ltr'><strong>et</strong></span> <span class='ocrx_word' id='word_1_139' title='bbox 954 1952 1062 2018; x_wconf 90' lang='lat' dir='ltr'><strong>dic,</strong></span> <span class='ocrx_word' id='word_1_140' title='bbox 1087 1951 1300 2022; x_wconf 21' lang='lat' dir='ltr'><strong>quiartu</strong></span> <span class='ocrx_word' id='word_1_141' title='bbox 1333 1951 1409 2004; x_wconf 86' lang='lat' dir='ltr'><strong>sis</strong></span> <span class='ocrx_word' id='word_1_142' title='bbox 1441 1947 1763 2014; x_wconf 76' lang='lat' dir='ltr'><strong>Alexander,</strong></span> <span class='ocrx_word' id='word_1_143' title='bbox 1789 1955 1838 2001; x_wconf 90' lang='lat' dir='ltr'><strong>et</strong></span> <span class='ocrx_word' id='word_1_144' title='bbox 1870 1947 2077 2017; x_wconf 77' lang='lat' dir='ltr'><strong>precipe</strong></span> 
     </span>
    </p>
   </div>
   <div class='ocr_carea' id='block_1_20' title="bbox 485 2038 2079 2114">
    <p class='ocr_par' dir='ltr' id='par_1_20' title="bbox 485 2038 2079 2114">
     <span class='ocr_line' id='line_1_20' title="bbox 485 2038 2079 2114; baseline -0.006 -11"><span class='ocrx_word' id='word_1_145' title='bbox 485 2048 652 2103; x_wconf 83' lang='lat' dir='ltr'><strong>alicui</strong></span> <span class='ocrx_word' id='word_1_146' title='bbox 680 2047 880 2101; x_wconf 78' lang='lat' dir='ltr'><strong>homini</strong></span> <span class='ocrx_word' id='word_1_147' title='bbox 909 2054 1019 2111; x_wconf 90' lang='lat' dir='ltr'><strong>tuo,</strong></span> <span class='ocrx_word' id='word_1_148' title='bbox 1051 2053 1107 2097; x_wconf 90' lang='lat' dir='ltr'><strong>ut</strong></span> <span class='ocrx_word' id='word_1_149' title='bbox 1133 2044 1301 2114; x_wconf 85' lang='lat' dir='ltr'><strong>faciat</strong></span> <span class='ocrx_word' id='word_1_150' title='bbox 1338 2043 1508 2097; x_wconf 87' lang='lat' dir='ltr'><strong>venire</strong></span> <span class='ocrx_word' id='word_1_151' title='bbox 1550 2041 1620 2095; x_wconf 84' lang='lat' dir='ltr'><strong>ad</strong></span> <span class='ocrx_word' id='word_1_152' title='bbox 1672 2050 1718 2094; x_wconf 88' lang='lat' dir='ltr'><strong>te</strong></span> <span class='ocrx_word' id='word_1_153' title='bbox 1740 2041 1893 2111; x_wconf 84' lang='lat' dir='ltr'><strong>quasi</strong></span> <span class='ocrx_word' id='word_1_154' title='bbox 1922 2038 2079 2093; x_wconf 87' lang='lat' dir='ltr'><strong>Anti—</strong></span> 
     </span>
    </p>
   </div>
   <div class='ocr_carea' id='block_1_21' title="bbox 484 2131 2077 2211">
    <p class='ocr_par' dir='ltr' id='par_1_21' title="bbox 484 2131 2077 2211">
     <span class='ocr_line' id='line_1_21' title="bbox 484 2131 2077 2211; baseline -0.006 -18"><span class='ocrx_word' id='word_1_155' title='bbox 484 2155 677 2211; x_wconf 86' lang='lat' dir='ltr'><strong>gonum</strong></span> <span class='ocrx_word' id='word_1_156' title='bbox 721 2137 984 2192; x_wconf 81' lang='lat' dir='ltr'><strong>hominem</strong></span> <span class='ocrx_word' id='word_1_157' title='bbox 1029 2144 1177 2188; x_wconf 90' lang='lat' dir='ltr'><strong>tuum</strong></span> <span class='ocrx_word' id='word_1_158' title='bbox 1207 2136 1483 2205; x_wconf 85' lang='lat' dir='ltr'><strong>veniatque</strong></span> <span class='ocrx_word' id='word_1_159' title='bbox 1529 2132 1599 2186; x_wconf 88' lang='lat' dir='ltr'><strong>ad</strong></span> <span class='ocrx_word' id='word_1_160' title='bbox 1648 2149 1729 2186; x_wconf 89' lang='lat' dir='ltr'><strong>me</strong></span> <span class='ocrx_word' id='word_1_161' title='bbox 1759 2140 1807 2185; x_wconf 87' lang='lat' dir='ltr'><strong>et</strong></span> <span class='ocrx_word' id='word_1_162' title='bbox 1841 2131 2077 2185; x_wconf 78' lang='lat' dir='ltr'><strong>adducat</strong></span> 
     </span>
    </p>
   </div>
   <div class='ocr_carea' id='block_1_22' title="bbox 484 2225 2078 2301">
    <p class='ocr_par' dir='ltr' id='par_1_22' title="bbox 484 2225 2078 2301">
     <span class='ocr_line' id='line_1_22' title="bbox 484 2225 2078 2301; baseline -0.004 -17"><span class='ocrx_word' id='word_1_163' title='bbox 484 2246 566 2285; x_wconf 89' lang='lat' dir='ltr'><strong>me</strong></span> <span class='ocrx_word' id='word_1_164' title='bbox 591 2230 748 2301; x_wconf 90' lang='lat' dir='ltr'><strong>quasi</strong></span> <span class='ocrx_word' id='word_1_165' title='bbox 793 2229 1153 2299; x_wconf 86' lang='lat' dir='ltr'><strong>Antigonum,</strong></span> <span class='ocrx_word' id='word_1_166' title='bbox 1201 2237 1251 2281; x_wconf 89' lang='lat' dir='ltr'><strong>et</strong></span> <span class='ocrx_word' id='word_1_167' title='bbox 1285 2226 1413 2280; x_wconf 90' lang='lat' dir='ltr'><strong>dum</strong></span> <span class='ocrx_word' id='word_1_168' title='bbox 1471 2242 1655 2279; x_wconf 86' lang='lat' dir='ltr'><strong>venero</strong></span> <span class='ocrx_word' id='word_1_169' title='bbox 1700 2226 1865 2278; x_wconf 87' lang='lat' dir='ltr'><strong>recita</strong></span> <span class='ocrx_word' id='word_1_170' title='bbox 1918 2225 2078 2278; x_wconf 84' lang='lat' dir='ltr'><strong>michi</strong></span> 
     </span>
    </p>
   </div>
   <div class='ocr_carea' id='block_1_23' title="bbox 485 2316 2075 2392">
    <p class='ocr_par' dir='ltr' id='par_1_23' title="bbox 485 2316 2075 2392">
     <span class='ocr_line' id='line_1_23' title="bbox 485 2316 2075 2392; baseline -0.005 -16"><span class='ocrx_word' id='word_1_171' title='bbox 485 2323 665 2376; x_wconf 77' lang='lat' dir='ltr'><strong>coram</strong></span> <span class='ocrx_word' id='word_1_172' title='bbox 691 2321 806 2392; x_wconf 90' lang='lat' dir='ltr'><strong>ipso</strong></span> <span class='ocrx_word' id='word_1_173' title='bbox 831 2320 1026 2391; x_wconf 86' lang='lat' dir='ltr'><strong>juvene</strong></span> <span class='ocrx_word' id='word_1_174' title='bbox 1046 2334 1386 2391; x_wconf 80' lang='lat' dir='ltr'><strong>qtuecumqne</strong></span> <span class='ocrx_word' id='word_1_175' title='bbox 1426 2317 1523 2371; x_wconf 84' lang='lat' dir='ltr'><strong>tibi</strong></span> <span class='ocrx_word' id='word_1_176' title='bbox 1563 2318 1732 2381; x_wconf 81' lang='lat' dir='ltr'><strong>dixit,</strong></span> <span class='ocrx_word' id='word_1_177' title='bbox 1763 2324 1812 2369; x_wconf 89' lang='lat' dir='ltr'><strong>et</strong></span> <span class='ocrx_word' id='word_1_178' title='bbox 1844 2316 2075 2369; x_wconf 88' lang='lat' dir='ltr'><strong>interro-</strong></span> 
     </span>
    </p>
   </div>
   <div class='ocr_carea' id='block_1_24' title="bbox 482 2408 2077 2486">
    <p class='ocr_par' dir='ltr' id='par_1_24' title="bbox 482 2408 2077 2486">
     <span class='ocr_line' id='line_1_24' title="bbox 482 2408 2077 2486; baseline -0.006 -17"><span class='ocrx_word' id='word_1_179' title='bbox 482 2431 551 2486; x_wconf 92' lang='lat' dir='ltr'><strong>ga</strong></span> <span class='ocrx_word' id='word_1_180' title='bbox 580 2430 661 2468; x_wconf 89' lang='lat' dir='ltr'><strong>me</strong></span> <span class='ocrx_word' id='word_1_181' title='bbox 704 2413 800 2467; x_wconf 90' lang='lat' dir='ltr'><strong>sub</strong></span> <span class='ocrx_word' id='word_1_182' title='bbox 850 2428 1074 2483; x_wconf 85' lang='lat' dir='ltr'><strong>persona</strong></span> <span class='ocrx_word' id='word_1_183' title='bbox 1109 2410 1391 2482; x_wconf 80' lang='lat' dir='ltr'><strong>Antigoni,</strong></span> <span class='ocrx_word' id='word_1_184' title='bbox 1416 2418 1477 2462; x_wconf 88' lang='lat' dir='ltr'><strong>ut</strong></span> <span class='ocrx_word' id='word_1_185' title='bbox 1507 2409 1624 2462; x_wconf 89' lang='lat' dir='ltr'><strong>dem</strong></span> <span class='ocrx_word' id='word_1_186' title='bbox 1663 2408 1758 2461; x_wconf 87' lang='lat' dir='ltr'><strong>tibi</strong></span> <span class='ocrx_word' id='word_1_187' title='bbox 1796 2408 2077 2461; x_wconf 88' lang='lat' dir='ltr'><strong>consilium</strong></span> 
     </span>
    </p>
   </div>
   <div class='ocr_carea' id='block_1_25' title="bbox 482 2499 2075 2563">
    <p class='ocr_par' dir='ltr' id='par_1_25' title="bbox 482 2499 2075 2563">
     <span class='ocr_line' id='line_1_25' title="bbox 482 2499 2075 2563; baseline -0.005 -1"><span class='ocrx_word' id='word_1_188' title='bbox 482 2508 549 2563; x_wconf 91' lang='lat' dir='ltr'><strong>de</strong></span> <span class='ocrx_word' id='word_1_189' title='bbox 571 2507 673 2562; x_wconf 88' lang='lat' dir='ltr'><strong>hac</strong></span> <span class='ocrx_word' id='word_1_190' title='bbox 697 2522 772 2561; x_wconf 88' lang='lat' dir='ltr'><strong>re.</strong></span> <span class='ocrx_word' id='word_1_191' title='bbox 798 2505 868 2560; x_wconf 87' lang='lat' dir='ltr'><strong>Et</strong></span> <span class='ocrx_word' id='word_1_192' title='bbox 895 2505 969 2559; x_wconf 89' lang='lat' dir='ltr'><strong>ita</strong></span> <span class='ocrx_word' id='word_1_193' title='bbox 1005 2504 1210 2559; x_wconf 83' lang='lat' dir='ltr'><strong>factum</strong></span> <span class='ocrx_word' id='word_1_194' title='bbox 1236 2512 1340 2558; x_wconf 90' lang='lat' dir='ltr'><strong>est.</strong></span> <span class='ocrx_word' id='word_1_195' title='bbox 1375 2501 1523 2555; x_wconf 81' lang='lat' dir='ltr'><strong>Dixit</strong></span> <span class='ocrx_word' id='word_1_196' title='bbox 1551 2510 1734 2555; x_wconf 87' lang='lat' dir='ltr'><strong>autem</strong></span> <span class='ocrx_word' id='word_1_197' title='bbox 1762 2499 2075 2555; x_wconf 77' lang='lat' dir='ltr'><strong>Alexander</strong></span> 
     </span>
    </p>
   </div>
   <div class='ocr_carea' id='block_1_26' title="bbox 482 2592 2078 2671">
    <p class='ocr_par' dir='ltr' id='par_1_26' title="bbox 482 2592 2078 2671">
     <span class='ocr_line' id='line_1_26' title="bbox 482 2592 2078 2671; baseline -0.009 -13"><span class='ocrx_word' id='word_1_198' title='bbox 482 2599 589 2658; x_wconf 80' lang='lat' dir='ltr'><strong>sub</strong></span> <span class='ocrx_word' id='word_1_199' title='bbox 619 2613 855 2671; x_wconf 87' lang='lat' dir='ltr'><strong>persona</strong></span> <span class='ocrx_word' id='word_1_200' title='bbox 882 2596 1174 2670; x_wconf 77' lang='lat' dir='ltr'><strong>Antigoni:</strong></span> <span class='ocrx_word' id='word_1_201' title='bbox 1210 2593 1453 2660; x_wconf 88' lang='lat' dir='ltr'><strong>Domine,</strong></span> <span class='ocrx_word' id='word_1_202' title='bbox 1481 2594 1527 2647; x_wconf 90' lang='lat' dir='ltr'><strong>si</strong></span> <span class='ocrx_word' id='word_1_203' title='bbox 1556 2592 1807 2664; x_wconf 86' lang='lat' dir='ltr'><strong>precipis,</strong></span> <span class='ocrx_word' id='word_1_204' title='bbox 1831 2608 1924 2662; x_wconf 86' lang='lat' dir='ltr'><strong>ego</strong></span> <span class='ocrx_word' id='word_1_205' title='bbox 1960 2608 2078 2661; x_wconf 88' lang='lat' dir='ltr'><strong>per-</strong></span> 
     </span>
    </p>
   </div>
   <div class='ocr_carea' id='block_1_27' title="bbox 483 2687 2077 2768">
    <p class='ocr_par' dir='ltr' id='par_1_27' title="bbox 483 2687 2077 2768">
     <span class='ocr_line' id='line_1_27' title="bbox 483 2687 2077 2768; baseline -0.007 -19"><span class='ocrx_word' id='word_1_206' title='bbox 483 2710 606 2768; x_wconf 90' lang='lat' dir='ltr'><strong>gam</strong></span> <span class='ocrx_word' id='word_1_207' title='bbox 634 2701 787 2748; x_wconf 88' lang='lat' dir='ltr'><strong>nocte</strong></span> <span class='ocrx_word' id='word_1_208' title='bbox 815 2707 973 2762; x_wconf 85' lang='lat' dir='ltr'><strong>super</strong></span> <span class='ocrx_word' id='word_1_209' title='bbox 998 2691 1172 2761; x_wconf 84' lang='lat' dir='ltr'><strong>ipsam</strong></span> <span class='ocrx_word' id='word_1_210' title='bbox 1221 2690 1493 2742; x_wconf 88' lang='lat' dir='ltr'><strong>civitatem</strong></span> <span class='ocrx_word' id='word_1_211' title='bbox 1528 2697 1578 2741; x_wconf 88' lang='lat' dir='ltr'><strong>et</strong></span> <span class='ocrx_word' id='word_1_212' title='bbox 1607 2687 1923 2740; x_wconf 81' lang='lat' dir='ltr'><strong>succendunt</strong></span> <span class='ocrx_word' id='word_1_213' title='bbox 1961 2702 2077 2739; x_wconf 84' lang='lat' dir='ltr'><strong>eam</strong></span> 
     </span>
    </p>
   </div>
   <div class='ocr_carea' id='block_1_28' title="bbox 480 2776 2076 2857">
    <p class='ocr_par' dir='ltr' id='par_1_28' title="bbox 480 2776 2076 2857">
     <span class='ocr_line' id='line_1_28' title="bbox 480 2776 2076 2857; baseline -0.004 -18"><span class='ocrx_word' id='word_1_214' title='bbox 480 2785 615 2857; x_wconf 85' lang='lat' dir='ltr'><strong>igni,</strong></span> <span class='ocrx_word' id='word_1_215' title='bbox 658 2784 958 2856; x_wconf 76' lang='lat' dir='ltr'><strong>faciamque</strong></span> <span class='ocrx_word' id='word_1_216' title='bbox 986 2798 1080 2853; x_wconf 89' lang='lat' dir='ltr'><strong>per</strong></span> <span class='ocrx_word' id='word_1_217' title='bbox 1120 2781 1227 2835; x_wconf 90' lang='lat' dir='ltr'><strong>vim</strong></span> <span class='ocrx_word' id='word_1_218' title='bbox 1262 2780 1414 2835; x_wconf 87' lang='lat' dir='ltr'><strong>reddi</strong></span> <span class='ocrx_word' id='word_1_219' title='bbox 1441 2795 1661 2833; x_wconf 73' lang='lat' dir='ltr'><strong>uxorem</strong></span> <span class='ocrx_word' id='word_1_220' title='bbox 1689 2779 1823 2849; x_wconf 85' lang='lat' dir='ltr'><strong>ejus.</strong></span> <span class='ocrx_word' id='word_1_221' title='bbox 1880 2776 2076 2834; x_wconf 80' lang='lat' dir='ltr'><strong>Statim</strong></span> 
     </span>
    </p>
   </div>
   <div class='ocr_carea' id='block_1_29' title="bbox 481 2872 2078 2943">
    <p class='ocr_par' dir='ltr' id='par_1_29' title="bbox 481 2872 2078 2943">
     <span class='ocr_line' id='line_1_29' title="bbox 481 2872 2078 2943; baseline -0.003 -9"><span class='ocrx_word' id='word_1_222' title='bbox 481 2877 730 2934; x_wconf 84' lang='lat' dir='ltr'><strong>adoravit</strong></span> <span class='ocrx_word' id='word_1_223' title='bbox 753 2892 879 2933; x_wconf 89' lang='lat' dir='ltr'><strong>eum</strong></span> <span class='ocrx_word' id='word_1_224' title='bbox 928 2875 1249 2943; x_wconf 83' lang='lat' dir='ltr'><strong>Candaulis,</strong></span> <span class='ocrx_word' id='word_1_225' title='bbox 1298 2883 1355 2930; x_wconf 89' lang='lat' dir='ltr'><strong>et</strong></span> <span class='ocrx_word' id='word_1_226' title='bbox 1390 2874 1566 2930; x_wconf 88' lang='lat' dir='ltr'><strong>dixit:</strong></span> <span class='ocrx_word' id='word_1_227' title='bbox 1601 2872 1645 2930; x_wconf 91' lang='lat'><em>0</em></span> <span class='ocrx_word' id='word_1_228' title='bbox 1686 2874 2078 2942; x_wconf 82' lang='lat' dir='ltr'><strong>sapientissime</strong></span> 
     </span>
    </p>
   </div>
   <div class='ocr_carea' id='block_1_30' title="bbox 481 2965 2079 3040">
    <p class='ocr_par' dir='ltr' id='par_1_30' title="bbox 481 2965 2079 3040">
     <span class='ocr_line' id='line_1_30' title="bbox 481 2965 2079 3040; baseline -0.001 -17"><span class='ocrx_word' id='word_1_229' title='bbox 481 2969 773 3040; x_wconf 82' lang='lat' dir='ltr'><strong>Antigone,</strong></span> <span class='ocrx_word' id='word_1_230' title='bbox 830 2968 1090 3039; x_wconf 85' lang='lat' dir='ltr'><strong>optimum</strong></span> <span class='ocrx_word' id='word_1_231' title='bbox 1137 2967 1359 3037; x_wconf 80' lang='lat' dir='ltr'><strong>fuisset,</strong></span> <span class='ocrx_word' id='word_1_232' title='bbox 1413 2975 1474 3021; x_wconf 90' lang='lat' dir='ltr'><strong>ut</strong></span> <span class='ocrx_word' id='word_1_233' title='bbox 1528 2974 1586 3021; x_wconf 90' lang='lat' dir='ltr'><strong>tu</strong></span> <span class='ocrx_word' id='word_1_234' title='bbox 1639 2982 1732 3021; x_wconf 75' lang='lat' dir='ltr'><strong>res:</strong></span> <span class='ocrx_word' id='word_1_235' title='bbox 1775 2965 2079 3021; x_wconf 78' lang='lat' dir='ltr'><strong>Alexander</strong></span> 
     </span>
    </p>
   </div>
   <div class='ocr_carea' id='block_1_31' title="bbox 481 3058 2076 3128">
    <p class='ocr_par' dir='ltr' id='par_1_31' title="bbox 481 3058 2076 3128">
     <span class='ocr_line' id='line_1_31' title="bbox 481 3058 2076 3128; baseline -0.004 -8"><span class='ocrx_word' id='word_1_236' title='bbox 481 3077 641 3120; x_wconf 81' lang='lat' dir='ltr'><strong>esses.</strong></span> <span class='ocrx_word' id='word_1_237' title='bbox 664 3061 813 3118; x_wconf 85' lang='lat' dir='ltr'><strong>Abiit</strong></span> <span class='ocrx_word' id='word_1_238' title='bbox 831 3068 1015 3117; x_wconf 88' lang='lat' dir='ltr'><strong>autem</strong></span> <span class='ocrx_word' id='word_1_239' title='bbox 1036 3060 1346 3117; x_wconf 83' lang='lat' dir='ltr'><strong>Alexander</strong></span> <span class='ocrx_word' id='word_1_240' title='bbox 1373 3059 1511 3115; x_wconf 86' lang='lat' dir='ltr'><strong>hora</strong></span> <span class='ocrx_word' id='word_1_241' title='bbox 1535 3059 1717 3115; x_wconf 88' lang='lat' dir='ltr'><strong>noctis</strong></span> <span class='ocrx_word' id='word_1_242' title='bbox 1751 3058 1807 3114; x_wconf 87' lang='lat' dir='ltr'><strong>in</strong></span> <span class='ocrx_word' id='word_1_243' title='bbox 1836 3059 2076 3128; x_wconf 89' lang='lat' dir='ltr'><strong>silentio,</strong></span> 
     </span>
    </p>
   </div>
   <div class='ocr_carea' id='block_1_32' title="bbox 481 3152 2075 3224">
    <p class='ocr_par' dir='ltr' id='par_1_32' title="bbox 481 3152 2075 3224">
     <span class='ocr_line' id='line_1_32' title="bbox 481 3152 2075 3224; baseline -0.004 -12"><span class='ocrx_word' id='word_1_244' title='bbox 481 3164 540 3212; x_wconf 86' lang='lat' dir='ltr'><strong>et</strong></span> <span class='ocrx_word' id='word_1_245' title='bbox 561 3156 852 3212; x_wconf 86' lang='lat' dir='ltr'><strong>succendit</strong></span> <span class='ocrx_word' id='word_1_246' title='bbox 878 3155 1156 3210; x_wconf 85' lang='lat' dir='ltr'><strong>civitatem</strong></span> <span class='ocrx_word' id='word_1_247' title='bbox 1186 3154 1357 3208; x_wconf 90' lang='lat' dir='ltr'><strong>illam.</strong></span> <span class='ocrx_word' id='word_1_248' title='bbox 1393 3152 1727 3224; x_wconf 84' lang='lat' dir='ltr'><strong>Evigilantes</strong></span> <span class='ocrx_word' id='word_1_249' title='bbox 1751 3159 1935 3207; x_wconf 88' lang='lat' dir='ltr'><strong>autem</strong></span> <span class='ocrx_word' id='word_1_250' title='bbox 1978 3152 2075 3207; x_wconf 88' lang='lat' dir='ltr'><strong>ho-</strong></span> 
     </span>
    </p>
   </div>
   <div class='ocr_carea' id='block_1_33' title="bbox 490 3240 2078 3319">
    <p class='ocr_par' dir='ltr' id='par_1_33' title="bbox 490 3240 2078 3319">
     <span class='ocr_line' id='line_1_33' title="bbox 490 3240 2078 3319; baseline -0.004 -14"><span class='ocrx_word' id='word_1_251' title='bbox 490 3250 669 3305; x_wconf 87' lang='lat' dir='ltr'><strong>mines</strong></span> <span class='ocrx_word' id='word_1_252' title='bbox 703 3247 880 3319; x_wconf 85' lang='lat' dir='ltr'><strong>ipsius</strong></span> <span class='ocrx_word' id='word_1_253' title='bbox 907 3247 1166 3314; x_wconf 81' lang='lat' dir='ltr'><strong>civitatis,</strong></span> <span class='ocrx_word' id='word_1_254' title='bbox 1197 3246 1575 3302; x_wconf 74' lang='lat' dir='ltr'><strong>clamarerunt</strong></span> <span class='ocrx_word' id='word_1_255' title='bbox 1619 3243 1903 3300; x_wconf 89' lang='lat' dir='ltr'><strong>dicentes:</strong></span> <span class='ocrx_word' id='word_1_256' title='bbox 1936 3240 2078 3309; x_wconf 85' lang='lat' dir='ltr'><strong>Quid</strong></span> 
     </span>
    </p>
   </div>
   <div class='ocr_carea' id='block_1_34' title="bbox 482 3335 2076 3407">
    <p class='ocr_par' dir='ltr' id='par_1_34' title="bbox 482 3335 2076 3407">
     <span class='ocr_line' id='line_1_34' title="bbox 482 3335 2076 3407; baseline -0.004 -9"><span class='ocrx_word' id='word_1_257' title='bbox 482 3349 563 3398; x_wconf 82' lang='lat' dir='ltr'><strong>est</strong></span> <span class='ocrx_word' id='word_1_258' title='bbox 589 3341 725 3396; x_wconf 80' lang='lat' dir='ltr'><strong>hoc?</strong></span> <span class='ocrx_word' id='word_1_259' title='bbox 752 3339 1060 3397; x_wconf 77' lang='lat' dir='ltr'><strong>Alexander</strong></span> <span class='ocrx_word' id='word_1_260' title='bbox 1091 3338 1261 3395; x_wconf 89' lang='lat' dir='ltr'><strong>dixit:</strong></span> <span class='ocrx_word' id='word_1_261' title='bbox 1282 3335 1576 3394; x_wconf 87' lang='lat' dir='ltr'><strong>Candaulis</strong></span> <span class='ocrx_word' id='word_1_262' title='bbox 1607 3345 1684 3391; x_wconf 90' lang='lat' dir='ltr'><strong>est</strong></span> <span class='ocrx_word' id='word_1_263' title='bbox 1706 3352 1827 3391; x_wconf 90' lang='lat' dir='ltr'><strong>cum</strong></span> <span class='ocrx_word' id='word_1_264' title='bbox 1845 3335 2076 3407; x_wconf 89' lang='lat' dir='ltr'><strong>plurimo</strong></span> 
     </span>
    </p>
   </div>
   <div class='ocr_carea' id='block_1_35' title="bbox 484 3429 2077 3501">
    <p class='ocr_par' dir='ltr' id='par_1_35' title="bbox 484 3429 2077 3501">
     <span class='ocr_line' id='line_1_35' title="bbox 484 3429 2077 3501; baseline -0.004 -11"><span class='ocrx_word' id='word_1_265' title='bbox 484 3435 744 3501; x_wconf 79' lang='lat' dir='ltr'><strong>exercitu,</strong></span> <span class='ocrx_word' id='word_1_266' title='bbox 787 3433 962 3488; x_wconf 87' lang='lat' dir='ltr'><strong>volens</strong></span> <span class='ocrx_word' id='word_1_267' title='bbox 988 3440 1047 3487; x_wconf 89' lang='lat' dir='ltr'><strong>ut</strong></span> <span class='ocrx_word' id='word_1_268' title='bbox 1073 3432 1177 3487; x_wconf 85' lang='lat' dir='ltr'><strong>sibi</strong></span> <span class='ocrx_word' id='word_1_269' title='bbox 1202 3431 1458 3485; x_wconf 86' lang='lat' dir='ltr'><strong>reddatur</strong></span> <span class='ocrx_word' id='word_1_270' title='bbox 1490 3445 1627 3484; x_wconf 71' lang='lat' dir='ltr'><strong>uxor</strong></span> <span class='ocrx_word' id='word_1_271' title='bbox 1653 3429 1803 3500; x_wconf 87' lang='lat' dir='ltr'><strong>ejus;</strong></span> <span class='ocrx_word' id='word_1_272' title='bbox 1840 3429 2077 3501; x_wconf 84' lang='lat' dir='ltr'><strong>alioquin</strong></span> 
     </span>
    </p>
   </div>
   <div class='ocr_carea' id='block_1_36' title="bbox 484 3521 2078 3596">
    <p class='ocr_par' dir='ltr' id='par_1_36' title="bbox 484 3521 2078 3596">
     <span class='ocr_line' id='line_1_36' title="bbox 484 3521 2078 3596; baseline -0.003 -16"><span class='ocrx_word' id='word_1_273' title='bbox 484 3526 787 3582; x_wconf 87' lang='lat' dir='ltr'><strong>moriemini</strong></span> <span class='ocrx_word' id='word_1_274' title='bbox 816 3540 992 3596; x_wconf 88' lang='lat' dir='ltr'><strong>omnes</strong></span> <span class='ocrx_word' id='word_1_275' title='bbox 1022 3541 1116 3596; x_wconf 89' lang='lat' dir='ltr'><strong>per</strong></span> <span class='ocrx_word' id='word_1_276' title='bbox 1142 3524 1337 3595; x_wconf 87' lang='lat' dir='ltr'><strong>ignem.</strong></span> <span class='ocrx_word' id='word_1_277' title='bbox 1368 3521 1646 3578; x_wconf 90' lang='lat' dir='ltr'><strong>lrruentes</strong></span> <span class='ocrx_word' id='word_1_278' title='bbox 1687 3530 1870 3578; x_wconf 88' lang='lat' dir='ltr'><strong>autem</strong></span> <span class='ocrx_word' id='word_1_279' title='bbox 1898 3522 2078 3577; x_wconf 81' lang='lat' dir='ltr'><strong>hemi-</strong></span> 
     </span>
    </p>
   </div>
   <div class='ocr_carea' id='block_1_37' title="bbox 490 3619 2078 3693">
    <p class='ocr_par' dir='ltr' id='par_1_37' title="bbox 490 3619 2078 3693">
     <span class='ocr_line' id='line_1_37' title="bbox 490 3619 2078 3693; baseline -0.001 -15"><span class='ocrx_word' id='word_1_280' title='bbox 490 3639 590 3679; x_wconf 90' lang='lat' dir='ltr'><strong>nes</strong></span> <span class='ocrx_word' id='word_1_281' title='bbox 618 3623 696 3677; x_wconf 90' lang='lat' dir='ltr'><strong>illi</strong></span> <span class='ocrx_word' id='word_1_282' title='bbox 722 3620 1003 3693; x_wconf 78' lang='lat' dir='ltr'><strong>fregerunt</strong></span> <span class='ocrx_word' id='word_1_283' title='bbox 1028 3628 1220 3693; x_wconf 85' lang='lat' dir='ltr'><strong>portas</strong></span> <span class='ocrx_word' id='word_1_284' title='bbox 1241 3619 1449 3692; x_wconf 88' lang='lat' dir='ltr'><strong>palatii,</strong></span> <span class='ocrx_word' id='word_1_285' title='bbox 1468 3627 1523 3675; x_wconf 93' lang='lat' dir='ltr'><strong>et</strong></span> <span class='ocrx_word' id='word_1_286' title='bbox 1540 3620 1923 3676; x_wconf 83' lang='lat' dir='ltr'><strong>abstrahentcs</strong></span> <span class='ocrx_word' id='word_1_287' title='bbox 1953 3619 2078 3676; x_wconf 86' lang='lat' dir='ltr'><strong>inde</strong></span> 
     </span>
    </p>
   </div>
   <div class='ocr_carea' id='block_1_38' title="bbox 483 3711 2078 3781">
    <p class='ocr_par' dir='ltr' id='par_1_38' title="bbox 483 3711 2078 3781">
     <span class='ocr_line' id='line_1_38' title="bbox 483 3711 2078 3781; baseline -0.001 -11"><span class='ocrx_word' id='word_1_288' title='bbox 483 3730 714 3770; x_wconf 87' lang='lat' dir='ltr'><strong>uxorem</strong></span> <span class='ocrx_word' id='word_1_289' title='bbox 751 3713 1071 3781; x_wconf 89' lang='lat' dir='ltr'><strong>Candaulis,</strong></span> <span class='ocrx_word' id='word_1_290' title='bbox 1117 3713 1473 3770; x_wconf 86' lang='lat' dir='ltr'><strong>reddiderunt</strong></span> <span class='ocrx_word' id='word_1_291' title='bbox 1508 3728 1630 3768; x_wconf 92' lang='lat' dir='ltr'><strong>eam</strong></span> <span class='ocrx_word' id='word_1_292' title='bbox 1682 3712 1779 3768; x_wconf 89' lang='lat' dir='ltr'><strong>illi.</strong></span> <span class='ocrx_word' id='word_1_293' title='bbox 1819 3711 1925 3781; x_wconf 87' lang='lat' dir='ltr'><strong>Qui</strong></span> <span class='ocrx_word' id='word_1_294' title='bbox 1960 3713 2078 3768; x_wconf 93' lang='lat' dir='ltr'><strong>vol-</strong></span> 
     </span>
    </p>
   </div>
   <div class='ocr_carea' id='block_1_39' title="bbox 484 3804 2074 3878">
    <p class='ocr_par' dir='ltr' id='par_1_39' title="bbox 484 3804 2074 3878">
     <span class='ocr_line' id='line_1_39' title="bbox 484 3804 2074 3878; baseline 0 -17"><span class='ocrx_word' id='word_1_295' title='bbox 484 3821 622 3863; x_wconf 69' lang='lat' dir='ltr'><strong>vens</strong></span> <span class='ocrx_word' id='word_1_296' title='bbox 668 3821 727 3864; x_wconf 81' lang='lat' dir='ltr'><strong>se</strong></span> <span class='ocrx_word' id='word_1_297' title='bbox 772 3805 1085 3862; x_wconf 86' lang='lat' dir='ltr'><strong>Alexandro</strong></span> <span class='ocrx_word' id='word_1_298' title='bbox 1137 3805 1311 3862; x_wconf 83' lang='lat' dir='ltr'><strong>dixit:</strong></span> <span class='ocrx_word' id='word_1_299' title='bbox 1347 3804 1425 3860; x_wconf 76' lang='lat' dir='ltr'><strong>Mi</strong></span> <span class='ocrx_word' id='word_1_300' title='bbox 1473 3804 1753 3860; x_wconf 82' lang='lat' dir='ltr'><strong>karissime</strong></span> <span class='ocrx_word' id='word_1_301' title='bbox 1792 3805 2074 3878; x_wconf 82' lang='lat' dir='ltr'><strong>Antigone,</strong></span> 
     </span>
    </p>
   </div>
   <div class='ocr_carea' id='block_1_40' title="bbox 487 3897 2078 3970">
    <p class='ocr_par' dir='ltr' id='par_1_40' title="bbox 487 3897 2078 3970">
     <span class='ocr_line' id='line_1_40' title="bbox 487 3897 2078 3970; baseline 0.001 -18"><span class='ocrx_word' id='word_1_302' title='bbox 487 3914 613 3970; x_wconf 88' lang='lat' dir='ltr'><strong>rogo</strong></span> <span class='ocrx_word' id='word_1_303' title='bbox 645 3906 715 3966; x_wconf 86' lang='lat' dir='ltr'><strong>te,</strong></span> <span class='ocrx_word' id='word_1_304' title='bbox 741 3898 856 3953; x_wconf 81' lang='lat' dir='ltr'><strong>veni</strong></span> <span class='ocrx_word' id='word_1_305' title='bbox 883 3914 1085 3952; x_wconf 88' lang='lat' dir='ltr'><strong>mecum</strong></span> <span class='ocrx_word' id='word_1_306' title='bbox 1106 3897 1177 3953; x_wconf 92' lang='lat' dir='ltr'><strong>ad</strong></span> <span class='ocrx_word' id='word_1_307' title='bbox 1199 3906 1420 3953; x_wconf 85' lang='lat' dir='ltr'><strong>matrem</strong></span> <span class='ocrx_word' id='word_1_308' title='bbox 1466 3913 1657 3965; x_wconf 88' lang='lat' dir='ltr'><strong>meam,</strong></span> <span class='ocrx_word' id='word_1_309' title='bbox 1682 3897 1933 3970; x_wconf 86' lang='lat' dir='ltr'><strong>quatinus</strong></span> <span class='ocrx_word' id='word_1_310' title='bbox 1980 3897 2078 3953; x_wconf 86' lang='lat' dir='ltr'><strong>tibi</strong></span> 
     </span>
    </p>
   </div>
   <div class='ocr_carea' id='block_1_41' title="bbox 485 3989 2073 4063">
    <p class='ocr_par' dir='ltr' id='par_1_41' title="bbox 485 3989 2073 4063">
     <span class='ocr_line' id='line_1_41' title="bbox 485 3989 2073 4063; baseline -0.001 -16"><span class='ocrx_word' id='word_1_311' title='bbox 485 3991 673 4048; x_wconf 85' lang='lat' dir='ltr'><strong>reddat</strong></span> <span class='ocrx_word' id='word_1_312' title='bbox 696 3991 860 4063; x_wconf 90' lang='lat' dir='ltr'><strong>digna</strong></span> <span class='ocrx_word' id='word_1_313' title='bbox 886 3990 1092 4046; x_wconf 86' lang='lat' dir='ltr'><strong>meritis</strong></span> <span class='ocrx_word' id='word_1_314' title='bbox 1124 3991 1251 4045; x_wconf 86' lang='lat' dir='ltr'><strong>tuis.</strong></span> <span class='ocrx_word' id='word_1_315' title='bbox 1284 3989 1543 4047; x_wconf 83' lang='lat' dir='ltr'><strong>Gaudeas</strong></span> <span class='ocrx_word' id='word_1_316' title='bbox 1563 3989 1872 4047; x_wconf 82' lang='lat' dir='ltr'><strong>Alexander</strong></span> <span class='ocrx_word' id='word_1_317' title='bbox 1896 3990 2036 4046; x_wconf 81' lang='lat' dir='ltr'><strong>dixit</strong></span> <span class='ocrx_word' id='word_1_318' title='bbox 2060 4010 2073 4046; x_wconf 92' lang='lat'><strong>:</strong></span> 
     </span>
    </p>
   </div>
   <div class='ocr_carea' id='block_1_42' title="bbox 486 4081 2077 4153">
    <p class='ocr_par' dir='ltr' id='par_1_42' title="bbox 486 4081 2077 4153">
     <span class='ocr_line' id='line_1_42' title="bbox 486 4081 2077 4153; baseline 0.001 -16"><span class='ocrx_word' id='word_1_319' title='bbox 486 4081 689 4139; x_wconf 87' lang='lat' dir='ltr'><strong>Eamus</strong></span> <span class='ocrx_word' id='word_1_320' title='bbox 704 4083 774 4138; x_wconf 89' lang='lat' dir='ltr'><strong>ad</strong></span> <span class='ocrx_word' id='word_1_321' title='bbox 800 4082 1254 4149; x_wconf 58' lang='lat' dir='ltr'><strong>Alexandrum,“</strong></span> <span class='ocrx_word' id='word_1_322' title='bbox 1273 4082 1486 4153; x_wconf 78' lang='lat' dir='ltr'><strong>pustula</strong></span> <span class='ocrx_word' id='word_1_323' title='bbox 1500 4099 1580 4138; x_wconf 90' lang='lat' dir='ltr'><strong>me</strong></span> <span class='ocrx_word' id='word_1_324' title='bbox 1594 4082 1659 4137; x_wconf 88' lang='lat' dir='ltr'><strong>ab</strong></span> <span class='ocrx_word' id='word_1_325' title='bbox 1685 4098 1766 4149; x_wconf 84' lang='lat' dir='ltr'><strong>eo,</strong></span> <span class='ocrx_word' id='word_1_326' title='bbox 1794 4092 1844 4137; x_wconf 90' lang='lat' dir='ltr'><strong>et</strong></span> <span class='ocrx_word' id='word_1_327' title='bbox 1870 4083 2077 4139; x_wconf 86' lang='lat' dir='ltr'><strong>veniam</strong></span> 
     </span>
    </p>
   </div>
   <div class='ocr_carea' id='block_1_43' title="bbox 486 4171 2074 4245">
    <p class='ocr_par' dir='ltr' id='par_1_43' title="bbox 486 4171 2074 4245">
     <span class='ocr_line' id='line_1_43' title="bbox 486 4171 2074 4245; baseline -0.001 -17"><span class='ocrx_word' id='word_1_328' title='bbox 486 4183 677 4229; x_wconf 84' lang='lat' dir='ltr'><strong>tecum.</strong></span> <span class='ocrx_word' id='word_1_329' title='bbox 731 4171 1072 4245; x_wconf 73' lang='lat' dir='ltr'><strong>Signiﬁcavit</strong></span> <span class='ocrx_word' id='word_1_330' title='bbox 1121 4179 1305 4228; x_wconf 89' lang='lat' dir='ltr'><strong>autem</strong></span> <span class='ocrx_word' id='word_1_331' title='bbox 1355 4172 1462 4229; x_wconf 91' lang='lat' dir='ltr'><strong>hoc</strong></span> <span class='ocrx_word' id='word_1_332' title='bbox 1512 4180 1675 4229; x_wconf 84' lang='lat' dir='ltr'><strong>antea</strong></span> <span class='ocrx_word' id='word_1_333' title='bbox 1729 4171 2074 4229; x_wconf 87' lang='lat' dir='ltr'><strong>Ptholomeo.</strong></span> 
     </span>
    </p>
   </div>
   <div class='ocr_carea' id='block_1_44' title="bbox 487 4263 2077 4338">
    <p class='ocr_par' dir='ltr' id='par_1_44' title="bbox 487 4263 2077 4338">
     <span class='ocr_line' id='line_1_44' title="bbox 487 4263 2077 4338; baseline 0.001 -18"><span class='ocrx_word' id='word_1_334' title='bbox 487 4266 638 4321; x_wconf 86' lang='lat' dir='ltr'><strong>Abiit</strong></span> <span class='ocrx_word' id='word_1_335' title='bbox 661 4280 794 4338; x_wconf 74' lang='lat' dir='ltr'><strong>ergo</strong></span> <span class='ocrx_word' id='word_1_336' title='bbox 841 4263 1142 4332; x_wconf 83' lang='lat' dir='ltr'><strong>Candaulis</strong></span> <span class='ocrx_word' id='word_1_337' title='bbox 1167 4274 1222 4321; x_wconf 89' lang='lat' dir='ltr'><strong>et</strong></span> <span class='ocrx_word' id='word_1_338' title='bbox 1254 4265 1409 4338; x_wconf 85' lang='lat' dir='ltr'><strong>petiit</strong></span> <span class='ocrx_word' id='word_1_339' title='bbox 1441 4279 1569 4322; x_wconf 91' lang='lat' dir='ltr'><strong>eum</strong></span> <span class='ocrx_word' id='word_1_340' title='bbox 1599 4265 1669 4321; x_wconf 86' lang='lat' dir='ltr'><strong>ab</strong></span> <span class='ocrx_word' id='word_1_341' title='bbox 1692 4280 1792 4334; x_wconf 89' lang='lat' dir='ltr'><strong>eo;</strong></span> <span class='ocrx_word' id='word_1_342' title='bbox 1823 4274 2077 4338; x_wconf 83' lang='lat' dir='ltr'><strong>accepta-</strong></span> 
     </span>
    </p>
   </div>
   <div class='ocr_carea' id='block_1_45' title="bbox 484 4356 2080 4431">
    <p class='ocr_par' dir='ltr' id='par_1_45' title="bbox 484 4356 2080 4431">
     <span class='ocr_line' id='line_1_45' title="bbox 484 4356 2080 4431; baseline -0.001 -16"><span class='ocrx_word' id='word_1_343' title='bbox 484 4376 595 4431; x_wconf 89' lang='lat' dir='ltr'><strong>que</strong></span> <span class='ocrx_word' id='word_1_344' title='bbox 630 4360 874 4428; x_wconf 88' lang='lat' dir='ltr'><strong>licentia,</strong></span> <span class='ocrx_word' id='word_1_345' title='bbox 905 4358 1040 4415; x_wconf 89' lang='lat' dir='ltr'><strong>abiit</strong></span> <span class='ocrx_word' id='word_1_346' title='bbox 1059 4375 1186 4416; x_wconf 89' lang='lat' dir='ltr'><strong>cum</strong></span> <span class='ocrx_word' id='word_1_347' title='bbox 1210 4374 1296 4416; x_wconf 88' lang='lat' dir='ltr'><strong>co.</strong></span> <span class='ocrx_word' id='word_1_348' title='bbox 1350 4356 1487 4416; x_wconf 91' lang='lat' dir='ltr'><strong>Cum</strong></span> <span class='ocrx_word' id='word_1_349' title='bbox 1533 4365 1717 4415; x_wconf 86' lang='lat' dir='ltr'><strong>autem</strong></span> <span class='ocrx_word' id='word_1_350' title='bbox 1760 4359 1936 4416; x_wconf 88' lang='lat' dir='ltr'><strong>issent</strong></span> <span class='ocrx_word' id='word_1_351' title='bbox 1980 4374 2080 4431; x_wconf 86' lang='lat' dir='ltr'><strong>per</strong></span> 
     </span>
    </p>
   </div>
   <div class='ocr_carea' id='block_1_46' title="bbox 488 4450 2078 4524">
    <p class='ocr_par' dir='ltr' id='par_1_46' title="bbox 488 4450 2078 4524">
     <span class='ocr_line' id='line_1_46' title="bbox 488 4450 2078 4524; baseline 0.002 -18"><span class='ocrx_word' id='word_1_352' title='bbox 488 4452 654 4518; x_wconf 82' lang='lat' dir='ltr'><strong>viam,</strong></span> <span class='ocrx_word' id='word_1_353' title='bbox 676 4450 871 4508; x_wconf 85' lang='lat' dir='ltr'><strong>videns</strong></span> <span class='ocrx_word' id='word_1_354' title='bbox 898 4450 1209 4507; x_wconf 85' lang='lat' dir='ltr'><strong>Alexander</strong></span> <span class='ocrx_word' id='word_1_355' title='bbox 1251 4450 1394 4507; x_wconf 89' lang='lat' dir='ltr'><strong>altos</strong></span> <span class='ocrx_word' id='word_1_356' title='bbox 1435 4459 1654 4508; x_wconf 88' lang='lat' dir='ltr'><strong>montes</strong></span> <span class='ocrx_word' id='word_1_357' title='bbox 1708 4452 2078 4524; x_wconf 78' lang='lat' dir='ltr'><strong>pertingentes</strong></span> 
     </span>
    </p>
   </div>
   <div class='ocr_carea' id='block_1_47' title="bbox 2181 560 3751 633">
    <p class='ocr_par' dir='ltr' id='par_1_47' title="bbox 2181 560 3751 633">
     <span class='ocr_line' id='line_1_47' title="bbox 2181 560 3751 633; baseline 0 -16"><span class='ocrx_word' id='word_1_358' title='bbox 2181 563 2339 633; x_wconf 90' lang='lat' dir='ltr'><strong>quasi</strong></span> <span class='ocrx_word' id='word_1_359' title='bbox 2370 577 2436 616; x_wconf 85' lang='lat' dir='ltr'><strong>ex</strong></span> <span class='ocrx_word' id='word_1_360' title='bbox 2467 576 2622 617; x_wconf 90' lang='lat' dir='ltr'><strong>auro.</strong></span> <span class='ocrx_word' id='word_1_361' title='bbox 2656 560 2752 615; x_wconf 93' lang='lat' dir='ltr'><strong>lllo</strong></span> <span class='ocrx_word' id='word_1_362' title='bbox 2781 561 2965 631; x_wconf 81' lang='lat' dir='ltr'><strong>itaque</strong></span> <span class='ocrx_word' id='word_1_363' title='bbox 2994 561 3082 615; x_wconf 92' lang='lat' dir='ltr'><strong>die</strong></span> <span class='ocrx_word' id='word_1_364' title='bbox 3113 560 3438 615; x_wconf 82' lang='lat' dir='ltr'><strong>comedebat</strong></span> <span class='ocrx_word' id='word_1_365' title='bbox 3466 561 3751 617; x_wconf 73' lang='lat' dir='ltr'><strong>Alexander</strong></span> 
     </span>
    </p>
   </div>
   <div class='ocr_carea' id='block_1_48' title="bbox 2181 655 3750 727">
    <p class='ocr_par' dir='ltr' id='par_1_48' title="bbox 2181 655 3750 727">
     <span class='ocr_line' id='line_1_48' title="bbox 2181 655 3750 727; baseline 0 -16"><span class='ocrx_word' id='word_1_366' title='bbox 2181 671 2306 711; x_wconf 89' lang='lat' dir='ltr'><strong>cum</strong></span> <span class='ocrx_word' id='word_1_367' title='bbox 2339 655 2463 711; x_wconf 83' lang='lat' dir='ltr'><strong>ﬁliis</strong></span> <span class='ocrx_word' id='word_1_368' title='bbox 2493 656 2714 727; x_wconf 67' lang='lat' dir='ltr'><strong>regium,</strong></span> <span class='ocrx_word' id='word_1_369' title='bbox 2730 655 2899 710; x_wconf 88' lang='lat' dir='ltr'><strong>altera</strong></span> <span class='ocrx_word' id='word_1_370' title='bbox 2931 670 3064 709; x_wconf 78' lang='lat' dir='ltr'><strong>vero</strong></span> <span class='ocrx_word' id='word_1_371' title='bbox 3089 655 3177 710; x_wconf 90' lang='lat' dir='ltr'><strong>die</strong></span> <span class='ocrx_word' id='word_1_372' title='bbox 3205 656 3623 726; x_wconf 83' lang='lat' dir='ltr'><strong>apprehendens</strong></span> <span class='ocrx_word' id='word_1_373' title='bbox 3644 672 3750 711; x_wconf 79' lang='lat' dir='ltr'><strong>eum</strong></span> 
     </span>
    </p>
   </div>
   <div class='ocr_carea' id='block_1_49' title="bbox 2178 744 3754 818">
    <p class='ocr_par' dir='ltr' id='par_1_49' title="bbox 2178 744 3754 818">
     <span class='ocr_line' id='line_1_49' title="bbox 2178 744 3754 818; baseline 0.001 -16"><span class='ocrx_word' id='word_1_374' title='bbox 2178 744 2453 803; x_wconf 89' lang='lat' dir='ltr'><strong>Candacis</strong></span> <span class='ocrx_word' id='word_1_375' title='bbox 2489 764 2584 818; x_wconf 80' lang='lat' dir='ltr'><strong>per</strong></span> <span class='ocrx_word' id='word_1_376' title='bbox 2618 764 2842 802; x_wconf 90' lang='lat' dir='ltr'><strong>manum</strong></span> <span class='ocrx_word' id='word_1_377' title='bbox 2867 790 2881 813; x_wconf 92' lang='lat'><strong>_.</strong></span> <span class='ocrx_word' id='word_1_378' title='bbox 2929 748 3233 803; x_wconf 65' lang='lat' dir='ltr'><strong>introduxit</strong></span> <span class='ocrx_word' id='word_1_379' title='bbox 3268 764 3397 802; x_wconf 88' lang='lat' dir='ltr'><strong>eum</strong></span> <span class='ocrx_word' id='word_1_380' title='bbox 3442 749 3501 802; x_wconf 86' lang='lat' dir='ltr'><strong>in</strong></span> <span class='ocrx_word' id='word_1_381' title='bbox 3545 750 3754 804; x_wconf 77' lang='lat' dir='ltr'><strong>cubicu-</strong></span> 
     </span>
    </p>
   </div>
   <div class='ocr_carea' id='block_1_50' title="bbox 2179 840 3749 911">
    <p class='ocr_par' dir='ltr' id='par_1_50' title="bbox 2179 840 3749 911">
     <span class='ocr_line' id='line_1_50' title="bbox 2179 840 3749 911; baseline 0.001 -17"><span class='ocrx_word' id='word_1_382' title='bbox 2179 841 2315 907; x_wconf 91' lang='lat' dir='ltr'><strong>lum,</strong></span> <span class='ocrx_word' id='word_1_383' title='bbox 2346 840 2490 911; x_wconf 86' lang='lat' dir='ltr'><strong>quod</strong></span> <span class='ocrx_word' id='word_1_384' title='bbox 2531 848 2650 895; x_wconf 84' lang='lat' dir='ltr'><strong>erat</strong></span> <span class='ocrx_word' id='word_1_385' title='bbox 2698 848 3079 895; x_wconf 87' lang='lat' dir='ltr'><strong>constructum</strong></span> <span class='ocrx_word' id='word_1_386' title='bbox 3120 856 3185 895; x_wconf 90' lang='lat' dir='ltr'><strong>ex</strong></span> <span class='ocrx_word' id='word_1_387' title='bbox 3230 840 3504 911; x_wconf 78' lang='lat' dir='ltr'><strong>lapidibus</strong></span> <span class='ocrx_word' id='word_1_388' title='bbox 3537 857 3749 897; x_wconf 84' lang='lat' dir='ltr'><strong>aureum</strong></span> 
     </span>
    </p>
   </div>
   <div class='ocr_carea' id='block_1_51' title="bbox 2180 932 3756 1006">
    <p class='ocr_par' dir='ltr' id='par_1_51' title="bbox 2180 932 3756 1006">
     <span class='ocr_line' id='line_1_51' title="bbox 2180 932 3756 1006; baseline 0.001 -18"><span class='ocrx_word' id='word_1_389' title='bbox 2180 933 2418 988; x_wconf 89' lang='lat' dir='ltr'><strong>colorem</strong></span> <span class='ocrx_word' id='word_1_390' title='bbox 2450 932 2799 999; x_wconf 82' lang='lat' dir='ltr'><strong>habentibus,</strong></span> <span class='ocrx_word' id='word_1_391' title='bbox 2833 932 3157 1003; x_wconf 89' lang='lat' dir='ltr'><strong>lucebatque</strong></span> <span class='ocrx_word' id='word_1_392' title='bbox 3188 933 3338 990; x_wconf 81' lang='lat' dir='ltr'><strong>intus</strong></span> <span class='ocrx_word' id='word_1_393' title='bbox 3365 933 3430 1003; x_wconf 73' lang='grc' dir='ltr'><strong>(Γ.</strong></span> <span class='ocrx_word' id='word_1_394' title='bbox 3461 935 3595 1006; x_wconf 74' lang='grc'><strong>215)</strong></span> <span class='ocrx_word' id='word_1_395' title='bbox 3614 936 3756 1006; x_wconf 84' lang='lat' dir='ltr'><strong>quasi</strong></span> 
     </span>
    </p>
   </div>
   <div class='ocr_carea' id='block_1_52' title="bbox 2179 1026 3753 1105">
    <p class='ocr_par' dir='ltr' id='par_1_52' title="bbox 2179 1026 3753 1105">
     <span class='ocr_line' id='line_1_52' title="bbox 2179 1026 3753 1105; baseline 0.001 -22"><span class='ocrx_word' id='word_1_396' title='bbox 2179 1028 2262 1083; x_wconf 88' lang='lat' dir='ltr'><strong>sol</strong></span> <span class='ocrx_word' id='word_1_397' title='bbox 2317 1027 2390 1080; x_wconf 89' lang='lat' dir='ltr'><strong>ibi</strong></span> <span class='ocrx_word' id='word_1_398' title='bbox 2424 1026 2750 1093; x_wconf 85' lang='lat' dir='ltr'><strong>refulsisset,</strong></span> <span class='ocrx_word' id='word_1_399' title='bbox 2782 1035 3011 1105; x_wconf 83' lang='lat' dir='ltr'><strong>eratque</strong></span> <span class='ocrx_word' id='word_1_400' title='bbox 3042 1029 3115 1081; x_wconf 86' lang='lat' dir='ltr'><strong>ibi</strong></span> <span class='ocrx_word' id='word_1_401' title='bbox 3161 1028 3466 1086; x_wconf 81' lang='lat' dir='ltr'><strong>triclinium</strong></span> <span class='ocrx_word' id='word_1_402' title='bbox 3496 1046 3567 1086; x_wconf 88' lang='lat' dir='ltr'><strong>ex</strong></span> <span class='ocrx_word' id='word_1_403' title='bbox 3606 1030 3753 1104; x_wconf 70' lang='lat' dir='ltr'><strong>lignis</strong></span> 
     </span>
    </p>
   </div>
   <div class='ocr_carea' id='block_1_53' title="bbox 2179 1119 3759 1195">
    <p class='ocr_par' dir='ltr' id='par_1_53' title="bbox 2179 1119 3759 1195">
     <span class='ocr_line' id='line_1_53' title="bbox 2179 1119 3759 1195; baseline 0.003 -21"><span class='ocrx_word' id='word_1_404' title='bbox 2179 1119 2393 1190; x_wconf 89' lang='lat' dir='ltr'><strong>asiptis,</strong></span> <span class='ocrx_word' id='word_1_405' title='bbox 2425 1136 2548 1190; x_wconf 71' lang='lat' dir='ltr'><strong>quae</strong></span> <span class='ocrx_word' id='word_1_406' title='bbox 2570 1135 2680 1174; x_wconf 90' lang='lat' dir='ltr'><strong>non</strong></span> <span class='ocrx_word' id='word_1_407' title='bbox 2702 1120 3071 1175; x_wconf 85' lang='lat' dir='ltr'><strong>incenduntur</strong></span> <span class='ocrx_word' id='word_1_408' title='bbox 3100 1122 3170 1176; x_wconf 91' lang='lat' dir='ltr'><strong>ab</strong></span> <span class='ocrx_word' id='word_1_409' title='bbox 3199 1122 3344 1193; x_wconf 84' lang='lat' dir='ltr'><strong>igne,</strong></span> <span class='ocrx_word' id='word_1_410' title='bbox 3373 1124 3528 1179; x_wconf 87' lang='lat' dir='ltr'><strong>aliud</strong></span> <span class='ocrx_word' id='word_1_411' title='bbox 3559 1140 3759 1195; x_wconf 87' lang='lat' dir='ltr'><strong>quoque</strong></span> 
     </span>
    </p>
   </div>
   <div class='ocr_carea' id='block_1_54' title="bbox 2179 1213 3761 1289">
    <p class='ocr_par' dir='ltr' id='par_1_54' title="bbox 2179 1213 3761 1289">
     <span class='ocr_line' id='line_1_54' title="bbox 2179 1213 3761 1289; baseline 0.003 -21"><span class='ocrx_word' id='word_1_412' title='bbox 2179 1213 2493 1268; x_wconf 88' lang='lat' dir='ltr'><strong>cubiculum</strong></span> <span class='ocrx_word' id='word_1_413' title='bbox 2547 1228 2714 1284; x_wconf 89' lang='lat' dir='ltr'><strong>super</strong></span> <span class='ocrx_word' id='word_1_414' title='bbox 2763 1214 2909 1286; x_wconf 81' lang='lat' dir='ltr'><strong>ligna</strong></span> <span class='ocrx_word' id='word_1_415' title='bbox 2962 1215 3203 1270; x_wconf 90' lang='lat' dir='ltr'><strong>maxima</strong></span> <span class='ocrx_word' id='word_1_416' title='bbox 3232 1232 3359 1271; x_wconf 86' lang='lat' dir='ltr'><strong>cum</strong></span> <span class='ocrx_word' id='word_1_417' title='bbox 3413 1218 3590 1283; x_wconf 85' lang='lat' dir='ltr'><strong>rotis,</strong></span> <span class='ocrx_word' id='word_1_418' title='bbox 3635 1220 3761 1289; x_wconf 87' lang='lat' dir='ltr'><strong>quod</strong></span> 
     </span>
    </p>
   </div>
   <div class='ocr_carea' id='block_1_55' title="bbox 2178 1307 3757 1380">
    <p class='ocr_par' dir='ltr' id='par_1_55' title="bbox 2178 1307 3757 1380">
     <span class='ocr_line' id='line_1_55' title="bbox 2178 1307 3757 1380; baseline 0.003 -19"><span class='ocrx_word' id='word_1_419' title='bbox 2178 1307 2499 1362; x_wconf 87' lang='lat' dir='ltr'><strong>trahebatur</strong></span> <span class='ocrx_word' id='word_1_420' title='bbox 2534 1323 2562 1361; x_wconf 93' lang='lat' dir='ltr'><strong>a</strong></span> <span class='ocrx_word' id='word_1_421' title='bbox 2599 1307 2791 1380; x_wconf 81' lang='lat' dir='ltr'><strong>viginti</strong></span> <span class='ocrx_word' id='word_1_422' title='bbox 2843 1309 3170 1380; x_wconf 81' lang='lat' dir='ltr'><strong>elephantis.</strong></span> <span class='ocrx_word' id='word_1_423' title='bbox 3205 1308 3333 1366; x_wconf 69' lang='lat' dir='ltr'><strong>Ilaec</strong></span> <span class='ocrx_word' id='word_1_424' title='bbox 3405 1309 3609 1365; x_wconf 78' lang='lat' dir='ltr'><strong>videns</strong></span> <span class='ocrx_word' id='word_1_425' title='bbox 3649 1310 3757 1365; x_wconf 78' lang='lat' dir='ltr'><strong>Ale-</strong></span> 
     </span>
    </p>
   </div>
   <div class='ocr_carea' id='block_1_56' title="bbox 2184 1399 3762 1474">
    <p class='ocr_par' dir='ltr' id='par_1_56' title="bbox 2184 1399 3762 1474">
     <span class='ocr_line' id='line_1_56' title="bbox 2184 1399 3762 1474; baseline 0.002 -21"><span class='ocrx_word' id='word_1_426' title='bbox 2184 1399 2410 1467; x_wconf 86' lang='lat' dir='ltr'><strong>xander,</strong></span> <span class='ocrx_word' id='word_1_427' title='bbox 2462 1401 2696 1456; x_wconf 90' lang='lat' dir='ltr'><strong>miratus</strong></span> <span class='ocrx_word' id='word_1_428' title='bbox 2730 1410 2847 1469; x_wconf 87' lang='lat' dir='ltr'><strong>est,</strong></span> <span class='ocrx_word' id='word_1_429' title='bbox 2876 1410 2931 1457; x_wconf 85' lang='lat' dir='ltr'><strong>et</strong></span> <span class='ocrx_word' id='word_1_430' title='bbox 2967 1402 3103 1457; x_wconf 81' lang='lat' dir='ltr'><strong>dixit</strong></span> <span class='ocrx_word' id='word_1_431' title='bbox 3132 1404 3375 1474; x_wconf 61' lang='lat' dir='ltr'><strong>reginae:</strong></span> <span class='ocrx_word' id='word_1_432' title='bbox 3427 1403 3566 1457; x_wconf 72' lang='grc' dir='ltr'><strong>Ιιτω</strong></span> <span class='ocrx_word' id='word_1_433' title='bbox 3607 1420 3762 1457; x_wconf 73' lang='lat' dir='ltr'><strong>causa</strong></span> 
     </span>
    </p>
   </div>
   <div class='ocr_carea' id='block_1_57' title="bbox 2180 1492 3754 1565">
    <p class='ocr_par' dir='ltr' id='par_1_57' title="bbox 2180 1492 3754 1565">
     <span class='ocr_line' id='line_1_57' title="bbox 2180 1492 3754 1565; baseline 0.002 -21"><span class='ocrx_word' id='word_1_434' title='bbox 2180 1492 2554 1546; x_wconf 86' lang='lat' dir='ltr'><strong>ammiratione</strong></span> <span class='ocrx_word' id='word_1_435' title='bbox 2580 1493 2756 1564; x_wconf 71' lang='lat' dir='ltr'><strong>dignm</strong></span> <span class='ocrx_word' id='word_1_436' title='bbox 2781 1500 2973 1561; x_wconf 88' lang='lat' dir='ltr'><strong>essent,</strong></span> <span class='ocrx_word' id='word_1_437' title='bbox 3006 1494 3053 1547; x_wconf 90' lang='lat' dir='ltr'><strong>si</strong></span> <span class='ocrx_word' id='word_1_438' title='bbox 3100 1496 3243 1565; x_wconf 89' lang='lat' dir='ltr'><strong>apud</strong></span> <span class='ocrx_word' id='word_1_439' title='bbox 3281 1492 3480 1548; x_wconf 72' lang='lat' dir='ltr'><strong>Greco:</strong></span> <span class='ocrx_word' id='word_1_440' title='bbox 3521 1495 3754 1565; x_wconf 76' lang='lat' dir='ltr'><strong>fuissent.</strong></span> 
     </span>
    </p>
   </div>
   <div class='ocr_carea' id='block_1_58' title="bbox 2178 1581 3762 1655">
    <p class='ocr_par' dir='ltr' id='par_1_58' title="bbox 2178 1581 3762 1655">
     <span class='ocr_line' id='line_1_58' title="bbox 2178 1581 3762 1655; baseline 0.003 -19"><span class='ocrx_word' id='word_1_441' title='bbox 2178 1581 2320 1637; x_wconf 87' lang='lat' dir='ltr'><strong>Irata</strong></span> <span class='ocrx_word' id='word_1_442' title='bbox 2361 1584 2547 1655; x_wconf 81' lang='lat' dir='ltr'><strong>regina</strong></span> <span class='ocrx_word' id='word_1_443' title='bbox 2582 1584 2760 1639; x_wconf 87' lang='lat' dir='ltr'><strong>dixit:</strong></span> <span class='ocrx_word' id='word_1_444' title='bbox 2814 1583 3101 1640; x_wconf 83' lang='lat' dir='ltr'><strong>Veritatem</strong></span> <span class='ocrx_word' id='word_1_445' title='bbox 3126 1586 3283 1651; x_wconf 85' lang='lat' dir='ltr'><strong>dicis,</strong></span> <span class='ocrx_word' id='word_1_446' title='bbox 3320 1585 3653 1641; x_wconf 70' lang='lat' dir='ltr'><strong>Alexander.</strong></span> <span class='ocrx_word' id='word_1_447' title='bbox 3675 1586 3762 1652; x_wconf 82' lang='lat' dir='ltr'><strong>Qui</strong></span> 
     </span>
    </p>
   </div>
   <div class='ocr_carea' id='block_1_59' title="bbox 2179 1664 3763 1750">
    <p class='ocr_par' dir='ltr' id='par_1_59' title="bbox 2179 1664 3763 1750">
     <span class='ocr_line' id='line_1_59' title="bbox 2179 1664 3763 1750; baseline 0.001 -21"><span class='ocrx_word' id='word_1_448' title='bbox 2179 1674 2273 1731; x_wconf 89' lang='lat' dir='ltr'><strong>ubi</strong></span> <span class='ocrx_word' id='word_1_449' title='bbox 2298 1690 2499 1731; x_wconf 87' lang='lat' dir='ltr'><strong>nomen</strong></span> <span class='ocrx_word' id='word_1_450' title='bbox 2543 1692 2706 1731; x_wconf 90' lang='lat' dir='ltr'><strong>suum</strong></span> <span class='ocrx_word' id='word_1_451' title='bbox 2739 1677 2967 1745; x_wconf 82' lang='lat' dir='ltr'><strong>audivit,</strong></span> <span class='ocrx_word' id='word_1_452' title='bbox 3012 1679 3360 1734; x_wconf 79' lang='lat' dir='ltr'><strong>vehementer</strong></span> <span class='ocrx_word' id='word_1_453' title='bbox 3387 1664 3635 1750; x_wconf 66' lang='lat' dir='ltr'><strong>expavit.</strong></span> <span class='ocrx_word' id='word_1_454' title='bbox 3677 1679 3763 1733; x_wconf 85' lang='lat' dir='ltr'><strong>Cui</strong></span> 
     </span>
    </p>
   </div>
   <div class='ocr_carea' id='block_1_60' title="bbox 2178 1768 3767 1843">
    <p class='ocr_par' dir='ltr' id='par_1_60' title="bbox 2178 1768 3767 1843">
     <span class='ocr_line' id='line_1_60' title="bbox 2178 1768 3767 1843; baseline 0.003 -21"><span class='ocrx_word' id='word_1_455' title='bbox 2178 1768 2271 1824; x_wconf 83' lang='lat' dir='ltr'><strong>illa</strong></span> <span class='ocrx_word' id='word_1_456' title='bbox 2300 1770 2412 1825; x_wconf 88' lang='lat' dir='ltr'><strong>ait:</strong></span> <span class='ocrx_word' id='word_1_457' title='bbox 2440 1768 2618 1836; x_wconf 82' lang='lat' dir='ltr'><strong>Quare</strong></span> <span class='ocrx_word' id='word_1_458' title='bbox 2650 1780 2858 1824; x_wconf 88' lang='lat' dir='ltr'><strong>mutata</strong></span> <span class='ocrx_word' id='word_1_459' title='bbox 2890 1779 2968 1826; x_wconf 83' lang='lat' dir='ltr'><strong>est</strong></span> <span class='ocrx_word' id='word_1_460' title='bbox 3003 1772 3166 1842; x_wconf 87' lang='lat' dir='ltr'><strong>facies</strong></span> <span class='ocrx_word' id='word_1_461' title='bbox 3203 1781 3318 1838; x_wconf 89' lang='lat' dir='ltr'><strong>tua,</strong></span> <span class='ocrx_word' id='word_1_462' title='bbox 3350 1774 3484 1843; x_wconf 85' lang='lat' dir='ltr'><strong>quia</strong></span> <span class='ocrx_word' id='word_1_463' title='bbox 3517 1776 3694 1828; x_wconf 73' lang='lat' dir='ltr'><strong>voraci</strong></span> <span class='ocrx_word' id='word_1_464' title='bbox 3726 1784 3767 1827; x_wconf 82' lang='lat' dir='ltr'><strong>te</strong></span> 
     </span>
    </p>
   </div>
   <div class='ocr_carea' id='block_1_61' title="bbox 2108 1839 3765 1934">
    <p class='ocr_par' dir='ltr' id='par_1_61' title="bbox 2108 1839 3765 1934">
     <span class='ocr_line' id='line_1_61' title="bbox 2108 1839 3765 1934; baseline 0.002 -22"><span class='ocrx_word' id='word_1_465' title='bbox 2108 1839 2154 1899; x_wconf 72' lang='grc' dir='ltr'><strong>Β</strong></span> <span class='ocrx_word' id='word_1_466' title='bbox 2178 1859 2590 1913; x_wconf 72' lang='lat' dir='ltr'><strong>Alexandrum?</strong></span> <span class='ocrx_word' id='word_1_467' title='bbox 2622 1858 2805 1914; x_wconf 88' lang='lat' dir='ltr'><strong>Atille</strong></span> <span class='ocrx_word' id='word_1_468' title='bbox 2834 1860 2938 1917; x_wconf 90' lang='lat' dir='ltr'><strong>ait:</strong></span> <span class='ocrx_word' id='word_1_469' title='bbox 2982 1839 3232 1929; x_wconf 75' lang='lat' dir='ltr'><strong>Domina,</strong></span> <span class='ocrx_word' id='word_1_470' title='bbox 3264 1839 3576 1934; x_wconf 68' lang='lat' dir='ltr'><strong>Antigonus</strong></span> <span class='ocrx_word' id='word_1_471' title='bbox 3609 1864 3765 1927; x_wconf 81' lang='lat' dir='ltr'><strong>dicar,</strong></span> 
     </span>
    </p>
   </div>
   <div class='ocr_carea' id='block_1_62' title="bbox 2179 1950 3767 2027">
    <p class='ocr_par' dir='ltr' id='par_1_62' title="bbox 2179 1950 3767 2027">
     <span class='ocr_line' id='line_1_62' title="bbox 2179 1950 3767 2027; baseline 0.003 -23"><span class='ocrx_word' id='word_1_472' title='bbox 2179 1967 2282 2004; x_wconf 90' lang='lat' dir='ltr'><strong>non</strong></span> <span class='ocrx_word' id='word_1_473' title='bbox 2314 1951 2635 2006; x_wconf 64' lang='lat' dir='ltr'><strong>Alexander.</strong></span> <span class='ocrx_word' id='word_1_474' title='bbox 2687 1950 2757 2007; x_wconf 88' lang='lat' dir='ltr'><strong>At</strong></span> <span class='ocrx_word' id='word_1_475' title='bbox 2807 1952 2897 2006; x_wconf 89' lang='lat' dir='ltr'><strong>illa</strong></span> <span class='ocrx_word' id='word_1_476' title='bbox 2922 1952 3098 2008; x_wconf 85' lang='lat' dir='ltr'><strong>dixit:</strong></span> <span class='ocrx_word' id='word_1_477' title='bbox 3144 1952 3436 2009; x_wconf 80' lang='lat' dir='ltr'><strong>Ostendam</strong></span> <span class='ocrx_word' id='word_1_478' title='bbox 3487 1954 3767 2027; x_wconf 74' lang='lat' dir='ltr'><strong>tibi,quia</strong></span> 
     </span>
    </p>
   </div>
   <div class='ocr_carea' id='block_1_63' title="bbox 2176 2042 3767 2117">
    <p class='ocr_par' dir='ltr' id='par_1_63' title="bbox 2176 2042 3767 2117">
     <span class='ocr_line' id='line_1_63' title="bbox 2176 2042 3767 2117; baseline 0.003 -20"><span class='ocrx_word' id='word_1_479' title='bbox 2176 2043 2481 2098; x_wconf 67' lang='lat' dir='ltr'><strong>Alexander</strong></span> <span class='ocrx_word' id='word_1_480' title='bbox 2528 2061 2602 2098; x_wconf 89' lang='lat' dir='ltr'><strong>es.</strong></span> <span class='ocrx_word' id='word_1_481' title='bbox 2666 2042 3084 2117; x_wconf 83' lang='lat' dir='ltr'><strong>lntroduxitque</strong></span> <span class='ocrx_word' id='word_1_482' title='bbox 3139 2062 3267 2101; x_wconf 89' lang='lat' dir='ltr'><strong>eum</strong></span> <span class='ocrx_word' id='word_1_483' title='bbox 3335 2047 3392 2101; x_wconf 93' lang='lat' dir='ltr'><strong>in</strong></span> <span class='ocrx_word' id='word_1_484' title='bbox 3460 2047 3767 2103; x_wconf 68' lang='lat' dir='ltr'><strong>cubiculum</strong></span> 
     </span>
    </p>
   </div>
   <div class='ocr_carea' id='block_1_64' title="bbox 2178 2135 3765 2207">
    <p class='ocr_par' dir='ltr' id='par_1_64' title="bbox 2178 2135 3765 2207">
     <span class='ocr_line' id='line_1_64' title="bbox 2178 2135 3765 2207; baseline 0 -17"><span class='ocrx_word' id='word_1_485' title='bbox 2178 2149 2369 2199; x_wconf 90' lang='lat' dir='ltr'><strong>suum,</strong></span> <span class='ocrx_word' id='word_1_486' title='bbox 2418 2143 2472 2188; x_wconf 88' lang='lat' dir='ltr'><strong>et</strong></span> <span class='ocrx_word' id='word_1_487' title='bbox 2526 2141 2846 2189; x_wconf 85' lang='lat' dir='ltr'><strong>monstrans</strong></span> <span class='ocrx_word' id='word_1_488' title='bbox 2893 2136 2942 2190; x_wconf 89' lang='lat' dir='ltr'><strong>ei</strong></span> <span class='ocrx_word' id='word_1_489' title='bbox 2993 2135 3287 2207; x_wconf 75' lang='lat' dir='ltr'><strong>imaginem</strong></span> <span class='ocrx_word' id='word_1_490' title='bbox 3341 2152 3546 2203; x_wconf 86' lang='lat' dir='ltr'><strong>suam,</strong></span> <span class='ocrx_word' id='word_1_491' title='bbox 3610 2138 3765 2193; x_wconf 79' lang='lat' dir='ltr'><strong>dixit:</strong></span> 
     </span>
    </p>
   </div>
   <div class='ocr_carea' id='block_1_65' title="bbox 2176 2227 3766 2302">
    <p class='ocr_par' dir='ltr' id='par_1_65' title="bbox 2176 2227 3766 2302">
     <span class='ocr_line' id='line_1_65' title="bbox 2176 2227 3766 2302; baseline 0.003 -22"><span class='ocrx_word' id='word_1_492' title='bbox 2176 2228 2433 2298; x_wconf 78' lang='lat' dir='ltr'><strong>Agnoscis</strong></span> <span class='ocrx_word' id='word_1_493' title='bbox 2457 2227 2593 2282; x_wconf 90' lang='lat' dir='ltr'><strong>hanc</strong></span> <span class='ocrx_word' id='word_1_494' title='bbox 2619 2227 2939 2299; x_wconf 86' lang='lat' dir='ltr'><strong>imaginem!</strong></span> <span class='ocrx_word' id='word_1_495' title='bbox 2976 2227 3068 2283; x_wconf 89' lang='lat' dir='ltr'><strong>llle</strong></span> <span class='ocrx_word' id='word_1_496' title='bbox 3100 2237 3285 2283; x_wconf 77' lang='lat' dir='ltr'><strong>autem</strong></span> <span class='ocrx_word' id='word_1_497' title='bbox 3326 2230 3503 2302; x_wconf 63' lang='lat' dir='ltr'><strong>carpit</strong></span> <span class='ocrx_word' id='word_1_498' title='bbox 3544 2238 3766 2285; x_wconf 74' lang='lat' dir='ltr'><strong>tremere</strong></span> 
     </span>
    </p>
   </div>
   <div class='ocr_carea' id='block_1_66' title="bbox 2177 2318 3771 2391">
    <p class='ocr_par' dir='ltr' id='par_1_66' title="bbox 2177 2318 3771 2391">
     <span class='ocr_line' id='line_1_66' title="bbox 2177 2318 3771 2391; baseline 0.001 -16"><span class='ocrx_word' id='word_1_499' title='bbox 2177 2328 2231 2375; x_wconf 91' lang='lat' dir='ltr'><strong>et</strong></span> <span class='ocrx_word' id='word_1_500' title='bbox 2254 2319 2570 2391; x_wconf 85' lang='lat' dir='ltr'><strong>pallescere.</strong></span> <span class='ocrx_word' id='word_1_501' title='bbox 2599 2318 2666 2374; x_wconf 85' lang='lat' dir='ltr'><strong>Et</strong></span> <span class='ocrx_word' id='word_1_502' title='bbox 2687 2320 2812 2375; x_wconf 90' lang='lat' dir='ltr'><strong>illa:</strong></span> <span class='ocrx_word' id='word_1_503' title='bbox 2842 2319 3020 2386; x_wconf 81' lang='lat' dir='ltr'><strong>Quare</strong></span> <span class='ocrx_word' id='word_1_504' title='bbox 3044 2328 3280 2376; x_wconf 88' lang='lat' dir='ltr'><strong>mutatus</strong></span> <span class='ocrx_word' id='word_1_505' title='bbox 3300 2333 3380 2376; x_wconf 88' lang='lat' dir='ltr'><strong>est</strong></span> <span class='ocrx_word' id='word_1_506' title='bbox 3400 2322 3567 2378; x_wconf 83' lang='lat' dir='ltr'><strong>color</strong></span> <span class='ocrx_word' id='word_1_507' title='bbox 3593 2331 3708 2377; x_wconf 81' lang='lat' dir='ltr'><strong>tuus</strong></span> <span class='ocrx_word' id='word_1_508' title='bbox 3729 2334 3771 2377; x_wconf 75' lang='lat' dir='ltr'><strong>et</strong></span> 
     </span>
    </p>
   </div>
   <div class='ocr_carea' id='block_1_67' title="bbox 2175 2411 3766 2482">
    <p class='ocr_par' dir='ltr' id='par_1_67' title="bbox 2175 2411 3766 2482">
     <span class='ocr_line' id='line_1_67' title="bbox 2175 2411 3766 2482; baseline -0.002 -15"><span class='ocrx_word' id='word_1_509' title='bbox 2175 2411 2501 2482; x_wconf 76' lang='lat' dir='ltr'><strong>expavescis,</strong></span> <span class='ocrx_word' id='word_1_510' title='bbox 2532 2411 2833 2466; x_wconf 83' lang='lat' dir='ltr'><strong>destructor</strong></span> <span class='ocrx_word' id='word_1_511' title='bbox 2877 2412 3037 2466; x_wconf 89' lang='lat' dir='ltr'><strong>totius</strong></span> <span class='ocrx_word' id='word_1_512' title='bbox 3089 2411 3348 2468; x_wconf 78' lang='lat' dir='ltr'><strong>Persidte.</strong></span> <span class='ocrx_word' id='word_1_513' title='bbox 3380 2414 3695 2468; x_wconf 79' lang='lat' dir='ltr'><strong>destructor</strong></span> <span class='ocrx_word' id='word_1_514' title='bbox 3724 2423 3766 2464; x_wconf 70' lang='lat' dir='ltr'><strong>et</strong></span> 
     </span>
    </p>
   </div>
   <div class='ocr_carea' id='block_1_68' title="bbox 2177 2501 3771 2576">
    <p class='ocr_par' dir='ltr' id='par_1_68' title="bbox 2177 2501 3771 2576">
     <span class='ocr_line' id='line_1_68' title="bbox 2177 2501 3771 2576; baseline 0.002 -20"><span class='ocrx_word' id='word_1_515' title='bbox 2177 2502 2394 2558; x_wconf 68' lang='lat' dir='ltr'><strong>Indice?</strong></span> <span class='ocrx_word' id='word_1_516' title='bbox 2419 2501 2695 2573; x_wconf 83' lang='lat' dir='ltr'><strong>Superasti</strong></span> <span class='ocrx_word' id='word_1_517' title='bbox 2737 2502 2902 2558; x_wconf 86' lang='lat' dir='ltr'><strong>Indos</strong></span> <span class='ocrx_word' id='word_1_518' title='bbox 2951 2513 3109 2576; x_wconf 85' lang='lat' dir='ltr'><strong>atque</strong></span> <span class='ocrx_word' id='word_1_519' title='bbox 3154 2503 3410 2571; x_wconf 80' lang='lat' dir='ltr'><strong>Parthos,</strong></span> <span class='ocrx_word' id='word_1_520' title='bbox 3448 2506 3620 2560; x_wconf 84' lang='lat' dir='ltr'><strong>modo</strong></span> <span class='ocrx_word' id='word_1_521' title='bbox 3675 2506 3771 2560; x_wconf 68' lang='lat' dir='ltr'><strong>sine</strong></span> 
     </span>
    </p>
   </div>
   <div class='ocr_carea' id='block_1_69' title="bbox 2177 2596 3769 2669">
    <p class='ocr_par' dir='ltr' id='par_1_69' title="bbox 2177 2596 3769 2669">
     <span class='ocr_line' id='line_1_69' title="bbox 2177 2596 3769 2669; baseline -0.003 -17"><span class='ocrx_word' id='word_1_522' title='bbox 2177 2596 2440 2653; x_wconf 89' lang='lat' dir='ltr'><strong>militibus</strong></span> <span class='ocrx_word' id='word_1_523' title='bbox 2469 2605 2519 2652; x_wconf 91' lang='lat' dir='ltr'><strong>et</strong></span> <span class='ocrx_word' id='word_1_524' title='bbox 2550 2597 2662 2651; x_wconf 87' lang='lat' dir='ltr'><strong>sine</strong></span> <span class='ocrx_word' id='word_1_525' title='bbox 2702 2596 2883 2669; x_wconf 84' lang='lat' dir='ltr'><strong>aliqua</strong></span> <span class='ocrx_word' id='word_1_526' title='bbox 2930 2597 3182 2666; x_wconf 81' lang='lat' dir='ltr'><strong>conﬂictu</strong></span> <span class='ocrx_word' id='word_1_527' title='bbox 3206 2597 3452 2651; x_wconf 82' lang='lat' dir='ltr'><strong>cecidisti</strong></span> <span class='ocrx_word' id='word_1_528' title='bbox 3495 2598 3560 2651; x_wconf 87' lang='lat' dir='ltr'><strong>in</strong></span> <span class='ocrx_word' id='word_1_529' title='bbox 3599 2614 3769 2651; x_wconf 71' lang='lat' dir='ltr'><strong>mm:</strong></span> 
     </span>
    </p>
   </div>
   <div class='ocr_carea' id='block_1_70' title="bbox 2178 2688 3773 2761">
    <p class='ocr_par' dir='ltr' id='par_1_70' title="bbox 2178 2688 3773 2761">
     <span class='ocr_line' id='line_1_70' title="bbox 2178 2688 3773 2761; baseline -0.003 -17"><span class='ocrx_word' id='word_1_530' title='bbox 2178 2690 2373 2761; x_wconf 78' lang='lat' dir='ltr'><strong>regina:</strong></span> <span class='ocrx_word' id='word_1_531' title='bbox 2408 2688 2697 2745; x_wconf 86' lang='lat' dir='ltr'><strong>Candacis.</strong></span> <span class='ocrx_word' id='word_1_532' title='bbox 2727 2688 2877 2744; x_wconf 86' lang='lat' dir='ltr'><strong>Unde</strong></span> <span class='ocrx_word' id='word_1_533' title='bbox 2914 2690 3081 2757; x_wconf 87' lang='lat' dir='ltr'><strong>scias,</strong></span> <span class='ocrx_word' id='word_1_534' title='bbox 3106 2688 3433 2756; x_wconf 71' lang='lat' dir='ltr'><strong>Alexander,</strong></span> <span class='ocrx_word' id='word_1_535' title='bbox 3464 2692 3606 2761; x_wconf 82' lang='lat' dir='ltr'><strong>quia</strong></span> <span class='ocrx_word' id='word_1_536' title='bbox 3641 2689 3773 2744; x_wconf 69' lang='lat' dir='ltr'><strong>nullo</strong></span> 
     </span>
    </p>
   </div>
   <div class='ocr_carea' id='block_1_71' title="bbox 2179 2781 3773 2855">
    <p class='ocr_par' dir='ltr' id='par_1_71' title="bbox 2179 2781 3773 2855">
     <span class='ocr_line' id='line_1_71' title="bbox 2179 2781 3773 2855; baseline -0.001 -17"><span class='ocrx_word' id='word_1_537' title='bbox 2179 2784 2335 2838; x_wconf 91' lang='lat' dir='ltr'><strong>modo</strong></span> <span class='ocrx_word' id='word_1_538' title='bbox 2368 2783 2519 2838; x_wconf 85' lang='lat' dir='ltr'><strong>debet</strong></span> <span class='ocrx_word' id='word_1_539' title='bbox 2552 2781 2749 2838; x_wconf 81' lang='lat' dir='ltr'><strong>elevari</strong></span> <span class='ocrx_word' id='word_1_540' title='bbox 2800 2800 2892 2838; x_wconf 88' lang='lat' dir='ltr'><strong>cor</strong></span> <span class='ocrx_word' id='word_1_541' title='bbox 2927 2782 3157 2838; x_wconf 80' lang='lat' dir='ltr'><strong>hominis</strong></span> <span class='ocrx_word' id='word_1_542' title='bbox 3176 2784 3236 2838; x_wconf 86' lang='lat' dir='ltr'><strong>in</strong></span> <span class='ocrx_word' id='word_1_543' title='bbox 3273 2783 3614 2855; x_wconf 73' lang='lat' dir='ltr'><strong>elationem,</strong></span> <span class='ocrx_word' id='word_1_544' title='bbox 3657 2801 3773 2855; x_wconf 56' lang='lat' dir='ltr'><strong>qua.</strong></span> 
     </span>
    </p>
   </div>
   <div class='ocr_carea' id='block_1_72' title="bbox 2176 2875 3775 2949">
    <p class='ocr_par' dir='ltr' id='par_1_72' title="bbox 2176 2875 3775 2949">
     <span class='ocr_line' id='line_1_72' title="bbox 2176 2875 3775 2949; baseline -0.001 -19"><span class='ocrx_word' id='word_1_545' title='bbox 2176 2875 2479 2948; x_wconf 84' lang='lat' dir='ltr'><strong>liacumque</strong></span> <span class='ocrx_word' id='word_1_546' title='bbox 2522 2884 2815 2947; x_wconf 84' lang='lat' dir='ltr'><strong>sequantur</strong></span> <span class='ocrx_word' id='word_1_547' title='bbox 2852 2892 2973 2931; x_wconf 87' lang='lat' dir='ltr'><strong>eum</strong></span> <span class='ocrx_word' id='word_1_548' title='bbox 2997 2892 3270 2947; x_wconf 81' lang='lat' dir='ltr'><strong>prospera,</strong></span> <span class='ocrx_word' id='word_1_549' title='bbox 3300 2884 3351 2931; x_wconf 89' lang='lat' dir='ltr'><strong>e&#39;</strong></span> <span class='ocrx_word' id='word_1_550' title='bbox 3380 2891 3450 2931; x_wconf 85' lang='lat' dir='ltr'><strong>ne</strong></span> <span class='ocrx_word' id='word_1_551' title='bbox 3504 2878 3775 2949; x_wconf 69' lang='lat' dir='ltr'><strong>cogitetis</strong></span> 
     </span>
    </p>
   </div>
   <div class='ocr_carea' id='block_1_73' title="bbox 2179 2969 3776 3041">
    <p class='ocr_par' dir='ltr' id='par_1_73' title="bbox 2179 2969 3776 3041">
     <span class='ocr_line' id='line_1_73' title="bbox 2179 2969 3776 3041; baseline 0.001 -18"><span class='ocrx_word' id='word_1_552' title='bbox 2179 2970 2336 3025; x_wconf 89' lang='lat' dir='ltr'><strong>corde</strong></span> <span class='ocrx_word' id='word_1_553' title='bbox 2356 2986 2473 3037; x_wconf 86' lang='lat' dir='ltr'><strong>suo,</strong></span> <span class='ocrx_word' id='word_1_554' title='bbox 2505 2969 2647 3041; x_wconf 88' lang='lat' dir='ltr'><strong>quod</strong></span> <span class='ocrx_word' id='word_1_555' title='bbox 2679 2980 2785 3023; x_wconf 81' lang='lat' dir='ltr'><strong>non</strong></span> <span class='ocrx_word' id='word_1_556' title='bbox 2808 2969 3042 3024; x_wconf 80' lang='lat' dir='ltr'><strong>inveniat</strong></span> <span class='ocrx_word' id='word_1_557' title='bbox 3065 2969 3329 3024; x_wconf 86' lang='lat' dir='ltr'><strong>hominem</strong></span> <span class='ocrx_word' id='word_1_558' title='bbox 3378 2969 3674 3039; x_wconf 73' lang='lat' dir='ltr'><strong>fortiorem</strong></span> <span class='ocrx_word' id='word_1_559' title='bbox 3697 2986 3776 3035; x_wconf 81' lang='lat' dir='ltr'><strong>se.</strong></span> 
     </span>
    </p>
   </div>
   <div class='ocr_carea' id='block_1_74' title="bbox 2178 3059 3776 3134">
    <p class='ocr_par' dir='ltr' id='par_1_74' title="bbox 2178 3059 3776 3134">
     <span class='ocr_line' id='line_1_74' title="bbox 2178 3059 3776 3134; baseline 0 -18"><span class='ocrx_word' id='word_1_560' title='bbox 2178 3062 2270 3134; x_wconf 91' lang='lat' dir='ltr'><strong>qui</strong></span> <span class='ocrx_word' id='word_1_561' title='bbox 2325 3078 2445 3117; x_wconf 88' lang='lat' dir='ltr'><strong>eum</strong></span> <span class='ocrx_word' id='word_1_562' title='bbox 2492 3060 2903 3132; x_wconf 86' lang='lat' dir='ltr'><strong>superabundet.</strong></span> <span class='ocrx_word' id='word_1_563' title='bbox 2951 3059 3047 3117; x_wconf 85' lang='lat' dir='ltr'><strong>Ille</strong></span> <span class='ocrx_word' id='word_1_564' title='bbox 3095 3063 3279 3118; x_wconf 73' lang='lat' dir='ltr'><strong>autem</strong></span> <span class='ocrx_word' id='word_1_565' title='bbox 3330 3061 3513 3132; x_wconf 63' lang='lat' dir='ltr'><strong>cepit</strong></span> <span class='ocrx_word' id='word_1_566' title='bbox 3550 3061 3776 3118; x_wconf 73' lang='lat' dir='ltr'><strong>stridere</strong></span> 
     </span>
    </p>
   </div>
   <div class='ocr_carea' id='block_1_75' title="bbox 2178 3153 3775 3221">
    <p class='ocr_par' dir='ltr' id='par_1_75' title="bbox 2178 3153 3775 3221">
     <span class='ocr_line' id='line_1_75' title="bbox 2178 3153 3775 3221; baseline -0.003 -10"><span class='ocrx_word' id='word_1_567' title='bbox 2178 3153 2435 3211; x_wconf 74' lang='lat' dir='ltr'><strong>dentibus</strong></span> <span class='ocrx_word' id='word_1_568' title='bbox 2460 3162 2514 3209; x_wconf 91' lang='lat' dir='ltr'><strong>et</strong></span> <span class='ocrx_word' id='word_1_569' title='bbox 2546 3163 2771 3213; x_wconf 84' lang='lat' dir='ltr'><strong>tornare</strong></span> <span class='ocrx_word' id='word_1_570' title='bbox 2797 3169 2857 3210; x_wconf 92' lang='lat' dir='ltr'><strong>se</strong></span> <span class='ocrx_word' id='word_1_571' title='bbox 2880 3154 2936 3210; x_wconf 91' lang='lat' dir='ltr'><strong>in</strong></span> <span class='ocrx_word' id='word_1_572' title='bbox 2988 3154 3152 3210; x_wconf 88' lang='lat' dir='ltr'><strong>aliam</strong></span> <span class='ocrx_word' id='word_1_573' title='bbox 3181 3163 3419 3221; x_wconf 76' lang='lat' dir='ltr'><strong>partem.</strong></span> <span class='ocrx_word' id='word_1_574' title='bbox 3449 3153 3526 3211; x_wconf 89' lang='lat' dir='ltr'><strong>At</strong></span> <span class='ocrx_word' id='word_1_575' title='bbox 3549 3156 3647 3210; x_wconf 77' lang='lat' dir='ltr'><strong>illa</strong></span> <span class='ocrx_word' id='word_1_576' title='bbox 3673 3155 3775 3211; x_wconf 80' lang='lat' dir='ltr'><strong>sit:</strong></span> 
     </span>
    </p>
   </div>
   <div class='ocr_carea' id='block_1_76' title="bbox 2181 3240 3779 3318">
    <p class='ocr_par' dir='ltr' id='par_1_76' title="bbox 2181 3240 3779 3318">
     <span class='ocr_line' id='line_1_76' title="bbox 2181 3240 3779 3318; baseline 0 -18"><span class='ocrx_word' id='word_1_577' title='bbox 2181 3240 2293 3301; x_wconf 84' lang='lat' dir='ltr'><strong>Cur</strong></span> <span class='ocrx_word' id='word_1_578' title='bbox 2340 3245 2611 3313; x_wconf 89' lang='lat' dir='ltr'><strong>irasceris,</strong></span> <span class='ocrx_word' id='word_1_579' title='bbox 2652 3255 2702 3300; x_wconf 86' lang='lat' dir='ltr'><strong>et</strong></span> <span class='ocrx_word' id='word_1_580' title='bbox 2743 3263 2908 3318; x_wconf 87' lang='lat' dir='ltr'><strong>quare</strong></span> <span class='ocrx_word' id='word_1_581' title='bbox 2944 3246 3186 3301; x_wconf 84' lang='lat' dir='ltr'><strong>turbatus</strong></span> <span class='ocrx_word' id='word_1_582' title='bbox 3215 3246 3316 3301; x_wconf 81' lang='lat' dir='ltr'><strong>es?</strong></span> <span class='ocrx_word' id='word_1_583' title='bbox 3344 3245 3498 3311; x_wconf 76' lang='lat' dir='ltr'><strong>Quid</strong></span> <span class='ocrx_word' id='word_1_584' title='bbox 3532 3260 3680 3303; x_wconf 70' lang='lat' dir='ltr'><strong>nunc</strong></span> <span class='ocrx_word' id='word_1_585' title='bbox 3706 3249 3779 3318; x_wconf 75' lang='lat' dir='ltr'><strong>fa-</strong></span> 
     </span>
    </p>
   </div>
   <div class='ocr_carea' id='block_1_77' title="bbox 2179 3337 3775 3411">
    <p class='ocr_par' dir='ltr' id='par_1_77' title="bbox 2179 3337 3775 3411">
     <span class='ocr_line' id='line_1_77' title="bbox 2179 3337 3775 3411; baseline 0 -19"><span class='ocrx_word' id='word_1_586' title='bbox 2179 3355 2294 3393; x_wconf 88' lang='lat' dir='ltr'><strong>cere</strong></span> <span class='ocrx_word' id='word_1_587' title='bbox 2342 3346 2514 3410; x_wconf 84' lang='lat' dir='ltr'><strong>potest</strong></span> <span class='ocrx_word' id='word_1_588' title='bbox 2557 3338 2854 3409; x_wconf 80' lang='lat' dir='ltr'><strong>imperialis</strong></span> <span class='ocrx_word' id='word_1_589' title='bbox 2899 3338 3071 3411; x_wconf 86' lang='lat' dir='ltr'><strong>gloria</strong></span> <span class='ocrx_word' id='word_1_590' title='bbox 3121 3339 3246 3393; x_wconf 82' lang='lat' dir='ltr'><strong>tua?</strong></span> <span class='ocrx_word' id='word_1_591' title='bbox 3291 3337 3363 3394; x_wconf 86' lang='lat' dir='ltr'><strong>Et</strong></span> <span class='ocrx_word' id='word_1_592' title='bbox 3411 3340 3508 3395; x_wconf 88' lang='lat' dir='ltr'><strong>ille</strong></span> <span class='ocrx_word' id='word_1_593' title='bbox 3558 3341 3775 3411; x_wconf 84' lang='lat' dir='ltr'><strong>inquit:</strong></span> 
     </span>
    </p>
   </div>
   <div class='ocr_carea' id='block_1_78' title="bbox 2180 3431 3777 3505">
    <p class='ocr_par' dir='ltr' id='par_1_78' title="bbox 2180 3431 3777 3505">
     <span class='ocr_line' id='line_1_78' title="bbox 2180 3431 3777 3505; baseline -0.003 -17"><span class='ocrx_word' id='word_1_594' title='bbox 2180 3432 2424 3500; x_wconf 86' lang='lat' dir='ltr'><strong>Irascor,</strong></span> <span class='ocrx_word' id='word_1_595' title='bbox 2455 3432 2584 3505; x_wconf 87' lang='lat' dir='ltr'><strong>quia</strong></span> <span class='ocrx_word' id='word_1_596' title='bbox 2636 3449 2741 3486; x_wconf 90' lang='lat' dir='ltr'><strong>non</strong></span> <span class='ocrx_word' id='word_1_597' title='bbox 2788 3431 2953 3487; x_wconf 85' lang='lat' dir='ltr'><strong>habeo</strong></span> <span class='ocrx_word' id='word_1_598' title='bbox 2982 3433 3243 3505; x_wconf 87' lang='lat' dir='ltr'><strong>gladium.</strong></span> <span class='ocrx_word' id='word_1_599' title='bbox 3274 3431 3369 3487; x_wconf 90' lang='lat' dir='ltr'><strong>llla</strong></span> <span class='ocrx_word' id='word_1_600' title='bbox 3397 3432 3583 3489; x_wconf 74' lang='lat' dir='ltr'><strong>dixit:</strong></span> <span class='ocrx_word' id='word_1_601' title='bbox 3638 3433 3705 3487; x_wconf 81' lang='lat' dir='ltr'><strong>Et</strong></span> <span class='ocrx_word' id='word_1_602' title='bbox 3738 3432 3777 3483; x_wconf 60' lang='lat' dir='ltr'><strong>si</strong></span> 
     </span>
    </p>
   </div>
   <div class='ocr_carea' id='block_1_79' title="bbox 2180 3524 3783 3597">
    <p class='ocr_par' dir='ltr' id='par_1_79' title="bbox 2180 3524 3783 3597">
     <span class='ocr_line' id='line_1_79' title="bbox 2180 3524 3783 3597; baseline -0.002 -17"><span class='ocrx_word' id='word_1_603' title='bbox 2180 3524 2419 3593; x_wconf 88' lang='lat' dir='ltr'><strong>haberes,</strong></span> <span class='ocrx_word' id='word_1_604' title='bbox 2452 3525 2582 3597; x_wconf 89' lang='lat' dir='ltr'><strong>quid</strong></span> <span class='ocrx_word' id='word_1_605' title='bbox 2622 3525 2867 3596; x_wconf 85' lang='lat' dir='ltr'><strong>faceres?</strong></span> <span class='ocrx_word' id='word_1_606' title='bbox 2909 3524 3026 3580; x_wconf 86' lang='lat' dir='ltr'><strong>Ait:</strong></span> <span class='ocrx_word' id='word_1_607' title='bbox 3065 3525 3206 3592; x_wconf 89' lang='lat' dir='ltr'><strong>Quia</strong></span> <span class='ocrx_word' id='word_1_608' title='bbox 3237 3525 3480 3580; x_wconf 82' lang='lat' dir='ltr'><strong>traditus</strong></span> <span class='ocrx_word' id='word_1_609' title='bbox 3526 3543 3654 3580; x_wconf 77' lang='lat' dir='ltr'><strong>sunt</strong></span> <span class='ocrx_word' id='word_1_610' title='bbox 3694 3526 3783 3578; x_wconf 60' lang='grc' dir='ltr'><strong>εἰεί</strong></span> 
     </span>
    </p>
   </div>
   <div class='ocr_carea' id='block_1_80' title="bbox 2178 3617 3780 3691">
    <p class='ocr_par' dir='ltr' id='par_1_80' title="bbox 2178 3617 3780 3691">
     <span class='ocr_line' id='line_1_80' title="bbox 2178 3617 3780 3691; baseline -0.002 -18"><span class='ocrx_word' id='word_1_611' title='bbox 2178 3634 2272 3691; x_wconf 90' lang='lat' dir='ltr'><strong>per</strong></span> <span class='ocrx_word' id='word_1_612' title='bbox 2297 3634 2468 3673; x_wconf 88' lang='lat' dir='ltr'><strong>meam</strong></span> <span class='ocrx_word' id='word_1_613' title='bbox 2494 3617 2838 3685; x_wconf 82' lang='lat' dir='ltr'><strong>voluntatem,</strong></span> <span class='ocrx_word' id='word_1_614' title='bbox 2863 3618 3095 3689; x_wconf 87' lang='lat' dir='ltr'><strong>primum</strong></span> <span class='ocrx_word' id='word_1_615' title='bbox 3140 3617 3437 3672; x_wconf 88' lang='lat' dir='ltr'><strong>occiderem</strong></span> <span class='ocrx_word' id='word_1_616' title='bbox 3486 3628 3562 3686; x_wconf 88' lang='lat' dir='ltr'><strong>te,</strong></span> <span class='ocrx_word' id='word_1_617' title='bbox 3607 3629 3780 3689; x_wconf 67' lang='lat' dir='ltr'><strong>postes:</strong></span> 
     </span>
    </p>
   </div>
   <div class='ocr_carea' id='block_1_81' title="bbox 2179 3709 3785 3782">
    <p class='ocr_par' dir='ltr' id='par_1_81' title="bbox 2179 3709 3785 3782">
     <span class='ocr_line' id='line_1_81' title="bbox 2179 3709 3785 3782; baseline 0 -17"><span class='ocrx_word' id='word_1_618' title='bbox 2179 3718 2366 3766; x_wconf 89' lang='lat' dir='ltr'><strong>memet</strong></span> <span class='ocrx_word' id='word_1_619' title='bbox 2388 3711 2583 3782; x_wconf 90' lang='lat' dir='ltr'><strong>ipsum.</strong></span> <span class='ocrx_word' id='word_1_620' title='bbox 2610 3710 2713 3766; x_wconf 85' lang='lat' dir='ltr'><strong>Cui</strong></span> <span class='ocrx_word' id='word_1_621' title='bbox 2743 3710 2836 3766; x_wconf 88' lang='lat' dir='ltr'><strong>illa</strong></span> <span class='ocrx_word' id='word_1_622' title='bbox 2861 3728 2875 3766; x_wconf 91' lang='lat'><strong>:</strong></span> <span class='ocrx_word' id='word_1_623' title='bbox 2909 3709 2978 3765; x_wconf 84' lang='lat' dir='ltr'><strong>Et</strong></span> <span class='ocrx_word' id='word_1_624' title='bbox 3004 3710 3102 3765; x_wconf 85' lang='lat' dir='ltr'><strong>hoc</strong></span> <span class='ocrx_word' id='word_1_625' title='bbox 3130 3709 3269 3765; x_wconf 86' lang='lat' dir='ltr'><strong>sicut</strong></span> <span class='ocrx_word' id='word_1_626' title='bbox 3297 3710 3518 3781; x_wconf 78' lang='lat' dir='ltr'><strong>sapiens</strong></span> <span class='ocrx_word' id='word_1_627' title='bbox 3556 3711 3785 3780; x_wconf 47' lang='lat' dir='ltr'><strong>imperio</strong></span> 
     </span>
    </p>
   </div>
   <div class='ocr_carea' id='block_1_82' title="bbox 2181 3800 3782 3875">
    <p class='ocr_par' dir='ltr' id='par_1_82' title="bbox 2181 3800 3782 3875">
     <span class='ocr_line' id='line_1_82' title="bbox 2181 3800 3782 3875; baseline -0.003 -17"><span class='ocrx_word' id='word_1_628' title='bbox 2181 3813 2265 3858; x_wconf 88' lang='lat' dir='ltr'><strong>tor</strong></span> <span class='ocrx_word' id='word_1_629' title='bbox 2289 3802 2502 3858; x_wconf 67' lang='lat' dir='ltr'><strong>dixisti.</strong></span> <span class='ocrx_word' id='word_1_630' title='bbox 2543 3800 2902 3857; x_wconf 84' lang='lat' dir='ltr'><strong>Veruntamen</strong></span> <span class='ocrx_word' id='word_1_631' title='bbox 2925 3819 2987 3856; x_wconf 90' lang='lat' dir='ltr'><strong>ne</strong></span> <span class='ocrx_word' id='word_1_632' title='bbox 3009 3801 3365 3869; x_wconf 83' lang='lat' dir='ltr'><strong>contristeris,</strong></span> <span class='ocrx_word' id='word_1_633' title='bbox 3389 3802 3525 3875; x_wconf 81' lang='lat' dir='ltr'><strong>quia</strong></span> <span class='ocrx_word' id='word_1_634' title='bbox 3548 3802 3697 3856; x_wconf 77' lang='lat' dir='ltr'><strong>sicut</strong></span> <span class='ocrx_word' id='word_1_635' title='bbox 3734 3809 3782 3852; x_wconf 74' lang='lat' dir='ltr'><strong>Is</strong></span> 
     </span>
    </p>
   </div>
   <div class='ocr_carea' id='block_1_83' title="bbox 2177 3893 3791 3967">
    <p class='ocr_par' dir='ltr' id='par_1_83' title="bbox 2177 3893 3791 3967">
     <span class='ocr_line' id='line_1_83' title="bbox 2177 3893 3791 3967; baseline 0.001 -17"><span class='ocrx_word' id='word_1_636' title='bbox 2177 3894 2420 3951; x_wconf 88' lang='lat' dir='ltr'><strong>liberasti</strong></span> <span class='ocrx_word' id='word_1_637' title='bbox 2469 3910 2687 3950; x_wconf 73' lang='lat' dir='ltr'><strong>uxorem</strong></span> <span class='ocrx_word' id='word_1_638' title='bbox 2736 3894 2839 3967; x_wconf 81' lang='lat' dir='ltr'><strong>ﬁlii</strong></span> <span class='ocrx_word' id='word_1_639' title='bbox 2892 3895 2997 3950; x_wconf 86' lang='lat' dir='ltr'><strong>mei</strong></span> <span class='ocrx_word' id='word_1_640' title='bbox 3032 3895 3097 3951; x_wconf 90' lang='lat' dir='ltr'><strong>de</strong></span> <span class='ocrx_word' id='word_1_641' title='bbox 3138 3893 3385 3951; x_wconf 81' lang='lat' dir='ltr'><strong>manibus</strong></span> <span class='ocrx_word' id='word_1_642' title='bbox 3441 3895 3791 3951; x_wconf 52' lang='lat' dir='ltr'><strong>inimicorum</strong></span> 
     </span>
    </p>
   </div>
   <div class='ocr_carea' id='block_1_84' title="bbox 2178 3988 3785 4060">
    <p class='ocr_par' dir='ltr' id='par_1_84' title="bbox 2178 3988 3785 4060">
     <span class='ocr_line' id='line_1_84' title="bbox 2178 3988 3785 4060; baseline 0.001 -17"><span class='ocrx_word' id='word_1_643' title='bbox 2178 4004 2419 4058; x_wconf 85' lang='lat' dir='ltr'><strong>suorum,</strong></span> <span class='ocrx_word' id='word_1_644' title='bbox 2451 3989 2530 4043; x_wconf 87' lang='lat' dir='ltr'><strong>sic</strong></span> <span class='ocrx_word' id='word_1_645' title='bbox 2558 4005 2651 4060; x_wconf 91' lang='lat' dir='ltr'><strong>ego</strong></span> <span class='ocrx_word' id='word_1_646' title='bbox 2701 3988 2937 4044; x_wconf 86' lang='lat' dir='ltr'><strong>liberabo</strong></span> <span class='ocrx_word' id='word_1_647' title='bbox 2966 3998 3014 4044; x_wconf 90' lang='lat' dir='ltr'><strong>te</strong></span> <span class='ocrx_word' id='word_1_648' title='bbox 3036 3989 3102 4045; x_wconf 90' lang='lat' dir='ltr'><strong>de</strong></span> <span class='ocrx_word' id='word_1_649' title='bbox 3126 3989 3375 4045; x_wconf 83' lang='lat' dir='ltr'><strong>manibus</strong></span> <span class='ocrx_word' id='word_1_650' title='bbox 3405 3988 3785 4051; x_wconf 62' lang='lat' dir='ltr'><strong>barbarorum.</strong></span> 
     </span>
    </p>
   </div>
   <div class='ocr_carea' id='block_1_85' title="bbox 2177 4081 3787 4155">
    <p class='ocr_par' dir='ltr' id='par_1_85' title="bbox 2177 4081 3787 4155">
     <span class='ocr_line' id='line_1_85' title="bbox 2177 4081 3787 4155; baseline 0.001 -19"><span class='ocrx_word' id='word_1_651' title='bbox 2177 4082 2366 4155; x_wconf 88' lang='lat' dir='ltr'><strong>quibus</strong></span> <span class='ocrx_word' id='word_1_652' title='bbox 2396 4082 2443 4136; x_wconf 89' lang='lat' dir='ltr'><strong>si</strong></span> <span class='ocrx_word' id='word_1_653' title='bbox 2469 4090 2654 4137; x_wconf 90' lang='lat' dir='ltr'><strong>notum</strong></span> <span class='ocrx_word' id='word_1_654' title='bbox 2701 4081 2864 4153; x_wconf 84' lang='lat' dir='ltr'><strong>fuerit</strong></span> <span class='ocrx_word' id='word_1_655' title='bbox 2892 4082 2957 4138; x_wconf 89' lang='lat' dir='ltr'><strong>de</strong></span> <span class='ocrx_word' id='word_1_656' title='bbox 2998 4083 3227 4139; x_wconf 84' lang='lat' dir='ltr'><strong>adventu</strong></span> <span class='ocrx_word' id='word_1_657' title='bbox 3271 4092 3385 4151; x_wconf 85' lang='lat' dir='ltr'><strong>tuo,</strong></span> <span class='ocrx_word' id='word_1_658' title='bbox 3419 4083 3682 4141; x_wconf 60' lang='lat' dir='ltr'><strong>occidam</strong></span> <span class='ocrx_word' id='word_1_659' title='bbox 3719 4095 3787 4145; x_wconf 73' lang='lat' dir='ltr'><strong>te.</strong></span> 
     </span>
    </p>
   </div>
   <div class='ocr_carea' id='block_1_86' title="bbox 2178 4167 3787 4247">
    <p class='ocr_par' dir='ltr' id='par_1_86' title="bbox 2178 4167 3787 4247">
     <span class='ocr_line' id='line_1_86' title="bbox 2178 4167 3787 4247; baseline 0.001 -22"><span class='ocrx_word' id='word_1_660' title='bbox 2178 4170 2441 4244; x_wconf 81' lang='lat' dir='ltr'><strong>quomodo</strong></span> <span class='ocrx_word' id='word_1_661' title='bbox 2469 4178 2526 4226; x_wconf 91' lang='lat' dir='ltr'><strong>tu</strong></span> <span class='ocrx_word' id='word_1_662' title='bbox 2557 4171 2801 4226; x_wconf 87' lang='lat' dir='ltr'><strong>occidisti</strong></span> <span class='ocrx_word' id='word_1_663' title='bbox 2836 4170 3041 4228; x_wconf 86' lang='lat' dir='ltr'><strong>Porum</strong></span> <span class='ocrx_word' id='word_1_664' title='bbox 3064 4190 3236 4246; x_wconf 87' lang='lat' dir='ltr'><strong>regem</strong></span> <span class='ocrx_word' id='word_1_665' title='bbox 3263 4167 3557 4242; x_wconf 77' lang='lat' dir='ltr'><strong>Indorum,</strong></span> <span class='ocrx_word' id='word_1_666' title='bbox 3581 4175 3717 4247; x_wconf 72' lang='lat' dir='ltr'><strong>quia</strong></span> <span class='ocrx_word' id='word_1_667' title='bbox 3740 4182 3787 4227; x_wconf 82' lang='lat' dir='ltr'><strong>ct</strong></span> 
     </span>
    </p>
   </div>
   <div class='ocr_carea' id='block_1_87' title="bbox 2177 4261 3788 4337">
    <p class='ocr_par' dir='ltr' id='par_1_87' title="bbox 2177 4261 3788 4337">
     <span class='ocr_line' id='line_1_87' title="bbox 2177 4261 3788 4337; baseline 0.003 -21"><span class='ocrx_word' id='word_1_668' title='bbox 2177 4277 2318 4316; x_wconf 78' lang='lat' dir='ltr'><strong>uxor</strong></span> <span class='ocrx_word' id='word_1_669' title='bbox 2334 4261 2573 4332; x_wconf 87' lang='lat' dir='ltr'><strong>junioris</strong></span> <span class='ocrx_word' id='word_1_670' title='bbox 2602 4262 2710 4333; x_wconf 88' lang='lat' dir='ltr'><strong>ﬁlii</strong></span> <span class='ocrx_word' id='word_1_671' title='bbox 2748 4262 2849 4318; x_wconf 90' lang='lat' dir='ltr'><strong>mei</strong></span> <span class='ocrx_word' id='word_1_672' title='bbox 2895 4263 3013 4335; x_wconf 90' lang='lat' dir='ltr'><strong>ﬁlia</strong></span> <span class='ocrx_word' id='word_1_673' title='bbox 3054 4272 3133 4319; x_wconf 89' lang='lat' dir='ltr'><strong>est</strong></span> <span class='ocrx_word' id='word_1_674' title='bbox 3175 4263 3309 4319; x_wconf 90' lang='lat' dir='ltr'><strong>Pori</strong></span> <span class='ocrx_word' id='word_1_675' title='bbox 3342 4266 3504 4337; x_wconf 82' lang='lat' dir='ltr'><strong>regis.</strong></span> <span class='ocrx_word' id='word_1_676' title='bbox 3538 4264 3683 4323; x_wconf 67' lang='lat' dir='ltr'><strong>Hac</strong></span> <span class='ocrx_word' id='word_1_677' title='bbox 3712 4265 3788 4321; x_wconf 83' lang='lat' dir='ltr'><strong>di-</strong></span> 
     </span>
    </p>
   </div>
   <div class='ocr_carea' id='block_1_88' title="bbox 2179 4354 3789 4429">
    <p class='ocr_par' dir='ltr' id='par_1_88' title="bbox 2179 4354 3789 4429">
     <span class='ocr_line' id='line_1_88' title="bbox 2179 4354 3789 4429; baseline 0.002 -20"><span class='ocrx_word' id='word_1_678' title='bbox 2179 4368 2332 4421; x_wconf 89' lang='lat' dir='ltr'><strong>cens,</strong></span> <span class='ocrx_word' id='word_1_679' title='bbox 2360 4354 2495 4409; x_wconf 89' lang='lat' dir='ltr'><strong>exiit</strong></span> <span class='ocrx_word' id='word_1_680' title='bbox 2514 4363 2711 4411; x_wconf 88' lang='lat' dir='ltr'><strong>tenens</strong></span> <span class='ocrx_word' id='word_1_681' title='bbox 2732 4355 3105 4412; x_wconf 86' lang='lat' dir='ltr'><strong>Alexandrum</strong></span> <span class='ocrx_word' id='word_1_682' title='bbox 3136 4372 3233 4429; x_wconf 89' lang='lat' dir='ltr'><strong>per</strong></span> <span class='ocrx_word' id='word_1_683' title='bbox 3260 4371 3517 4426; x_wconf 86' lang='lat' dir='ltr'><strong>manum,</strong></span> <span class='ocrx_word' id='word_1_684' title='bbox 3550 4368 3616 4414; x_wconf 84' lang='lat' dir='ltr'><strong>et</strong></span> <span class='ocrx_word' id='word_1_685' title='bbox 3657 4358 3789 4415; x_wconf 77' lang='lat' dir='ltr'><strong>dixit</strong></span> 
     </span>
    </p>
   </div>
   <div class='ocr_carea' id='block_1_89' title="bbox 2179 4443 3789 4520">
    <p class='ocr_par' dir='ltr' id='par_1_89' title="bbox 2179 4443 3789 4520">
     <span class='ocr_line' id='line_1_89' title="bbox 2179 4443 3789 4520; baseline 0.007 -21"><span class='ocrx_word' id='word_1_686' title='bbox 2179 4443 2308 4501; x_wconf 73' lang='lat' dir='ltr'><strong>(iliis</strong></span> <span class='ocrx_word' id='word_1_687' title='bbox 2335 4445 2488 4502; x_wconf 89' lang='lat' dir='ltr'><strong>suis:</strong></span> <span class='ocrx_word' id='word_1_688' title='bbox 2530 4443 2576 4502; x_wconf 89' lang='lat'><em>0</em></span> <span class='ocrx_word' id='word_1_689' title='bbox 2606 4444 2689 4516; x_wconf 90' lang='lat' dir='ltr'><strong>ﬁli</strong></span> <span class='ocrx_word' id='word_1_690' title='bbox 2715 4444 3011 4504; x_wconf 85' lang='lat' dir='ltr'><strong>Candaulis</strong></span> <span class='ocrx_word' id='word_1_691' title='bbox 3056 4457 3111 4503; x_wconf 91' lang='lat' dir='ltr'><strong>et</strong></span> <span class='ocrx_word' id='word_1_692' title='bbox 3142 4456 3223 4517; x_wconf 89' lang='lat' dir='ltr'><strong>tu,</strong></span> <span class='ocrx_word' id='word_1_693' title='bbox 3254 4463 3286 4502; x_wconf 86' lang='grc' dir='ltr'><strong><em>ο</em></strong></span> <span class='ocrx_word' id='word_1_694' title='bbox 3324 4447 3449 4520; x_wconf 88' lang='lat' dir='ltr'><strong>ﬁlia</strong></span> <span class='ocrx_word' id='word_1_695' title='bbox 3484 4447 3789 4520; x_wconf 64' lang='grc' dir='ltr'><strong>Παφίων</strong></span> 
     </span>
    </p>
   </div>
   <div class='ocr_carea' id='block_1_90' title="bbox 485 4535 3791 4615">
    <p class='ocr_par' dir='ltr' id='par_1_90' title="bbox 485 4535 3791 4615">
     <span class='ocr_line' id='line_1_90' title="bbox 485 4535 3791 4615; baseline 0.001 -19"><span class='ocrx_word' id='word_1_696' title='bbox 485 4556 664 4614; x_wconf 88' lang='lat' dir='ltr'><strong>usque</strong></span> <span class='ocrx_word' id='word_1_697' title='bbox 698 4541 773 4596; x_wconf 87' lang='lat' dir='ltr'><strong>ad</strong></span> <span class='ocrx_word' id='word_1_698' title='bbox 824 4540 1019 4608; x_wconf 88' lang='lat' dir='ltr'><strong>nubes,</strong></span> <span class='ocrx_word' id='word_1_699' title='bbox 1072 4540 1306 4597; x_wconf 86' lang='lat' dir='ltr'><strong>miratus</strong></span> <span class='ocrx_word' id='word_1_700' title='bbox 1359 4549 1471 4609; x_wconf 88' lang='lat' dir='ltr'><strong>est,</strong></span> <span class='ocrx_word' id='word_1_701' title='bbox 1527 4541 1774 4613; x_wconf 85' lang='lat' dir='ltr'><strong>viditque</strong></span> <span class='ocrx_word' id='word_1_702' title='bbox 1830 4541 2078 4598; x_wconf 87' lang='lat' dir='ltr'><strong>excelsas</strong></span> <span class='ocrx_word' id='word_1_703' title='bbox 2108 4559 2153 4615; x_wconf 82' lang='grc' dir='ltr'><strong>ι)</strong></span> <span class='ocrx_word' id='word_1_704' title='bbox 2178 4535 2362 4592; x_wconf 77' lang='lat' dir='ltr'><strong>demus</strong></span> <span class='ocrx_word' id='word_1_705' title='bbox 2385 4536 2603 4609; x_wconf 81' lang='lat' dir='ltr'><strong>aliquod</strong></span> <span class='ocrx_word' id='word_1_706' title='bbox 2634 4537 2827 4593; x_wconf 74' lang='lat' dir='ltr'><strong>bonum</strong></span> <span class='ocrx_word' id='word_1_707' title='bbox 2856 4539 2979 4596; x_wconf 81' lang='lat' dir='ltr'><strong>huic</strong></span> <span class='ocrx_word' id='word_1_708' title='bbox 3004 4540 3166 4595; x_wconf 81' lang='lat' dir='ltr'><strong>misso</strong></span> <span class='ocrx_word' id='word_1_709' title='bbox 3190 4538 3516 4597; x_wconf 70' lang='lat' dir='ltr'><strong>Alexandri.</strong></span> <span class='ocrx_word' id='word_1_710' title='bbox 3540 4538 3791 4613; x_wconf 76' lang='lat' dir='ltr'><strong>Respon-</strong></span> 
     </span>
    </p>
   </div>
   <div class='ocr_carea' id='block_1_91' title="bbox 486 4629 2077 4704">
    <p class='ocr_par' dir='ltr' id='par_1_91' title="bbox 486 4629 2077 4704">
     <span class='ocr_line' id='line_1_91' title="bbox 486 4629 2077 4704; baseline 0 -18"><span class='ocrx_word' id='word_1_711' title='bbox 486 4632 715 4688; x_wconf 87' lang='lat' dir='ltr'><strong>arbores</strong></span> <span class='ocrx_word' id='word_1_712' title='bbox 755 4647 917 4703; x_wconf 87' lang='lat' dir='ltr'><strong>poma</strong></span> <span class='ocrx_word' id='word_1_713' title='bbox 946 4631 1174 4704; x_wconf 80' lang='lat' dir='ltr'><strong>grandia</strong></span> <span class='ocrx_word' id='word_1_714' title='bbox 1218 4638 1524 4703; x_wconf 87' lang='lat' dir='ltr'><strong>portantes,</strong></span> <span class='ocrx_word' id='word_1_715' title='bbox 1555 4639 1610 4688; x_wconf 89' lang='lat' dir='ltr'><strong>et</strong></span> <span class='ocrx_word' id='word_1_716' title='bbox 1650 4629 1792 4686; x_wconf 90' lang='lat' dir='ltr'><strong>vites</strong></span> <span class='ocrx_word' id='word_1_717' title='bbox 1847 4646 2077 4701; x_wconf 85' lang='lat' dir='ltr'><strong>magnos</strong></span> 
     </span>
    </p>
   </div>
   <div class='ocr_carea' id='block_1_92' title="bbox 486 4721 2076 4793">
    <p class='ocr_par' dir='ltr' id='par_1_92' title="bbox 486 4721 2076 4793">
     <span class='ocr_line' id='line_1_92' title="bbox 486 4721 2076 4793; baseline -0.001 -14"><span class='ocrx_word' id='word_1_718' title='bbox 486 4722 676 4779; x_wconf 89' lang='lat' dir='ltr'><strong>botros</strong></span> <span class='ocrx_word' id='word_1_719' title='bbox 731 4722 1027 4790; x_wconf 88' lang='lat' dir='ltr'><strong>habentes,</strong></span> <span class='ocrx_word' id='word_1_720' title='bbox 1085 4721 1141 4778; x_wconf 91' lang='lat' dir='ltr'><strong>in</strong></span> <span class='ocrx_word' id='word_1_721' title='bbox 1194 4730 1405 4778; x_wconf 89' lang='lat' dir='ltr'><strong>tantum</strong></span> <span class='ocrx_word' id='word_1_722' title='bbox 1462 4731 1524 4777; x_wconf 91' lang='lat' dir='ltr'><strong>ut</strong></span> <span class='ocrx_word' id='word_1_723' title='bbox 1575 4723 1742 4777; x_wconf 90' lang='lat' dir='ltr'><strong>homo</strong></span> <span class='ocrx_word' id='word_1_724' title='bbox 1786 4737 1931 4793; x_wconf 89' lang='lat' dir='ltr'><strong>unus</strong></span> <span class='ocrx_word' id='word_1_725' title='bbox 1965 4737 2076 4777; x_wconf 83' lang='lat' dir='ltr'><strong>non</strong></span> 
     </span>
    </p>
   </div>
   <div class='ocr_carea' id='block_1_93' title="bbox 484 4802 2077 4885">
    <p class='ocr_par' dir='ltr' id='par_1_93' title="bbox 484 4802 2077 4885">
     <span class='ocr_line' id='line_1_93' title="bbox 484 4802 2077 4885; baseline 0 -15"><span class='ocrx_word' id='word_1_726' title='bbox 484 4821 674 4884; x_wconf 85' lang='lat' dir='ltr'><strong>posset</strong></span> <span class='ocrx_word' id='word_1_727' title='bbox 714 4821 937 4885; x_wconf 84' lang='lat' dir='ltr'><strong>portare</strong></span> <span class='ocrx_word' id='word_1_728' title='bbox 979 4828 1152 4869; x_wconf 90' lang='lat' dir='ltr'><strong>unum</strong></span> <span class='ocrx_word' id='word_1_729' title='bbox 1197 4810 1273 4869; x_wconf 75' lang='lat' dir='ltr'><strong>ex</strong></span> <span class='ocrx_word' id='word_1_730' title='bbox 1312 4802 1451 4881; x_wconf 86' lang='lat' dir='ltr'><strong>illis;</strong></span> <span class='ocrx_word' id='word_1_731' title='bbox 1484 4814 1617 4870; x_wconf 85' lang='lat' dir='ltr'><strong>vidit</strong></span> <span class='ocrx_word' id='word_1_732' title='bbox 1642 4822 1697 4869; x_wconf 91' lang='lat' dir='ltr'><strong>et</strong></span> <span class='ocrx_word' id='word_1_733' title='bbox 1742 4829 1913 4870; x_wconf 89' lang='lat' dir='ltr'><strong>nuces</strong></span> <span class='ocrx_word' id='word_1_734' title='bbox 1952 4829 2077 4885; x_wconf 73' lang='lat' dir='ltr'><strong>qua:</strong></span> 
     </span>
    </p>
   </div>
   <div class='ocr_carea' id='block_1_94' title="bbox 486 4906 2074 4979">
    <p class='ocr_par' dir='ltr' id='par_1_94' title="bbox 486 4906 2074 4979">
     <span class='ocr_line' id='line_1_94' title="bbox 486 4906 2074 4979; baseline 0.002 -18"><span class='ocrx_word' id='word_1_735' title='bbox 486 4914 644 4962; x_wconf 87' lang='lat' dir='ltr'><strong>erant</strong></span> <span class='ocrx_word' id='word_1_736' title='bbox 669 4906 812 4963; x_wconf 91' lang='lat' dir='ltr'><strong>sicut</strong></span> <span class='ocrx_word' id='word_1_737' title='bbox 836 4920 1098 4979; x_wconf 89' lang='lat' dir='ltr'><strong>pepones,</strong></span> <span class='ocrx_word' id='word_1_738' title='bbox 1128 4916 1183 4963; x_wconf 94' lang='lat' dir='ltr'><strong>et</strong></span> <span class='ocrx_word' id='word_1_739' title='bbox 1209 4906 1479 4967; x_wconf 87' lang='lat' dir='ltr'><strong>dracones</strong></span> <span class='ocrx_word' id='word_1_740' title='bbox 1526 4917 1682 4964; x_wconf 89' lang='lat' dir='ltr'><strong>erant</strong></span> <span class='ocrx_word' id='word_1_741' title='bbox 1714 4908 1769 4963; x_wconf 91' lang='lat' dir='ltr'><strong>in</strong></span> <span class='ocrx_word' id='word_1_742' title='bbox 1817 4908 1953 4979; x_wconf 89' lang='lat' dir='ltr'><strong>ipsis</strong></span> <span class='ocrx_word' id='word_1_743' title='bbox 1983 4924 2074 4964; x_wconf 89' lang='lat' dir='ltr'><strong>ar-</strong></span> 
     </span>
    </p>
   </div>
   <div class='ocr_carea' id='block_1_95' title="bbox 486 4998 2071 5073">
    <p class='ocr_par' dir='ltr' id='par_1_95' title="bbox 486 4998 2071 5073">
     <span class='ocr_line' id='line_1_95' title="bbox 486 4998 2071 5073; baseline 0.002 -20"><span class='ocrx_word' id='word_1_744' title='bbox 486 4999 715 5055; x_wconf 84' lang='lat' dir='ltr'><strong>boribus</strong></span> <span class='ocrx_word' id='word_1_745' title='bbox 760 5006 816 5055; x_wconf 90' lang='lat' dir='ltr'><strong>et</strong></span> <span class='ocrx_word' id='word_1_746' title='bbox 865 4999 1041 5056; x_wconf 65' lang='lat' dir='ltr'><strong>simia:</strong></span> <span class='ocrx_word' id='word_1_747' title='bbox 1085 5000 1290 5056; x_wconf 68' lang='lat' dir='ltr'><strong>multae.</strong></span> <span class='ocrx_word' id='word_1_748' title='bbox 1326 4998 1461 5056; x_wconf 89' lang='lat' dir='ltr'><strong>Post</strong></span> <span class='ocrx_word' id='word_1_749' title='bbox 1503 5014 1712 5073; x_wconf 90' lang='lat' dir='ltr'><strong>paucos</strong></span> <span class='ocrx_word' id='word_1_750' title='bbox 1769 5000 1891 5057; x_wconf 87' lang='lat' dir='ltr'><strong>dies</strong></span> <span class='ocrx_word' id='word_1_751' title='bbox 1944 5016 2071 5057; x_wconf 89' lang='lat' dir='ltr'><strong>cum</strong></span> 
     </span>
    </p>
   </div>
   <div class='ocr_carea' id='block_1_96' title="bbox 487 5090 2072 5166">
    <p class='ocr_par' dir='ltr' id='par_1_96' title="bbox 487 5090 2072 5166">
     <span class='ocr_line' id='line_1_96' title="bbox 487 5090 2072 5166; baseline 0.004 -22"><span class='ocrx_word' id='word_1_752' title='bbox 487 5091 769 5147; x_wconf 90' lang='lat' dir='ltr'><strong>venissent</strong></span> <span class='ocrx_word' id='word_1_753' title='bbox 797 5091 854 5145; x_wconf 91' lang='lat' dir='ltr'><strong>in</strong></span> <span class='ocrx_word' id='word_1_754' title='bbox 883 5090 1160 5149; x_wconf 84' lang='lat' dir='ltr'><strong>civitatem</strong></span> <span class='ocrx_word' id='word_1_755' title='bbox 1196 5091 1468 5149; x_wconf 87' lang='lat' dir='ltr'><strong>Candacis</strong></span> <span class='ocrx_word' id='word_1_756' title='bbox 1507 5092 1731 5166; x_wconf 64' lang='lat' dir='ltr'><strong>reginae,</strong></span> <span class='ocrx_word' id='word_1_757' title='bbox 1778 5093 1911 5149; x_wconf 86' lang='lat' dir='ltr'><strong>exiit</strong></span> <span class='ocrx_word' id='word_1_758' title='bbox 1955 5093 2072 5165; x_wconf 87' lang='lat' dir='ltr'><strong>ipsa</strong></span> 
     </span>
    </p>
   </div>
   <div class='ocr_carea' id='block_1_97' title="bbox 488 5171 2074 5256">
    <p class='ocr_par' dir='ltr' id='par_1_97' title="bbox 488 5171 2074 5256">
     <span class='ocr_line' id='line_1_97' title="bbox 488 5171 2074 5256; baseline 0.002 -21"><span class='ocrx_word' id='word_1_759' title='bbox 488 5180 641 5256; x_wconf 72' lang='lat' dir='ltr'><strong>foras</strong></span> <span class='ocrx_word' id='word_1_760' title='bbox 665 5179 882 5237; x_wconf 86' lang='lat' dir='ltr'><strong>obviam</strong></span> <span class='ocrx_word' id='word_1_761' title='bbox 914 5171 1041 5249; x_wconf 85' lang='lat' dir='ltr'><strong>illis,</strong></span> <span class='ocrx_word' id='word_1_762' title='bbox 1080 5181 1242 5254; x_wconf 78' lang='lat' dir='ltr'><strong>longa</strong></span> <span class='ocrx_word' id='word_1_763' title='bbox 1272 5190 1328 5239; x_wconf 91' lang='lat' dir='ltr'><strong>et</strong></span> <span class='ocrx_word' id='word_1_764' title='bbox 1372 5183 1602 5253; x_wconf 77' lang='lat' dir='ltr'><strong>pulchra</strong></span> <span class='ocrx_word' id='word_1_765' title='bbox 1632 5181 1817 5243; x_wconf 90' lang='lat' dir='ltr'><strong>nimis.</strong></span> <span class='ocrx_word' id='word_1_766' title='bbox 1846 5190 2074 5253; x_wconf 90' lang='lat' dir='ltr'><strong>portans</strong></span> 
     </span>
    </p>
   </div>
   <div class='ocr_carea' id='block_1_98' title="bbox 490 5274 2071 5347">
    <p class='ocr_par' dir='ltr' id='par_1_98' title="bbox 490 5274 2071 5347">
     <span class='ocr_line' id='line_1_98' title="bbox 490 5274 2071 5347; baseline -0.001 -18"><span class='ocrx_word' id='word_1_767' title='bbox 490 5285 756 5329; x_wconf 88' lang='lat' dir='ltr'><strong>coronam</strong></span> <span class='ocrx_word' id='word_1_768' title='bbox 776 5287 1022 5340; x_wconf 89' lang='lat' dir='ltr'><strong>auream,</strong></span> <span class='ocrx_word' id='word_1_769' title='bbox 1046 5281 1101 5330; x_wconf 91' lang='lat' dir='ltr'><strong>et</strong></span> <span class='ocrx_word' id='word_1_770' title='bbox 1136 5274 1415 5346; x_wconf 88' lang='lat' dir='ltr'><strong>excipiens</strong></span> <span class='ocrx_word' id='word_1_771' title='bbox 1439 5290 1536 5331; x_wconf 89' lang='lat' dir='ltr'><strong>eos</strong></span> <span class='ocrx_word' id='word_1_772' title='bbox 1565 5274 1799 5347; x_wconf 83' lang='lat' dir='ltr'><strong>benigne</strong></span> <span class='ocrx_word' id='word_1_773' title='bbox 1836 5274 1993 5332; x_wconf 84' lang='lat' dir='ltr'><strong>duxit</strong></span> <span class='ocrx_word' id='word_1_774' title='bbox 2018 5274 2071 5328; x_wconf 91' lang='lat' dir='ltr'><strong>in</strong></span> 
     </span>
    </p>
   </div>
   <div class='ocr_carea' id='block_1_99' title="bbox 490 5365 2076 5440">
    <p class='ocr_par' dir='ltr' id='par_1_99' title="bbox 490 5365 2076 5440">
     <span class='ocr_line' id='line_1_99' title="bbox 490 5365 2076 5440; baseline 0 -19"><span class='ocrx_word' id='word_1_775' title='bbox 490 5365 755 5437; x_wconf 86' lang='lat' dir='ltr'><strong>palatium</strong></span> <span class='ocrx_word' id='word_1_776' title='bbox 806 5381 989 5434; x_wconf 90' lang='lat' dir='ltr'><strong>suum,</strong></span> <span class='ocrx_word' id='word_1_777' title='bbox 1020 5368 1167 5437; x_wconf 87' lang='lat' dir='ltr'><strong>quod</strong></span> <span class='ocrx_word' id='word_1_778' title='bbox 1223 5376 1341 5423; x_wconf 89' lang='lat' dir='ltr'><strong>erat</strong></span> <span class='ocrx_word' id='word_1_779' title='bbox 1394 5368 1685 5440; x_wconf 81' lang='lat' dir='ltr'><strong>Optimum,</strong></span> <span class='ocrx_word' id='word_1_780' title='bbox 1742 5375 1796 5422; x_wconf 91' lang='lat' dir='ltr'><strong>et</strong></span> <span class='ocrx_word' id='word_1_781' title='bbox 1836 5365 2076 5439; x_wconf 80' lang='lat' dir='ltr'><strong>fulgebat</strong></span> 
     </span>
    </p>
   </div>
   <div class='ocr_carea' id='block_1_100' title="bbox 492 5455 2071 5528">
    <p class='ocr_par' dir='ltr' id='par_1_100' title="bbox 492 5455 2071 5528">
     <span class='ocr_line' id='line_1_100' title="bbox 492 5455 2071 5528; baseline 0.001 -17"><span class='ocrx_word' id='word_1_782' title='bbox 492 5463 697 5512; x_wconf 88' lang='lat' dir='ltr'><strong>tectum</strong></span> <span class='ocrx_word' id='word_1_783' title='bbox 745 5455 865 5528; x_wconf 88' lang='lat' dir='ltr'><strong>ejus</strong></span> <span class='ocrx_word' id='word_1_784' title='bbox 899 5458 1059 5528; x_wconf 85' lang='lat' dir='ltr'><strong>quasi</strong></span> <span class='ocrx_word' id='word_1_785' title='bbox 1102 5467 1250 5515; x_wconf 82' lang='lat' dir='ltr'><strong>esset</strong></span> <span class='ocrx_word' id='word_1_786' title='bbox 1279 5473 1536 5526; x_wconf 87' lang='lat' dir='ltr'><strong>aureum,</strong></span> <span class='ocrx_word' id='word_1_787' title='bbox 1568 5458 1904 5514; x_wconf 85' lang='lat' dir='ltr'><strong>lectisternia</strong></span> <span class='ocrx_word' id='word_1_788' title='bbox 1951 5457 2071 5527; x_wconf 90' lang='lat' dir='ltr'><strong>ejus</strong></span> 
     </span>
    </p>
   </div>
   <div class='ocr_carea' id='block_1_101' title="bbox 450 5550 2073 5621">
    <p class='ocr_par' dir='ltr' id='par_1_101' title="bbox 450 5550 2073 5621">
     <span class='ocr_line' id='line_1_101' title="bbox 450 5550 2073 5621; baseline -0.003 -13"><span class='ocrx_word' id='word_1_789' title='bbox 450 5594 461 5608; x_wconf 57' lang='grc' dir='ltr'><em>τ</em></span> <span class='ocrx_word' id='word_1_790' title='bbox 492 5556 687 5604; x_wconf 85' lang='lat' dir='ltr'><strong>ornata</strong></span> <span class='ocrx_word' id='word_1_791' title='bbox 715 5563 781 5604; x_wconf 87' lang='lat' dir='ltr'><strong>ex</strong></span> <span class='ocrx_word' id='word_1_792' title='bbox 826 5565 963 5605; x_wconf 88' lang='lat' dir='ltr'><strong>auro</strong></span> <span class='ocrx_word' id='word_1_793' title='bbox 992 5550 1308 5620; x_wconf 88' lang='lat' dir='ltr'><strong>purissimo,</strong></span> <span class='ocrx_word' id='word_1_794' title='bbox 1339 5550 1574 5607; x_wconf 89' lang='lat' dir='ltr'><strong>triclinia</strong></span> <span class='ocrx_word' id='word_1_795' title='bbox 1597 5550 1719 5621; x_wconf 87' lang='lat' dir='ltr'><strong>ejus</strong></span> <span class='ocrx_word' id='word_1_796' title='bbox 1757 5559 2073 5605; x_wconf 89' lang='lat' dir='ltr'><strong>constructa</strong></span> 
     </span>
    </p>
   </div>
   <div class='ocr_carea' id='block_1_102' title="bbox 414 5641 2074 5722">
    <p class='ocr_par' dir='ltr' id='par_1_102' title="bbox 414 5641 2074 5722">
     <span class='ocr_line' id='line_1_102' title="bbox 414 5641 2074 5722; baseline 0 -28"><span class='ocrx_word' id='word_1_797' title='bbox 414 5716 420 5722; x_wconf 23' lang='lat'>.</span> <span class='ocrx_word' id='word_1_798' title='bbox 493 5655 561 5696; x_wconf 66' lang='lat' dir='ltr'><strong>ex</strong></span> <span class='ocrx_word' id='word_1_799' title='bbox 604 5641 783 5713; x_wconf 89' lang='lat' dir='ltr'><strong>lapide</strong></span> <span class='ocrx_word' id='word_1_800' title='bbox 838 5642 1142 5711; x_wconf 86' lang='lat' dir='ltr'><strong>onichino,</strong></span> <span class='ocrx_word' id='word_1_801' title='bbox 1188 5643 1457 5699; x_wconf 82' lang='lat' dir='ltr'><strong>columnae</strong></span> <span class='ocrx_word' id='word_1_802' title='bbox 1487 5658 1618 5698; x_wconf 90' lang='lat' dir='ltr'><strong>vero</strong></span> <span class='ocrx_word' id='word_1_803' title='bbox 1667 5642 1841 5713; x_wconf 87' lang='lat' dir='ltr'><strong>ipsius</strong></span> <span class='ocrx_word' id='word_1_804' title='bbox 1887 5641 2074 5713; x_wconf 88' lang='lat' dir='ltr'><strong>palatii</strong></span> 
     </span>
    </p>
   </div>
   <div class='ocr_carea' id='block_1_103' title="bbox 492 5733 2075 5807">
    <p class='ocr_par' dir='ltr' id='par_1_103' title="bbox 492 5733 2075 5807">
     <span class='ocr_line' id='line_1_103' title="bbox 492 5733 2075 5807; baseline 0 -18"><span class='ocrx_word' id='word_1_805' title='bbox 492 5744 649 5791; x_wconf 73' lang='lat' dir='ltr'><strong>erant</strong></span> <span class='ocrx_word' id='word_1_806' title='bbox 702 5751 769 5792; x_wconf 87' lang='lat' dir='ltr'><strong>ex</strong></span> <span class='ocrx_word' id='word_1_807' title='bbox 798 5737 1002 5805; x_wconf 89' lang='lat' dir='ltr'><strong>ebeno;</strong></span> <span class='ocrx_word' id='word_1_808' title='bbox 1050 5753 1254 5793; x_wconf 69' lang='lat' dir='ltr'><strong>mensa:</strong></span> <span class='ocrx_word' id='word_1_809' title='bbox 1290 5745 1447 5793; x_wconf 87' lang='lat' dir='ltr'><strong>erant</strong></span> <span class='ocrx_word' id='word_1_810' title='bbox 1485 5736 1880 5807; x_wconf 65' lang='lat' dir='ltr'><strong>elephantinaz,</strong></span> <span class='ocrx_word' id='word_1_811' title='bbox 1936 5733 2075 5789; x_wconf 67' lang='lat' dir='ltr'><strong>(ialm</strong></span> 
     </span>
    </p>
   </div>
   <div class='ocr_carea' id='block_1_104' title="bbox 500 5827 2073 5901">
    <p class='ocr_par' dir='ltr' id='par_1_104' title="bbox 500 5827 2073 5901">
     <span class='ocr_line' id='line_1_104' title="bbox 500 5827 2073 5901; baseline 0.001 -20"><span class='ocrx_word' id='word_1_812' title='bbox 500 5835 781 5895; x_wconf 54' lang='lat' dir='ltr'><strong>ceteraque</strong></span> <span class='ocrx_word' id='word_1_813' title='bbox 810 5843 942 5884; x_wconf 78' lang='lat' dir='ltr'><strong>vasa</strong></span> <span class='ocrx_word' id='word_1_814' title='bbox 962 5844 1025 5886; x_wconf 82' lang='lat' dir='ltr'><strong>ex</strong></span> <span class='ocrx_word' id='word_1_815' title='bbox 1056 5830 1325 5901; x_wconf 78' lang='lat' dir='ltr'><strong>lapidibus</strong></span> <span class='ocrx_word' id='word_1_816' title='bbox 1354 5829 1638 5901; x_wconf 85' lang='lat' dir='ltr'><strong>preciosis.</strong></span> <span class='ocrx_word' id='word_1_817' title='bbox 1658 5828 1862 5885; x_wconf 84' lang='lat' dir='ltr'><strong>Subtus</strong></span> <span class='ocrx_word' id='word_1_818' title='bbox 1895 5827 2073 5896; x_wconf 88' lang='lat' dir='ltr'><strong>ipsum</strong></span> 
     </span>
    </p>
   </div>
   <div class='ocr_carea' id='block_1_105' title="bbox 2180 4629 3789 4703">
    <p class='ocr_par' dir='ltr' id='par_1_105' title="bbox 2180 4629 3789 4703">
     <span class='ocr_line' id='line_1_105' title="bbox 2180 4629 3789 4703; baseline 0.001 -17"><span class='ocrx_word' id='word_1_819' title='bbox 2180 4629 2319 4687; x_wconf 89' lang='lat' dir='ltr'><strong>deus</strong></span> <span class='ocrx_word' id='word_1_820' title='bbox 2348 4630 2491 4687; x_wconf 89' lang='lat' dir='ltr'><strong>alius</strong></span> <span class='ocrx_word' id='word_1_821' title='bbox 2514 4631 2659 4688; x_wconf 82' lang='lat' dir='ltr'><strong>ﬁlius</strong></span> <span class='ocrx_word' id='word_1_822' title='bbox 2682 4631 2803 4703; x_wconf 89' lang='lat' dir='ltr'><strong>ejus</strong></span> <span class='ocrx_word' id='word_1_823' title='bbox 2827 4629 3060 4688; x_wconf 89' lang='lat' dir='ltr'><strong>Carator</strong></span> <span class='ocrx_word' id='word_1_824' title='bbox 3089 4632 3264 4688; x_wconf 88' lang='lat' dir='ltr'><strong>dixit:</strong></span> <span class='ocrx_word' id='word_1_825' title='bbox 3309 4630 3356 4689; x_wconf 92' lang='grc' dir='ltr'>ο</span> <span class='ocrx_word' id='word_1_826' title='bbox 3383 4643 3586 4701; x_wconf 83' lang='lat' dir='ltr'><strong>mater,</strong></span> <span class='ocrx_word' id='word_1_827' title='bbox 3611 4648 3789 4688; x_wconf 65' lang='lat' dir='ltr'><strong>aena</strong></span> 
     </span>
    </p>
   </div>
   <div class='ocr_carea' id='block_1_106' title="bbox 2180 4722 3790 4795">
    <p class='ocr_par' dir='ltr' id='par_1_106' title="bbox 2180 4722 3790 4795">
     <span class='ocr_line' id='line_1_106' title="bbox 2180 4722 3790 4795; baseline -0.001 -19"><span class='ocrx_word' id='word_1_828' title='bbox 2180 4732 2258 4777; x_wconf 87' lang='lat' dir='ltr'><strong>est</strong></span> <span class='ocrx_word' id='word_1_829' title='bbox 2280 4722 2513 4793; x_wconf 87' lang='lat' dir='ltr'><strong>quidem,</strong></span> <span class='ocrx_word' id='word_1_830' title='bbox 2540 4725 2667 4795; x_wconf 91' lang='lat' dir='ltr'><strong>quia</strong></span> <span class='ocrx_word' id='word_1_831' title='bbox 2696 4724 2896 4779; x_wconf 67' lang='lat' dir='ltr'><strong>direxit</strong></span> <span class='ocrx_word' id='word_1_832' title='bbox 2922 4725 3088 4778; x_wconf 90' lang='lat' dir='ltr'><strong>istum</strong></span> <span class='ocrx_word' id='word_1_833' title='bbox 3114 4722 3423 4778; x_wconf 69' lang='lat' dir='ltr'><strong>Alexander</strong></span> <span class='ocrx_word' id='word_1_834' title='bbox 3447 4733 3498 4778; x_wconf 87' lang='lat' dir='ltr'><strong>et</strong></span> <span class='ocrx_word' id='word_1_835' title='bbox 3527 4723 3790 4779; x_wconf 72' lang='lat' dir='ltr'><strong>liberat-it</strong></span> 
     </span>
    </p>
   </div>
   <div class='ocr_carea' id='block_1_107' title="bbox 2180 4815 3790 4886">
    <p class='ocr_par' dir='ltr' id='par_1_107' title="bbox 2180 4815 3790 4886">
     <span class='ocr_line' id='line_1_107' title="bbox 2180 4815 3790 4886; baseline 0.001 -18"><span class='ocrx_word' id='word_1_836' title='bbox 2180 4829 2399 4870; x_wconf 70' lang='lat' dir='ltr'><strong>umorem</strong></span> <span class='ocrx_word' id='word_1_837' title='bbox 2424 4815 2615 4886; x_wconf 88' lang='lat' dir='ltr'><strong>fratris</strong></span> <span class='ocrx_word' id='word_1_838' title='bbox 2653 4817 2755 4871; x_wconf 89' lang='lat' dir='ltr'><strong>mei</strong></span> <span class='ocrx_word' id='word_1_839' title='bbox 2793 4816 2859 4871; x_wconf 90' lang='lat' dir='ltr'><strong>de</strong></span> <span class='ocrx_word' id='word_1_840' title='bbox 2896 4816 3141 4872; x_wconf 88' lang='lat' dir='ltr'><strong>manibus</strong></span> <span class='ocrx_word' id='word_1_841' title='bbox 3183 4815 3525 4871; x_wconf 78' lang='lat' dir='ltr'><strong>inimicorum</strong></span> <span class='ocrx_word' id='word_1_842' title='bbox 3562 4832 3790 4871; x_wconf 69' lang='lat' dir='ltr'><strong>suom</strong></span> 
     </span>
    </p>
   </div>
   <div class='ocr_carea' id='block_1_108' title="bbox 2181 4909 3791 4982">
    <p class='ocr_par' dir='ltr' id='par_1_108' title="bbox 2181 4909 3791 4982">
     <span class='ocr_line' id='line_1_108' title="bbox 2181 4909 3791 4982; baseline -0.001 -17"><span class='ocrx_word' id='word_1_843' title='bbox 2181 4909 2517 4982; x_wconf 86' lang='lat' dir='ltr'><strong>reddiditque</strong></span> <span class='ocrx_word' id='word_1_844' title='bbox 2563 4909 2669 4963; x_wconf 88' lang='lat' dir='ltr'><strong>sibi</strong></span> <span class='ocrx_word' id='word_1_845' title='bbox 2720 4926 2859 4976; x_wconf 89' lang='lat' dir='ltr'><strong>eam,</strong></span> <span class='ocrx_word' id='word_1_846' title='bbox 2906 4910 2998 4964; x_wconf 87' lang='lat' dir='ltr'><strong>sed</strong></span> <span class='ocrx_word' id='word_1_847' title='bbox 3036 4926 3173 4964; x_wconf 74' lang='lat' dir='ltr'><strong>uxor</strong></span> <span class='ocrx_word' id='word_1_848' title='bbox 3220 4927 3337 4965; x_wconf 88' lang='lat' dir='ltr'><strong>mea</strong></span> <span class='ocrx_word' id='word_1_849' title='bbox 3376 4909 3665 4981; x_wconf 67' lang='lat' dir='ltr'><strong>compellit</strong></span> <span class='ocrx_word' id='word_1_850' title='bbox 3716 4927 3791 4963; x_wconf 69' lang='lat' dir='ltr'><strong>ne</strong></span> 
     </span>
    </p>
   </div>
   <div class='ocr_carea' id='block_1_109' title="bbox 2178 4998 3792 5073">
    <p class='ocr_par' dir='ltr' id='par_1_109' title="bbox 2178 4998 3792 5073">
     <span class='ocr_line' id='line_1_109' title="bbox 2178 4998 3792 5073; baseline 0.001 -18"><span class='ocrx_word' id='word_1_851' title='bbox 2178 5001 2417 5055; x_wconf 88' lang='lat' dir='ltr'><strong>occidere</strong></span> <span class='ocrx_word' id='word_1_852' title='bbox 2455 4998 2594 5056; x_wconf 87' lang='lat' dir='ltr'><strong>hunc</strong></span> <span class='ocrx_word' id='word_1_853' title='bbox 2632 5000 2957 5072; x_wconf 87' lang='lat' dir='ltr'><strong>Antigonum</strong></span> <span class='ocrx_word' id='word_1_854' title='bbox 2984 5018 3081 5071; x_wconf 89' lang='lat' dir='ltr'><strong>pro</strong></span> <span class='ocrx_word' id='word_1_855' title='bbox 3126 5000 3462 5069; x_wconf 65' lang='lat' dir='ltr'><strong>Alexandro,</strong></span> <span class='ocrx_word' id='word_1_856' title='bbox 3487 5003 3628 5073; x_wconf 65' lang='lat' dir='ltr'><strong>quia</strong></span> <span class='ocrx_word' id='word_1_857' title='bbox 3686 5002 3792 5073; x_wconf 69' lang='lat' dir='ltr'><strong>ipse</strong></span> 
     </span>
    </p>
   </div>
   <div class='ocr_carea' id='block_1_110' title="bbox 2175 5091 3791 5165">
    <p class='ocr_par' dir='ltr' id='par_1_110' title="bbox 2175 5091 3791 5165">
     <span class='ocr_line' id='line_1_110' title="bbox 2175 5091 3791 5165; baseline -0.002 -19"><span class='ocrx_word' id='word_1_858' title='bbox 2175 5092 2370 5147; x_wconf 87' lang='lat' dir='ltr'><strong>occidit</strong></span> <span class='ocrx_word' id='word_1_859' title='bbox 2392 5091 2594 5147; x_wconf 87' lang='lat' dir='ltr'><strong>Porum</strong></span> <span class='ocrx_word' id='word_1_860' title='bbox 2620 5101 2826 5165; x_wconf 89' lang='lat' dir='ltr'><strong>patrem</strong></span> <span class='ocrx_word' id='word_1_861' title='bbox 2851 5092 2998 5163; x_wconf 84' lang='lat' dir='ltr'><strong>ejus,</strong></span> <span class='ocrx_word' id='word_1_862' title='bbox 3027 5101 3087 5147; x_wconf 89' lang='lat' dir='ltr'><strong>ut</strong></span> <span class='ocrx_word' id='word_1_863' title='bbox 3135 5094 3361 5163; x_wconf 86' lang='lat' dir='ltr'><strong>recipiat</strong></span> <span class='ocrx_word' id='word_1_864' title='bbox 3399 5093 3657 5148; x_wconf 65' lang='lat' dir='ltr'><strong>dolorem</strong></span> <span class='ocrx_word' id='word_1_865' title='bbox 3695 5110 3791 5162; x_wconf 71' lang='lat' dir='ltr'><strong>pro</strong></span> 
     </span>
    </p>
   </div>
   <div class='ocr_carea' id='block_1_111' title="bbox 2175 5183 3785 5258">
    <p class='ocr_par' dir='ltr' id='par_1_111' title="bbox 2175 5183 3785 5258">
     <span class='ocr_line' id='line_1_111' title="bbox 2175 5183 3785 5258; baseline -0.002 -18"><span class='ocrx_word' id='word_1_866' title='bbox 2175 5202 2234 5240; x_wconf 88' lang='lat' dir='ltr'><strong>eo</strong></span> <span class='ocrx_word' id='word_1_867' title='bbox 2262 5183 2584 5240; x_wconf 69' lang='lat' dir='ltr'><strong>Alexander.</strong></span> <span class='ocrx_word' id='word_1_868' title='bbox 2617 5184 2889 5243; x_wconf 90' lang='lat' dir='ltr'><strong>Candacis</strong></span> <span class='ocrx_word' id='word_1_869' title='bbox 2911 5185 3086 5241; x_wconf 88' lang='lat' dir='ltr'><strong>dixit:</strong></span> <span class='ocrx_word' id='word_1_870' title='bbox 3122 5184 3279 5252; x_wconf 84' lang='lat' dir='ltr'><strong>Quod</strong></span> <span class='ocrx_word' id='word_1_871' title='bbox 3313 5201 3499 5240; x_wconf 82' lang='lat' dir='ltr'><strong>nomen</strong></span> <span class='ocrx_word' id='word_1_872' title='bbox 3536 5187 3785 5258; x_wconf 53' lang='lat' dir='ltr'><strong>atq-ir»</strong></span> 
     </span>
    </p>
   </div>
   <div class='ocr_carea' id='block_1_112' title="bbox 2177 5274 3791 5348">
    <p class='ocr_par' dir='ltr' id='par_1_112' title="bbox 2177 5274 3791 5348">
     <span class='ocr_line' id='line_1_112' title="bbox 2177 5274 3791 5348; baseline 0.001 -20"><span class='ocrx_word' id='word_1_873' title='bbox 2177 5290 2316 5342; x_wconf 89' lang='lat' dir='ltr'><strong>mus,</strong></span> <span class='ocrx_word' id='word_1_874' title='bbox 2343 5274 2391 5328; x_wconf 90' lang='lat' dir='ltr'><strong>si</strong></span> <span class='ocrx_word' id='word_1_875' title='bbox 2433 5274 2571 5347; x_wconf 76' lang='lat' dir='ltr'><strong>hunc</strong></span> <span class='ocrx_word' id='word_1_876' title='bbox 2603 5274 2992 5331; x_wconf 84' lang='lat' dir='ltr'><strong>occiderimus?</strong></span> <span class='ocrx_word' id='word_1_877' title='bbox 3024 5276 3106 5331; x_wconf 90' lang='lat' dir='ltr'><strong>Ad</strong></span> <span class='ocrx_word' id='word_1_878' title='bbox 3150 5276 3267 5333; x_wconf 62' lang='lat' dir='ltr'><strong>bare</strong></span> <span class='ocrx_word' id='word_1_879' title='bbox 3294 5274 3591 5348; x_wconf 79' lang='lat' dir='ltr'><strong>respondit</strong></span> <span class='ocrx_word' id='word_1_880' title='bbox 3639 5276 3791 5331; x_wconf 53' lang='lat' dir='ltr'><strong>Cano</strong></span> 
     </span>
    </p>
   </div>
   <div class='ocr_carea' id='block_1_113' title="bbox 2178 5366 3791 5437">
    <p class='ocr_par' dir='ltr' id='par_1_113' title="bbox 2178 5366 3791 5437">
     <span class='ocr_line' id='line_1_113' title="bbox 2178 5366 3791 5437; baseline -0.001 -15"><span class='ocrx_word' id='word_1_881' title='bbox 2178 5367 2402 5423; x_wconf 89' lang='lat' dir='ltr'><strong>daulis:</strong></span> <span class='ocrx_word' id='word_1_882' title='bbox 2445 5366 2532 5422; x_wconf 79' lang='lat' dir='ltr'><strong>Me</strong></span> <span class='ocrx_word' id='word_1_883' title='bbox 2573 5368 2675 5422; x_wconf 89' lang='lat' dir='ltr'><strong>iste</strong></span> <span class='ocrx_word' id='word_1_884' title='bbox 2728 5367 2995 5437; x_wconf 86' lang='lat' dir='ltr'><strong>salvavit,</strong></span> <span class='ocrx_word' id='word_1_885' title='bbox 3041 5377 3093 5424; x_wconf 87' lang='lat' dir='ltr'><strong>et</strong></span> <span class='ocrx_word' id='word_1_886' title='bbox 3146 5385 3365 5424; x_wconf 78' lang='lat' dir='ltr'><strong>mrem</strong></span> <span class='ocrx_word' id='word_1_887' title='bbox 3410 5384 3587 5422; x_wconf 73' lang='lat' dir='ltr'><strong>means</strong></span> <span class='ocrx_word' id='word_1_888' title='bbox 3624 5368 3791 5423; x_wconf 67' lang='lat' dir='ltr'><strong>michi</strong></span> 
     </span>
    </p>
   </div>
   <div class='ocr_carea' id='block_1_114' title="bbox 2179 5459 3783 5530">
    <p class='ocr_par' dir='ltr' id='par_1_114' title="bbox 2179 5459 3783 5530">
     <span class='ocr_line' id='line_1_114' title="bbox 2179 5459 3783 5530; baseline -0.001 -17"><span class='ocrx_word' id='word_1_889' title='bbox 2179 5459 2449 5526; x_wconf 87' lang='lat' dir='ltr'><strong>reddidit;</strong></span> <span class='ocrx_word' id='word_1_890' title='bbox 2495 5461 2553 5514; x_wconf 82' lang='lat' dir='ltr'><strong>in</strong></span> <span class='ocrx_word' id='word_1_891' title='bbox 2578 5459 2684 5530; x_wconf 83' lang='lat' dir='ltr'><strong>ﬁde</strong></span> <span class='ocrx_word' id='word_1_892' title='bbox 2728 5460 2937 5515; x_wconf 75' lang='lat' dir='ltr'><strong>adduxi</strong></span> <span class='ocrx_word' id='word_1_893' title='bbox 2965 5478 3085 5516; x_wconf 87' lang='lat' dir='ltr'><strong>eum</strong></span> <span class='ocrx_word' id='word_1_894' title='bbox 3119 5462 3221 5515; x_wconf 87' lang='lat' dir='ltr'><strong>huc</strong></span> <span class='ocrx_word' id='word_1_895' title='bbox 3272 5460 3590 5530; x_wconf 71' lang='lat' dir='ltr'><strong>salvumque</strong></span> <span class='ocrx_word' id='word_1_896' title='bbox 3624 5463 3783 5515; x_wconf 79' lang='lat' dir='ltr'><strong>resti-</strong></span> 
     </span>
    </p>
   </div>
   <div class='ocr_carea' id='block_1_115' title="bbox 2181 5550 3787 5620">
    <p class='ocr_par' dir='ltr' id='par_1_115' title="bbox 2181 5550 3787 5620">
     <span class='ocr_line' id='line_1_115' title="bbox 2181 5550 3787 5620; baseline 0.001 -15"><span class='ocrx_word' id='word_1_897' title='bbox 2181 5559 2330 5605; x_wconf 91' lang='lat' dir='ltr'><strong>tuam</strong></span> <span class='ocrx_word' id='word_1_898' title='bbox 2358 5551 2413 5606; x_wconf 89' lang='lat' dir='ltr'><strong>in</strong></span> <span class='ocrx_word' id='word_1_899' title='bbox 2438 5550 2614 5606; x_wconf 89' lang='lat' dir='ltr'><strong>locum</strong></span> <span class='ocrx_word' id='word_1_900' title='bbox 2648 5552 3071 5609; x_wconf 88' lang='lat' dir='ltr'><strong>suum.Carator</strong></span> <span class='ocrx_word' id='word_1_901' title='bbox 3084 5555 3197 5610; x_wconf 88' lang='lat' dir='ltr'><strong>ait:</strong></span> <span class='ocrx_word' id='word_1_902' title='bbox 3226 5552 3368 5620; x_wconf 87' lang='lat' dir='ltr'><strong>Quid</strong></span> <span class='ocrx_word' id='word_1_903' title='bbox 3389 5561 3465 5607; x_wconf 88' lang='lat' dir='ltr'><strong>est</strong></span> <span class='ocrx_word' id='word_1_904' title='bbox 3492 5550 3608 5607; x_wconf 76' lang='lat' dir='ltr'><strong>hoc</strong></span> <span class='ocrx_word' id='word_1_905' title='bbox 3642 5552 3787 5620; x_wconf 76' lang='lat' dir='ltr'><strong>quod</strong></span> 
     </span>
    </p>
   </div>
   <div class='ocr_carea' id='block_1_116' title="bbox 2179 5642 3785 5703">
    <p class='ocr_par' dir='ltr' id='par_1_116' title="bbox 2179 5642 3785 5703">
     <span class='ocr_line' id='line_1_116' title="bbox 2179 5642 3785 5703; baseline 0.002 -6"><span class='ocrx_word' id='word_1_906' title='bbox 2179 5642 2357 5699; x_wconf 81' lang='lat' dir='ltr'><strong>dicis?</strong></span> <span class='ocrx_word' id='word_1_907' title='bbox 2385 5642 2545 5698; x_wconf 80' lang='lat' dir='ltr'><strong>Modo</strong></span> <span class='ocrx_word' id='word_1_908' title='bbox 2575 5645 2629 5699; x_wconf 89' lang='lat' dir='ltr'><strong>in</strong></span> <span class='ocrx_word' id='word_1_909' title='bbox 2658 5645 2762 5699; x_wconf 86' lang='lat' dir='ltr'><strong>isto</strong></span> <span class='ocrx_word' id='word_1_910' title='bbox 2808 5645 2920 5701; x_wconf 88' lang='lat' dir='ltr'><strong>loco</strong></span> <span class='ocrx_word' id='word_1_911' title='bbox 2948 5649 3236 5703; x_wconf 87' lang='lat' dir='ltr'><strong>moriemur</strong></span> <span class='ocrx_word' id='word_1_912' title='bbox 3263 5647 3434 5702; x_wconf 89' lang='lat' dir='ltr'><strong>ambo.</strong></span> <span class='ocrx_word' id='word_1_913' title='bbox 3462 5643 3785 5701; x_wconf 75' lang='lat' dir='ltr'><strong>Candaulis</strong></span> 
     </span>
    </p>
   </div>
   <div class='ocr_carea' id='block_1_117' title="bbox 2179 5735 3781 5810">
    <p class='ocr_par' dir='ltr' id='par_1_117' title="bbox 2179 5735 3781 5810">
     <span class='ocr_line' id='line_1_117' title="bbox 2179 5735 3781 5810; baseline 0.001 -19"><span class='ocrx_word' id='word_1_914' title='bbox 2179 5735 2353 5792; x_wconf 85' lang='lat' dir='ltr'><strong>dixit:</strong></span> <span class='ocrx_word' id='word_1_915' title='bbox 2384 5736 2497 5809; x_wconf 90' lang='lat' dir='ltr'><strong>Ego</strong></span> <span class='ocrx_word' id='word_1_916' title='bbox 2528 5737 2648 5791; x_wconf 88' lang='lat' dir='ltr'><strong>nolo</strong></span> <span class='ocrx_word' id='word_1_917' title='bbox 2674 5738 2802 5803; x_wconf 87' lang='lat' dir='ltr'><strong>hoc;</strong></span> <span class='ocrx_word' id='word_1_918' title='bbox 2841 5740 2981 5810; x_wconf 88' lang='lat' dir='ltr'><strong>quod</strong></span> <span class='ocrx_word' id='word_1_919' title='bbox 3026 5741 3073 5794; x_wconf 88' lang='lat' dir='ltr'><strong>si</strong></span> <span class='ocrx_word' id='word_1_920' title='bbox 3124 5750 3183 5794; x_wconf 87' lang='lat' dir='ltr'><strong>tu</strong></span> <span class='ocrx_word' id='word_1_921' title='bbox 3229 5742 3329 5807; x_wconf 77' lang='lat' dir='ltr'><strong>vis,</strong></span> <span class='ocrx_word' id='word_1_922' title='bbox 3359 5748 3587 5810; x_wconf 73' lang='lat' dir='ltr'><strong>paratus</strong></span> <span class='ocrx_word' id='word_1_923' title='bbox 3636 5756 3781 5794; x_wconf 61' lang='lat' dir='ltr'><strong>sua.</strong></span> 
     </span>
    </p>
   </div>
   <div class='ocr_carea' id='block_1_118' title="bbox 2181 5826 3785 5907">
    <p class='ocr_par' dir='ltr' id='par_1_118' title="bbox 2181 5826 3785 5907">
     <span class='ocr_line' id='line_1_118' title="bbox 2181 5826 3785 5907; baseline 0.002 -26"><span class='ocrx_word' id='word_1_924' title='bbox 2181 5826 2386 5884; x_wconf 79' lang='lat' dir='ltr'><strong>Vidcns</strong></span> <span class='ocrx_word' id='word_1_925' title='bbox 2436 5830 2641 5907; x_wconf 12' lang='lat' dir='ltr'><strong>itaque,</strong></span> <span class='ocrx_word' id='word_1_926' title='bbox 2666 5829 2958 5898; x_wconf 88' lang='lat' dir='ltr'><strong>Candacis,</strong></span> <span class='ocrx_word' id='word_1_927' title='bbox 2987 5832 3118 5902; x_wconf 88' lang='lat' dir='ltr'><strong>quia</strong></span> <span class='ocrx_word' id='word_1_928' title='bbox 3169 5830 3265 5888; x_wconf 83' lang='lat' dir='ltr'><strong>ﬁlii</strong></span> <span class='ocrx_word' id='word_1_929' title='bbox 3301 5831 3385 5887; x_wconf 89' lang='lat' dir='ltr'><strong>sui</strong></span> <span class='ocrx_word' id='word_1_930' title='bbox 3417 5828 3697 5884; x_wconf 79' lang='lat' dir='ltr'><strong>volebant</strong></span> <span class='ocrx_word' id='word_1_931' title='bbox 3726 5844 3785 5885; x_wconf 77' lang='lat' dir='ltr'><strong>se</strong></span> 
     </span>
    </p>
   </div>
  </div>
