3876 6306
127 278 207 333 593

955 272 1323 329 CHRONICA.
1364 305 1436 314 —
1468 274 1865 333 CHllONlCON
1905 278 2360 335 UNIVERSALE.

3243 276 3349 335 59‘

126 393 312 450 invicem
332 387 591 452 occidere,
617 387 927 460 angustiam
947 397 1052 455 est,
1091 389 1401 459 tollensque
1421 387 1655 444 Alexan-
1684 394 1730 449 Α
1759 392 2004 447 habemus
2055 403 2340 466 angustum
2371 394 2671 448 introitum.
2707 393 2841 449 Sunt
2879 395 3017 448 inter
3044 409 3136 447 nos
3167 408 3283 464 qua'
3307 416 3341 454 α

129 487 273 549 drum,
296 489 492 537 secreto
535 480 708 536 dixit:
736 480 1066 549 Alexander,
1097 498 1200 537 non
1230 482 1462 537 ostendis
1484 485 1538 537 in
1564 482 1661 536 hoc

126 578 316 646 utiquam
339 573 676 641 sapientiam,
704 582 763 627 ut
812 589 916 629 non
963 576 1278 630 occidantur
1330 591 1425 647 pro
1483 583 1531 630 te
1560 574 1673 645 ﬁlii,

126 667 237 721 mei?
254 663 345 720 Cui
367 663 675 721 Alexander
698 666 777 722 ait
801 685 814 721 :
853 665 1075 722 Dimitte
1091 684 1171 723 me
1192 668 1267 723 ire
1289 680 1340 724 et
1374 668 1518 741 loqui
1541 684 1662 728 cum

122 760 196 814 eis.
218 756 322 824 Qua
341 756 700 827 permittente,
730 757 867 813 abiit
899 758 967 814 ad
987 774 1106 828 eos,
1131 769 1186 816 et
1212 760 1382 817 dixit:
1409 759 1660 826 Caratar,

124 850 160 902 si
182 847 404 904 occideris
432 848 716 917 me,,habet
743 848 1051 906 Alexander
1096 868 1189 906 res:
1221 851 1417 907 multos
1462 852 1662 906 milites

124 940 322 994 meliores
351 955 460 1008 me,
505 940 597 996 sed
638 942 689 995 si
716 942 879 998 vultis
922 952 984 999 ut
1035 943 1249 998 tradam
1296 945 1442 1000 vobis
1489 947 1663 1016 ipsum

122 1031 349 1086 inimicum
368 1041 620 1101 vestrum,
659 1034 786 1090 date
814 1033 976 1090 michi
1014 1036 1153 1107 quod
1179 1037 1391 1109 postulo
1408 1054 1429 1092 :
1454 1047 1665 1096 tantum

119 1135 165 1178 ut
194 1124 384 1195 pacifici
409 1126 531 1181 sitis
575 1127 715 1182 inter
742 1144 853 1196 vos,
887 1136 938 1183 et
968 1129 1096 1200 juro
1122 1130 1288 1198 vobis,
1320 1131 1445 1203 quia
1470 1131 1574 1188 huc
1608 1132 1669 1188 in

120 1218 340 1288 palatium
380 1227 613 1274 vestrum
658 1220 928 1276 adducam
968 1220 1354 1279 Alexandrum.
1401 1224 1664 1284 Credide-

117 1315 221 1363 runt
253 1307 299 1364 ei
324 1306 541 1376 fratres,
573 1318 631 1366 et
666 1311 937 1382 paciﬁcati
967 1322 1124 1381 sunt.
1145 1322 1202 1369 et
1227 1314 1371 1371 dona
1410 1318 1583 1374 multa
1613 1319 1665 1375 ei

121 1398 465 1468 promiserunt.
513 1398 744 1458 Voeavit
798 1410 983 1459 autem
1038 1418 1166 1459 eum
1222 1403 1421 1461 iterum
1477 1407 1686 1479 regina.

117 1488 344 1548 Caudacis
390 1491 611 1549 occulte
630 1534 653 1560 ,
692 1502 748 1549 et
789 1492 931 1553 dixit
952 1493 1004 1550 ei
1033 1514 1045 1549 :
1076 1492 1251 1551 Beata
1276 1512 1444 1551 essem
1462 1539 1479 1565 ,
1511 1498 1560 1552 si
1616 1506 1674 1556 te

120 1582 299 1639 cottidie
343 1600 457 1655 pro
501 1584 672 1645 oculis
728 1586 918 1644 habere
963 1604 1199 1659 possem;
1249 1607 1343 1662 per
1385 1600 1434 1647 te
1476 1592 1665 1664 quippe

1764 487 1893 540 viris
1935 497 2058 541 sunt
2106 489 2322 542 intacta:
2363 485 2607 552 214000;
2655 487 2756 542 viri
2800 486 2941 541 enim
3003 485 3150 539 nullo
3194 485 3349 538 modo

1764 577 2008 632 habitant
2050 579 2188 635 inter
2221 595 2343 643 nos;
2374 579 2465 633 sed
2505 577 2650 632 ultra
2696 578 2917 648 fluvium
2952 578 3008 632 in
3036 576 3148 631 alia
3175 585 3344 647 parte.

1766 667 1872 722 Per
1918 685 2334 740 unumquemque
2378 685 2576 723 annum
2632 667 2955 724 celebramus
3008 650 3351 739 festivitatem

1762 758 1912 814 lovis
1942 777 2033 831 per
2057 761 2279 832 triginta
2314 761 2448 828 dies,
2473 769 2523 816 et
2557 761 2635 815 sic
2679 760 2970 815 transimus
3007 758 3181 814 videre
3210 757 3349 813 viros

1765 860 2001 919 nostros,
2044 861 2093 907 et
2142 853 2373 924 gaudent
2425 853 2699 908 nobiscum
2753 852 2977 924 triginta
3026 849 3231 905 diebus.
3285 846 3347 904 Si

1763 945 1880 1016 quis
1928 944 2040 1000 vult
2072 946 2129 999 in
2176 944 2381 1001 lwticia
2404 962 2613 1002 manere
2648 962 2770 1000 cum
2824 960 2988 1000 uxore
3033 960 3159 1017 sua,
3211 950 3351 997 tenet

1761 1055 1880 1094 eam
1912 1055 2006 1109 per
2039 1054 2203 1093 unum
2228 1055 2447 1094 annum.
2497 1038 2650 1106 Quod
2692 1039 2740 1094 si
2783 1037 2974 1093 mulier
3015 1037 3348 1109 impregnata

1762 1131 1963 1202 peperit
1989 1129 2309 1199 masculum,
2335 1140 2474 1186 tenet
2506 1147 2626 1186 eum
2654 1140 2809 1202 pater
2832 1146 3029 1197 secum,
3045 1138 3096 1185 et
3126 1129 3175 1184 si
3200 1128 3355 1199 femi-

1763 1240 1888 1278 nam
1929 1226 2160 1295 peperit,
2192 1212 2365 1279 nutrit
2405 1240 2525 1279 eam
2577 1233 2730 1294 pater
2772 1239 2867 1293 per
2910 1238 3077 1278 annos
3124 1229 3351 1293 septem,

1762 1325 1947 1387 postea
1983 1316 2163 1372 reddet
2184 1332 2314 1389 eam
2364 1316 2527 1372 matri
2565 1331 2696 1371 suae.
2748 1313 2882 1371 Cum
2933 1324 3110 1370 autem
3149 1330 3354 1387 pugna-

1765 1418 1902 1464 turre
1949 1408 2242 1465 venerimus
2279 1424 2400 1464 cum
2445 1406 2649 1479 aliqua,
2693 1422 2877 1462 sumus
2928 1420 3144 1460 numero
3181 1404 3354 1460 decies

1762 1500 1901 1556 dena
1929 1500 2083 1555 utilia
2128 1502 2447 1572 equitantes,
2477 1499 2603 1559 alite
2652 1508 2831 1555 autem
2872 1498 3177 1553 custodiunt
3207 1498 3357 1553 insu-

1760 1581 1876 1649 lam
1900 1602 2176 1660 nostram;
2201 1603 2253 1650 et
2281 1594 2553 1653 obviamus
2580 1591 2816 1646 inimicis
2840 1590 3034 1644 nostris
3068 1605 3231 1661 usque
3278 1589 3348 1643 ad

117 1675 312 1731 vicissem
341 1693 520 1733 omnes
564 1679 809 1735 inimicos
868 1697 1032 1737 meos.
1068 1680 1235 1742 Dedit
1261 1699 1395 1756 ergo
1436 1683 1487 1741 ei
1519 1661 1730 1757 dona?
1764 1685 1907 1757 ipsos
1935 1694 2168 1752 montes;
2198 1686 2300 1741 viri
2340 1695 2523 1740 autem
2547 1683 2719 1739 nostri
2753 1682 3064 1737 insecuntur
3095 1689 3213 1751 post
3243 1696 3356 1748 nos,

118 1770 300 1840 regalia,
325 1769 467 1827 inter
496 1787 622 1845 qua:
650 1788 913 1830 coronam
939 1789 1008 1829 ex
1044 1775 1223 1846 lapide
1252 1775 1670 1836 adamantinam
1695 1749 1737 1809 Β
1763 1781 1815 1831 et
1840 1789 1963 1827 cum
1997 1788 2217 1828 reversa:
2247 1772 2505 1843 fuerimus
2549 1786 2671 1824 cum
2712 1768 2961 1837 victoria,
2992 1766 3221 1824 adorant
3261 1783 3356 1822 nos

116 1870 158 1916 et
186 1861 418 1919 bruniam
461 1873 517 1921 et
564 1864 854 1925 clamidem
900 1867 1192 1928 stellatum.
1259 1866 1390 1924 lnde
1446 1869 1680 1939 abiens,,

116 1951 258 2009 ivitiu
284 1955 513 2026 eripiam
543 1972 711 2029 quam
762 1959 1092 2015 monstravit
1132 1959 1186 2015 ei
1233 1958 1550 2028 Candaulis,
1578 1962 1663 2018 di-

117 2057 219 2098 cens
267 2045 406 2116 quod
458 2045 535 2102 ibi
586 2048 955 2106 comedissent
1008 2050 1105 2107 dii.
1144 2048 1315 2123 igitur
1367 2061 1662 2125 antequam

114 2132 451 2205 ingrederetur
494 2138 625 2197 fecit
652 2141 1008 2227 oblationem,
1052 2151 1107 2199 et
1136 2143 1216 2200 sic
1244 2144 1529 2218 ingressus
1556 2154 1660 2215 est,

112 2234 155 2283 et
182 2229 297 2286 vidit
322 2231 395 2288 ibi
427 2231 720 2306 caliginem
753 2251 1030 2308 magnam,
1063 2245 1118 2293 et
1142 2238 1288 2294 inter
1330 2237 1504 2310 ipsam
1530 2240 1664 2297 cali-

112 2319 262 2390 ginem
284 2323 418 2381 vidit
443 2324 717 2385 lucentem
745 2328 959 2384 stellam
995 2336 1050 2385 et
1071 2330 1444 2402 apparitiones
1468 2331 1661 2405 ydolo-

110 2427 227 2482 tum,
249 2416 375 2473 vidit
408 2427 469 2476 et
504 2420 773 2490 quosdam
805 2422 1443 2492 recumbentes,luc'ulos
1464 2426 1660 2494 oculos

113 2505 225 2562 sicut
242 2506 486 2568 lucernas
507 2512 793 2581 habentes,
810 2529 1050 2585 quorum
1075 2531 1221 2577 unus
1239 2516 1384 2572 dixit
1400 2517 1465 2577 ei
1493 2537 1507 2574 :
1532 2518 1570 2573 A
1582 2536 1660 2589 ve,

112 2596 387 2657 Alexander.
444 2603 552 2659 Cui
612 2604 735 2663 ait:
781 2603 913 2672 Quis
942 2623 996 2662 es
1029 2616 1107 2675 tu,
1143 2609 1393 2666 domine?
1434 2609 1507 2668 Et
1536 2611 1659 2669 ille:

112 2687 201 2759 Ego
247 2710 354 2748 sum
408 2694 790 2766 Sesonchosis,
844 2716 1062 2771 regnum
1114 2702 1298 2761 mundi
1351 2702 1556 2772 tenens,
1614 2715 1664 2761 et

113 2780 327 2835 mundum
351 2784 668 2855 subjugans,
699 2795 752 2840 et
787 2787 990 2857 faciens
1020 2806 1197 2843 omnes
1240 2790 1528 2861 subjectos,
1573 2793 1664 2848 sed

111 2876 258 2927 tam
278 2872 431 2930 michi
461 2891 571 2935 non
597 2886 675 2937 est
705 2892 893 2933 nomen
923 2878 1032 2934 tale
1079 2881 1239 2951 quale
1274 2890 1331 2936 tu
1367 2882 1580 2943 habebis
1609 2884 1668 2943 in

113 2970 190 3016 tua
208 2979 348 3035 quam
378 2968 739 3039 fabricaberis
782 2971 1133 3033 Alexandria.
1174 2972 1475 3047 Ingredere
1490 2986 1667 3035 tamen

108 3061 322 3132 amplius,
342 3074 395 3169 ‘et
423 3064 651 3122 videbis.
680 3065 749 3128 Et
775 3067 908 3124 vidit
932 3070 1131 3126 iterum
1154 3069 1318 3131 aliam
1344 3058 1662 3144 caliginem,
1691 3109 1736 3169 α
1768 3073 2102 3145 gnaverimus
2128 3072 2416 3137 vobiscum,
2470 3079 2619 3140 turpe
2669 3068 2771 3124 erit
2814 3060 3391 3169 nobis..Attamett.do;

1770 3165 1913 3222 vobis
1954 3163 2258 3221 consilium.
2296 3160 2356 3221 Si
2390 3161 2551 3222 vultis
2573 3161 2747 3233 perire
2785 3166 2836 3213 et
2879 3156 3149 3211 dimittere
3169 3163 3383 3209 terram.

108 3161 154 3205 et
195 3158 452 3226 quendam
497 3160 782 3217 sedentem
828 3162 990 3233 quasi
1038 3162 1096 3217 in
1140 3163 1270 3220 sede
1327 3164 1494 3237 regali
1509 3207 1540 3235 ,_
1573 3165 1666 3224 cui

108 3244 249 3303 dixit:
275 3249 405 3317 Quis
430 3270 523 3322 es,
562 3253 819 3310 domine?
846 3254 952 3323 Qui
988 3255 1099 3310 ait:
1141 3254 1416 3313 Nativitas
1445 3259 1665 3317 deorum

108 3352 184 3409 ego
212 3357 339 3399 sum.
379 3344 510 3401 Vidi
554 3356 603 3402 te
630 3349 688 3402 in
732 3356 876 3404 terra
911 3347 1097 3420 Lgbite
1137 3358 1190 3406 et
1238 3351 1405 3407 modo
1440 3352 1526 3413 [sic
1554 3369 1666 3408 esse

106 3430 290 3491 videris.
324 3435 428 3494 Cui
477 3438 793 3497 Alexander
817 3441 926 3498 ait:
964 3441 1063 3497 Dic
1107 3443 1298 3513 michi,
1329 3454 1456 3517 quot
1499 3462 1666 3501 annos

108 3523 309 3583 victurus
342 3531 502 3587 sum.
548 3530 642 3590 llle
684 3535 999 3607 respondit:
1040 3534 1196 3591 Hanc
1245 3554 1465 3593 causam
1507 3556 1668 3611 quam

105 3626 367 3693 interrogas
403 3633 614 3695 oportet
651 3635 708 3680 ut
739 3642 889 3681 nemo
928 3627 1239 3682 mortalium
1284 3628 1441 3696 sciat,
1467 3630 1592 3700 quia
1620 3630 1668 3684 si

107 3714 316 3780 cognitus
341 3716 537 3787 fuisset
565 3718 767 3775 homini
787 3719 899 3775 dies
929 3721 1117 3775 mortis
1157 3738 1289 3789 suae,
1323 3731 1474 3776 tanta
1501 3722 1670 3777 tribu-

104 3800 214 3856 latio
232 3807 279 3860 ci
297 3809 586 3879 accideret,
610 3812 765 3882 quasi
780 3813 996 3868 cottidie
1012 3814 1148 3868 mori
1168 3813 1392 3869 deberet.
1412 3812 1496 3886 (F.
1516 3813 1667 3886 216.)

108 3890 348 3953 Facturus
380 3918 437 3955 es
463 3902 758 3971 civitatem,
783 3922 901 3975 qua:
929 3905 1163 3975 gloriosa
1193 3906 1423 3961 exstabit
1465 3908 1521 3961 in
1562 3916 1670 3961 toto

103 3986 307 4054 mundo;
341 3988 419 4046 ibi
466 3991 825 4063 fabricabitur
876 3994 1211 4066 sepulchrum
1261 4005 1445 4064 tuum,
1496 3996 1672 4068 ibique

104 4078 363 4145 requiescet
394 4101 592 4156 corpus
627 4093 797 4140 tuum.
1624 4072 1703 4139 τέ]

158 4166 349 4230 Exiens
377 4175 534 4245 inde,
567 4178 719 4233 venit
762 4179 830 4234 ad
878 4178 1081 4235 milites
1124 4195 1288 4249 suos,
1333 4196 1675 4253 movensque

102 4264 399 4338 exercitum,
446 4270 713 4341 applicuit
735 4271 806 4305 m
836 4272 905 4327 ad
927 4272 1264 4341 Amazones,
1319 4273 1560 4345 dirigens
1593 4273 1675 4330 eis

100 4354 360 4422 ep'stolam
388 4364 561 4419 talem
589 4383 603 4419 :
642 4364 753 4419 Rea:
796 4363 1102 4421 Alexander
1144 4365 1507 4421 Amazonibus
1536 4384 1671 4439 gau-

1766 1867 1866 1921 viri
1893 1867 2085 1925 nostri.
2120 1863 2181 1922 Si
2205 1881 2312 1937 qua
2356 1880 2423 1920 ea;
2472 1863 2622 1919 nobis
2666 1861 2953 1930 ceciderit,
2985 1858 3358 1915 hereditabunt

1762 1976 1881 2015 eam
1901 1976 2020 2032 quae
2041 1958 2448 2031 supervixerint.
2476 1955 2617 2012 Ecce
2638 1954 3058 2027 signiﬁcavimus
3088 1952 3188 2008 tibi
3236 1968 3362 2009 con-

1765 2051 2098 2111 suetudinem
2147 2062 2386 2107 nostram
2429 2065 2591 2122 quam
2638 2048 2867 2121 facimus
2895 2046 3059 2103 omni».
3081 2062 3252 2112 anno;
3304 2052 3363 2099 tu

1766 2155 1945 2200 autem
1974 2144 2255 2200 considera
2288 2151 2359 2198 et.
2383 2142 2473 2212 fac
2515 2140 2654 2213 quod
2697 2148 2925 2212 oportet,
2946 2147 2999 2194 et
3028 2137 3198 2198 scribe
3223 2135 3361 2197 illud

1765 2237 1949 2297 nobis.
1988 2236 2145 2305 Quod
2188 2236 2243 2294 si.
2264 2248 2502 2308 pugnare
2546 2231 2797 2301 volueris,
2845 2231 2933 2291 ad,
2958 2231 3101 2302 ipsos
3128 2229 3383 2289 erimus.

1764 2334 1974 2388 obviam
2013 2331 2142 2396 tibi;
2187 2337 2390 2401 oportet
2435 2327 2578 2384 enim
2627 2335 2687 2381 ut
2725 2335 2924 2381 stemus
2981 2332 3032 2380 et
3073 2337 3363 2395 pugnemus

1764 2426 2044 2481 adversum
2070 2440 2178 2479 vos.
2225 2420 2284 2477 Si
2331 2430 2507 2482 autem
2534 2419 2771 2475 viceritis
2813 2433 2929 2485 nos,
2962 2415 3169 2473 nullam
3199 2414 3361 2469 habe-

1765 2517 1891 2572 bitis
1943 2515 2200 2583 laudem,
2233 2514 2363 2585 quia
2420 2514 2648 2584 feminas
2699 2510 2945 2576 vicistis,
2989 2508 3081 2563 sed
3130 2516 3182 2563 et
3222 2507 3380 2579 quod.

1768 2609 1972 2665 tollatis
1996 2626 2029 2663 a
2058 2608 2208 2662 nobis
2239 2623 2345 2661 non
2362 2605 2669 2677 invenietis.
2704 2602 2853 2659 Unde
2876 2617 3020 2669 cave,
3044 2601 3358 2672 imperator,

1767 2720 1829 2758 ne
1865 2701 1992 2773 quid
2016 2700 2112 2755 tibi
2141 2700 2348 2754 adversi
2370 2698 2663 2769 contingat.

1837 2794 2048 2866 Lageus
2092 2792 2400 2853 Alexander
2455 2789 2742 2861 epistolam
2798 2787 2964 2854 hanc,
3000 2784 3143 2852 risit,
3188 2791 3254 2851 et
3290 2782 3366 2837 ita

1766 2887 2049 2959 rescripsit
2073 2906 2101 2945 ι,
2125 2884 2249 2941 Tres
2283 2892 2460 2956 partes
2493 2882 2679 2939 mundi
2707 2879 3173 2953 apprehendimus,
3201 2886 3251 2933 et
3282 2876 3365 2931 vi-

1767 2980 1993 3034 ctoriam
2014 2979 2234 3051 fecimus
2255 2993 2285 3045 ;
2313 2976 2452 3037 unde
2478 2976 2526 3030 si
2549 2974 2692 3030 vobis
2741 2970 3106 3028 resistentibus
3138 2984 3241 3023 non
3268 2984 3369 3039 pu-

1768 3268 1998 3314 vcstram
2019 3265 2076 3317 ut
2100 3273 2205 3311 non
2225 3255 2494 3315 habitetur
2515 3252 2767 3324 amplius,
2795 3249 2964 3306 venite
2989 3248 3128 3303 sicut
3149 3246 3366 3303 dixistis

1769 3351 1977 3406 obviam
2005 3349 2154 3407 nobis
2184 3348 2268 3409 ad.
2298 3356 2521 3402 tuentes.
2568 3343 2628 3402 Si
2661 3351 2841 3399 autem
2864 3357 2970 3397 non
2993 3339 3155 3396 vultis
3172 3340 3393 3411 perire“

1768 3444 2111 3517 ingredimini
2143 3442 2384 3512 fluvium,
2428 3451 2478 3496 et
2505 3442 2583 3500 sic
2614 3439 2895 3511 loquamur
2932 3438 2990 3495 in
3020 3451 3202 3490 unum.
3230 3431 3367 3487 Iuro

1770 3548 1946 3592 autent
1987 3536 2129 3590 vobis
2171 3552 2265 3606 per
2290 3528 2442 3603 deos,
2483 3534 2611 3605 quia
2634 3531 2842 3587 nullum
2864 3529 3065 3585 malum
3089 3525 3393 3601 patiemini-

1770 3644 1804 3682 a
1833 3626 2000 3682 nobis.
2030 3623 2250 3698 Equites
2269 3636 2447 3679 autem
2474 3624 2699 3695 feminas
2717 3631 2947 3695 quantas
2972 3621 3129 3676 vultis
3153 3620 3380 3692 dirigite,

1772 3717 1943 3785 nobis,
1973 3725 2024 3771 et
2046 3716 2361 3770 donabimus
2391 3714 2657 3787 singulas,
2683 3724 2734 3772 et
2762 3723 2879 3784 post
2908 3722 3110 3784 tempus
3131 3711 3391 3766 dmntte—.

1773 3826 1889 3863 mus
1916 3826 2005 3864 eas
2043 3810 2211 3864 redire
2243 3810 2299 3863 in
2345 3817 2542 3863 terram
2584 3824 2755 3862 suam.
2784 3806 2983 3860 Datum
3015 3815 3191 3861 autent
3228 3804 3381 3876 quod.

1773 3902 1931 3958 vultis
1958 3903 2081 3956 date
2118 3901 2286 3955 nobis.
2333 3899 2677 3957 Considerate
2714 3916 2836 3970 ergo
2870 3908 2922 3953 et
2955 3896 3170 3953 scribite
3196 3896 3366 3953 nobis.

1773 3990 1882 4047 Illas
1927 3999 2107 4045 autem
2157 3990 2591 4058 considerantes,
2644 3990 2965 4045 dircxcrunt
3018 3988 3070 4044 ei
3115 3988 3371 4059 poledros

1773 4083 1962 4140 decem
2007 4092 2063 4138 et
2099 4084 2340 4140 caballos
2387 4083 2657 4151 blaucos,‘
2685 4090 2741 4137 et
2784 4082 2912 4137 inde
2961 4080 3242 4152 profectus
3264 4087 3371 4141 est.

1777 4174 1964 4250 (Osos.
1988 4191 2071 4243 ut,
2104 4175 2216 4247 l5.)
2249 4174 2471 4247 Legitur
2515 4182 2700 4231 tamen
2749 4174 2899 4246 quod
2953 4172 3220 4234 Halestris
3255 4173 3373 4229 sive

1774 4265 2052 4323 Minothea
2082 4283 2282 4339 procax
2320 4268 2563 4324 Amazon
2596 4284 2724 4324 cum
2770 4266 2876 4322 500
2906 4266 3130 4327 feminis
3153 4270 3222 4323 ad
3243 4281 3370 4321 cum

1775 4361 2005 4429 venerit,
2057 4362 2233 4433 gratia
2280 4361 2644 4433 suscipienda:
2672 4360 2742 4416 ab
2784 4376 2852 4417 eo
2883 4360 3090 4417 sobolis
3111 4359 3367 4415 excitata.

100 4444 244 4504 dium.
275 4450 532 4525 Pugnam
560 4473 721 4528 quam
766 4474 886 4511 cum
916 4457 1085 4512 Dario
1134 4458 1354 4529 fecimus
1382 4459 1526 4515 vobis
1568 4476 1673 4516 non
1705 4463 1749 4518 D
1848 4453 2047 4528 (Epist.
2073 4454 2145 4509 ad
2165 4455 2392 4509 Aristot.
2428 4454 2565 4510 (10d.
2601 4452 2793 4509 Bamb.
2826 4452 2868 4510 ἰ.
2907 4453 3062 4526 229.)
3094 4451 3233 4510 Cum
3263 4468 3367 4508 au-

99 4535 401 4624 incognilam
463 4549 764 4617 credimus,
819 4558 870 4604 et
934 4551 1195 4621 quomodo
1252 4552 1669 4624 expugnavimus

100 4622 293 4686 Indiam
355 4635 610 4709 aliasque
637 4649 832 4710 gentes,
879 4657 998 4711 qua:
1045 4643 1287 4698 resistere
1320 4622 1476 4698 nobis
1524 4644 1672 4700 nullo

99 4721 234 4775 modo
280 4736 599 4796 potuerunt.
659 4730 992 4804 Quapropter
1039 4734 1322 4789 scribimus
1376 4735 1519 4790 vobis
1545 4778 1562 4804 ,
1617 4745 1675 4790 ut

94 4815 383 4875 per'solvatis
412 4821 568 4877 nobis
594 4824 802 4893 datum,
833 4826 960 4897 quia
981 4843 1084 4881 non
1113 4828 1374 4882 veniemus
1397 4845 1555 4899 super
1584 4846 1672 4884 vos

96 4901 289 4974 aliquod
329 4913 543 4967 malum
572 4915 715 4970 vobis
740 4916 954 4988 inferre.
982 4917 1065 4973 Ad
1089 4919 1207 4973 base
1236 4918 1501 4989 rescripta
1540 4928 1672 4975 sunt

108 4992 199 5049 ista
221 5014 239 5050 :
268 5001 578 5059 Amazones
618 5008 998 5078 potentissima:
1027 5018 1183 5080 atque
1214 5010 1461 5079 fortiores
1495 5011 1669 5065 omni-

95 5082 175 5139 bus
202 5090 418 5147 militiis
446 5093 756 5151 Alexandro
778 5098 1053 5170 gaudium.
1083 5098 1407 5171 Scripsimus
1429 5111 1478 5155 et
1504 5102 1672 5173 signi-

93 5178 348 5241 ficavimus
384 5187 514 5254 tibi,
564 5199 846 5262 antequam
883 5194 1059 5251 venias
1091 5195 1146 5247 in
1174 5195 1306 5264 ﬁnes
1353 5205 1581 5263 nostros,
1612 5205 1671 5251 ut

92 5270 214 5326 πίω
236 5278 515 5346 quomodo
542 5282 739 5350 venias,
761 5300 822 5339 ne
846 5284 981 5354 forte
1013 5287 1242 5356 patiaris
1269 5288 1669 5357 turpitudinem.

92 5357 247 5435 Scias,
271 5371 541 5440 quoniam
565 5373 825 5432 habitatio
865 5386 1047 5433 nostra
1072 5389 1149 5433 est
1193 5378 1337 5433 ultra
1376 5380 1594 5449 fluvium
1619 5380 1673 5433 in

91 5457 305 5520 Quadam
355 5462 570 5531 insula,
601 5484 760 5537 quam
795 5470 958 5541 cingit
995 5471 1103 5541 ipse
1144 5471 1338 5542 ﬂuvius
1396 5471 1452 5524 in
1487 5486 1675 5541 gyrum

90 5562 179 5601 non
238 5553 443 5610 habens
491 5557 713 5613 iniciam
766 5578 926 5635 neque
971 5563 1151 5635 finem,
1195 5572 1244 5618 et
1275 5579 1339 5618 ex
1370 5580 1476 5618 una
1523 5572 1675 5633 parte

1781 4556 1893 4604 tem
1918 4548 2227 4620 perveniret
2254 4547 2561 4604 Alexander
2604 4546 2671 4603 ad
2696 4555 2884 4619 portas
2912 4546 3161 4620 Caspias,
3194 4554 3249 4602 et
3274 4546 3373 4601 nii-

1784 4649 2000 4697 raretur
2036 4651 2237 4697 terram
2275 4642 2424 4697 illam
2474 4640 2605 4713 quia
2652 4649 2770 4696 erat
2809 4641 2977 4708 bona,
3013 4638 3269 4711 cognovit
3296 4636 3369 4698 ibi

1783 4735 1965 4805 aliqua
2011 4752 2134 4806 qua:
2177 4734 2280 4791 sibi
2328 4735 2653 4791 videbantur
2678 4733 2888 4815 odiosa.
2938 4732 3109 4788 Erant
3142 4731 3288 4787 enim
3315 4731 3372 4785 in

1777 4825 1913 4896 ipsis
1939 4825 2074 4881 locis
2095 4826 2297 4882 diversi
2328 4838 2610 4897 serpentes
2637 4834 2692 4881 et
2727 4825 2935 4892 bestiae,
2973 4824 3040 4880 de
3061 4823 3261 4895 quibus
3288 4823 3407 4879 di-‘

1777 4926 1974 4972 xerunt
2016 4918 2268 4973 homines
2298 4918 2405 4973 loci
2454 4918 2602 4973 illius
2626 4925 2688 4972 ut
2708 4924 2968 4973 caverent
2991 4933 3069 4973 se.
3101 4916 3251 4974 Tulit
3273 4932 3370 4972 au-
3443 4919 3449 4925 ’

1777 5017 1887 5065 tem
1921 5019 2143 5065 centum
2188 5009 2587 5083 quinquaginta
2636 5010 2842 5081 peritos
2865 5010 3117 5067 locorum
3148 5009 3240 5082 qui
3261 5007 3365 5066 sibi

1779 5100 2039 5158 ducatum
2070 5102 2379 5173 preberent,
2416 5110 2471 5158 et
2502 5101 2743 5174 perrexit
2770 5118 2897 5158 cum
2940 5103 3093 5158 omni
3125 5102 3370 5159 exercitu

1779 5211 1968 5250 mense
2010 5194 2258 5268 Augusto
2313 5211 2410 5266 per
2465 5194 2913 5251 ardentissimum
2960 5195 3131 5252 solem
3172 5204 3228 5251 et
3276 5211 3373 5265 per

1778 5303 2011 5343 arenosa
2036 5288 2175 5355 loca,
2197 5288 2520 5359 promittens
2538 5288 2748 5359 premia
2774 5288 3120 5355 ductoribus,
3145 5287 3192 5343 si
3216 5287 3370 5342 illum

1779 5383 1991 5437 salvum
2020 5382 2301 5438 ducerent.
2333 5380 2709 5438 Pervenerunt
2734 5390 2918 5438 autem
2950 5380 3006 5437 in
3029 5380 3370 5446 Baetriacen,

1779 5472 1873 5527 ubi
1904 5482 2030 5528 sunt
2079 5481 2267 5543 gentes
2315 5490 2438 5545 quae
2479 5473 2739 5530 dicuntur
2789 5471 2985 5550 Seres,
3018 5481 3075 5530 et
3123 5482 3253 5532 sunt
3298 5473 3371 5528 ibi

1780 5564 2007 5619 arbores
2038 5564 2301 5623 habentes
2346 5564 2476 5623 felia
2517 5568 2666 5625 velut
2707 5566 2910 5634 lanam,
2943 5564 3087 5622 unde
3120 5564 3374 5625 homines

1392 5654 1622 5713 VARUE
1658 5655 2060 5713 LECTIONES.

154 5733 195 5764 ²¹
255 5739 413 5795 venit
439 5748 501 5796 et
534 5757 581 5797 a.
615 5745 667 5799 5.
