3876 6306
484 362 485 365 η
506 334 615 411 593

1693 356 2093 411 EKKEIIARDI
2136 357 2599 425 URAUGIENSIS
3680 360 3756 421 590

508 467 656 523 illius
681 479 840 522 terra:
864 465 1073 521 faciunt
1099 466 1201 522 sibi
1226 475 1426 523 vestes.
1456 466 1562 523 Sed
1610 476 1664 522 et
1692 469 1858 523 duces
1890 448 2101 523 itineris
2131 474 2174 531 Α
2206 470 2555 543 quingentos,
2581 437 2825 544 horaque
2842 470 3131 537 undecima
3146 466 3525 528 coenaverunt.
3548 470 3759 543 Cumque

510 558 849 630 collegerunt
888 573 955 613 ex
984 573 1067 613 ea.
1097 557 1344 626 Quadam
1371 574 1501 614 vero
1546 559 1635 615 die
1680 559 1810 614 dum
1846 559 1948 615 iter
1972 575 2099 631 age-

509 660 654 716 rent,
687 652 971 720 cmperunt
1016 648 1162 705 sitim
1203 648 1405 705 habere
1448 653 1733 721 majorem.
1769 651 1944 718 Quam
1977 667 2101 717 cum

510 740 823 796 Alexander
852 740 1077 797 sufferre
1121 756 1233 797 non
1276 749 1481 812 posset,
1518 741 1739 813 quidam
1796 742 1952 799 miles
1999 741 2100 800 Ze-

510 833 697 904 philus
739 834 959 889 nomine
1006 833 1213 890 invenit
1250 850 1460 905 aquam
1505 835 1559 889 in
1600 844 1753 905 petra
1798 844 2008 904 cavata,
2036 835 2103 891 de

511 925 887 997 qua‘implevit
912 927 1180 983 cassidem
1207 943 1369 982 suum
1403 937 1458 983 et
1491 927 1845 1000 attulit-regi,
1866 928 1988 999 plus
2021 927 2105 982 di-

510 1018 683 1088 ligens
708 1014 830 1089 ejus
854 1020 1020 1075 vitam
1053 1036 1217 1090 quam
1253 1036 1430 1076 suam.
1464 1019 1557 1076 Ille
1578 1030 1759 1076 autem
1794 1036 2105 1077 convocans

510 1111 833 1180 exercitum,
881 1128 1065 1168 coram
1108 1113 1365 1169 omnibus
1410 1112 1550 1168 fudit
1582 1113 1757 1184 ipsam
1811 1129 2009 1184 aquam
2047 1114 2103 1169 in

510 1210 736 1269 terram,
787 1219 876 1270 ne,
923 1203 1053 1259 dum
1082 1203 1290 1260 videret
1333 1205 1607 1261 exercitus
1652 1205 1797 1275 quod
1828 1204 1916 1260 ille
1953 1205 2104 1260 solus

510 1293 739 1363 biberet,
768 1296 891 1367 plus
926 1296 1078 1353 sitire
1122 1297 1403 1367 inciperet.
1446 1296 1713 1353 Laudavit
1737 1305 1919 1352 autem
1942 1296 2103 1352 boni-

507 1396 677 1443 tatem
705 1387 911 1459 Zephili
958 1404 1124 1460 quam
1164 1390 1440 1460 babuitin
1474 1405 1621 1458 eum,
1650 1400 1703 1446 et
1728 1390 1933 1462 optima
1962 1391 2103 1446 dona

508 1480 658 1554 dedit
693 1481 763 1537 ei.
802 1479 1157 1539 Confortatus
1201 1499 1337 1549 vero,
1371 1483 1438 1540 de
1468 1483 1575 1539 hoe
1617 1468 1889 1549 exercitus
1941 1484 2106 1554 coepit

509 1543 906 1650 ire.3Apparuit
931 1581 1116 1629 autem
1140 1590 1249 1630 non
1274 1575 1435 1648 longe
1470 1575 1671 1631 flumen
1701 1576 1755 1632 in
1783 1576 2018 1646 deserto,
2048 1576 2104 1631 in

509 1664 670 1734 cujus
711 1658 829 1735 rip'a
881 1674 1039 1720 erant
1087 1681 1277 1722 cannae
1315 1665 1437 1723 altae
1484 1667 1765 1738 sexaginta
1799 1668 2028 1739 pedibus
2052 1676 2107 1723 et

510 1769 719 1826 grossae
753 1754 896 1811 sicut
920 1757 1110 1827 pinus,_
1131 1771 1196 1811 ex
1222 1756 1422 1828 quibus
1463 1757 1666 1812 ﬁebant
1704 1758 1903 1814 tabulae
1923 1757 1991 1812 ad
2024 1757 2105 1812 fa-

509 1846 735 1902 ciendas
757 1861 933 1902 casas.
973 1846 1050 1901 lbi
1094 1862 1225 1919 ergo
1270 1855 1577 1918 posuerunt
1615 1858 1815 1904 castra.
1855 1846 2105 1919 Cumque

508 1956 578 1995 ex
602 1939 790 1995 eadem
821 1954 961 2010 aqua
1009 1929 1196 1995 bibere
1227 1926 1445 2004 vellent,
1476 1949 1595 1996 erat
1620 1956 1807 1996 amara
1836 1940 1980 1996 sicut
2009 1939 2100 1995 fel.

509 2035 939 2107 Angustiabatur
973 2045 1157 2109 itaque
1186 2054 1278 2093 rex
1323 2039 1449 2109 plus
1474 2038 1541 2094 de
1585 2039 1914 2095 animalibus
1938 2054 2103 2109 quam

509 2128 579 2184 de
606 2129 944 2197 hominibus,
977 2131 1106 2201 quia
1136 2130 1227 2185 illa
1265 2130 1416 2186 sitim
1446 2140 1750 2202 temperare
1784 2131 1967 2188 minus
2001 2146 2103 2186 no-

508 2230 724 2288 verant,
748 2221 809 2294 (Γ.
839 2222 967 2293 250)
1003 2223 1204 2279 milites
1228 2232 1409 2291 autem
1448 2224 1541 2279 alii
1568 2224 1849 2296 lingebant
1875 2222 2103 2292 ferrum,

511 2314 607 2369 alii
634 2315 891 2370 bibebant
916 2317 1117 2383 oleum,
1151 2316 1241 2370 alii
1282 2332 1411 2372 vero
1437 2317 1502 2372 ad
1526 2305 1732 2374 tantam
1752 2324 2109 2388 pervenerant

510 2405 918 2474 necessitatem,
958 2415 1017 2462 ut
1065 2406 1282 2462 urinam
1315 2423 1473 2464 suam
1519 2408 1784 2464 biberent.
1817 2407 2108 2480 Pergentes

510 2486 683 2568 igitur
725 2496 880 2568 juxta
937 2497 1113 2570 ripam
1139 2498 1383 2569 ejusdem
1429 2498 1605 2555 amari
1648 2499 1911 2568 ﬂuminis,
1962 2500 2107 2556 circa

512 2594 763 2642 octavam
807 2588 914 2643 diei
959 2582 1153 2644 hOram
1178 2598 1443 2645 venerunt
1477 2581 1545 2646 ad
1584 2591 1867 2647 castellum
1911 2604 2105 2658 unum,

511 2679 568 2733 in
592 2678 773 2736 insula
799 2680 1045 2751 ejusdem
1087 2680 1328 2740 ﬂuminis
1367 2684 1627 2754 positum,
1661 2684 1809 2755 quod
1831 2699 1901 2740 ex
1928 2685 2110 2755 predi-

512 2772 617 2827 etis
652 2774 843 2829 cannis
870 2783 989 2830 erat
1010 2775 1359 2845 aediﬁcatum.
1386 2775 1464 2831 Ibi
1499 2777 1759 2849 viderunt
1775 2793 1981 2848 paucos
2015 2779 2110 2833 ho-

512 2864 692 2920 mines
740 2867 937 2933 nudos,
990 2867 1083 2937 qui
1139 2869 1321 2923 statim
1376 2878 1434 2923 ut
1484 2869 1785 2935 exercitum
1835 2869 2105 2937 viderunt,

516 2958 924 3028 absconderunt
952 2976 1037 3029 se.
1056 2960 1362 3016 Alexander
1385 2970 1569 3029 autem
1592 2963 1781 3018 volens
1808 2963 1955 3034 loqui
1982 2960 2108 3017 enm

513 3051 594 3108 eis
618 3059 678 3107 ut
716 3067 917 3123 aquam
957 3053 1063 3109 sibi
1109 3054 1479 3123 ostenderent,
1524 3071 1649 3111 cum
1693 3042 2108 3111 nullus'eorum

515 3128 823 3214 appareret,
855 3145 1021 3214 jussit
1048 3161 1253 3215 paucas
1283 3146 1483 3217 jactari
1519 3148 1771 3219 sagittas,
1789 3155 1851 3201 ut
1875 3146 1958 3202 vel
1983 3163 2109 3216 pro-

514 3241 637 3304 pter
682 3218 936 3289 timorem
985 3235 1311 3305 sagittarum
1363 3235 1621 3303 exirent;
1676 3237 1772 3293 sed
1797 3236 1875 3291 illi
1901 3237 2023 3308 plus
2055 3252 2112 3294 se

517 3316 946 3382 absconderant.
973 3325 1128 3382 Tune
1148 3328 1298 3393 misit
1327 3328 1383 3383 in
1422 3328 1600 3399 ipsum
1623 3328 1824 3387 ﬂumen
1847 3331 2111 3387 ducentos

511 3434 584 3474 ex
614 3416 1003 3489 Macedonibus
1035 3433 1161 3474 cum
1208 3419 1417 3492 levibus
1468 3421 1655 3490 armis.
1704 3420 1806 3489 Qui
1848 3438 1971 3478 cum
1995 3423 2109 3493 jam

517 3520 771 3581 quartam
799 3518 1008 3582 partem
1035 3510 1274 3567 fluminis
1304 3521 1702 3582 pernatassent,
1738 3530 1863 3570 ecce
1885 3515 1951 3570 de
1986 3531 2111 3585 pro-

516 3602 690 3658 fundo
713 3611 1057 3671 emerserunt
1104 3604 1379 3676 yppotami
1410 3605 1479 3636 ’³⁸
1520 3604 1771 3662 fortiores
1804 3624 1966 3677 quam
1997 3608 2109 3662 ele—

513 3692 739 3771 phanti,
767 3704 820 3750 et
853 3679 1164 3751 videntibus
1203 3695 1399 3752 ceteris
1439 3706 1492 3751 et
1522 3697 1921 3768 plangentibus,
1946 3698 2111 3753 devo-

517 3795 915 3842 raverunteos.
964 3787 1257 3859 Yppotami
1286 3796 1469 3844 autem
1518 3789 1678 3845 medii
1702 3799 1831 3858 sunt
1860 3791 2111 3846 homines

518 3888 574 3934 et
598 3876 763 3933 medii
792 3879 1006 3934 caballi.
1037 3878 1215 3935 Iratus
1246 3888 1428 3935 autem
1464 3880 1769 3945 Alexander
1808 3882 1860 3936 in
1890 3898 1985 3938 eos
2016 3882 2108 3952 qui

518 3970 821 4027 exercitum
845 3987 943 4042 per
967 3972 1099 4027 talia
1139 3972 1261 4028 loca
1287 3973 1359 4005 ²¹⁵
1387 3973 1675 4041 ducebant,
1702 3974 1870 4045 jussit
1889 3965 2111 4042 centum

516 4078 589 4118 ex
611 4061 693 4118 eis
723 4063 866 4118 mitti
890 4064 943 4118 in
968 4063 1192 4133 flumen,
1219 4074 1273 4120 et
1297 4075 1580 4136 coeperunt
1613 4068 1928 4140 ypppotami
1956 4066 2111 4123 ebul-

517 4155 622 4211 lire
658 4156 803 4212 sicut
828 4154 1086 4224 formicae,
1122 4166 1176 4213 et
1201 4158 1601 4215 devoraverunt
1640 4176 1757 4216 eos.
1792 4160 1921 4217 Inde
1952 4162 2107 4229 moti,

518 4249 588 4305 ad
614 4249 963 4320 undecimam~
993 4250 1102 4306 diei
1146 4252 1337 4307 horam
1391 4252 1644 4308 viderunt
1666 4253 1720 4307 in
1746 4254 1867 4324 ipso
1889 4254 2112 4311 ﬂumine

521 4345 777 4401 homines
809 4344 863 4398 in
911 4344 1181 4400 naviculis
1231 4346 1485 4401 rotundis
1515 4346 1582 4402 de
1629 4362 1805 4402 canna
1841 4346 2021 4412 factis,
2058 4355 2113 4402 et

518 4436 995 4509 interrogaverunt
1026 4453 1143 4505 eos,
1177 4438 1269 4493 ubi
1302 4454 1500 4509 aquam
1533 4439 1751 4507 dulcem
1783 4441 2105 4495 invenirent.

2206 547 2335 628 luna
2371 560 2553 617 lucere
2612 560 2897 632 inciperet,
2959 561 3140 619 subito
3178 570 3448 621 venerunt
3481 561 3760 632 scorpiones

2204 658 2259 706 et
2296 659 2581 722 serpentes
2623 651 2856 724 aliaeque
2902 650 3032 708 fera:
3060 651 3248 708 bibere
3293 651 3362 708 de
3395 653 3519 724 ipso
3569 662 3762 719 tacu,et

2204 751 2317 798 tota
2342 751 2485 798 terra
2508 742 2599 811 illa
2624 745 2918 800 resonabat
2935 744 3003 800 de
3031 744 3208 801 sibilis
3236 745 3599 816 serpentium.
3622 743 3762 800 Pone-

2204 835 2337 891 bant
2360 852 2497 909 ergo
2515 836 2716 892 milites
2733 845 2888 900 scuta
2910 836 2965 891 in
2989 835 3167 893 fronte
3189 847 3500 893 castrorum
3530 851 3631 908 per
3649 836 3764 892 ordi-

2205 944 2351 996 nem,
2377 938 2432 985 et
2467 930 2720 985 tenebant
2750 930 2969 986 lanceas
2991 929 3049 984 in
3083 930 3358 997 manibus,
3385 938 3443 991 et
3467 929 3552 987 sic
3575 929 3765 1001 recipie-

2204 1019 2336 1075 bant
2376 1031 2653 1093 serpentes
2698 1022 2888 1078 contra
2935 1036 2996 1077 se
3038 1022 3339 1089 venientes,
3385 1030 3442 1077 et
3487 1021 3766 1091 aliquantus

2205 1113 2522 1169 occiderunt
2542 1130 2608 1169 ex
2635 1114 2734 1169 eis.
2778 1112 3176 1170 Reeedentibus
3222 1122 3404 1169 autem
3452 1112 3766 1184 serpentibus

2206 1206 2349 1261 circa
2387 1205 2607 1262 terciam
2647 1206 2824 1262 noctis
2864 1206 3080 1274 horam,
3110 1222 3237 1263 eum
3276 1206 3392 1277 jam
3428 1212 3768 1276 sperarentse

2206 1298 2451 1369 requiem
2506 1297 2811 1365 habituros,
2871 1313 2999 1353 ecce
3052 1298 3120 1354 de
3171 1296 3453 1353 montibus
3512 1294 3769 1351 veniebant

2207 1388 2298 1453 alii
2341 1395 2622 1467 serpentes
2664 1389 2937 1461 columnis
2980 1386 3308 1460 grossiores,
3342 1385 3549 1442 erectis
3572 1385 3769 1456 pectori-

2201 1480 2330 1549 bus,
2360 1481 2561 1553 apertis
2592 1481 2799 1548 buccis,
2826 1481 2893 1537 de
2919 1496 3157 1554 quorum
3190 1479 3391 1553 [oculis
3410 1477 3513 1552 τις]
3540 1478 3768 1536 scintilla-

2205 1574 2302 1638 bat
2324 1590 2617 1643 venenum,
2655 1575 2930 1650 alitusque
2967 1590 3160 1629 eorum
3195 1582 3316 1641 erat
3359 1571 3650 1641 mortifer;
3675 1589 3770 1631 eum

2207 1668 2409 1739 quibus
2436 1667 2750 1740 pugnabant
2788 1668 2912 1739 plus
2959 1684 3126 1739 quam
3176 1683 3343 1723 unam
3375 1668 3585 1728 horam
3615 1668 3771 1732 noctis,

2207 1768 2262 1814 et
2285 1758 2456 1820 occisi
2480 1767 2608 1813 sunt
2630 1759 2698 1814 ab
2719 1759 2800 1815 eis
2822 1758 3043 1830 triginta
3071 1758 3216 1815 servi
3237 1766 3292 1813 et
3339 1757 3545 1829 viginti
3591 1758 3771 1819 milites,

2206 1849 2275 1905 At
2318 1859 2611 1921 postquam
2659 1859 3006 1907 recesserunt
3045 1857 3346 1921 serpentes,
3374 1857 3653 1905 venerunt
3672 1864 3773 1904 can-

2207 1941 2306 2008 cri,
2337 1932 2605 2007 haben‘tes
2631 1942 2795 2000 dorsa
2823 1941 2960 1997 dura
2993 1941 3136 1996 sicut
3163 1940 3476 2009 cocodrilli,
3503 1957 3634 2013 qua:
3650 1940 3776 2011 jactis

2205 2035 2413 2092 lanceis
2448 2033 2724 2106 perforata
2770 2051 2882 2091 non
2923 2029 3092 2104 sunt;
3136 2035 3342 2091 multos
3392 2051 3591 2091 tamen
3610 2051 3669 2090 ex
3698 2035 3775 2089 illis

2207 2128 2525 2184 occiderunt
2547 2130 2602 2184 in
2628 2129 2772 2202 igne,
2800 2129 3003 2200 reliqui
3019 2128 3364 2197 intraverunt
3393 2124 3590 2187 laeum
3614 2126 3774 2199 ipsum.

2280 2220 2364 2294 (Ρ.
2391 2220 2543 2294 251.)
2580 2220 2700 2276 Jam
2732 2230 2960 2277 venerat
2980 2221 3171 2293 quinta
3202 2220 3387 2293 vigilia
3410 2220 3625 2286 noctis,
3655 2230 3778 2281 etre-

2207 2311 2489 2383 quiescere
2509 2313 2723 2368 volebat
2744 2312 3040 2381 exercitus,
3068 2322 3124 2368 et
3154 2328 3282 2368 ecce
3321 2322 3609 2381 venerunt
3630 2311 3779 2367 leones

2209 2406 2316 2483 albi
2354 2407 2592 2476 majores
2627 2405 2824 2473 tauris,
2874 2415 2927 2462 et
2968 2404 3345 2461 eoneutientes
3388 2406 3643 2461 cervices
3661 2419 3775 2465 suas,

2208 2514 2334 2554 cum
2393 2498 2829 2554 murmuratione
2875 2513 3075 2569 magna
3137 2496 3388 2553 fecerunt
3430 2496 3698 2568 impetum
3738 2494 3778 2550 in

2207 2606 2344 2657 eos;
2390 2590 2492 2661 ipsi
2543 2598 2723 2646 autem
2768 2598 3103 2661 exceperunt
3146 2604 3242 2645 eos
3276 2588 3581 2646 venabulis
3601 2589 3780 2655 suis,ct

2209 2683 2409 2739 mortui
2448 2690 2595 2746 sunt,
2625 2681 2756 2738 Post
2778 2683 2895 2738 haec
2918 2692 3183 2738 venerunt
3206 2681 3359 2753 porci
3408 2683 3581 2739 mirae
3612 2680 3780 2752 magni-

2209 2764 2436 2845 tudinis,
2464 2777 2728 2834 habentes
2748 2777 2994 2832 diversos
3018 2776 3251 2842 colores,
3275 2784 3329 2831 et
3360 2791 3500 2831 cum
3530 2776 3639 2831 illis
3663 2775 3781 2831 simi-

2209 2868 2332 2923 liter
2385 2876 2786 2939 pugnaverunt.
2819 2865 3033 2922 Interea
3078 2867 3335 2938 apparuit
3380 2867 3573 2924 bestia
3606 2864 3779 2923 unasi-

2212 2960 2356 3014 milis
2379 2959 2611 3025 caballo,
2663 2959 2840 3029 major
2867 2958 3178 3031 elephanto,
3221 2959 3327 3014 tria
3364 2958 3591 3016 habens
3617 2972 3783 3015 cornua

2210 3058 2455 3117 armata,
2496 3049 2796 3122 vidensque
2857 3059 3060 3116 castra,
3126 3056 3426 3120 antequam
3487 3050 3691 3105 biberet
3733 3046 3782 3101 de

2211 3141 2353 3208 lacu,
2375 3141 2519 3197 dedit
2547 3142 2808 3211 impetum
2849 3142 2903 3196 in
2937 3150 3140 3209 castra,
3183 3140 3783 3214 resistentibusquemi—

2211 3232 2419 3301 litibus,
2445 3234 2644 3290 occidit
2663 3250 2729 3289 ex
2754 3233 2888 3306 ipsis
2915 3234 3107 3305 viginti
3130 3244 3391 3306 quatuor,
3416 3235 3783 3307 quinquaginta

2210 3328 2591 3394 conculcavit;
2636 3336 2819 3382 tamen
2867 3328 3197 3399 occiderunt,
3234 3344 3381 3397 eam.
3417 3326 3632 3391 Deinde
3653 3340 3782 3381 vene-

2211 3428 2341 3474 runt
2382 3428 2437 3474 et
2481 3417 2917 3489 vespertiliones,
2966 3419 3110 3475 sicut
3130 3426 3184 3474 et
3209 3435 3382 3490 supra
3418 3420 3785 3495 seriptumest,

2209 3510 2367 3581 quasi
2396 3510 2681 3575 eolumbze,
2719 3510 2984 3566 habentes
3033 3509 3223 3566 dentes
3269 3510 3418 3567 sicut
3450 3510 3716 3575 homines,
3745 3517 3786 3561 et

2213 3603 2477 3660 feriebant
2512 3603 2711 3660 milites
2734 3604 2788 3668 in
2815 3602 2984 3659 facies
3009 3618 3159 3668 suas,
3201 3611 3256 3658 et
3288 3603 3489 3675 plagas
3520 3603 3603 3659 eis
3623 3599 3785 3656 infere-

2209 3699 2360 3755 bant.
2389 3697 2669 3754 Venerunt
2706 3705 2761 3752 et
2799 3697 3008 3753 surices
3045 3697 3188 3752 sicut
3215 3696 3435 3767 vulpes,
3466 3705 3526 3751 et
3551 3708 3790 3764 quaecum-

2211 3807 2318 3861 que
2364 3790 2620 3845 animalia
2671 3789 3013 3856 mordebant,
3066 3786 3251 3843 statim
3283 3784 3786 3851 moriebantur,hoo

2211 3884 2388 3939 mines
2413 3892 2593 3938 autem
2624 3898 2691 3938 ex
2726 3881 3005 3937 morsibus
3042 3896 3234 3936 eorum
3273 3894 3387 3934 non
3432 3880 3645 3934 mortui
3669 3886 3786 3933 sunt

2209 3974 2696 4045 Appropinquante
2745 3981 2927 4028 autem
2964 3972 3085 4027 luce
3130 3978 3397 4025 venerunt
3449 3986 3587 4026 aves
3616 3966 3788 4025 simihs

2210 4056 2541 4132 vulturibus,
2605 4066 2869 4122 habentes
2914 4064 3153 4121 colorem
3206 4061 3617 4131 rubicundum,
3656 4059 3789 4132 pedes

2211 4175 2343 4215 vero
2376 4169 2429 4215 et
2474 4168 2652 4214 rostra
2697 4158 2881 4230 nigra,
2918 4164 2974 4212 et
3013 4154 3378 4231 impleverunt
3419 4162 3604 4210 totam
3645 4152 3787 4220 ripam

2210 4250 2336 4318 laci,
2368 4258 2423 4305 et
2443 4249 2794 4305 extrahentes
2816 4246 2996 4317 pisces
3036 4246 3104 4301 de
3146 4245 3269 4315 lacu
3306 4245 3691 4309 comederunt,
3715 4242 3790 4296 ho-

2213 4326 2390 4396 mines
2410 4356 2542 4395 vero
2564 4355 2673 4395 non
2713 4345 3038 4394 nocuerunt.
3081 4335 3261 4391 Iratus
3287 4345 3482 4395 autem
3515 4331 3789 4391 Alexander

2213 4441 2404 4488 contra
2442 4432 2611 4488 duces
2634 4431 2756 4495 viae,
2792 4429 2920 4486 fecit
2943 4430 3024 4485 eis
3071 4429 3280 4484 abscidi
3311 4445 3521 4486 manus
3552 4438 3609 4485 et
3635 4426 3789 4499 pedes

518 4527 624 4595 Qui
648 4528 1029 4586 indicaverunt
1058 4530 1139 4585 eis
1165 4530 1342 4587 lacum
1374 4531 1550 4601 dulcis
1593 4548 1749 4602 aquae
1785 4533 1839 4587 in
1876 4541 2003 4587 ante
2026 4548 2106 4587 re-

2215 4533 2274 4579 ut
2296 4522 2407 4577 vivi
2461 4540 2493 4578 a
2552 4522 2898 4592 serpentibus
2954 4519 3400 4585 comederentur,
3453 4521 3789 4587 hortatusque

518 4621 863 4692 periendum.
896 4621 1051 4677 Ibant
1076 4638 1206 4694 ergo
1228 4630 1341 4691 tota
1378 4632 1538 4679 nocte
1576 4624 1784 4697 fatigati
1811 4624 1878 4680 de
1913 4624 2025 4691 siti,
2056 4633 2106 4680 et

2211 4624 2295 4672 est
2319 4616 2539 4682 milites,
2590 4623 2652 4670 ut
2692 4613 2862 4670 fortes
2892 4620 3077 4669 essent
3117 4627 3217 4666 nec
3270 4611 3328 4666 in
3364 4611 3645 4683 adversis
3677 4611 3791 4667 situ

517 4720 636 4767 erat
655 4711 735 4767 eis
756 4712 1030 4783 angustia,
1049 4713 1178 4782 quia
1206 4728 1397 4769 omnes
1422 4714 1574 4768 ibant
1599 4712 1816 4768 armati.
1844 4711 2111 4770 Occurre-
2147 4765 2169 4785 ,

519 4804 652 4860 bant
698 4812 880 4860 autem
924 4805 1004 4860 eis
1029 4804 1237 4873 leones,
1282 4806 1418 4873 ursi,
1454 4807 1711 4878 tygrides,
1737 4815 1791 4861 et
1817 4822 1911 4878 per
1939 4815 2105 4862 totam

524 4904 737 4952 noctem
756 4898 1073 4968 pugnabant
1096 4914 1221 4953 cum
1249 4898 1348 4955 eis.
1390 4898 1511 4954 Alia
1546 4914 1676 4955 vero
1701 4900 1808 4968 die,
1837 4915 1961 4955 eum
1992 4900 2107 4971 jam

519 4989 652 5046 lassi
671 4998 877 5057 essent,
898 4990 1033 5046 hora
1055 4991 1218 5061 quasi
1238 4999 1427 5047 octava
1450 5002 1815 5062 pervenerunt
1834 4994 1901 5048 ad
1928 4993 2105 5062 ipsum

519 5082 722 5136 lacum.
752 5081 1063 5138 Posuerunt
1089 5084 1272 5154 itaque
1295 5084 1375 5139 ibi
1398 5094 1577 5139 castra
1605 5085 1659 5139 in
1696 5085 2031 5157 longitudine
2056 5094 2111 5140 et

519 5173 807 5229 latitudine
834 5174 902 5230 ad
925 5184 963 5229 ιι
976 5176 1028 5231 ia
1055 5176 1324 5245 miliaria;
1355 5177 1507 5232 lacus
1530 5193 1660 5232 vero
1684 5187 1802 5233 erat
1823 5178 2109 5249 spaciosus

522 5267 591 5323 ad
622 5266 919 5322 miliarium
943 5285 1135 5323 unum.
1172 5269 1331 5325 .Tunc
1362 5269 1678 5327 locaverunt
1701 5271 2022 5342 elephantos
2053 5288 2109 5326 ιη

511 5359 699 5415 media
730 5368 885 5430 parte
918 5370 1245 5428 castrorum,
1270 5370 1331 5416 ut
1350 5363 1630 5418 continere
1654 5379 1711 5418 se
1742 5372 1928 5434 posset
1949 5380 2107 5420 exer-

522 5453 686 5518 citus,
720 5452 767 5507 si
802 5452 933 5523 quid
979 5452 1059 5509 eis
1091 5463 1250 5509 nocte
1284 5456 1677 5525 superveniret,
1722 5465 1777 5511 et
1811 5456 2109 5513 incidentes

520 5542 716 5601 silvam
751 5558 873 5611 quae
905 5551 1023 5599 erat
1055 5544 1199 5599 circa
1232 5545 1430 5613 lacum,
1469 5545 1741 5602 faciebant
1775 5547 1927 5605 focos
1962 5549 2108 5627 mille

2213 4709 2429 4766 feminae
2449 4709 2757 4765 deﬁcerent.
2797 4775 2812 4792 .

2285 4801 2367 4872 (F.
2397 4799 2549 4871 232.)
2595 4799 2757 4857 Motis
2794 4800 2931 4856 inde
2971 4799 3186 4865 castris,
3229 4798 3553 4855 Alexander
3598 4794 3792 4855 tetendit

2211 4888 2389 4964 usque
2425 4892 2495 4948 ad
2525 4895 2713 4960 mare,
2753 4891 2988 4963 probare
3026 4890 3238 4957 volens,
3290 4890 3340 4946 si
3391 4900 3589 4962 posset
3630 4890 3789 4948 orbem

2212 4989 2445 5047 circuire
2487 5000 2584 5057 per
2630 4998 2919 5050 oceanum,
2962 4990 3018 5037 et
3076 4981 3341 5053 quoniam
3396 4982 3660 5040 homines
3706 4980 3791 5035 loci

2211 5084 2356 5139 illius
2382 5079 2636 5136 dicebant
2666 5075 2957 5132 tenebrosa
2998 5074 3071 5129 ibi
3099 5074 3242 5139 loca,
3282 5081 3339 5129 et
3368 5075 3521 5144 quod
3554 5072 3789 5129 Hercules

2212 5185 2264 5233 et
2299 5174 2460 5229 Liber
2508 5188 2619 5227 non
2663 5170 2785 5227 ausi
2812 5176 3001 5225 essent
3044 5167 3113 5223 ad
3150 5167 3272 5223 illas
3316 5175 3506 5238 partes
3533 5166 3789 5227 accedere,

2213 5268 2484 5327 ordinavit
2536 5265 2815 5321 sinistram
2849 5269 3057 5332 partem
3095 5258 3264 5317 India:
3307 5259 3570 5326 circuire,
3618 5267 3677 5313 ut
3700 5272 3789 5311 non

2211 5369 2357 5419 esset
2383 5360 2539 5417 locus
2565 5354 2669 5413 sibi
2705 5343 3037 5425 incognitus.
3062 5350 3408 5408 Invenerunt-
3429 5361 3627 5407 autem
3653 5348 3787 5421 paln-

2213 5454 2335 5510 dem
2368 5452 2593 5515 siccam,
2627 5463 2751 5519 quae
2772 5446 3005 5501 habebat
3032 5459 3240 5520 cannas
3273 5443 3501 5510 multas,
3528 5454 3787 5514 perquam

2214 5562 2339 5605 eum
2374 5542 2677 5599 voluissent
2710 5539 2962 5605 transire,
3015 5536 3181 5593 exivit
3226 5535 3351 5591 inde
3391 5535 3578 5591 bestia

1852 5682 2082 5739 VARle
2119 5678 2523 5743 LECTIONES.

597 5770 667 5800 ’¹⁸⁵
693 5769 970 5847 yppotami
1003 5769 1289 5847 I.__stepius
1316 5774 1455 5845 quod
1486 5780 1573 5828 an“
1590 5773 1924 5846 yperpotami
1949 5774 2220 5847 legendum
2265 5774 2333 5828 sit
2361 5771 2563 5827 dubito.
2644 5773 2712 5811 ἰι
2748 5770 2865 5824 loco
2892 5768 2939 5821 ι.

522 5839 680 5895 Alex.
695 5839 716 5907 ;
732 5839 888 5896 άεεδε
922 5842 971 5896 1.
1000 5839 1115 5895 rell.

3021 5767 3089 5799 ²¹⁸
3146 5769 3222 5822 ita
3249 5767 3359 5822 cod.
3410 5763 3617 5820 Bamb
3654 5759 3780 5818 Birt.
