3876 6306
98 314 188 371 597
975 318 1341 379 annorum.
1364 297 1452 361 “-
1489 322 1885 383 cunemcou
1924 326 2382 386 UNIVERSALE.
3224 331 3335 391 sas

99 437 377 499 yppotamo,
418 428 627 486 habens
669 440 860 502 pectus
899 435 1046 492 sicut
1089 439 1438 508 cocodrillus,
1485 449 1540 497 et
1584 443 1638 497 in
1667 445 1718 506 Α
1757 441 1986 511 Videbis,
2014 462 2124 513 rex,
2149 447 2281 501 duas
2305 447 2536 516 arbores,
2562 453 2883 521 unamsolis,
2914 455 3147 510 alterum
3173 445 3334 516 ιαηωά

97 522 236 577 dorso
254 522 494 592 gestabat
509 525 667 596 quasi
692 539 921 596 serram,
965 528 1159 587 dentes
1178 532 1384 590 habens
1412 534 1641 592 tortissi~
1738 545 1789 589 et
1824 536 1984 592 arbor
2007 538 2137 594 solis
2158 539 2390 611 loquitur
2414 539 2606 597 Indica
2625 543 2829 616 lingua,
2846 548 3013 603 arbor
3039 555 3168 604 vero
3196 537 3337 594 ιαηω

96 631 214 683 mos,
239 617 519 688 subitoque
538 620 740 676 occidit
759 622 827 679 de
854 623 1120 682 militibus
1149 628 1312 695 duos,
1342 646 1443 685 nec
1461 633 1642 701 potuit
1739 625 1974 698 loquitur
2002 628 2166 685 Greco
2188 649 2443 701 sermone,
2488 644 2540 690 et
2567 636 2632 690 ab
2662 637 2791 707 ipsis
2819 642 3016 710 poteris
3057 644 3201 697 scite
3219 647 3337 703 (Ιαίε

96 706 379 762 transforari
404 709 607 768 lanceis
632 730 647 780 ;
676 729 802 769 cum
825 716 1035 776 malleis
1075 726 1258 777 tamen
1287 721 1482 779 ferreis
1501 724 1641 780 occi-
1740 719 1834 773 tibi
1860 720 2076 776 debeant
2102 726 2322 780 evenire.
2351 724 2598 798 Cumque
2643 745 2758 784 rem
2814 739 2923 786 tam
2953 722 3335 792 incredibil'em

93 799 260 854 derunt
280 815 420 856 eam.
1738 809 1970 877 audiret,
1993 814 2238 883 cogitans
2266 816 2411 885 quod
2440 832 2533 886 per
2556 818 2740 888 jocum
2772 821 2902 876 talia
2922 821 3169 879 dicerent
3196 812 3334 881 feci}

150 889 335 947 Deinde
357 894 634 954 venientes
656 898 724 953 ad
761 900 984 959 ultimas
1019 902 1184 960 India,
1216 906 1403 976 silvas,
1440 892 1699 979 posuefi
1737 916 1833 957 eos
1872 904 2015 959 male
2059 907 2303 973 tractari,
2333 908 2554 965 dicens:
2587 908 2676 966 Sic
2721 915 2951 981 pervenit
3002 915 3173 985 gloria
3213 933 3326 972 mea

93 992 201 1041 runt
215 992 388 1042 castra
418 986 479 1043 in
511 989 850 1061 longitudine
892 996 1255 1054 miliariorum
1285 1016 1406 1069 sex,
1431 1002 1489 1057 in
1513 1004 1639 1058 ιειί-
1739 992 1803 1046 ab
1827 995 2095 1050 occidente
2133 997 2189 1050 in
2230 1000 2503 1068 orientem,
2534 1012 2592 1065 ut
2642 1003 2737 1058 isti
2765 1021 2912 1059 senes
2957 1006 3020 1060 de
3055 1023 3135 1062 me
3160 1010 3327 1064 risum

94 1074 250 1131 tudine
280 1091 406 1134 vero
446 1080 682 1138 duorum
728 1092 785 1142 et
829 1086 1062 1157 dimidii,
1100 1105 1270 1162 prope
1291 1092 1515 1150 ﬂuvium
1544 1096 1640 1167 qui
1739 1085 1941 1155 faciunt
1965 1089 1989 1141 .9
2014 1087 2095 1144 llli
2116 1097 2298 1145 autem
2319 1091 2926 1166 allirmabantjurando,
2944 1099 3088 1168 quod
3117 1100 3323 1156 nullam

93 1164 263 1222 dicitur
289 1166 539 1228 Bucmar.
584 1172 716 1231 Erat
765 1186 951 1237 autem
1002 1181 1138 1237 hora
1178 1183 1286 1240 diei
1327 1164 1634 1244 undecima.
1738 1175 2015 1237 Γειίθοίθω
2054 1180 2317 1250 dicerem:
2369 1184 2464 1240 sed
2491 1164 2682 1242 νθτυηί
2731 1204 2855 1246 esse
2882 1164 3029 1263 qui“!
3072 1191 3327 1251 dicebam

93 1256 270 1321 Etcum
287 1258 399 1331 jam
431 1277 651 1321 ctenare
697 1268 919 1338 vellent,
963 1287 1093 1329 ecce
1137 1270 1320 1331 subito
1351 1279 1624 1335 veniebam

1793 1272 2107 1328 uenderent.
2133 1272 2421 1345 Rogabant
2446 1277 2613 1349 igitur
2640 1295 2766 1337 eum
2809 1256 2971 1340 amici
3004 1286 3124 1357 ejus
3148 1296 3203 1344 et
3224 1301 3324 1346 ως

90 1357 301 1421 pastores
348 1360 403 1409 et
437 1354 534 1425 qui
567 1357 714 1428 ligna
748 1361 1058 1432 trahebant,
1110 1369 1435 1427 nunciames
1493 1372 1640 1442 quod
1740 1365 1923 1433 mites,
1948 1374 2008 1421 ut
2055 1367 2207 1422 nullo
2250 1369 2415 1425 modo
2466 1374 2889 1441 pretermitteret
2935 1354 3117 1435 videre
3158 1381 3325 1438 talem

92 1441 340 1499 multitudo
390 1444 808 1516 elephantorum
865 1454 933 1510 de
988 1455 1123 1513 silva
1183 1460 1432 1518 venirent
1478 1441 1623 1535 supei

1797 1472 1984 1513 iusam.
2025 1457 2173 1515 Tulit
2201 1474 2334 1533 ergo
2358 1456 2535 1517 50000
2562 1464 2808 1535 equitum
2837 1483 3045 1538 secum,
3076 1471 3328 1529 mittens-

91 1544 183 1586 eos.
211 1530 507 1591 Alexander
536 1552 667 1595 vero
690 1544 1317 1617 precepitequitibusde
1337 1530 1641 1623 Thessalia,
1740 1567 1846 1621 que
1869 1561 2109 1609 ceterum
2148 1556 2450 1612 exercitum
2492 1557 2550 1613 in
2597 1558 2858 1616 Fasiacen
2906 1578 3031 1619 cum
3070 1565 3325 1621 omnibus

91 1630 137 1675 ut
153 1622 376 1680 tollerent
395 1641 584 1683 secum
610 1646 806 1701 porcos
830 1643 884 1692 et
902 1649 1256 1696 occurrerent
1282 1642 1363 1699 eis
1385 1644 1439 1698 in
1462 1647 1641 1718 equis,
1740 1644 1944 1701 divitiis
1977 1661 2116 1717 quas
2156 1648 2466 1720 collegerat,
2491 1650 2608 1721 ipse
2650 1667 2774 1706 cum
2815 1653 3021 1710 delecta
3043 1655 3326 1725 iuventute

90 1714 235 1773 sciens
247 1719 384 1788 quod
405 1723 727 1791 grunnitum
750 1735 1323 1799 porcorumttimcrent
1343 1714 1638 1810 elephanti;
1663 1802 1702 1814 _
1743 1748 1963 1795 secutus
1990 1714 2075 1795 est
2116 1755 2274 1798 senes
2297 1714 2461 1799 “illos
2490 1714 2588 1814 per
2620 1745 2737 1800 loca
2781 1746 2917 1803 dura
2955 1756 3010 1802 et
3052 1748 3321 1807 districta.

89 1804 241 1875 sicque
254 1805 416 1881 fugati
437 1821 589 1869 sunt.
606 1815 803 1896 Milites
824 1832 1007 1879 autem
1031 1828 1356 1885 sonantibus
1381 1802 1629 1891 buccinis
1663 1802 1706 1861 Β
1736 1827 2027 1886 Venientes
2049 1840 2231 1887 autem
2263 1832 2356 1888 ubi
2389 1802 2614 1891 arbores
2653 1845 2829 1906 erant,
2862 1837 3113 1896 viderunt
3142 1840 3322 1897 locum

89 1900 314 1989 persecuti
346 1912 485 1960 sunt
506 1918 623 1975 eos,
665 1917 720 1963 et
749 1911 1147 1972 subnervantes
1171 1933 1288 1985 eos,
1316 1922 1631 1984 occiderunt
1731 1922 1944 1994 largum
1989 1932 2041 1980 et
2079 1926 2238 1982 thure
2266 1933 2321 1982 et
2359 1928 2712 1998 opobalsama
2759 1900 2975 2003 plenum
3005 1951 3020 2001 ;
3063 1942 3148 1989 est
3174 1933 3324 1989 enim

87 2005 140 2044 ex
162 1982 554 2069 eis'nongentos
579 2003 877 2074 octoginta,
907 2015 963 2063 et
995 2010 1235 2067 tulerunt
1253 1982 1320 2068 ex
1340 2014 1423 2071 eis
1443 1982 1630 2075 demee
1732 1982 1975 2069 ibivsilva
1998 2015 2091 2070 ubi
2131 2016 2247 2073 haec
2286 1982 2608 2090 nascuntur,
2643 2029 2699 2078 et
2738 1982 3143 2081 liomines1loci'
3172 2025 3319 2081 illius

87 2090 129 2136 et
146 2098 344 2156 cornua,
370 2098 424 2145 et
473 2093 756 2152 redierunt
786 2098 843 2154 in
890 2110 1092 2172 castra,
1134 2106 1392 2179 illamque
1414 2120 1630 2168 ηοσιεω
1732 2102 1819 2159 his
1856 2103 2194 2163 nutriuntur.
2243 2106 2515 2168 latrantes
2560 2111 2747 2184 itaque
2796 2114 2977 2170 locum
3019 2123 3318 2183 sacratum,

88 2174 305 2236 habentes
348 2182 614 2254 quietam,
655 2187 762 2244 alia
808 2191 897 2248 die
940 2207 1228 2266 coeperunt
1270 2174 1352 2256 ίιῖθ
1395 2202 1448 2257 in
1494 2204 1630 2263 alias
1733 2193 2065 2258 invenerunt
2116 2200 2456 2257 sacerdotem
2500 2203 2607 2259 loci
2656 2174 2861 2276 ipsius,
2903 2208 3062 2278 cujus
3109 2217 3330 2265 statura-

87 2274 231 2333 partes
257 2266 431 2328 ludite.
477 2272 820 2337 Invenientes
872 2293 1052 2341 autem
1098 2304 1320 2360 campos
1362 2302 1628 2364 patentes,
1731 2295 1850 2342 θῐὮῑ
1876 2289 1998 2358 Plus
2020 2289 2207 2347 decem
2240 2293 2489 2363 pedibus.
2511 2304 2566 2350 θῑ
2595 2266 3057 2370 Ῑιὲίῖὶθδθίθονόυε
3080 2301 3335 2375 "38mm,-

87 2356 292 2417 viderunt
316 2363 388 2418 ibi
439 2365 698 2424 homines
738 2376 1014 2431 masculos
1045 2387 1101 2434 et
1148 2356 1380 2438 feminas
1428 2356 1626 2454 nudos,
1730 2378 1920 2437 demes
1951 2382 2201 2449 οδιιίηοθν
2250 2393 2305 2439 ει
2333 2400 2398 2440 ex
2443 2388 2670 2445 auribus
2714 2389 2834 2460 eius
2868 2390 3159 2461 pm'fomtis
3187 2408 3327 2464 Ρθιι-

88 2462 277 2517 quorum
318 2454 601 2529 longitudo
626 2471 746 2519 erat
790 2480 984 2522 novem
1024 2471 1244 2539 pedum,
1271 2483 1325 2529 ει
1357 2475 1634 2533 habebam
1730 2468 1931 2526 debant
1983 2487 2229 2543 gemmas.
2278 2475 2452 2541 Quem
2480 2492 2604 2533 cum
2655 2454 2951 2537 salutasset
2994 2454 3323 2551 Alexander,

89 2544 494 2603 consuetudinem
523 2550 656 2606 etin
685 2560 829 2609 terra
850 2565 904 2611 et
937 2557 995 2612 in
1040 2558 1358 2621 ﬂuminibus
1402 2566 1626 2623 morari.
1732 2561 2088 2634 interrogavit
2112 2579 2260 2631 eum,
2297 2581 2411 2635 pro.
2433 2583 2539 2637 qua
2580 2584 2749 2625 causa
2789 2571 3017 2627 veniret.
3062 2571 3155 2628 Ille
3185 2589 3337 2629 vero.

88 2624 193 2685 Nam
231 2633 349 2691 dum
386 2640 618 2709 quidam
660 2643 727 2700 de
763 2649 1005 2705 exercitu
1039 2652 1238 2708 vellent
1284 2655 1364 2710 ire
1400 2657 1469 2713 ad
1510 2674 1628 2729 eos,
1731 2652 1846 2708 ait:
1899 2624 2045 2722 chi,
2093 2663 2152 2709 at
2190 2624 2395 2712 videam
2437 2624 2619 2714 sacras
2662 2661 2874 2716 arbores
2919 2662 3049 2718 solis
3082 2664 3313 2722 et'lunw.

90 2722 232 2779 subito
255 2728 642 2791 immerseruut
659 2751 717 2791 se
748 2736 805 2792 in
829 2737 1072 2798 ﬂumine.
1613 2722 1624 2729 ’
1730 2743 2005 2803 Barbarus
2039 2748 2359 2818 respondit:
2408 2749 2469 2806 Si
2519 2753 2745 2807 mundus
2787 2770 2841 2808 es
2868 2770 2900 2808 a
2943 2756 3314 2826 fornicatione,

143 2813 313 2875 Deinde
359 2834 633 2880 venerunt
679 2827 736 2882 in
773 2830 965 2887 silvam
1008 2834 1077 2889 de
1123 2835 1488 2907 cinocephalis
1512 2840 1629 2909 ple-
1730 2836 1853 2892 licet
1901 2846 1961 2891 ut
1998 2813 2162 2897 intres
2208 2840 2446 2896 divinum
2483 2842 2676 2899 locum.
2731 2844 2916 2902 Secuti
2943 2813 3083 2903 'sunt
3133 2857 3341 2904 autem-1

90 2904 321 2974 namhoc
343 2923 424 2970 est
461 2917 782 2977 hominibus
830 2923 1027 2978 canina
1072 2926 1250 2996 capita
1279 2904 1626 2987 habentibus.
1733 2944 1914 3000 regem
1958 2945 2027 2987 ex
2054 2932 2247 2988 amicis
2292 2933 2409 2990 suis
2437 2937 2685 3003 trecenti,
2737 2937 2937 3008 quibus
2966 2940 3207 3011 precepit
3228 2957 3318 2997 sa-

91 2997 298 3067 Quicum
323 3023 414 3064 eos
435 3019 727 3095 percutere
755 3014 971 3082 vellent,
1016 3032 1142 3072 cum
1181 3014 1403 3091 sagittis
1427 3036 1523 3078 eos
1544 3022 1631 3078 fu-
1732 3023 1944 3092 cerdos,
1993 3031 2055 3080 ut
2096 3024 2429 3096 deponerent
2468 3029 2661 3085 anulos
2695 3039 2745 3086 et
2780 3031 3155 3088 calciamenta.
3188 3032 3318 3088 Erat

90 3108 323 3178 gavcrunt:
377 3099 512 3159 Post
553 3086 693 3160 haec
720 3106 1027 3164 dicentibus
1084 3111 1192 3167 illis
1242 3086 1337 3181 qui
1376 3129 1503 3168 cum
1545 3115 1626 3171 eis
1653 3153 1697 3215 ο
1730 3123 1912 3172 autem
1943 3117 2077 3174 hora
2101 3118 2211 3174 diei
2257 3119 2567 3188 undecima,
2606 3131 2659 3177 et
2688 3123 3039 3194 exspectabat
3061 3127 3316 3181 sacerdos

90 3196 206 3215 nun...
229 3189 281 3215 ..1η
314 3201 440 3215 ..ι-,1,
489 3196 572 3215 2n-
662 3214 671 3215 κ
780 3200 792 3215 ι
886 3201 897 3211 ι
937 3201 951 3215 ι
978 3202 1010 3215 ο.
1042 3202 1053 3213 ι
1304 3206 1315 3215 .
1598 3209 1621 3215 .-
1743 3207 1758 3215 -
2026 3209 2039 3215 -
2062 3209 2076 3215 -
2293 3211 2305 3215 -
2580 3214 2609 3215 η
2682 3214 2691 3215 κ

88 3196 209 3242 erant
226 3189 283 3245 de
313 3201 451 3250 terra
488 3196 600 3263 illa,
649 3200 795 3268 quod
845 3201 1012 3257 nichil
1034 3202 1150 3272 jam
1192 3206 1318 3259 novi
1355 3209 1625 3278 reperturi
1653 3189 1697 3215 υ
1726 3207 1902 3264 donec
1924 3209 2196 3266 occideret
2226 3211 2309 3267 sol
2336 3228 2349 3278 ;
2390 3227 2520 3267 nam
2560 3189 2806 3269 dicebat—
2828 3230 2954 3270 eum
2985 3226 3116 3271 tunc
3140 3215 3316 3271 solere

88 3291 249 3349 essent,
279 3296 538 3355 ceperunt
565 3291 743 3346 redire
770 3292 826 3347 in
851 3292 1136 3363 Fasiacen,
1162 3298 1305 3353 unde
1335 3313 1621 3369 venerunt,
1724 3300 1877 3372 loqui
1908 3309 1965 3358 et
2010 3318 2337 3374 responsum
2379 3304 2527 3373 dare,
2573 3306 2813 3379 itemque
2840 3307 2907 3363 de
2948 3309 3143 3365 arbore
3172 3310 3316 3363 luna:

89 3374 380 3448 Pl’ecepitque
400 3380 732 3451 Alexander,
761 3394 821 3440 ut
850 3386 1200 3443 tenderentur
1220 3398 1404 3446 castra
1438 3408 1535 3463 per
1556 3394 1625 3450 12
1724 3394 1958 3463 dicebat,
1992 3384 2140 3467 quod
2182 3396 2390 3453 oriente
2418 3405 2475 3453 et
2514 3374 2811 3454 irradiante
2838 3399 2967 3455 luna
3007 3400 3125 3471 ipsa
3160 3399 3315 3454 daret

87 3460 293 3520 miliaria.
322 3468 575 3543 Cumque
604 3475 788 3530 omnia
826 3478 1058 3533 tentoria
1082 3479 1199 3549 jam
1242 3492 1421 3538 erecta
1438 3460 1626 3545 essent
1723 3460 2073 3556 responsum.
2114 3484 2281 3558 Igitur
2310 3496 2595 3559 coeperunt
2633 3490 2982 3546 deambulare
3018 3506 3114 3561 per
3137 3490 3312 3560 ipsam

86 3560 125 3605 et
159 3558 293 3613 multi
330 3560 435 3619 ioci
486 3567 726 3634 accensi,
772 3569 954 3624 subito
1004 3578 1156 3627 tanta
1199 3573 1283 3629 vis
1326 3576 1446 3631 euri
1490 3576 1625 3635 ﬂare
1724 3574 1938 3643 silvam,
1965 3591 2088 3647 quas
2109 3585 2233 3639 erat
2254 3558 2419 3637 muro.
2440 3578 2677 3648 inclusa,
2723 3594 2778 3641 et
2814 3558 3312 3653 videruntopobal-

85 3648 230 3715 οωβίι,
252 3657 299 3706 ut
325 3657 514 3711 omnia
543 3660 773 3715 tentoria
809 3660 1097 3732 dejiceret,
1109 3665 1367 3725 animalia
1404 3684 1625 3741 quoque
1722 3680 1938 3730 samum
1968 3666 2273 3740 largissime
2299 3670 2630 3727 currere.de
2667 3673 2999 3729 ramusculis
3028 3675 3309 3730 arborum.

86 3741 272 3799 multum
318 3759 665 3820 vexarentur,
708 3755 837 3824 quia
883 3757 1132 3815 scintillae
1165 3761 1232 3816 de
1284 3761 1422 3819 focis
1459 3765 1631 3824 dorsa,
1722 3756 1783 3813 In
1807 3758 1987 3820 media
2010 3774 2141 3815 vero
2170 3759 2305 3816 silva
2339 3768 2498 3821 erant
2523 3762 2749 3819 arbores
2779 3764 2988 3820 similes
3016 3766 3309 3837 cypressis,

84 3843 235 3890 eorum
256 3837 518 3898 feriebant
563 3844 752 3915 eisque
788 3848 943 3905 valde
973 3851 1259 3908 nocebant.
1293 3853 1622 3928 Colligentes
1722 3855 1845 3910 alta:
1865 3855 2094 3924 pedibus
2118 3862 2358 3913 centum.
2391 3854 2639 3928 Cumque
2676 3857 2970 3914 miraretur
3005 3858 3312 3915 Alexander

84 3936 183 3991 ergo
210 3931 446 4000 tentoria,
494 3933 821 3995 invenerunt
864 3938 1060 3995 vallem
1102 3943 1400 4013 quandam;
1439 3946 1622 4017 ibique
1721 3944 1789 3999 de
1825 3944 2043 4000 illarum
2070 3945 2357 4001 altitudine
2398 3947 2489 4015 “7,
2519 3955 2572 4002 et
2614 3947 2819 4003 diceret
2848 3948 2995 4018 quod
3022 3949 3089 4003 de
3139 3949 3310 4004 nimia

84 4022 227 4073 castra
244 4019 490 4083 locabant
518 4045 532 4081 :
574 4028 670 4083 sed
711 4030 1021 4087 ceciderant
1053 4033 1208 4090 nives
1242 4051 1452 4107 magnae
1479 4039 1623 4095 sicut
1721 4036 1903 4107 pluvia
1923 4043 2138 4092 tantum
2162 4045 2493 4106 crescerent,
2521 4038 2582 4110 (f.
2613 4038 2766 4095 254.)
2796 4039 3010 4095 dicebat
3031 4041 3308 4110 sacerdos,

85 4101 197 4162 lana.
223 4108 522 4175 Alexander
550 4132 680 4174 vero
722 4120 920 4178 timens
949 4139 1016 4178 ne
1057 4124 1288 4180 multum
1314 4137 1631 4186 crescerent.
1721 4142 2004 4197 nunquam
2031 4127 2088 4181 in
2120 4127 2274 4182 illum
2304 4128 2486 4183 locum
2516 4130 2723 4199 pluere,
2758 4144 2936 4200 neque
2955 4146 3111 4188 avem
3133 4147 3311 4203 neque

85 4196 204 4256 nives
226 4203 529 4276 incastris,
562 4212 818 4281 praecepit
850 4213 1114 4271 militibus
1146 4224 1207 4281 ut
1239 4219 1624 4277 commearent
1721 4215 1892 4272 feram
1930 4232 2108 4287 neque
2159 4226 2468 4288 serpentem
2510 4220 2566 4274 in
2604 4220 2754 4290 ipsos
2795 4221 3064 4278 terminos.
3083 4224 3303 4283 intrare

85 4302 170 4355 eas,
197 4301 243 4347 et
269 4303 443 4352 tamen
459 4284 629 4355 ’multi
649 4316 716 4356 ex
743 4301 803 4374 (f.
827 4302 963 4373 255)
979 4304 1195 4361 nivibus
1219 4308 1444 4364 extincti
1468 4318 1621 4379 sunt,
1721 4309 1851 4381 quia
1880 4284 2185 4381 antiquitus
2212 4284 2569 4380 a_majoribus
2602 4310 2859 4367 Indorum
2884 4312 3038 4371 locus
3064 4313 3155 4368 ille
3184 4328 3328 4368 com.

84 4377 316 4451 quingenti
350 4387 562 4445 scilicet
584 4390 802 4459 milites,
828 4392 922 4463 qui
950 4402 1004 4448 et
1028 4394 1104 4449 ibi
1140 4397 1336 4467 sepulti
1361 4408 1518 4455 sunt.
1602 4377 1610 4379 _
1722 4377 1968 4457 secratus
1993 4377 2139 4456 esset
2173 4401 2274 4474 sali
2302 4377 2538 4456 et—lunae.
2580 4400 2760 4456 Voluit
2789 4410 2983 4463 autem
3005 4402 3311 4464 Alexander
3406 4472 3411 4477 ἱ

137 4468 381 4533 Venerunt
405 4489 534 4549 post
566 4482 683 4537 haec
707 4483 776 4537 ad
815 4484 1130 4554 speluncam
1157 4488 1250 4544 ubi
1280 4488 1442 4545 Liber
1468 4499 1621 4562 pater
1648 4493 1699 4553 D
1725 4492 2011 4547 immolare
2056 4468 2308 4549 victimas
2333 4512 2347 4561 ;
2401 4494 2495 4549 sed
2540 4495 2835 4565 prohibuit~
2857 4511 2983 4551 eum
3028 4497 3308 4562 sacerdos,

80 4562 267 4632 tacebat,
290 4569 605 4642 dictumque
633 4583 737 4641 est,
765 4576 811 4630 si
839 4577 1038 4648 aliquis
1070 4580 1125 4634 in
1146 4581 1375 4637 eandem
1398 4584 1620 4654 spelun-
1722 4585 1930 4652 dicens,
1958 4599 2068 4639 non
2104 4584 2269 4641 licere
2303 4585 2359 4640 in
2400 4587 2519 4658 ipso
2542 4587 2663 4650 loco
2695 4588 3079 4659 quodcumque
3105 4588 3309 4643 animal

81 4666 172 4707 cam
208 4657 442 4731 intraret,
488 4665 637 4735 quod
679 4667 845 4726 tercia
885 4669 973 4726 die
1010 4669 1161 4728 febre
1200 4674 1419 4743 periret.
1464 4675 1624 4737 Tunc,
1722 4663 1967 4733 occidere
2007 4685 2103 4731 aut
2152 4676 2439 4738 incensum
2494 4679 2580 4739 de.
2617 4679 2775 4735 thure
2819 4679 3040 4747 facere;
3093 4688 3322 4734 tantum.

81 4748 303 4809 quosdam
327 4754 654 4825 dijudicatos
700 4760 775 4814 ibi
813 4761 1103 4831 miserunt,
1133 4774 1186 4820 et
1215 4775 1276 4821 ut
1304 4767 1511 4830 dictum
1534 4778 1625 4829 est
1720 4767 2103 4831 oscularentur
2146 4769 2296 4839 ipsas
2348 4771 2593 4838 arbores,
2646 4779 2702 4826 et
2744 4770 3208 4843 rogarentsolem
3253 4780 3309 4828 et

78 4846 172 4889 ⁸⁵³⁸
198 4838 529 4902 “venerum-
1583 4906 1639 4955 ,Δ
1720 4861 1929 4923 lunam.
1956 4868 2017 4915 ut
2038 4876 2167 4916 vera
2192 4860 2297 4916 sibi
2329 4878 2588 4934 responsa
2618 4864 2831 4925 darent.
2863 4861 2994 4918 Post
3018 4864 3133 4918 haec
3152 4862 3306 4918 vide-

130 4925 346 4955 l‘.....___-
381 4937 419 4955 εγ
680 4943 694 4955 ι
804 4944 819 4955 .
1040 4948 1051 4955 .
1291 4952 1323 4955 _.
1358 4953 1367 4955 _
1440 4954 1469 4955 η
1964 4953 1994 4955 ,κ
2168 4954 2193 4955 ,,

130 4925 350 5002 Cumque
373 4937 489 5006 jam
512 4943 979 5011 apprehenderent
1002 4948 1147 5004 viam
1164 4952 1329 5007 eundi
1353 4953 1410 5008 in
1429 4925 1639 5018 Fasia:J
1718 4953 2067 5014 runt.radios
2101 4954 2233 5009 solis
2274 4955 2618 5025 resplendere
2657 4971 2878 5014 sursum
2910 4954 2965 5013 in
3004 4955 3331 5025 cacumini-_

78 5028 171 5083 σευ,
193 5035 537 5084 occurrerunt
585 5031 665 5086 eis
711 5033 820 5089 duo
856 5051 1036 5104 senes,
1083 5055 1222 5109 quos
1264 5041 1623 5116 interrogavit
1716 5046 1821 5109 bus
1847 5046 2128 5113 arborum,
2155 5052 2212 5100 et
2251 5046 2505 5101 sacerdos
2537 5046 2607 5101 ait
2640 5065 2652 5100 :
2706 5044 2931 5100 Sursum
2962 5048 3224 5118 respicite,
3254 5056 3305 5101 et

78 5103 353 5184 Alexander,
404 5119 451 5175 si
481 5122 611 5192 quid
658 5125 786 5180 novi
831 5103 1035 5184 scirent
1078 5103 1183 5186 sibi
1221 5103 1613 5195 demonstrare.
1716 5137 1781 5192 de
1813 5135 2182 5209 qualicumque
2220 5152 2382 5189 causa
2424 5136 2750 5207 ἰηιεννορανε
2787 5138 2905 5208 quis
2938 5137 3182 5203 υοίαενίι,
3215 5153 3304 5190 εο-

77 5194 156 5260 Qui
176 5202 434 5278 dixerunt,
478 5214 782 5272 mirabilem
811 5235 1036 5276 causam
1075 5239 1133 5278 se
1163 5224 1323 5293 scire,
1350 5226 1445 5283 sed
1468 5228 1613 5284 viam
1715 5230 1843 5300 gitet
1872 5229 1926 5282 in
1951 5227 2104 5283 corde
2139 5244 2255 5295 suo,
2280 5228 2461 5297 palam
2503 5246 2605 5283 non
2627 5229 2791 5283 dicat.
2821 5229 2974 5285 Tunc
3020 5244 3147 5284 cum
3185 5243 3302 5281 ma-

79 5284 254 5359 longam
275 5292 413 5367 esse,
443 5303 649 5360 scilicet
667 5305 855 5364 decem
892 5311 1126 5380 dierum,
1154 5313 1256 5370 iter
1287 5332 1505 5388 quoque
1524 5335 1618 5374 an-
1716 5334 1822 5392 gna
1847 5334 1982 5376 cura
2016 5329 2301 5389 coeperunt
2341 5319 2627 5389 respicere,
2668 5337 2736 5377 ne
2780 5320 2918 5378 forte
2941 5321 3082 5376 inter
3116 5334 3300 5374 ramos

77 5390 257 5482 gustum
291 5400 343 5446 et
370 5409 542 5464 aquas
572 5397 772 5456 multas
797 5410 852 5457 et
898 5403 1017 5459 loca
1060 5409 1404 5476 serpentibus
1428 5411 1606 5480 plena.
1720 5390 1979 5465 arborum
2020 5409 2141 5479 pica
2187 5400 2281 5462 aut
2324 5409 2603 5479 psithacus
2636 5420 2797 5479 esset,
2834 5412 2961 5482 quia
2995 5412 3171 5467 solent
3190 5410 3298 5465 liu-

76 5464 283 5565 Cuiiique
332 5482 531 5541 blando
572 5504 822 5546 sermone
872 5494 1245 5551 sciscitaretur
1295 5464 1446 5569 quid‘
1468 5510 1613 5557 esset
1717 5516 1935 5556 manam
1960 5501 2263 5570 exprimere
2284 5515 2491 5576 vocem.
2535 5500 2783 5574 Cumque
2815 5503 2891 5557 nil
2920 5502 3130 5558 fraudis
3150 5501 3299 5556 vide-

77 5556 180 5619 illud
200 5575 300 5626 tam
342 5591 618 5650 magnum,
651 5599 793 5642 unus
836 5602 902 5642 ex
932 5588 1012 5644 eis
1066 5606 1188 5645 cum
1217 5591 1605 5663 gaudindixit:
1715 5600 1857 5661 rent,
1903 5592 2067 5663 coepit
2110 5591 2415 5650 Alexander
2467 5594 2706 5666 cogitare
2739 5596 2797 5650 in
2845 5594 3029 5651 animo
3073 5609 3194 5661 suo,
3250 5592 3296 5647 si

1311 5701 1532 5763 νΑΒΙᾹΞ
1557 5703 1954 5763 LECTIONES.
2002 5766 2007 5771 ι

137 5747 191 5778 m
219 5754 547 5819 altitudinem
583 5765 632 5819 l.
