3876 6306
504 309 615 367 599

1680 307 2082 365 EKKEHARDI
2121 303 2590 364 UBAUGlENSlS

3688 294 3771 346 WG

504 423 856 496 triumphans
892 423 1093 480 reverti
1118 434 1305 495 posset
1331 426 1388 480 in
1417 424 1651 496 patriam
1692 441 1849 481 suam
1882 426 1950 481 ad
1982 438 2102 479 ma-
2135 427 2181 485 Α
2207 421 2303 492 qui
2342 418 2555 475 fortiter
2600 418 2873 475 feriebant
2919 416 3119 474 rostris
3162 416 3278 471 suis
3323 412 3562 480 militum
3600 410 3772 470 facies;

502 526 645 573 trem
680 525 736 574 et
779 529 1001 573 sorores
1035 516 1377 575 karissimas.
1417 516 1557 574 Cum
1601 518 1785 575 subito
1813 518 1979 574 arbor
2008 516 2101 573 In-

503 609 629 665 dico
673 623 929 667 sermone
975 609 1298 682 respondit:
1339 608 1491 666 Sicut
1531 611 1874 683 interrogasti
1916 628 2103 666 nomen

505 717 699 770 meum,
727 701 1050 771 Alexander,
1082 704 1190 758 eris
1215 703 1461 759 dominus
1506 705 1647 759 orbis
1687 714 1973 773 terrarum,
2011 704 2102 760 sed

504 795 650 849 vivus
671 794 729 849 in
770 796 1006 866 patriam
1052 811 1158 850 non
1203 797 1499 864 reverteris,
1547 796 1799 867 quoniam
1856 795 1973 866 fata
2024 796 2103 849 sic

504 888 827 958 ili/ﬁnierunt
868 888 933 944 de
985 897 1053 945 te.
1098 887 1349 960 Cumque
1397 890 1488 946 ille
1536 891 1899 961 interrogaret
1939 888 2103 959 Indos

504 996 646 1050 quos
671 995 860 1039 secum
886 981 1135 1049 adduxit,
1169 982 1510 1057 interpretati
1540 991 1668 1040 sunt
1689 981 1739 1039 ei
1768 997 2099 1039 sermonem.

504 1071 660 1129 Tunc
688 1080 802 1129 tres
829 1072 1134 1129 ﬁdelissimi
1172 1074 1293 1143 ejus
1318 1075 1482 1131 amici
1524 1073 1785 1131 Perdicca
1826 1082 1880 1130 et
1908 1072 2103 1147 Clyton

503 1173 559 1219 ct
577 1162 838 1237 Pbylotas
862 1174 1125 1237 ceperunt
1140 1166 1396 1237 plangere
1414 1180 1581 1237 super
1599 1165 1705 1221 hac
1724 1165 2100 1236 responsione.

504 1254 741 1327 Vespere
763 1264 948 1314 autem
976 1257 1203 1313 veniens
1224 1272 1321 1314 rex
1360 1258 1430 1313 ad
1465 1256 1915 1329 interrogandum
1938 1256 2102 1313 arbo-

503 1364 620 1409 rem
649 1349 833 1417 lunai;
866 1365 993 1405 cum
1030 1348 1271 1406 stetisset
1299 1351 1457 1420 juxta
1492 1350 1770 1417 arborem,
1798 1349 2105 1421 interroga-

502 1441 602 1503 vit,
644 1442 741 1500 ubi
781 1446 921 1499 mori
965 1444 1206 1500 deberet.
1235 1443 1303 1499 Et
1332 1444 1428 1501 ubi
1471 1445 1729 1515 splendor
1755 1446 1901 1501 lunae
1931 1443 2106 1516 tetigit

501 1534 781 1602 arborem,
824 1536 1111 1607 respondit
1138 1536 1304 1592 arbor
1349 1547 1405 1593 et
1434 1537 1575 1593 dixit
1603 1537 1780 1595 Greco
1804 1552 2060 1595 sermone
2087 1555 2099 1590 :

500 1624 733 1682 Plenum
749 1627 869 1697 jam
904 1629 1063 1698 finem
1093 1630 1271 1685 (etatis
1314 1629 1493 1699 habes,
1523 1628 1848 1699 Alexander,
1890 1631 1980 1685 sed
2001 1630 2105 1684 isto

503 1733 644 1772 antro
673 1717 981 1774 adveniente
1007 1718 1156 1775 Maio
1181 1720 1236 1775 in
1259 1719 1531 1792 Babylone
1565 1722 1830 1793 morieris,
1856 1721 2103 1797 deceptus

503 1829 537 1864 (ι
565 1827 669 1883 quo
705 1812 923 1868 minime
948 1830 1148 1884 speras.
1175 1813 1330 1871 Tunc
1356 1815 1614 1888 plangere
1636 1816 1822 1888 capit,
1849 1815 2103 1873 similiter

499 1912 557 1957 et
585 1903 749 1959 amici
772 1904 913 1976 ejus,
941 1914 997 1962 et
1043 1907 1233 1964 exiens
1262 1908 1389 1965 inde
1413 1908 1556 1965 tristi
1603 1910 1791 1966 animo
1816 1911 2103 1967 comedere

500 1994 698 2051 noluit.
746 1996 993 2070 Rogatus
1043 2009 1223 2056 autem
1270 2002 1340 2057 ab
1377 2002 1572 2058 amicis
1600 2011 1662 2058 ut
1704 2017 1818 2059 non
1841 2003 2102 2077 aﬂligeret

499 2102 704 2159 corpus
731 2089 967 2162 jejunio,
1009 2102 1201 2149 contra
1229 2095 1578 2157 voluntatem.
1616 2111 1776 2155 suam
1802 2097 2114 2171 manduca:

497 2179 580 2236 vit
606 2181 906 2251 modicum,
932 2191 990 2241 et
1021 2183 1312 2241 collocavit
1348 2201 1407 2242 se
1453 2186 1508 2241 in
1541 2186 1660 2258 ipso
1686 2201 1848 2243 sacro
1872 2187 2018 2254 loco,
2042 2196 2110 2259 ut

495 2281 729 2343 paratus
750 2284 895 2332 esset
944 2277 1168 2348 quando
1198 2279 1439 2349 primum
1496 2280 1579 2335 sol
1625 2280 1818 2351 exiret.
1864 2279 1985 2335 Alia
2015 2279 2118 2351 die.

499 2364 660 2421 valde
686 2364 932 2423 diluculo
960 2367 1223 2436 surrexit,
1268 2377 1323 2426 et
1368 2370 1578 2427 amicos
1627 2386 1760 2428 suos
1800 2365 2102 2441 excitavit;

499 2457 763 2515 sacerdos
799 2468 981 2516 autem
1014 2459 1295 2519 involutus
1327 2463 1561 2533 pellibus
1606 2462 1845 2535 jacebat,
1894 2472 1950 2522 et
1978 2473 2105 2521 ante

498 2549 655 2605 illum
677 2551 858 2621 posita
899 2559 1020 2608 erat
1064 2552 1122 2608 in
1170 2554 1356 2610 tabula
1385 2555 1454 2611 de
1500 2555 1677 2612 ebeno
1714 2570 1913 2629 magna
1948 2556 2104 2629 gleba

498 2641 569 2698 de
610 2641 818 2710 lihano,
856 2659 980 2716 quat
1015 2644 1092 2700 illi
1124 2645 1194 2703 de
1239 2661 1398 2719 ctena
1445 2659 1785 2721 remanserat
1856 2647 2105 2707 Excitato

497 2732 685 2805 itaque
707 2734 1013 2804 sacerdote,
1047 2736 1219 2793 tercia
1257 2736 1377 2794 vice
1400 2737 1628 2823 intravit
1650 2739 1720 2797 ad
1761 2740 2106 2823 interrogan-

495 2823 651 2892 dum,
674 2832 730 2881 et
756 2823 931 2882 dixit:
976 2825 1079 2881 Dic
1118 2829 1304 2896 michi,
1334 2812 1706 2884 saci‘atissima
1738 2830 1917 2899 arbor,
1950 2812 2107 2902 cujus

498 2932 688 2971 manus
729 2933 811 2973 me
862 2919 1099 2974 occidere
1145 2920 1387 2988 debeant,
1426 2930 1477 2977 et
1523 2922 1674 2994 quali
1716 2932 1884 2978 morte
1933 2933 2106 2979 mater

501 3025 619 3062 mea
659 3018 709 3064 et
750 3027 957 3067 sorores
1011 3029 1141 3068 mete
1193 3015 1473 3079 moriturae
1518 3016 1645 3071 sint.
1703 3016 1884 3073 Arbor
1932 3016 2105 3073 Grece

497 3101 673 3156 (ﬁxit:
725 3101 785 3158 Si
828 3104 1013 3159 dixero
1058 3105 1156 3160 tibi
1200 3106 1320 3176 quis
1350 3114 1399 3161 te
1453 3107 1730 3162 occisurus
1759 3109 1850 3177 sit,
1896 3110 2103 3165 occides
2131 3145 2175 3207 C

498 3209 643 3260 eum,
673 3203 722 3247 et
751 3194 831 3248 ita
858 3196 1155 3249 mutabitur
1191 3197 1331 3266 quod
1379 3197 1444 3251 de
1489 3207 1537 3251 te
1566 3198 1680 3268 fata
1704 3200 2101 3269 ordinaverunt,

507 3293 552 3337 et
596 3285 900 3339 irascentur
944 3287 1106 3341 michi
1168 3296 1272 3343 tres
1332 3305 1536 3344 sorores
1595 3290 1770 3359 Cloto,
1827 3291 2101 3363 Lachesis,

503 3375 750 3447 Atropos,
783 3392 842 3431 eo
881 3377 1022 3448 quod
1057 3379 1490 3449 impedimentum
1531 3384 1582 3437 ei
1617 3383 1832 3453 fecerim
1867 3385 1937 3421 “3
1964 3388 2102 3458 quod

512 3468 586 3523 Tlli
612 3477 935 3541 statuerunt.
976 3470 1159 3543 Igitur
1177 3483 1298 3541 post
1327 3490 1527 3529 annum
1555 3493 1718 3532 unum
1746 3488 1794 3533 et
1818 3487 1936 3534 octo
1960 3498 2105 3536 men-

508 3577 581 3615 ses
620 3559 915 3633 Babylonie
947 3563 1209 3631 morieris,
1242 3581 1346 3619 non
1383 3583 1477 3637 per
1519 3569 1720 3638 ferrum
1748 3573 1889 3627 sicut
1921 3582 2099 3641 putas,

514 3653 592 3708 :ed
614 3670 708 3724 per
733 3670 1026 3721 venenum;
1050 3665 1222 3712 mater
1258 3667 1351 3712 tua
1378 3661 1692 3730 turpissima
1716 3672 1882 3717 morte
1909 3665 2102 3725 morie-

508 3755 612 3815 tur,
630 3756 680 3800 et
702 3762 808 3802 non
825 3748 1127 3819 sepelietur,
1153 3750 1244 3805 sed
1265 3767 1384 3806 aves
1404 3762 1455 3806 et
1482 3753 1610 3823 ferte
1628 3756 1900 3810 comedent
1925 3736 2099 3825 illam,

502 3855 708 3894 sorores
744 3848 849 3897 tua:
891 3840 1016 3896 bene
1048 3859 1158 3898 sese
1203 3843 1487 3914 habebunt,
1529 3855 1587 3900 tu
1631 3855 1809 3902 autem
1845 3850 1901 3903 in
1938 3866 2101 3920 parvo

504 3936 734 4002 tempore
756 3933 1001 3989 dominus
1039 3937 1143 3990 eris
1187 3945 1470 3993 terrarum.
1508 3938 1666 3995 Nunc
1701 3957 1819 3995 vero
1848 3942 1959 3996 noli
1980 3943 2100 4015 plus

502 4025 831 4097 interrogare
871 4044 985 4097 nos,
1028 4030 1119 4084 sed
1153 4032 1241 4085 exi
1266 4032 1332 4085 de
1375 4035 1491 4086 loco
1524 4034 1650 4102 isto,
1690 4043 1742 4091 et
1765 4046 2016 4092 revertere
2045 4038 2103 4091 in

510 4116 794 4172 lr‘asiaccn.
829 4116 932 4175 Sed
963 4128 1018 4175 et
1058 4122 1317 4178 sacerdos
1353 4125 1567 4180 monuit
1619 4141 1746 4181 eum
1799 4136 1859 4183 ut
1904 4129 2098 4198 abiret,

2205 511 2300 567 sed
2329 526 2455 567 cum
2482 509 2697 582 sagittis
2728 516 2784 565 et
2805 507 2985 564 contis
3019 505 3385 574 defendebant
3413 520 3496 561 se.
3524 502 3778 560 Perierunt

2206 613 2386 661 tamen
2424 621 2480 659 in
2516 619 2584 661 eo
2605 601 3139 677 certamipcmiiitcs
3160 599 3381 656 ducenti
3403 606 3467 655 et
3489 607 3641 661 octo.

2275 699 2404 756 Inde
2424 698 2775 756 veneruntad
2790 696 2999 773 ﬂumen
3016 694 3294 767 quoddam
3317 692 3563 770 inﬂuens
3583 707 3775 756 oceano,

2205 791 2377 847 latum
2427 790 2681 848 miliariis
2732 790 2950 851 duobus
2980 798 3036 845 et
3071 786 3321 853 dimidio,
3371 787 3433 841 in
3478 784 3649 856 cujus
3686 785 3779 855 ripa

2203 893 2363 940 erant
2393 899 2586 941 cannae
2611 891 2724 939 tam
2760 882 2885 947 alta
2913 891 2970 941 et
2996 895 3228 953 grossae,
3252 889 3315 937 ut
3331 878 3433 954 vix
3457 877 3684 948 triginta
3706 877 3779 933 ho

2205 977 2384 1033 mines
2425 984 2654 1048 possent
2691 991 2859 1031 unam
2900 982 3145 1046 portare,
3189 988 3263 1043 ex
3297 972 3509 1043 quibus
3550 969 3779 1027 facientis

2204 1084 2394 1136 naves,
2424 1052 2764 1124 transierunt
2793 1066 3021 1134 ﬂumen,
3053 1074 3111 1128 et.
3141 1065 3473 1120 invenerunt.
3502 1062 3585 1119 ibi
3634 1062 3779 1118 homi-

2204 1176 2307 1217 nes
2331 1160 2559 1217 vestitos
2604 1160 2840 1231 pellibus
2880 1159 3242 1226 habenarum,
3292 1158 3388 1229 qui
3436 1157 3780 1214 dedemnteis

2205 1254 2465 1325 spongias
2493 1254 2648 1309 albas
2672 1262 2727 1310 et
2748 1267 3058 1324 purpureas
3085 1260 3140 1306 et
3165 1251 3416 1318 conchas
3440 1251 3691 1307 marinas
3713 1264 3781 1311 ca,-

2203 1345 2421 1416 pientes
2447 1344 2588 1402 duos
2631 1352 2727 1400 aut
2768 1354 2881 1400 tres
2917 1342 3173 1414 congios,
3197 1341 3473 1409 dederunt
3522 1349 3585 1397 et
3609 1342 3783 1401 tonius

2203 1452 2271 1493 ex
2300 1435 2490 1494 vitulis
2509 1437 2743 1493 marinis
2773 1435 2972 1502 factas,
3015 1443 3072 1491 et
3112 1434 3326 1491 cocleas
3352 1449 3485 1505 qua
3531 1434 3785 1506 capiebam

2204 1529 2548 1598 sextarium;
2597 1538 2907 1602 posuerunt
2945 1543 3167 1600 quoque
3221 1536 3352 1598 ante
3409 1541 3520 1583 eos
3585 1542 3781 1593 vermes,

2204 1637 2347 1692 quos
2382 1629 2669 1680 traxerunt
2693 1622 2763 1678 de
2792 1620 2915 1692 ipso
2962 1618 3188 1676 ﬂumine
3231 1634 3461 1691 gressus
3506 1620 3656 1676 sicut
3675 1635 3785 1676 coxa

2204 1713 2469 1783 hominis,
2496 1730 2735 1786 quorum
2769 1728 2938 1784 sapor
2972 1720 3092 1775 erat
3119 1712 3312 1771 melior
3327 1712 3488 1767 omni
3521 1712 3782 1784 ρίιοοςύιι

2135 1789 2182 1851 Β
2208 1804 2407 1861 derunt
2440 1815 2495 1861 et
2525 1804 2726 1877 fungos
2751 1804 3090 1861 rubicundos
3120 1812 3179 1861 et
3223 1818 3494 1859 murenas
3524 1814 3785 1875 [tentantes

2202 1897 2470 1971 ducentas
2497 1897 2905 1970 quinquaginta
2932 1897 3140 1977 libras,
3159 1895 3429 1974 dicentes,
3455 1895 3787 1966 quahabet

2204 1989 2458 2048 fortiores
2496 2000 2683 2063 essent
2703 1991 2759 2046 in
2788 2004 3017 2047 oceano.
3062 1988 3235 2045 Erant
3289 1996 3483 2044 autem
3530 1993 3592 2044 in
3629 1989 3782 2045 eodem

2202 2082 2428 2139 ﬂumine
2456 2083 2676 2140 feminae
2700 2083 2989 2156 capillatae,
3026 2097 3157 2154 qua:
3196 2087 3323 2160 cum
3360 2081 3617 2151 viderint
3636 2090 3791 2145 extra:

2204 2193 2338 2234 neos
2367 2177 2622 2235 homines
2666 2177 2723 2232 in
2764 2176 2884 2248 ipso
2928 2176 3155 2232 ﬂumine
3194 2184 3479 2244 natantes,
3515 2177 3780 2248 apprehen-

2203 2267 2341 2326 dunt
2370 2268 2513 2336 illos,
2551 2277 2605 2324 et
2637 2276 2733 2343 aut
2761 2268 3032 2326 suﬂ‘ocant
3057 2269 3188 2334 illos.
3222 2268 3279 2323 in
3314 2269 3526 2325 eodem
3577 2268 3783 2335 ﬂumine,

2203 2371 2300 2434 aut
2322 2360 2552 2437 trahunt
2584 2377 2682 2418 eos
2712 2361 2856 2417 inter
2884 2376 3094 2417 cannas
3135 2359 3416 2437 riparum,
3438 2370 3511 2418 et
3532 2361 3660 2434 quia
3682 2362 3785 2433 ips:

2205 2462 2337 2510 sunt
2360 2452 2595 2509 nimium
2623 2452 2903 2522 formosa,
2946 2453 3160 2510 faciunt
3209 2453 3333 2525 illos
3362 2469 3569 2523 secum
3597 2453 3780 2509 tamdiu

2205 2546 2604 2630 concumbere,
2640 2562 2932 2619 quousque
2965 2546 3088 2621 sine
3130 2546 3316 2604 anima
3342 2556 3692 2614 remaneant,
3713 2555 3788 2613 aut

2204 2638 2453 2699 nolentes
2466 2653 2563 2708 pre
2594 2639 2763 2695 nimia
2787 2634 2869 2695 ira
2895 2640 3174 2699 occidunt.
3197 2639 3410 2709 Milites
3421 2656 3569 2699 vero
3589 2641 3782 2697 Alexan-

2207 2730 2297 2787 dri
2316 2732 2817 2803 lapprelienderunt
2855 2747 2924 2789 ex
2960 2732 3044 2791 eis
3083 2733 3243 2802 duas,
3292 2749 3423 2805 qua:
3472 2744 3639 2790 erant
3678 2732 3783 2789 alia:

2206 2823 2356 2898 sicut
2374 2823 2488 2891 nix,
2519 2825 2786 2901 habentes
2825 2825 3059 2896 capillos
3097 2826 3292 2899 longos
3325 2841 3427 2897 per
3466 2825 3640 2882 dorsa
3662 2839 3782 2896 spar-

2206 2929 2321 2972 $03.

2277 3008 2555 3065 Abeuntes
2573 3010 2718 3078 inde,
2740 3019 3010 3066 venerunt
3034 3011 3088 3065 in
3117 3011 3336 3088 locum,
3352 3011 3450 3067 ubi
3475 3020 3639 3069 erant
3664 3009 3787 3085 (en,

2207 3099 2276 3157 de
2323 3116 2560 3172 quarum
2610 3102 2883 3177 capitibus
2915 3103 3207 3159 exstabant
3252 3118 3383 3159 ossa
3407 3115 3647 3172 serrata,
3672 3103 3788 3181 sicut

2206 3192 2422 3267 gladius
2443 3204 2624 3263 acula,
2652 3212 2777 3252 cum
2805 3197 3007 3267 quibus
3032 3195 3300 3252 feriebant
3332 3197 3549 3255 milites
3583 3197 3781 3261 fortiter.

2203 3294 2260 3345 et
2288 3287 2491 3346 multos
2532 3287 2753 3360 clypeos
2779 3287 3153 3359 perforabant,
3185 3298 3240 3344 et
3276 3289 3612 3345 occiderunt
3643 3306 3703 3346 ex
3725 3288 3786 3344 eis

2205 3395 2380 3450 usque
2421 3380 2491 3435 ad
2538 3388 2664 3435 octo
2705 3380 2856 3435 milia
2902 3379 3335 3453 quadringentos
3378 3382 3785 3454 quinquaginta.

2203 3471 2395 3544 sicque
2423 3487 2547 3528 cum
2575 3471 2750 3528 multo
2775 3472 2963 3528 labore
3002 3488 3313 3545 magnoque
3339 3473 3601 3544 periculo
3630 3488 3787 3545 perve-

2203 3572 2404 3619 nerunt
2425 3564 2479 3618 in
2502 3562 2785 3621 Fasiacen.
2828 3563 2906 3620 lbi
2929 3564 3170 3636 precepit
3193 3564 3516 3639 Alexander
3537 3566 3691 3621 mihti
3709 3579 3787 3619 suo

2203 3654 2418 3722 Alconi,
2448 3670 2613 3726 quem
2643 3664 3001 3727 preposuerat
3027 3657 3081 3712 in
3107 3648 3351 3725 Perside,
3389 3666 3456 3713 ut
3490 3658 3549 3713 in
3581 3657 3783 3729 Βιὶιςιος

2203 3747 2293 3802 nia
2313 3734 2445 3803 etin
2470 3747 2692 3805 Perside
2712 3757 2977 3815 statueret
3001 3749 3140 3805 duas
3164 3758 3378 3819 statuas
3402 3750 3479 3806 de
3504 3767 3644 3806 auro
3672 3749 3785 3804 iusi~

2203 3841 2303 3907 les,
2360 3840 2647 3911 altitudine
2693 3841 2883 3913 viginti
2923 3842 3168 3914 quinque
3214 3843 3445 3913 pedum,
3494 3855 3552 3900 et
3596 3844 3652 3899 in
3682 3842 3790 3914 ipsis

2204 3932 2466 3988 scriberet
2504 3933 2687 3988 omnia
2724 3932 2867 3990 facta
2910 3931 3029 4001 sua,
3072 3943 3127 3989 et
3163 3934 3218 3988 in
3265 3935 3464 4011 ultima
3509 3936 3680 4001 India,
3717 3934 3788 3989 ubi

2202 4034 2360 4080 erant
2381 4034 2598 4082 centum
2626 4035 2822 4082 statuae
2845 4027 2900 4080 in
2924 4026 3133 4083 honore
3156 4027 3340 4083 Liberi
3366 4036 3423 4084 et
3444 4027 3697 4087 Herculis
3712 4042 3789 4101 po-

2204 4118 2342 4187 sitae,
2382 4119 2617 4192 erigeret
2657 4120 2799 4175 idem
2848 4119 3020 4175 Alcon
3062 4129 3275 4177 statuas
3320 4137 3531 4179 aureas
3575 4124 3789 4194 quinque

501 4210 716 4278 dicens,
770 4213 919 4282 quod
945 4213 1012 4268 de
1062 4215 1281 4284 planctu
1329 4224 1385 4272 et
1412 4217 1623 4273 ululatu
1654 4220 1959 4275 amicorum
1981 4204 2183 4293 eius];~
2206 4211 2489 4268 altitudine
2519 4212 2719 4283 pedum
2753 4212 2942 4269 decem
2984 4213 3039 4267 in
3082 4213 3289 4269 honore
3329 4230 3458 4272 suo.
3502 4214 3694 4287 (Osos.
3723 4228 3789 4277 ιιι,

500 4300 895 4357 irascerentur.
929 4301 1235 4361 Alexander
1284 4305 1470 4379 itaque
1491 4309 1710 4366 rediens
1747 4310 1887 4366 dixit
1907 4312 2100 4368 militi-

499 4394 605 4449 bus
636 4395 773 4463 suis,
811 4404 871 4450 ut
916 4397 1053 4452 nulli
1089 4398 1335 4455 dicerent
1379 4402 1527 4472 quod
1568 4402 1879 4473 audierunt,
1916 4405 2011 4462 sed
2044 4407 2099 4462 in

500 4484 607 4539 li-Je
633 4500 733 4540 sua
766 4499 1158 4545 consorvarent
1192 4490 1344 4546 illud.

574 4573 781 4631 Deinde
809 4587 1078 4634 venerunt
1098 4581 1167 4635 ad
1189 4582 1385 4637 vallem
1402 4586 1699 4655 quandam,
1730 4587 1786 4642 in
1810 4604 1917 4659 qua
1947 4599 2104 4646 erant

502 4677 782 4738 serpentes
804 4669 1068 4727 habentes
1100 4672 1156 4726 in
1189 4673 1332 4729 collo
1364 4675 1573 4746 lapides
1603 4677 1698 4750 qui
1726 4681 1998 4753 smaragdi
2021 4681 2104 4738 di-

502 4771 725 4830 cuntur,
760 4762 856 4820 sed
882 4778 993 4818 non
1023 4767 1346 4835 permittunt
1390 4769 1605 4840 aliquos
1646 4773 1882 4828 transire
1905 4775 2102 4830 vallem

503 4856 700 4927 ipsam.
741 4855 825 4929 (F.
851 4856 1005 4928 225.)
1037 4855 1240 4913 Vivunt
1278 4869 1463 4916 autem
1502 4862 1605 4932 ipsi
1643 4863 1711 4919 de
1741 4864 1916 4929 lasere
1937 4873 1989 4920 et
2016 4867 2102 4937 pi-

502 4964 633 5018 pere
680 4948 827 5017 albo,
872 4956 927 5004 et
971 4949 1205 5021 singulis
1248 4953 1409 5007 annis
1455 4964 1700 5025 pugnant
1744 4956 1887 5011 inter
1929 4972 2009 5026 se,
2049 4967 2104 5013 et

505 5042 694 5097 multis
722 5042 1087 5100 morientibus
1113 5045 1404 5100 solvuntur
1449 5047 1747 5119 smaragdi,
1789 5048 1978 5121 sicque
1998 5050 2106 5105 col-

505 5135 789 5206 liguntur;
842 5136 986 5193 unde
1031 5147 1086 5193 et
1127 5139 1330 5194 milites
1358 5139 1651 5196 Alexandri
1698 5141 1915 5213 aliquos
1962 5143 2104 5198 tule-

2149 4270 2161 4293 ἆ

2207 4304 2320 4375 l9.)
2355 4303 2487 4361 Post
2510 4313 2854 4378 peragratam
2886 4305 3070 4376 itaque
3094 4304 3305 4361 Indiam
3348 4314 3403 4362 et
3448 4307 3787 4379 perdomitam

2206 4397 2513 4453 Alexander
2534 4414 2659 4454 cum
2692 4399 2760 4454 ad
2784 4414 2979 4454 saxum
3004 4399 3171 4461 mirae,
3188 4399 3512 4470 asperitatis
3544 4409 3604 4457 et
3631 4400 3789 4455 altitu-

2133 4525 2183 4586 υ
2206 4491 2372 4558 dinis,
2397 4491 2451 4545 in
2473 4492 2618 4562 quod
2641 4491 2798 4567 multi
2819 4492 3006 4563 populi
3032 4490 3423 4563 confugerunt,
3448 4493 3788 4564 pervenisset,

2207 4593 2264 4638 et
2284 4584 2629 4657 cognovisset
2658 4583 2947 4641 Herculem
2982 4586 3051 4640 ab
3071 4586 3481 4657 expugnatione
3519 4587 3642 4642 saxi
3668 4585 3788 4657 ejus-

2207 4675 2331 4731 dem
2367 4685 2526 4732 terrae
2555 4686 2707 4732 motu
2743 4677 3099 4748 prohibitum,
3141 4678 3497 4734 aemulatione
3532 4686 3789 4749 permotus

2207 4778 2268 4824 ut
2299 4751 2547 4826 Herculis
2588 4769 2731 4825 facta
2774 4779 3078 4841 superaret,
3112 4785 3237 4825 cum
3260 4785 3480 4826 summo
3527 4770 3711 4827 labore
3739 4781 3790 4823 ac

2208 4864 2453 4934 periculo
2492 4864 2699 4934 potitus
2729 4879 2885 4932 saxo,
2927 4879 3120 4937 omnes
3166 4863 3315 4918 illius
3366 4864 3472 4920 loci
3525 4873 3711 4938 gentes
3748 4862 3791 4914 in

2206 4956 2536 5011 deditionem
2589 4955 2818 5028 accepit,
2866 4954 3054 5012 Nisam
3107 4956 3301 5011 urbem
3346 4956 3513 5023 adiit,
3568 4955 3793 5013 Dedalios

2209 5057 2424 5104 montes
2466 5063 2809 5121 regnumque
2847 5047 3146 5119 Cleophilis
3197 5049 3791 5122 reginatexpugnarit;

2208 5158 2331 5213 quze
2372 5158 2498 5198 cum
2543 5158 2602 5199 se
2653 5142 2913 5206 dedisset,
2967 5142 3263 5198 concubitu
3294 5159 3525 5216 regnum
3566 5140 3791 5197 redemit.

509 5235 658 5293 runt,
704 5228 799 5300 qui
850 5244 1105 5300 magnam
1156 5230 1392 5288 formam
1439 5233 1771 5289 habuerunt.
1832 5234 1961 5291 Inde
2009 5251 2108 5307 per
2148 5236 2221 5311 (τέ-
2282 5234 2471 5305 (Onos.
2518 5252 2599 5304 ιιι,
2644 5252 2692 5292 c.
2748 5235 2863 5306 ευ.)
2909 5235 3151 5291 Subacto
3181 5235 3352 5308 igitur
3389 5236 3544 5290 omni
3584 5236 3792 5295 oriente,

510 5333 705 5389 magna
768 5320 1010 5390 pericula
1062 5330 1333 5378 venerunt
1375 5324 1432 5379 in
1476 5326 1679 5396 locum,
1707 5327 1801 5383 ubi
1827 5338 1986 5395 erant
2016 5329 2111 5384 be-

506 5412 625 5468 stia:
655 5412 919 5469 habentes
945 5415 1123 5486 capita
1139 5416 1283 5471 sicut
1306 5419 1480 5488 porci,
1498 5420 1703 5476 caudas
1732 5421 1875 5477 sicut
1899 5422 2107 5489 leones,

510 5505 743 5577 ungulas
774 5507 913 5562 duas
943 5506 998 5561 in
1030 5508 1319 5565 latitudine
1349 5526 1440 5565 sex
1470 5512 1692 5582 pedum,
1731 5529 1858 5569 cum
1905 5513 2108 5583 quibus

507 5597 708 5653 milites
740 5597 1009 5654 feriebant
1036 5601 1288 5657 multum.
1314 5601 1467 5659 Mixti
1501 5606 1581 5663 eis
1603 5616 1759 5664 erant
1787 5616 1840 5663 et
1864 5607 2105 5679 griphos,

2211 5328 2567 5402 Babyloniam
2604 5329 2854 5385 celeriter
2882 5329 3061 5395 rediit,
3106 5329 3201 5385 ubi
3245 5345 3374 5386 eum
3419 5328 3793 5383 exterritarum

2214 5422 2382 5477 totius
2418 5422 2568 5479 orbis
2599 5423 3009 5493 provinciarum
3031 5424 3193 5495 legati
3231 5419 3679 5493 Opperiebantur,
3705 5418 3795 5474 sri-

2218 5515 2341 5571 licet
2367 5515 2849 5589 Kartaginensium
2877 5517 3156 5588 totiusque
3174 5515 3370 5571 Africae
3387 5513 3695 5580 civitatum,
3708 5509 3796 5581 ily-

2218 5625 2516 5680 spanorum
2563 5620 2615 5667 et
2662 5610 2963 5681 Gallorum,
3015 5609 3217 5668 Sicilia:
3258 5607 3659 5681 Sardiniaque,
3692 5612 3795 5677 plu.

1810 5702 2039 5760 VARUS
2078 5702 2481 5762 LECTIONES.

582 5786 649 5818 ¹¹⁸
682 5789 826 5843 deest
864 5790 913 5843 1.
