3876 6306
80 293 162 353 60‘
987 284 1356 347 CHRONICA.
1394 315 1465 328 -
1501 282 1898 342 CHRONICON
1934 279 2397 339 UNIVERSALE.
3241 265 3353 332 (702

79 410 461 482 ritume
492 404 662 480 partis
700 405 911 462 Italim.‘
932 404 1143 461 Tantus
1167 403 1317 460 enim
1341 403 1507 460 timor
1529 417 1661 457 con-
1690 404 1737 460 A
1763 416 1913 456 nemo
1949 400 2085 456 sciat
2120 399 2279 471 ﬁnem
2325 412 2517 465 meum,
2543 393 2689 451 'cum
2731 402 2789 459 tu
2831 410 2934 450 non
2978 394 3144 465 fueris
3188 394 3351 466 digna

78 506 234 565 stituti
262 505 320 561 in
368 518 593 560 summo
624 501 834 558 oriente
861 499 1019 555 ducis
1054 498 1284 569 populos
1304 497 1481 554 ultimi
1507 496 1654 553 occi—
1756 491 1985 563 gaudere
2006 508 2229 546 mecum.
2267 488 2401 557 Qua:
2422 488 2674 560 quamvis
2702 487 2933 544 invitum
2972 485 3189 543 reduxit
3219 501 3348 543 eum

76 597 233 654 dentis
260 598 570 662 invaserat,
605 603 667 650 ut
702 593 829 649 inde
862 591 1203 663 peregrinam
1244 603 1495 649 cerneres
1534 595 1652 645 toto
1754 582 2046 639 adlectum
2077 598 2261 649 suum,
2285 582 2474 638 dicens
2503 600 2515 636 :
2550 579 2611 636 Si
2637 582 2774 636 venit
2802 582 2927 653 ﬁnis
2969 591 3111 653 tuus,
3155 583 3347 638 ordino

75 690 259 749 mundo
286 689 637 760 legationem,
674 701 786 757 quo
816 685 908 740 γίχ
938 683 1191 741 crederes
1219 682 1533 755 pervenisse
1556 697 1652 736 ru.
1699 675 1983 760 lprimum
2006 672 2070 729 de
2092 673 2262 729 nobis.
2307 672 2390 744 (F.
2421 671 2568 744 117.)
2595 670 2793 727 Statim
2822 671 2951 729 fecit
2977 674 3161 730 venire
3185 682 3346 731 nota-

76 718 259 749 munuu
286 718 637 760 ισδᾱιιυυυιυ,
674 718 786 757 quo
824 718 908 740 υι
938 718 1191 741 vomica
1219 718 1307 755 νεῖαι
1324 718 1533 739 νωιωον
1556 718 1651 736 ιυι-
1751 718 1983 744 r"""""
2006 718 2068 729 "'
2093 718 2262 729 """""
2307 718 2353 744 ν·
2378 718 2390 729 ’
2425 718 2482 727 ⁸·
2501 718 2567 744 "I
2597 718 2793 727 “'"'""‘
2822 718 2951 729 "'""
2987 718 3160 730 "’""'
3185 718 3313 731 """'

73 798 280 839 morem.
330 780 511 853 (ηίει,
558 778 741 850 Μαι.)
792 776 923 834 ενοι
967 786 1153 835 autem
1205 793 1273 834 εχ
1309 718 1919 847 principibui/rium,
1964 773 2020 821 et
2067 765 2341 823 ordinavit
2387 773 2775 822 testamentum
2804 784 2817 820 :
2851 763 2911 820 Si
2957 764 3164 822 Roxani
3209 778 3347 822 uxor

73 874 179 946 ejus
213 873 441 946 quidam
488 872 797 944 Antipater,
833 872 1046 928 habens
1071 870 1212 927 duos
1236 869 1378 927 ﬁlios
1416 869 1651 926 Cassan-
1750 877 1866 916 mea
1907 862 2145 933 genuerit
2188 877 2255 916 ea:
2292 876 2374 915 me
2414 859 2609 932 ﬁlium,
2653 861 2764 932 ipse
2814 869 2986 916 teneat
3016 877 3264 933 regnum,
3293 869 3345 915 et

75 970 213 1026 drum
234 975 290 1022 et
318 964 547 1035 Yolum,
583 980 824 1037 quorum
849 963 1022 1022 Yolus
1056 963 1316 1035 pincerna
1338 971 1457 1019 erat
1479 962 1644 1036 regis.
1748 954 2055 1025 imponatur
2086 953 2136 1009 ei
2180 969 2368 1009 nomen
2410 953 2550 1024 quod
2583 952 2907 1024 principibus
2944 953 3224 1025 placuerit.
3282 950 3351 1015 Si

75 1059 158 1117 llic
186 1062 311 1132 ergo
343 1058 634 1131 Antipater
661 1059 887 1117 absente
923 1057 1233 1113 Alexandro
1256 1057 1429 1112 multa
1457 1065 1649 1115 contra
1748 1054 1926 1103 autem
1952 1044 2131 1127 ﬁliam
2149 1046 2407 1117 genuerit,
2432 1044 2635 1116 eligant
2674 1046 2779 1101 sibi
2823 1044 3136 1103 Macedones
3169 1061 3342 1116 regem

76 1170 182 1210 eum
219 1153 359 1211 clam
394 1152 751 1220 moliebatur,
789 1150 908 1225 (fol.
949 1151 1079 1223 217)
1116 1150 1185 1208 de
1227 1150 1430 1221 quibus
1469 1158 1646 1207 mater
1745 1154 1899 1209 quem
1936 1137 2217 1195 voluerint.
2257 1135 2464 1207 Custos,
2499 1137 2734 1209 corporis
2786 1139 2889 1193 mei
2928 1148 2979 1194 et
3023 1137 3343 1221 gubernator

1745 1228 1972 1301 Egypti
2005 1228 2353 1289 Ptholomeus
2393 1230 2515 1285 erit.
2570 1229 2817 1286 Aliarum
2861 1244 3084 1303 quoque
3116 1230 3338 1303 provin-

1745 1318 1956 1375 ciarum
2017 1320 2437 1391 dispositionem
2493 1319 2651 1389 t‘ecit,
2706 1336 2910 1391 easque
2954 1322 3140 1391 pueris
3191 1322 3338 1397 suis,

1742 1420 1908 1482 prout
1925 1412 2160 1469 voluerit
2198 1406 2331 1471 dum
2365 1412 2544 1468 adhuc
2570 1412 2796 1480 viveret,
2834 1412 3038 1480 divisit,
3067 1429 3207 1483 quas
3250 1413 3337 1469 di-

1742 1500 1984 1558 visiones
2006 1502 2137 1574 quia
2167 1503 2380 1560 diverse
2409 1503 2643 1574 scriptas
2677 1501 2873 1576 reperi,
2917 1503 3063 1559 velut
3101 1504 3339 1563 incertas

1740 1593 2069 1664 pretermisi.
2088 1593 2172 1666 (Ε.
2197 1595 2368 1664 218‘.)
2399 1594 2751 1651 Dill‘amatum
2774 1603 2865 1673 est.
2882 1584 3061 1651 autem
3087 1611 3181 1667 per
3201 1612 3339 1652 cun-

1743 1693 1892 1741 ctum
1942 1687 2228 1757 populum,
2272 1696 2552 1743 mortuum
2604 1703 2727 1744 esse
2761 1687 3155 1744 Alexandrum.
3210 1686 3339 1744 Mox

76 1247 175 1318 ejus
209 1243 494 1318 Olympias
536 1245 724 1303 multis
747 1245 960 1301 vicibus
1001 1244 1294 1314 scripserat
1318 1243 1369 1300 ei
1388 1252 1444 1300 et
1472 1259 1646 1316 angu-

77 1339 335 1396 stiabatur.
374 1337 521 1393 Cum
551 1347 733 1394 autem
776 1346 1083 1400 moraretur
1120 1336 1424 1392 Alexander
1467 1334 1645 1407 Baby-

73 1431 228 1500 lonite,
250 1429 402 1488 misit
431 1429 723 1501 Antipater
742 1429 811 1484 ad
844 1428 1153 1484 maleﬁcum
1181 1427 1476 1499 quendam,
1499 1426 1642 1499 egit-

75 1539 163 1596 que
184 1539 303 1581 eum
334 1537 426 1591 eo,
452 1530 518 1577 ut
539 1522 693 1578 daret
711 1520 818 1577 sibi
838 1535 1170 1576 venenosam
1198 1518 1499 1592 potionem.
1534 1517 1640 1586 Qui

75 1615 179 1671 fecit
194 1615 247 1681 ei
265 1616 428 1671 talem
457 1615 758 1686 potionem,
789 1620 856 1669 ut
877 1626 988 1670 non
1014 1621 1159 1669 esset
1178 1627 1276 1669 vas
1294 1610 1441 1684 quod
1467 1611 1639 1668 susti-

76 1719 203 1765 neret
228 1709 393 1765 illam.
433 1708 589 1765 Fecit
616 1723 749 1780 ergo
778 1706 1166 1763 cantbarellam
1197 1704 1430 1762 ferream
1448 1714 1503 1762 et
1530 1704 1638 1760 mi-

75 1802 406 1874 supotionem
453 1803 512 1859 in
554 1774 709 1870 eam:
728 1802 977 1872 dansque
1019 1799 1134 1857 mia
1173 1813 1276 1855 suo
1300 1798 1635 1866 Cassandro,
1670 1774 1714 1831 Β
1739 1778 1923 1834 cuncti
1953 1777 2277 1837 Macedones
2322 1779 2604 1837 vociferati
2645 1789 2796 1849 sunt,
2835 1780 3079 1838 dicentes
3107 1780 3337 1838 cubicu-

77 1896 240 1970 direxit
269 1912 393 1953 eum
430 1895 489 1950 in
518 1895 813 1970 servicium
856 1891 1170 1961 Alexandri,
1219 1891 1526 1965 precipiens
1575 1899 1637 1947 ut

76 1988 350 2058 loqueretur
379 1986 545 2044 fratri
574 2003 677 2045 suo
712 1986 871 2054 Yolo,
898 1985 1159 2058 quatinus
1182 1984 1460 2056 potionem
1483 1985 1633 2041 illam

77 2082 201 2136 daret
224 2080 553 2136 Alexandro.
594 2079 808 2155 Accidit
838 2088 1020 2136 autem
1054 2079 1147 2149 illo
1173 2079 1230 2133 in
1273 2087 1534 2149 tempore,
1574 2087 1636 2133 ut

76 2182 340 2243 percuteret
358 2174 673 2229 Alexander
692 2172 893 2229 Yolum
915 2173 972 2228 in
992 2180 1176 2242 caput,
1199 2186 1309 2227 non
1340 2172 1631 2228 habentem

79 2266 274 2336 culpam.
311 2264 393 2337 (Ἑ.
443 2262 791 2337 218.>Ὂυᾶθ
829 2264 1049 2336 juvenis
1082 2264 1270 2320 dolore
1299 2273 1630 2331 commotus,

79 2356 250 2429 accepit
266 2357 547 2427 potionem
578 2356 764 2412 animo
798 2365 973 2428 grato.
1014 2355 1155 2411 Cum
1177 2363 1360 2411 autem
1401 2355 1635 2411 sedisset

80 2447 339 2504 Alexander
360 2448 415 2503 in
438 2447 697 2505 convivio
728 2462 856 2503 cum
896 2446 1238 2517 principibus
1267 2461 1332 2502 ac
1364 2445 1630 2500 militibus

79 2539 185 2607 suis,
207 2540 361 2612 coepit
396 2540 575 2615 laetari
601 2548 655 2597 et
674 2541 950 2612 iucundus
963 2555 1086 2596 esse
1114 2541 1255 2597 ultra
1286 2540 1530 2597 modum.
1568 2538 1629 2595 In

80 2631 224 2693 medio
249 2641 423 2689 autem
454 2631 711 2689 convivio
745 2647 872 2688 cum
900 2630 1137 2701 amplius
1165 2629 1513 2702 ampliusque
1536 2631 1631 2686 lte-

78 2730 246 2793 taretur
268 2723 549 2796 multaque
568 2723 638 2781 ad
666 2723 923 2796 convivas
958 2723 1294 2795 loqueretur,
1321 2722 1504 2779 subito
1530 2737 1628 2793 pe-

77 2811 146 2867 tiit
175 2813 265 2870 sibi
301 2815 422 2894 dari,
454 2793 674 2887 potum.
716 2793 887 2873 iratus
917 2793 1149 2872 infector
1175 2815 1314 2871 tanti
1345 2815 1473 2871 mali
1495 2829 1626 2886 por-

76 2905 190 2960 rexit
216 2907 261 2962 ei
279 2923 569 2965 venenum.
612 2907 770 2975 Quod
792 2923 920 2984 cum
957 2908 1207 2977 bibisset,
1233 2908 1417 2965 subito
1443 2908 1627 2964 excla-

76 2996 210 3052 mavit
242 3013 364 3055 voce
399 3015 629 3077 magna,
673 3001 834 3072 quasi
869 3000 1070 3073 aliquis
1108 3002 1351 3058 misisset
1373 3002 1623 3057 lanceam

77 3084 118 3157 in
139 3088 270 3158 jecur
285 3091 419 3165 ejus.
462 3092 759 3149 Paululum
783 3101 967 3149 autem
993 3095 1281 3156 continens
1303 3108 1362 3150 se
1385 3102 1441 3150 et
1459 3093 1624 3150 suffe-

78 3195 173 3237 rens
198 3182 446 3253 dolorem,
489 3187 730 3259 surrexit
756 3203 785 3241 a
811 3186 1083 3254 convivio,
1110 3201 1314 3259 regens
1345 3185 1621 3257 principes

77 3288 123 3327 ac
143 3277 315 3334 milites
349 3280 545 3335 sedere
590 3288 645 3335 et
687 3280 1021 3336 comedendo
1052 3296 1116 3336 ac
1149 3280 1386 3336 bibendo
1424 3280 1617 3338 laetari.

76 3364 135 3420 illi
154 3384 262 3425 vero
280 3373 506 3440 turbati,
534 3383 893 3429 surrexerunt
927 3390 958 3429 a
994 3390 1206 3441 mensa,
1241 3380 1620 3444 steteruntque

77 3456 348 3531 forinsecus,
381 3474 440 3520 ut
475 3466 725 3521 viderent
756 3476 1011 3523 eventum
1049 3468 1148 3523 rei.
1184 3465 1493 3522 Alexander
1520 3482 1619 3521 au-

76 3557 156 3604 tem
178 3554 343 3611 volens
362 3573 610 3624 vomere,
636 3559 874 3628 quesivit
900 3574 1156 3628 pennam,
1191 3569 1251 3615 ut
1284 3560 1521 3615 mitteret
1560 3562 1618 3615 in

76 3650 219 3712 guttur
244 3664 394 3704 suum
418 3651 495 3705 ad
528 3652 936 3720 provocandum
959 3654 1221 3709 vomitum
1245 3672 1259 3722 ;
1289 3653 1460 3711 Yol'us
1487 3670 1617 3710 vero

76 3740 306 3802 inveniens
340 3764 600 3818 pennam,
648 3749 826 3804 linivit
868 3762 1009 3805 eam’
1030 3766 1261 3819 veneno,
1292 3758 1348 3806 et
1373 3752 1616 3821 porrexit

75 3832 146 3887 illi.
175 3834 329 3902 Quam
370 3855 501 3895 cum
545 3841 635 3896 ille
684 3841 741 3895 in
785 3850 972 3913 guttur
1019 3842 1276 3908 mitteret,
1319 3844 1497 3916 magis
1551 3860 1615 3900 ac

73 3926 207 3997 magis
252 3933 476 4004 urgebat
523 3950 649 3989 eum
708 3948 975 3989 venenum
1005 3977 1020 4001 ,
1070 3943 1350 4007 totamque
1397 3947 1613 3993 noctem

73 4016 183 4073 illam
204 4021 343 4078 duxit
362 4025 693 4081 insomnem.
731 4026 912 4098 Altera
936 4042 1066 4083 vero
1086 4027 1173 4083 die
1200 4043 1325 4082 eum
1352 4030 1613 4085 sensisset

73 4124 114 4161 se
132 4113 286 4178 positu
308 4134 338 4169 η
371 4116 425 4171 in
459 4117 626 4183 malo,
663 4119 987 4174 convocavit
1014 4134 1206 4175 omnes
1233 4119 1434 4176 milites
1457 4136 1609 4187 suos,

72 4208 110 4261 et
131 4210 405 4265 ammonuit
448 4226 567 4279 eos,
600 4220 659 4265 ut
688 4211 825 4266 bene
867 4220 921 4267 et
950 4211 1172 4282 paciﬁee
1208 4212 1350 4268 inter
1372 4227 1430 4268 se
1460 4212 1611 4267 vive»

72 4302 176 4348 rent.
207 4296 357 4356 Facta
379 4318 514 4358 vero
537 4311 715 4370 nocte,
748 4303 990 4374 precepit
1020 4319 1214 4359 omnes
1238 4304 1388 4360 exire
1417 4303 1484 4359 de
1514 4319 1610 4359 cu-

71 4382 227 4457 biculo,
250 4393 407 4468 simul
429 4404 487 4450 et
508 4394 720 4451 Roxani
751 4411 974 4451 uxorem
999 4411 1174 4451 suam.
1214 4397 1463 4468 Cumque
1486 4411 1609 4451 om-

71 4483 393 4553 nesexissent,
421 4487 664 4558 precepit
687 4488 904 4543 cuidam
933 4486 1189 4543 familiari
1215 4504 1316 4544 suo
1346 4497 1405 4545 ut
1428 4489 1607 4560 aperi-
1640 4514 1684 4568 ι)

71 4582 129 4625 ret
149 4577 326 4648 regiam
352 4580 501 4651 (2H)
553 4598 676 4652 qua:
719 4592 837 4637 erat
878 4598 1044 4653 super
1085 4583 1409 4639 descensum
1452 4582 1605 4639 ﬂuvii

68 4660 279 4739 Eafratis,
315 4683 518 4729 etcum
547 4692 707 4731 nemo
746 4676 819 4730 ibi
861 4689 1026 4743 esset,
1057 4677 1229 4733 erexit
1252 4693 1311 4733 se
1338 4678 1405 4734 de
1428 4687 1602 4734 strata

68 4769 143 4809 suo
181 4763 341 4820 media
387 4776 566 4835 nocte,
613 4776 667 4823 et
713 4768 977 4824 exstinxit
1019 4769 1321 4837 lucernam,
1368 4777 1422 4825 et
1473 4771 1602 4840 quia

67 4860 150 4902 non
174 4855 371 4914 valebat
393 4870 610 4917 erectus
643 4861 741 4929 ire,
775 4862 1031 4918 manibus
1054 4856 1394 4933 pedibusque
1419 4871 1601 4933 repta-

68 4938 123 4993 vit
149 4960 229 5014 per
247 4958 439 5009 terram
464 4955 532 5010 ad
565 4954 790 5023 ﬂumen,
819 4964 879 5011 ut
907 4965 1241 5027 mergeretur
1267 4956 1323 5010 in
1356 4971 1442 5011 eo.
1484 4955 1598 5011 Ro-

68 5038 160 5089 iani
183 5051 347 5100 autem
384 5064 525 5104 uxor
564 5048 685 5119 ejus
723 5048 974 5120 vigilans,
1015 5058 1071 5105 et
1110 5050 1302 5105 videns
1329 5065 1455 5104 eum
1490 5057 1604 5104 ten-

66 5125 238 5189 dentem
269 5140 333 5194 ad
364 5141 587 5210 ﬂumen,
624 5152 810 5200 secuta
854 5154 936 5201 est
978 5161 1105 5200 eum
1151 5161 1317 5200 cursu
1364 5145 1598 5201 velocrs-

65 5216 190 5289 δίωο,
215 5237 265 5282 et
292 5245 413 5288 cum
438 5235 551 5305 jam
583 5250 752 5307 prope
782 5236 985 5291 ﬂumen
1014 5252 1074 5292 se
1107 5236 1438 5301 advolveret,
1481 5252 1599 5290 am-

65 5308 234 5374 plexata
250 5333 330 5378 est
350 5339 497 5393 eum,
526 5327 714 5383 dicens
745 5348 760 5385 :
795 5328 915 5383 Heu
944 5346 1022 5384 me
1054 5330 1331 5397 miseram,
1366 5339 1423 5384 ut
1468 5330 1596 5400 quid

64 5403 178 5457 radis
199 5415 508 5485 temetigsum
534 5421 771 5475 occidere
796 5423 822 5475 .’
847 5421 948 5477 Cui
971 5422 1060 5478 ille
1090 5441 1105 5477 :
1135 5421 1242 5478 Oro
1267 5432 1335 5489 te,
1360 5420 1591 5490 Romani,

1740 1869 1936 1926 lariis:
1972 1868 2192 1940 Scitote,
2236 1871 2363 1944 quia
2407 1888 2582 1928 omnes
2623 1889 2711 1927 vos
2757 1872 3074 1942 occidemus,
3106 1873 3211 1928 nisi
3240 1871 3336 1929 de-

1741 1964 2163 2019 monstraveritis
2190 1962 2341 2019 nobis
2366 1964 2641 2022 dominum
2672 1973 2930 2021 nostrum.
2951 1964 3035 2039 (F.
3066 1965 3220 2039 219.)
3243 1964 3340 2022 Ille

1739 2063 1919 2111 autem
1944 2056 2173 2113 audiens
2193 2066 2249 2114 et
2274 2073 2610 2131 cognoscens
2629 2073 2822 2115 eorum
2845 2058 3330 2130 perturbationem,

1738 2148 2001 2220 precepit,
2029 2157 2092 2205 ut
2118 2150 2367 2207 tollerent
2395 2166 2523 2206 eum
2549 2167 2676 2207 cum
2704 2150 2824 2222 ipso
2858 2152 3001 2211 lecto
3027 2151 3084 2206 in
3114 2166 3227 2222 quo
3247 2152 3335 2224 ja—

1736 2237 1917 2306 cebat,
1959 2247 2015 2294 et
2057 2250 2323 2312 ponerent
2362 2257 2489 2297 eum
2530 2240 2587 2296 in
2628 2241 2974 2298 eminentiori
3002 2250 3057 2298 et
3080 2241 3334 2314 spacioso

1736 2331 1880 2400 loco,
1915 2341 1975 2388 ut
2003 2343 2191 2404 posset
2217 2334 2389 2390 videri
2413 2334 2482 2391 ab
2518 2335 2809 2402 omnibus;
2839 2344 2893 2390 et
2920 2334 3117 2390 sedens
3153 2334 3209 2390 in
3249 2334 3331 2392 le-

1734 2436 1844 2492 cto,
1876 2427 2147 2495 percussit
2179 2435 2371 2498 pectus
2402 2442 2585 2495 suum,
2617 2426 2756 2484 ﬂens
2794 2427 3074 2495 amariter,
3108 2435 3165 2485 et
3198 2442 3333 2484 voce

1734 2529 1934 2588 magna
1977 2518 2274 2574 clamavit:
2310 2517 2430 2574 Heu
2472 2536 2571 2586 me,
2620 2519 2924 2575 Alexander
2980 2521 3229 2588 moritur,
3278 2528 3331 2577 et

1736 2604 2051 2664 Macedonia
2082 2610 2392 2666 minuetur!
2423 2609 2469 2667 0
2502 2610 2837 2680 Macedones,
2871 2628 3058 2668 nomen
3102 2621 3333 2667 vestrum

1732 2700 1925 2755 amodo
1950 2719 2108 2774 super
2136 2702 2389 2759 barbaros
2427 2720 2532 2759 non
2558 2703 2942 2765 dominabitur,
2989 2702 3144 2760 Tunc
3176 2703 3330 2761 dixe-

1730 2800 1863 2848 runt
1882 2792 2206 2853 Macedones
2227 2811 2419 2853 omnes
2447 2796 2544 2870 qui
2571 2796 2856 2854 asstabant
2884 2815 2898 2852 :
2935 2795 3129 2853 Melius
3161 2797 3326 2869 fuerit

1729 2884 1879 2940 nobis
1914 2887 2156 2942 omnibus
2183 2889 2319 2943 mori
2364 2897 2553 2957 tecum,
2595 2890 2724 2961 quia
2754 2896 2875 2958 post
2919 2897 3140 2943 mortem
3176 2897 3326 2944 tuam

1729 2993 1834 3031 non
1861 2979 2027 3033 stabit
2057 2978 2388 3037 Macedonia:
2438 2998 2672 3054 regnum.
2726 2979 2861 3037 Post
2906 2982 3023 3038 hac
3072 2990 3328 3041 mortuus

1726 3079 1813 3127 est
1848 3070 2175 3141 Alexander,
2205 3082 2260 3129 et
2284 3083 2589 3146 posuerunt
2624 3091 2751 3131 eum
2779 3074 2835 3130 in
2872 3071 3319 3145 currum'suum,

1724 3162 2110 3236 duxeruntque
2152 3181 2186 3221 a
2220 3164 2516 3239 Babylonia
2556 3167 2609 3222 in
2650 3166 3059 3223 Alexandriam.
3097 3167 3324 3225 Ptholo-

1722 3270 1878 3312 meus
1902 3267 2106 3326 autem,
2138 3257 2284 3314 ﬁlius
2309 3257 2462 3330 Lagi,
2488 3259 2744 3331 pergebat
2774 3268 2899 3315 ante
2930 3275 3156 3315 currum
3176 3259 3325 3331 ejus,

1720 3348 1944 3417 plorans
1970 3358 2024 3405 et
2052 3350 2240 3406 dicens
2271 3369 2283 3404 :
2324 3349 2369 3405 Ο
2403 3351 2692 3422 fortissime
2725 3350 3046 3418 Alexander,
3083 3368 3187 3405 non
3227 3367 3319 3408 oc-

1718 3439 1903 3496 cidisﬂ'
1936 3450 2111 3497 tantos
2142 3443 2197 3497 in
2233 3443 2341 3498 vita
2364 3452 2478 3512 tua,
2500 3452 2725 3515 quantos
2750 3445 2805 3499 in
2826 3453 2994 3500 morte
3017 3453 3130 3499 tua.
3172 3442 3318 3500 Fue-

1719 3542 1851 3588 runt
1885 3543 2070 3589 autem
2114 3535 2233 3592 dies
2261 3536 2386 3591 vita:
2424 3536 2543 3608 ejus
2584 3536 2674 3605 55,
2716 3536 2869 3609 regni
2911 3552 3041 3593 vero
3078 3538 3167 3605 l2,
3214 3551 3312 3593 sex

1718 3634 1842 3682 ante
1868 3626 2300 3685 destructionem
2325 3630 2477 3703 regni
2499 3628 2816 3697 Persarum,
2850 3630 2906 3685 in
2950 3632 3181 3703 septimo
3225 3631 3314 3705 ine

1714 3718 1944 3777 ter-lecto
1976 3719 2140 3779 Dario
2176 3722 2309 3779 illud
2353 3722 2659 3791 destruxit,
2704 3722 2947 3794 quinque
2984 3732 3176 3795 postea
3222 3739 3315 3780 rc-

1715 3814 1902 3884 gnavit
1931 3816 1969 3871 ‘.

1716 3927 1879 3983 ‘Add.
1906 3930 1958 4004 5.
1979 3929 2233 4004 Condidit
2256 3943 2437 3989 autem
2460 3934 2626 3989 urbes
2648 3933 2736 4000 12,
2761 3949 2904 4004 quas
2919 3946 3111 3989 omnes
3131 3947 3233 3989 suo
3247 3935 3319 3991 de

1787 4000 2011 4075 nomine
2041 4003 2404 4075 Alexandrias
2437 4000 2796 4075 nuncupavit;
2827 4004 3160 4075 Alexandria
3189 4021 3314 4075 qua:

1787 4070 2007 4145 condita
2054 4080 2138 4127 est
2185 4073 2300 4145 sub
2348 4073 2570 4145 nomine
2614 4070 2851 4145 Bucel‘ali
2891 4076 3040 4145 equi,
3077 4070 3315 4131 Alex—an-

1785 4140 1904 4214 dria
1936 4151 2250 4214 montuosa,
2276 4144 2605 4199 Alexandria
2640 4146 2783 4214 apud
2814 4140 3041 4211 Porum,
3071 4145 3309 4201 Alexan-

1784 4211 1904 4286 dria
1950 4212 2005 4266 in
2052 4211 2294 4286 Seitbia,
2338 4211 2690 4270 Alexandria
2710 4214 3032 4286 Babylonis,
3073 4216 3311 4272 Alexan-

1783 4282 1903 4338 dria
1954 4285 2099 4359 apud
2145 4284 2510 4359 Massagetas,
2535 4282 2889 4359 Alexandri?!
2936 4287 3091 4359 θριξά,
3135 4286 3310 4359 ΑΞΒΥ·

1784 4361 1960 4429 ptum,
1993 4355 2321 4429 Alexandria
2334 4354 2491 4429 apud
2523 4355 2762 4429 Origala,
2801 4354 3130 4429 Alexandria
3162 4354 3305 4429 apud

1782 4422 2103 4499 Granicum,
2128 4422 2453 4483 Alexandria
2488 4422 2947 4499 apud'TrOadem,
2978 4422 3307 4499 Alexandria

1782 4497 1928 4582 apud
1950 4496 2224 4582 Tigridem
2249 4499 2497 4566 ﬂuvium,
2520 4496 2847 4582 Alexandria
2876 4501 3019 4571 apud
3040 4498 3301 4582 Xantum.

1779 4564 2067 4642 [insignivit
2097 4584 2227 4641 ergo
2257 4586 2446 4626 earum
2480 4564 2672 4642 muros
2718 4564 3023 4642 primorum
3063 4571 3308 4642 quinque

1779 4637 2185 4713 elementorum
2205 4642 2283 4695 uti
2310 4642 2582 4713 legeretur
2618 4641 2672 4697 in
2708 4637 2787 4713 eis
2814 4661 2827 4697 :
2854 4637 3155 4697 Alexander
3190 4637 3304 4711 νέετ,

1776 4725 1936 4781 genus
1958 4709 2128 4775 lovis,
2157 4711 2300 4781 fecit,
2326 4709 2393 4766 Αἱ
2422 4713 2487 4767 Β.
2517 4725 2572 4768 Γ.
2611 4726 2665 4768 Δ.
2710 4712 2807 4779 Η.,
2845 4714 2931 4769 vel
2960 4714 3081 4768 aliis
3106 4709 3305 4769 litteris

1776 4802 1829 4835 α.
1872 4779 1936 4834 Ρ.
1982 4781 2045 4836 C.
2102 4779 2167 4836 HL
2221 4793 2282 4840 6.
2332 4782 2400 4855 Et
2440 4800 2605 4855 quem
2642 4783 2792 4839 orbis
2833 4785 3123 4839 universus
3158 4783 3305 4838 ferro

1777 4865 2042 4921 superare
2071 4869 2200 4929 ‘non
2250 4854 2616 4929 potuit,’vino
2654 4865 2710 4911 et
2754 4869 2962 4911 veneno
3012 4863 3304 4925 superatus
3390 4886 3430 4929 η,

1775 4930 1939 4993 atque
1974 4924 2249 4981 extinctus
2283 4925 2561 4981 occubuit.

3403 3896 3479 3996 τηί

3329 4948 3421 4967 ..μ-ιι

3328 4976 3381 4991 με,

1783 5055 1997 5129 litem.)
2054 5058 2223 5131 igitur
2265 5061 2334 5093 ²¹⁹
2379 5069 2504 5132 post
2553 5070 2782 5117 mortem
2837 5060 3131 5118 Alexandri
3172 5075 3301 5120 cum

1708 5148 1865 5203 multi
1898 5149 2003 5205 sibi
2042 5153 2416 5219 succederent,
2452 5154 2690 5210 obtinuit
2729 5154 3085 5210 Ptholomeus
3130 5153 3300 5226 Egy-

1704 5252 1878 5312 ptum,
1917 5244 2221 5317 Philippus,
2253 5248 2347 5318 qui
2388 5257 2442 5303 et
2481 5248 2735 5315 Arideus,
2777 5248 2945 5304 Frater
2988 5247 3295 5315 Alexandri,

1703 5333 2073 5393 Macedoniam
2119 5340 2210 5405 “°,
2245 5338 2527 5408 Seleucus,
2574 5340 2670 5411 qui
2703 5349 2758 5397 et
2792 5339 3050 5406 Nicanor,
3083 5338 3298 5411 Syriam

1701 5434 1754 5481 et
1780 5424 2131 5499 Babyloniam
2163 5440 2217 5486 et
2244 5447 2409 5504 regna
2454 5433 2703 5501 orientis,
2740 5434 3052 5506 Antigonus
3085 5430 3299 5487 Asiani.

1300 5514 1533 5573 VARI‘E
1574 5517 1980 5577 LECTIONES.

119 5588 175 5621 ω
200 5592 292 5649 ηδε
315 5604 478 5673 ρει-σία
504 5605 585 5660 10.
665 5609 736 5641 ²¹⁰
771 5611 1148 5666 macedoniam
1168 5641 1238 5651 —
1261 5609 1489 5666 orientis
1525 5627 1550 5665 ε
1578 5627 1715 5665 corr.
1746 5612 1795 5667 1.

1507 5702 1737 5760 NOTAE.

121 5767 242 5846 (εΗ)
274 5775 310 5832 1.
339 5797 385 5836 e.
406 5783 647 5853 januam.
