3876 6306
593 291 699 350 605

1761 304 2159 361 EKKEHARDI
2196 305 2663 367 URAUGIENSIS

3675 330 3745 388 tibi

593 409 759 466 ceteri
782 413 988 484 quique
1024 417 1142 473 loca
1186 412 1289 474 sibi
1329 419 1638 477 distributa.
1702 421 1889 494 tOBOS.
1939 439 2019 480 ut.
2055 424 2172 493 25.)
2205 412 2250 483 A
2277 427 2430 497 regni
2455 427 2602 485 vires
2622 429 3000 487 conciderunt.
3037 430 3099 487 In
3128 432 3249 503 ipso
3267 433 3400 491 bello
3428 436 3742 511 Antigonum—

568 500 704 582 Sed
761 504 1003 565 diversas
1052 511 1228 567 sortiti
1277 514 1612 583 provincias,
1657 516 1863 573 mutuis
1910 532 1969 572 se
2023 517 2179 575 bellis

592 610 1073 672 consumpserunt,
1110 611 1165 660 et
1196 619 1294 675 per
1334 613 1509 668 totum
1552 606 1881 667 Macedoniae
1926 625 2174 682 regnum,

591 687 698 743 hoc
719 697 803 745 est
827 705 926 761 per
946 693 1259 753 universam
1300 698 1486 755 Asiam
1528 710 1582 757 et
1612 701 1904 774 plurimam
1945 701 2178 775 Europae

590 788 798 848 partem
821 783 904 839 vel
931 786 1225 844 maximam
1251 788 1451 863 Lybiae,
1495 792 1753 850 horrendi
1794 794 1977 852 subito
2003 796 2175 852 bello-

590 888 714 929 rum
739 874 883 945 globi
920 878 1320 938 conﬂuxerunt.
1357 881 1535 941 Causa
1562 900 1693 944 vero
1721 896 1776 946 et
1807 888 1962 961 origo
2000 889 2175 947 bello-

590 979 714 1019 rum
738 965 965 1036 epistola
993 968 1096 1027 fuit
1121 972 1416 1031 Alexandri
1438 977 1602 1051 regis,
1627 993 1736 1051 qua
1776 982 2018 1055 precepit
2055 997 2175 1038 om-

588 1069 687 1111 nes
734 1059 921 1118 exules
977 1065 1170 1134 patriae
1218 1066 1565 1141 libertatique
1612 1071 1847 1130 restitui.
1918 1073 2174 1133 Potentes

587 1155 769 1209 autem
804 1152 1086 1212 civitatum
1108 1157 1316 1217 Grecia:
1344 1161 1598 1220 timentes
1619 1179 1690 1222 ne
1716 1166 1926 1237 exules,
1956 1177 2172 1240 recepta

586 1239 856 1315 libertate,
888 1249 1152 1308 ultionem
1178 1241 1592 1329 meditarentur,
1636 1276 1670 1317 a
1713 1277 1883 1337 regno
1917 1239 2170 1322 Macedo-

585 1348 718 1424 num
740 1335 1074 1411 defecerunt,
1099 1345 1447 1420 primumque
1473 1335 1854 1424 Athenienses,
1888 1365 2172 1416 contracto

583 1422 807 1504 triginta
840 1428 1054 1488 milium
1078 1437 1323 1492 exercitu
1344 1446 1398 1494 et
1417 1438 1666 1499 ducentis
1688 1422 1940 1515 navibus,
1966 1447 2170 1506 bellum

582 1529 710 1571 cum
759 1517 1064 1592 Antipatro,
1108 1524 1198 1582 cui
1244 1528 1434 1587 Grecia
1468 1532 1765 1592 obvenerat
1790 1548 1955 1607 sorte,
1981 1557 2169 1613 gesse-

582 1614 730 1664 runt.
769 1606 901 1666 Post
928 1613 1045 1671 btec
1070 1617 1272 1675 bellum
1299 1622 1442 1679 inter
1481 1623 1814 1699 Antigonum
1847 1638 1903 1687 et
1943 1606 2168 1696 Perdic-

582 1712 703 1751 cam
726 1701 903 1757 oritur
930 1709 1336 1782 gravissimum,
1359 1717 1653 1791 multisque
1676 1723 1975 1793 provinciis
2000 1736 2056 1785 et
2078 1729 2167 1786 in-
2199 1788 2240 1822 η
2261 1708 2465 1822 ξξιηεῖι,
2492 1726 2720 1782 sperans
2742 1711 3076 1770 Demetrium
3100 1713 3415 1773 macedonia
3446 1733 3585 1788 P0559
3603 1717 3745 1790 (ίφάιί
3812 1778 3813 1803 ι

583 1790 718 1822 culis
751 1794 820 1822 Λιι
856 1800 1048 1822 ..η-212-
1085 1804 1166 1822 και
1348 1814 1360 1822 Α
1512 1812 1525 1822 .
1718 1816 1730 1822 -
1852 1818 1905 1822 ---
2323 1817 2374 1822 Α*
2405 1818 2519 1822 ﬂ.--
2555 1802 2580 1822 ρ
2611 1813 2690 1822 γη.
2715 1821 2744 1822 η
2782 1804 2805 1822 ιι
2843 1806 2876 1822 ο-
3029 1807 3043 1821 ο
3388 1819 3398 1822 -
3491 1810 3503 1822 ο
3703 1814 3711 1822 .

2956 1942 2973 1968 ’
3000 1942 3018 1955 ι
3029 1942 3153 1968 valle

581 1880 676 1943 diu
702 1886 1057 1956 deliberatum
1085 1906 1197 1973 est,
1224 1909 1418 1966 utrum,
1452 1903 1510 1960 in
1553 1880 1924 1972 Macedoniam
1962 1880 2169 1972 bellum:

581 1979 972 2077 transferretur
1000 2004 1071 2046 an
1102 1992 1159 2047 in
1199 1993 1329 2056 Asia
1357 2008 1663 2077 gereretur,
1700 2005 1999 2066 novissime
2035 2007 2168 2066 Per-

581 2065 734 2167 dicca
759 2070 1055 2167 aEgyptum
1083 2098 1218 2146 cum.
1233 2065 1474 2144 exercitu
1497 2065 1701 2167 ingenti
1727 2096 1899 2166 petiit.
1939 2097 2031 2157 Sic
2053 2065 2167 2157 Ma-

579 2161 829 2236 cedonia,
861 2167 914 2223 in
938 2170 1079 2230 duas
1117 2186 1299 2253 partes
1331 2161 1764 2244 discurrentibus
1811 2190 2061 2262 ducibus,
2109 2194 2165 2252 in

580 2267 679 2352 sua
717 2254 929 2315 viscera
952 2274 1217 2324 armatur.
1255 2268 1607 2334 Ptholomeus
1637 2277 1856 2352 [Egypti
1884 2254 2092 2342 viribus
2112 2296 2167 2343 et

577 2341 984 2443 Cyrenensibus
1023 2359 1195 2429 copiis
1228 2360 1550 2443 instructus,
1582 2354 1869 2430 occurrere
1893 2374 2166 2436 Perdiccae

576 2433 721 2531 bello
744 2450 920 2512 parat,
953 2444 1211 2508 Perdicca
1236 2471 1367 2511 vero
1395 2440 1520 2515 cum
1537 2433 1874 2524 Ptholomco
1919 2433 2162 2531 acerbis;

578 2524 717 2631 sime
742 2544 1093 2608 congressus,
1133 2544 1355 2603 amissis
1386 2551 1578 2622 copiis,
1605 2553 1721 2624 ipse
1746 2564 1967 2631 quoqde
1994 2562 2165 2620 inter-

576 2613 754 2726 fectus
801 2633 903 2680 est.
962 2626 1227 2704 Olimpias
1270 2654 1421 2709 vero,
1453 2613 1781 2703 “Alexandri.
1806 2613 2001 2722 mater,
2039 2664 2165 2726 post

524 2799 533 2805 .
575 2708 841 2778 plurimas
872 2721 1180 2795 principum
1223 2732 1399 2790 credes
1420 2750 1517 2805 per
1537 2735 1909 2799 Cassandrum
1941 2746 2164 2805 interfe-

575 2811 660 2904 cta
683 2814 787 2875 est,
812 2805 1397 2883 Hercules,Alcxandri
1420 2828 1583 2897 ﬁlius,
1606 2848 1732 2889 cum
1753 2845 1927 2894 matre
1950 2837 2162 2899 Roxani

576 3351 932 3465 Ptholomeus
961 3365 1156 3426 iterum
1181 3390 1305 3430 cum
1330 3376 1603 3443 Demetrio
1620 3389 1799 3444 navali
1823 3392 2009 3465 praelia
2029 3412 2161 3452 con-

580 3445 741 3517 ﬂixit,
769 3460 823 3507 et
847 3468 973 3512 cum
997 3474 1215 3519 omnem
1248 3482 1384 3537 pene
1413 3471 1641 3530 classem
1676 3445 1842 3550 atque
1860 3484 2159 3543 exercitum

576 3542 926 3641 perdidisset,
953 3551 1518 3633 victusjnngyptum
1545 3542 1765 3641 refugit:
1794 3572 1904 3630 liae
1931 3577 2158 3636 victoria

578 3633 755 3691 elatus
776 3637 1103 3714 Antigonus,
1127 3663 1308 3721 regem
1334 3668 1394 3708 se
1426 3670 1533 3711 una
1566 3633 1692 3716 cum
1732 3661 2009 3725 Demetrio
2045 3669 2159 3732 filio

570 3819 786 3925 regium
822 3824 924 3880 sibi
953 3842 1151 3885 nomen
1183 3833 1612 3911 dignitatemque
1641 3858 2013 3917 sumpserunt.
2052 3819 2159 3925 Igi:

574 3918 665 4007 tur
683 3912 1037 4005 Ptholomeus
1060 3931 1115 3980 et
1137 3924 1445 3986 Cassander
1484 3912 2026 4007 ceterique-alterius
2070 3912 2157 4001 i2.-

573 4000 771 4065 ctionis
792 4009 978 4083 duces,
1011 4031 1135 4072 cum
1166 4019 1340 4092 decipi
1368 4038 1428 4080 se
1450 4026 1519 4082 ab
1542 4000 1815 4101 Antigono
1840 4034 2157 4106 singillatim

569 4098 866 4173 viderent,
903 4122 1003 4177 per
1047 4112 1308 4182 epistolas
1358 4133 1417 4174 se
1458 4119 1689 4178 invicem
1745 4127 2154 4200 confirmantes,

569 4196 804 4251 coeundi
842 4198 897 4254 in
943 4218 1115 4259 unum
1160 4212 1374 4279 tempus
1419 4212 1710 4287 locumque
1749 4220 2060 4291 condicunt,
2102 4232 2157 4280 et

566 4285 767 4343 bellum
816 4291 1078 4352 adversus
1122 4298 1452 4370 Antigonum
1506 4285 1892 4368 communibus
1946 4314 2155 4373 viribus

565 4374 862 4435 instruunt.
900 4380 1209 4442 Cassander
1242 4389 1601 4451 ﬁnitimorum
1642 4399 1800 4455 bellis
1833 4401 2151 4484 implicitus,

2277 517 2427 574 cisus
2447 527 2550 576 est.
2592 520 2698 577 Sed
2727 522 2855 579 finis
2881 523 3009 579 belli
3037 524 3203 595 hujus
3239 526 3451 583 inicium
3468 527 3553 586 fuit
3575 532 3741 595 alterius.

2275 606 2411 665 Nam
2434 627 2559 668 cum
2599 612 2900 671 victoribus
2936 615 3005 672 de
3030 615 3198 688 preda
3233 631 3340 672 non
3379 622 3656 689 conveniret.
3679 627 3743 683 itc-

2274 717 2398 756 rum
2422 703 2478 757 in
2501 703 2638 761 duas
2671 703 2938 763 factiones
2972 706 3331 777 deducuntur,
3373 707 3597 769 Seleucus
3617 712 3746 772 Deme-

2273 790 2383 848 trio
2403 833 2419 861 ,
2461 792 2814 852 Ptholomeus
2870 795 3198 869 Lysimacho
3233 798 3484 872 jungitur.
3525 802 3745 863 Cassandro

2273 882 2549 954 defuncto,
2575 886 2721 944 ﬁlius
2741 888 2861 960 ejus
2889 887 3170 961 Philippus
3193 893 3447 962 succedit,
3476 894 3629 967 sicque
3642 902 3744 969 quasi
3812 930 3813 933 η

2272 991 2341 1031 ex
2368 975 2580 1049 integro
2617 993 2759 1033 nova
2795 977 3126 1036 Macedoniae
3157 981 3297 1038 bella
3339 994 3618 1042 nascuntur.
3643 989 3745 1044 Anti-

2272 1063 2400 1137 goni
2430 1064 2579 1123 filius
2623 1055 2953 1137 Demetrius,
3008 1081 3303 1143 augmento
3342 1072 3532 1129 Grecia
3562 1078 3747 1135 enodis
3812 1088 3813 1105 ‘

2270 1154 2600 1214 Macedonia:
2622 1159 2822 1228 elatus,
2846 1160 2903 1215 in
2928 1160 3116 1218 Asiam
3142 1163 3374 1222 transire
3396 1164 3619 1235 disponit
3645 1166 3747 1225 Ptho
3812 1176 3813 1179 ‘

2270 1247 2483 1307 lomeus
2523 1259 2705 1308 autem
2751 1261 2806 1311 et
2847 1251 3111 1314 Seleucus
3155 1264 3212 1312 et
3249 1254 3582 1329 Lysimachus
3609 1264 3761 1331 experti,

2258 1342 2440 1413 priori
2486 1346 2812 1415 certamine,
2854 1356 3077 1420 quantae
3113 1349 3260 1408 vires
3304 1359 3481 1407 essent
3515 1355 3757 1421 concordia,
3812 1396 3813 1407 χ

2269 1433 2469 1491 iterum
2490 1437 2749 1494 societate
2772 1446 2932 1510 pacta
2953 1438 3321 1513 adunatisque
3356 1442 3657 1511 exercitibus,
3675 1446 3745 1501 bel-
3812 1458 3813 1507 ζ

2267 1526 2384 1584 lum
2425 1528 2484 1584 in
2515 1527 2792 1601 Europam
2829 1531 3169 1589 transferunt
3206 1533 3466 1591 adversus
3489 1533 3745 1592 Demeum.

2268 1616 2368 1676 His
2406 1635 2466 1676 se
2503 1622 2758 1680 comitem
2800 1631 2856 1679 et
2885 1623 3013 1679 belli
3048 1624 3262 1681 socium
3303 1624 3533 1698 Pyrrhus
3550 1642 3625 1683 rex
3644 1627 3748 1700 Epyri

2266 1985 2486 2045 invasit.
2530 1988 2888 2065 Lysimachus
2914 2002 3118 2062 autem,
3158 1994 3255 2067 qui
3296 1995 3629 2068 Ellespontum
3651 2014 3748 2069 rege
3812 2002 3813 2019 ‘

2265 2080 2379 2149 bat,
2406 2090 2530 2152 post
2563 2081 2999 2145 interfectiOnem
3028 2087 3214 2158 generi
3233 2087 3322 2143 sui
3350 2098 3589 2155 etnecem
3610 2090 3749 2147 ﬁliias

2267 2167 2444 2225 siduis
2480 2169 2790 2238 parricidiis
2813 2175 3486 2243 cruentatus,a.militibus
3502 2177 3749 2248 propriisde
3812 2182 3813 2229 1

2264 2257 2486 2327 seritur,
2522 2259 2618 2330 qui
2646 2260 2713 2315 ad
2745 2258 3073 2319 Seleuchum
3099 2273 3450 2321 transeuntes
3486 2266 3650 2322 hortati
3673 2277 3752 2321 sunt
3812 2326 3813 2335 χ

2264 2366 2413 2420 eum,
2461 2361 2521 2408 ut
2566 2353 2894 2427 Lysimacho
2929 2357 3133 2414 bellum
3177 2358 3427 2415 inferret.
3471 2359 3566 2416 Res
3597 2376 3749 2430 namque

2266 2444 2534 2505 fedissimi
2565 2451 2861 2519 spectaculi
2887 2461 3025 2507 erat.
3066 2450 3217 2509 Duos
3259 2454 3463 2525 quippe
3497 2469 3639 2526 reges,
3663 2469 3743 2525 quo-

2264 2555 2389 2594 rum
2417 2539 2780 2612 Lysimachus
2806 2559 3076 2600 annorum
3111 2554 3233 2601 erat
3254 2545 3349 2615 74,
3376 2546 3609 2602 Seleucus
3636 2555 3763 2601 autut.
3812 2552 3813 2561 ‘

2268 2629 2356 2698 7.7,
2380 2630 2450 2688 de
2482 2632 2779 2704 eripiendis
2819 2636 3142 2693 alterutrum
3178 2639 3374 2709 regnis
3414 2653 3695 2704 concurrere,
3718 2637 3751 2691 il

2264 2725 2381 2781 acie
2406 2734 2571 2795 stare,
2599 2743 2752 2783 arma
2780 2743 2987 2800 gerere.
3025 2728 3296 2787 Ultimum
3338 2732 3443 2788 hoc
3480 2731 3657 2802 quidem
3680 2730 3750 2784 Μ·
3812 2734 3813 2755 ‘

2262 2818 2376 2873 lum
2402 2819 2698 2877 Alexandri
2730 2822 3167 2879 commilitonum
3209 2823 3342 2892 fuit,
3384 2826 3523 2897 quod
3554 2824 3610 2881 ad
3631 2837 3751 2879 erm

2262 2910 2414 2981 plum
2448 2910 2705 2968 humanae
2741 2914 2981 2974 miseriae
3024 2913 3205 2973 fuerat
3240 2928 3586 2985 reservatum,
3623 2915 3753 2986 quippe

2262 3097 2516 3166 ducibus,
2542 3100 2645 3156 soli
2669 3100 3031 3171 possiderent,
3067 3111 3122 3159 et
3151 3106 3568 3175 angustissimos
3586 3110 3753 3160 senectu-

2262 3185 2335 3243 tis
2355 3203 2419 3243 ac
2440 3188 2565 3265 vitae
2587 3205 2700 3245 suae
2721 3191 2989 3248 terminos
3024 3208 3135 3248 non
3177 3195 3549 3266 asspicieutcs,
3575 3201 3753 3265 angustas

2143 3345 2156 3359 ο
2260 3294 2385 3337 esse
2406 3281 2636 3352 imperio
2657 3298 2760 3339 suo
2785 3284 2954 3359 totius
2977 3286 3167 3341 mundi
3200 3289 3471 3345 terminos
3508 3288 3752 3343 arbitraan
3812 3356 3813 3371 χ

2260 3376 2369 3427 tur.
2407 3369 2613 3443 (Ηιειι.)
2658 3371 2920 3431 Seleucus
2955 3376 3175 3447 quippe,
3216 3388 3385 3449 capto
3402 3379 3511 3450 jam
3544 3387 3666 3433 ante:
3689 3373 3752 3426 Βε-
3812 3394 3813 3467 ξ

2259 3463 2470 3523 metria
2480 3463 2536 3518 in
2561 3463 2766 3533 Sicilia,
2790 3483 3020 3539 regnum
3040 3468 3186 3525 Asia:
3215 3470 3507 3538 destruxit,
3533 3481 3580 3527 et
3604 3487 3651 3525 ex
3671 3469 3756 3523 dno-

2259 3554 2364 3613 bus
2382 3572 2551 3612 unum
2574 3556 2722 3614 fecit.
2762 3558 2949 3622 (Osos.
2975 3560 3015 3615 ι.
3045 3561 3112 3634 ι.)
3142 3561 3202 3616 In
3234 3562 3348 3619 hoc
3373 3573 3544 3619 autem
3563 3562 3671 3617 bello
3690 3558 3753 3628 ις-

2258 3646 2560 3717 simachus,
2581 3650 2801 3707 amissis
2821 3652 2907 3708 vel
2928 3651 3228 3709 interfectis
3252 3654 3416 3725 prius
3449 3650 3754 3727 quindecim-li.

2258 3739 2406 3795 beris
2438 3749 2566 3796 ante
2595 3741 2739 3815 hanc
2758 3759 3021 3814 pugnam,
3045 3754 3365 3817 postremus
3386 3748 3584 3807 occisus
3597 3755 3675 3812 cst,
3688 3746 3755 3798 εἰς·
3812 3772 3813 3775 η

2258 3847 2366 3901 que
2388 3830 2749 3904 Lysimachus
2774 3836 2976 3911 solutio
2997 3853 3195 3909 pugnae
3210 3838 3566 3896 Macedonica:
3583 3838 3673 3893 fuit.
3691 3835 3754 3888 Sed

2258 3938 2361 3983 nec
2388 3924 2649 3982 Seleucus
2670 3928 2891 3998 quidem
2913 3929 2981 3984 de
3011 3938 3161 3986 tanta
3190 3932 3639 4004 victoriaimpune
3661 3929 3753 3982 ltu-

2260 4022 2348 4072 tus
2367 4024 2484 4085 est;
2511 4033 2637 4076 nam
2663 4034 2840 4090 neque
2865 4020 2982 4091 ipse
3006 4031 3128 4093 post
3149 4025 3496 4098 septuaginta
3517 4032 3679 4094 septem
3694 4036 3754 4072 an-

2256 4121 2360 4162 nos
2388 4108 2628 4177 quietem
2662 4111 2933 4169 naturalis
2961 4114 3154 4171 mortis
3200 4115 3433 4184 invenit,
3465 4117 3551 4173 sed
3568 4120 3753 4170 extortam

2257 4195 2363 4250 sibi
2398 4196 2686 4254 infeliciter
2717 4198 2887 4255 vitam
2914 4188 3062 4258 velut
3101 4204 3404 4263 immatura
3442 4215 3599 4262 morte
3628 4200 3752 4259 ﬁniti.

2255 4285 2546 4346 lnsistente
2575 4293 2775 4364 quippe
2811 4293 3151 4363 Ptholomco,
3199 4300 3365 4371 cujus
3408 4315 3626 4357 sororem
3657 4294 3753 4365 L33}

2256 4379 2487 4437 machus
2517 4381 2574 4435 in
2605 4383 2962 4445 matrimonio
3002 4387 3295 4458 habuerat,
3350 4390 3554 4447 insidiis
3594 4389 3756 4445 circum-

565 4466 953 4541 Lysimachum
984 4476 1354 4538 clarissimum
1396 4485 1538 4542 inter
1573 4505 1764 4547 omnes
1787 4466 1984 4550 ducem
2023 4466 2150 4553 cum
2184 4490 2230 4547 D
2255 4476 2452 4524 “imus
2475 4470 2694 4532 θεοίδυε
2723 4482 2828 4530 εει·
2870 4474 2996 4532 H330
3027 4487 3156 4547 sunt
3198 4478 3349 4534 inter
3377 4488 3628 4551 parentes,
3648 4476 3751 4533 51105,

564 4560 770 4633 ingenti
798 4580 964 4621 manu
995 4584 1094 4639 pro
1122 4585 1180 4626 se
1218 4575 1385 4631 sociis
1421 4578 1475 4632 in
1520 4582 1787 4639 auxilium
1833 4586 2003 4656 misit,
2054 4588 2153 4646 Se-

562 4652 752 4711 leucus
778 4672 999 4729 quoque
1020 4675 1088 4715 ex
1110 4661 1239 4718 Asia
1274 4667 1478 4737 majore
1501 4671 2015 4741 discedens,-novus
2036 4682 2119 4736 An
2136 4713 2150 4723 -

564 4745 749 4817 ligone
771 4750 945 4809 hostis
972 4754 1040 4785 ⁸¹¹
1071 4758 1324 4814 accessit.
1360 4760 1463 4818 Hic
1501 4764 1684 4837 itaque
1728 4767 1990 4829 Seleucus
2032 4776 2151 4845 plu-

2252 4557 2451 4641 fratres
2477 4578 2543 4619 ac
2563 4564 2745 4621 socios
2765 4568 3260 4638 consanguinitatis
3283 4571 3644 4640 societatisque
3657 4579 3753 4622 ωωε

2252 4649 2477 4718 mercia,
2502 4653 2703 4723 quibus
2729 4656 2916 4713 orbem
2944 4649 3257 4717 Alexandre
3281 4663 3527 4717 celeriter
3544 4677 3599 4716 ac
3613 4656 3755 4712 fortiter

2251 4739 2584 4810 acquisitum
2632 4744 2793 4803 annis
2835 4749 3252 4817 quatuordecim
3304 4752 3693 4813 dilaniaverunt.
3724 4751 3757 4796 τί

552 4849 703 4901 rima
731 4857 829 4913 per
852 4846 1120 4904 orientem
1162 4848 1305 4906 inter
1330 4855 1512 4912 socios
1541 4834 1691 4929 regni
1722 4834 2054 4922 Macedonici
2081 4868 2151 4899 ²’¹
2249 4834 2417 4929 vel”;
2456 4836 2697 4910 opimam
2728 4839 2951 4909 predam
2985 4858 3016 4896 ³
3066 4858 3267 4915 magno
3314 4848 3473 4902 leone
3516 4848 3756 4929 prodam

557 4934 702 4994 belia
765 4938 931 5006 gessit
958 4980 972 5005 ,
1040 4941 1310 5014 principio
1373 4946 1728 5020 Babyloniam
1778 4958 2146 5029 expugnavit,

552 5024 880 5088 Bactrianos
928 5033 1086 5090 novis
1133 5038 1387 5105 motibus
1427 5055 1774 5115 assurgentes
1817 5024 2146 5119 perdomuit,

556 5121 855 5178 transitum
889 5125 1084 5184 deinde
1109 5128 1166 5186 in
1191 5127 1400 5188 Indiam
1438 5133 1583 5205 fecit,
1608 5154 1730 5208 quae
1765 5150 1890 5211 post
1916 5154 2146 5201 mortem

555 5214 879 5283 Alexandri,
938 5219 1089 5276 velut
1143 5221 1390 5281 detracto
1448 5244 1791 5302 excussaque
1844 5236 2148 5296 cervicibus

550 5309 705 5380 jugo,
730 5309 1010 5381 prefectos
1036 5314 1156 5385 ejus
1180 5319 1468 5377 occiderat.
1483 5325 1752 5383 Adunatis
1773 5328 1959 5400 itaque
1976 5312 2149 5388 Ptho-

554 5402 718 5458 lomci
737 5419 1130 5480 sociorumque
1156 5411 1303 5469 illius
1335 5417 1528 5486 copiis,
1553 5435 1735 5492 pugna
1766 5425 2144 5493 committitur,

552 5495 712 5567 cujus
732 5507 946 5569 quanto
968 5503 1243 5570 potentior
1273 5518 1589 5578 apparatus,
1618 5521 1772 5568 tanto
1819 5516 1979 5571 ruina
2022 5533 2147 5588 gra-

551 5589 672 5645 vior
692 5588 816 5647 fuit.
854 5590 998 5648 Nam
1034 5594 1090 5650 in
1133 5610 1196 5651 ea
1241 5606 1372 5654 tunc
1416 5601 1586 5658 totius
1627 5620 1764 5675 pene
1809 5606 2143 5666 Macedonici

2256 4913 2400 4982 avidi
2425 4929 2587 4983 catuli
2617 4930 3043 5003 discerpserunt,
3081 4951 3249 5007 seque
3273 4938 3429 5008 ipsos
3456 4939 3652 4994 invicem
3679 4928 3757 4985 irrr

2254 5028 2461 5087 tantes,
2519 5021 2575 5076 in
2628 5022 2803 5079 rixam
2851 5027 3047 5098 praeda:
3102 5029 3439 5091 cmulatione
3484 5036 3756 5093 consumme-

2254 5120 2403 5167 runt.
3666 5124 3679 5140 '

2267 5292 2280 5309 ,
2327 5239 2424 5311 (Η.
2448 5242 2545 5314 m.)
2578 5242 2738 5301 Anno
2759 5247 2830 5301 ab
2858 5248 2993 5305 urbe
3016 5248 3187 5306 Roma
3214 5252 3436 5308 condita
3456 5251 3590 5316 422⁸,
3615 5245 3688 5317 qui
3704 5248 3757 5295 εει

2255 5329 2548 5386 Alexandri
2583 5331 2763 5405 Magni
2789 5337 3017 5407 quintus
3040 5340 3131 5407 ⁸⁸³,
3163 5340 3474 5398 Alexander
3497 5341 3582 5396 rei
3611 5336 3755 5407 Ερῐω·

2258 5432 2458 5491 tarum,
2487 5424 2864 5496 hujusMagni
2897 5430 3189 5488 Alexandri
3229 5434 3549 5499 avunculus,
3583 5424 3757 5497 trajectis

2254 5514 2309 5569 in
2344 5514 2555 5571 Italiam
2590 5518 2781 5588 copiis,
2812 5537 2938 5576 cum
2977 5523 3178 5579 bellum
3214 5524 3480 5581 Romanis
3508 5521 3753 5585 inferrepr

2251 5616 2416 5663 raret.
2442 5624 2472 5662 a
2496 5606 2851 5681 Samnitibus,
2877 5614 2972 5685 qui
2993 5615 3227 5674 Lucanis
3247 5616 3755 5688 suli'ragabantur,m-

1852 5697 2081 5756 VARUS
2124 5699 2523 5759 LEC'l'lUNtaS.

623 5780 689 5813 ²²¹
724 5781 869 5840 ltosti
903 5784 955 5841 Ι.
1031 5785 1099 5817 ²¹²
1145 5801 1191 5840 r.
1242 5802 1316 5841 m.
1352 5804 1379 5842 ε
1426 5805 1562 5845 corr.
1608 5792 1653 5846 ί.
1736 5795 1803 5825 ’³³
1842 5811 1868 5847 e
1907 5811 2041 5848 corr.
2090 5796 2137 5850 i.

2162 2994 2169 2998 ’
2263 3020 2390 3060 cum
2424 3006 2615 3062 orbem
2650 3015 2942 3076 terrarum,
2973 3010 3258 3067 exstinctis
3297 3012 3415 3082 jam
3454 3012 3518 3067 54
3553 3007 3761 3065 Alexandri
3812 3090 3813 3099 ξ
