3876 6306
549 315 663 375 607-

1726 312 2123 371 EKKEHARDI
2161 307 2628 407 URAUGlENSIS

3734 309 3816 367 608

550 433 906 501 fulcirentur,
935 432 1104 489 etiam
1154 430 1360 505 Pyrrus
1406 447 1497 487 rex
1531 429 1921 504 Epyrotarum,
1951 430 2046 502 qui
2086 445 2154 485 ex
2182 438 2230 496 Α
2256 396 2543 495 occupavit
2575 432 2801 480 teneret.
2830 421 2946 493 .Sed
2984 424 3292 494 pax‘qnam
3321 395 3593 480 oﬂcrebat
3612 421 3688 478 eis
3726 410 3814 480 dis-

551 540 752 597 genere
772 524 1004 583 Achillis
1032 524 1296 597 originem
1322 523 1498 593 duxit,
1521 524 1683 595 quasi
1703 533 1993 598 cognatam
2017 524 2152 583 Grc-

556 633 659 675 ma
692 616 972 674 civitatem
995 617 1392 689 vindicatum,
1417 627 1563 675 totas
1595 619 1740 676 vires
1767 614 1953 691 Epyri,
1977 616 2151 675 Thes-

556 708 710 763 salia
734 723 801 764 ac
825 705 1175 776 Macedonia,
1203 710 1523 780 elephantos
1566 710 1753 779 etiam,
1788 725 1961 781 usque
1996 710 2063 767 ad
2096 711 2152 767 id

553 807 771 871 Lampus
794 799 1061 858 Romanis
1089 802 1320 869 invisos,
1347 817 1578 860 numero
1598 802 1670 859 20
1692 803 1753 860 in
1791 796 2003 859 Italiam
2047 803 2149 866 ad-

552 892 719 949 vexit.
750 891 856 960 Qui
883 894 1016 949 dum
1054 892 1301 965 Delphici
1320 893 1589 966 Apollinis
1629 895 1999 957 consuluisset
2019 911 2149 953 ora-

552 984 763 1053 culum,
792 985 1113 1059 ambiguum
1133 987 1286 1045 dedit
1305 1003 1634 1061 responsum
1659 986 1766 1063 (Cf.
1801 986 1920 1046 CIC.
1960 988 2038 1046 De
2059 989 2149 1044 di-

556 1075 666 1131 vin.
702 1088 764 1146 n,
801 1076 895 1150 56)
926 1096 943 1135 :

745 1167 849 1233 Aio
888 1176 939 1231 te
970 1168 1212 1227 zE’acida
1247 1170 1513 1229 Romanos
1549 1172 1753 1229 vincere
1789 1189 1959 1244 posse.

625 1256 724 1345 (ῌ.
769 1260 867 1330 m.)
909 1257 1066 1317 Tunc
1088 1262 1329 1331 primum
1356 1261 1591 1320 Romani
1624 1278 1750 1321 cum
1778 1263 2159 1322 transmarino

554 1351 714 1408 hoste
738 1353 1159 1414 dimicaverunt.
1206 1356 1411 1419 Missus
1432 1366 1517 1415 est
1543 1368 1738 1417 contra
1785 1375 1916 1418 eum
1956 1362 2155 1421 consul

552 1442 783 1503 Publius
828 1445 1081 1504 Valerius
1114 1448 1375 1509 Levinus.
1433 1449 1541 1520 Qui
1598 1466 1726 1509 cum
1776 1454 2153 1532 exploratam

548 1535 708 1608 Pyrri
744 1537 1009 1609 cepisset,
1039 1539 1319 1611 eosjussit
1339 1556 1438 1613 per
1461 1547 1642 1598 castra
1663 1543 1792 1600 duci
1818 1559 2152 1617 omnemque

547 1629 856 1689 exercitum
902 1633 1120 1692 ostendi
1171 1634 1359 1704 sicque
1404 1633 1625 1703 dimitti,
1657 1644 1725 1691 ut
1762 1636 2152 1699 renunciarent

550 1718 725 1791 Pyrro
750 1735 875 1799 qua
897 1721 1153 1787 viderint.
1189 1722 1499 1809 Commissa
1537 1726 1721 1805 itaque
1764 1743 1968 1800 pugna,
2023 1743 2154 1790 con-

2253 517 2482 589 plicuit;
2538 515 3030 587 remandatumque
3054 526 3138 572 cst
3167 515 3216 572 ei
3240 531 3274 571 a
3304 525 3527 582 senatu,
3559 514 3701 569 illum
3717 532 3815 571 cum

2252 610 2518 667 Romanis
2556 624 2744 681 pacem
2795 608 3000 665 habere
3037 623 3147 664 non
3202 624 3388 679 posse,
3425 608 3536 665 nisi
3584 608 3653 663 ab
3695 605 3815 663 Italia

2250 703 2591 760 recessisset.
2635 698 2926 759 Iusseram
2971 713 3154 758 autem
3187 712 3382 758 omnes
3417 707 3664 772 captivos
3709 717 3818 770 quos

2250 792 2455 866 Pyrrus
2482 792 2797 849 reddiderat
2816 791 3051 849 infames
3072 791 3285 861 haberi,
3315 807 3384 847 eo
3406 790 3564 863 quod
3601 806 3717 864 capt
3745 806 3819 861 po-

2253 887 2487 942 tuissent
2515 885 2735 955 armati,
2782 900 2884 943 nec
2925 893 3054 941 ante
3097 884 3285 942 eosad
3312 883 3613 956 pristinum
3653 890 3817 939 statum

2250 979 2472 1048 reveni,
2501 994 2671 1052 quam
2717 978 2788 1012 ὐ
2833 977 2939 1035 sibi
2973 985 3231 1040 notorum
3259 976 3512 1034 hostium
3549 975 3819 1032 occisorum

2251 1071 2426 1143 spolia
2448 1071 2784 1127 retulissent.
2827 1068 2905 1126 Ita
2935 1068 3148 1143 legatus
3169 1069 3327 1144 Pyrri
3375 1083 3636 1125 reversus
3679 1078 3768 1123 est.
3789 1068 3817 1119 Α

2250 1175 2364 1236 quo
2397 1179 2523 1220 cum
2550 1172 2806 1236 quareret
2834 1162 3063 1237 Pyrrus,
3112 1162 3331 1235 qualem
3362 1161 3604 1219 Romam
3634 1175 3817 1230 empe-

2251 1255 2436 1323 risset,
2470 1254 2672 1311 Cineas
2696 1253 2856 1324 dixit,
2886 1270 3080 1327 regum
3101 1270 3161 1312 se
3180 1254 3417 1327 patriam
3453 1251 3685 1318 vidisse,

2251 1355 2338 1404 eet
2365 1347 2500 1403 tales
2523 1346 2632 1405 illic
2661 1344 2776 1403 fere
2815 1360 3011 1403 omnes
3062 1361 3206 1416 esse,
3238 1346 3422 1418 qualis
3451 1360 3606 1401 unus
3654 1341 3820 1417 Pyrrus

2251 1438 2397 1511 apud
2425 1437 2674 1512 Epyrum
2694 1447 2750 1495 et
2776 1438 3048 1511 reliquam
3097 1437 3354 1495 Greciam
3399 1444 3710 1509 putaretur.
3755 1433 3820 1490 Se

2251 1533 2433 1590 cunda
2457 1548 2638 1607 pugna
2660 1533 2802 1607 inter
2823 1531 3106 1588 Romanos
3146 1540 3201 1587 et
3228 1529 3467 1604 Pyrrum
3516 1528 3667 1586 facta
3691 1538 3762 1583 δι
3778 1528 3819 1582 in

2250 1623 2462 1698 Apulia
2490 1623 2713 1693 ﬁnibus,
2745 1622 2942 1680 Publio
2967 1622 3213 1694 Sulpicio
3237 1631 3295 1679 et
3322 1620 3493 1679 Decio
3512 1619 3817 1683 consulibus.

2252 1718 2309 1773 in
2328 1733 2437 1790 qua
2460 1734 2644 1791 pugna
2660 1716 2869 1791 Pyrrus
2891 1716 3126 1773 brachio
3145 1715 3412 1773 transfixo
3438 1713 3690 1780 saucius,
3709 1714 3820 1783 prior

549 1795 797 1880 sumpta'
819 1818 906 1875 est
955 1811 1089 1875 dies.
1138 1802 1476 1885 gravissimo
1522 1795 1869 1884 ερτιξωίτὶθξ
1891 1818 2151 1880 omnibus
2182 1795 2226 1854 Β
2252 1809 2453 1865 e-bello.
2476 1808 2734 1876 secessit;
2782 1807 3057 1879 elephanti
3089 1804 3255 1877 capti,
3286 1805 3360 1861 eo
3408 1805 3565 1860 milia
3620 1804 3820 1859 hostium

551 1898 831 1973 uti-imque
869 1902 1010 1964 mori
1037 1904 1266 1974 paratis,
1302 1903 1489 1977 fugere
1530 1906 1755 1971 nesciis.
1801 1906 2167 1973 introductos,

546 1999 733 2047 autem
781 1992 926 2056 inter
977 1994 1263 2061 currentia
1315 1997 1537 2070 agmina
1575 1999 1931 2070 elephantos,»
1972 1999 2150 2063 forma

547 2089 753 2152 truces,
781 2084 953 2143 odore
986 2102 1216 2159 graves,
1248 2089 1400 2145 mole
1432 2090 1725 2160 terribiles,
1789 2100 1853 2148 ut
1897 2093 2154 2150 viderunt

548 2173 804 2245 Romani,
833 2180 1278 2253 novopugnandi
1304 2196 1503 2253 genere
1531 2182 1891 2241 circumventi
1940 2195 2005 2247 et.
2048 2196 2154 2243 ter-

547 2265 664 2335 riti,
689 2267 1039 2349 maximeque
1058 2270 1433 2341 pavitantibus
1451 2273 1629 2345 equis,
1669 2274 2020 2349 diﬂ‘ugerunt.
2044 2276 2149 2340 Mi-

549 2354 742 2419 iiutius
768 2377 923 2432 vero,
962 2365 1229 2428 centurio.
1250 2374 1462 2438 quarta
1484 2367 1736 2440 legionis,
1759 2378 2067 2441 protentam
2093 2372 2150 2427 in

547 2468 611 2512 se
638 2453 813 2510 belua
837 2455 1651 2532 unius‘promoscidam'gladio
1708 2462 1976 2519 desecuit.
2031 2463 2152 2534 Qua

548 2545 795 2608 vulneris
816 2546 1003 2604 dolore
1025 2549 1244 2614 turbata
1271 2559 1337 2607 et
1354 2553 1524 2609 averti
1562 2555 1867 2625 compulsa,
1898 2556 2019 2627 ejus
2046 2556 2151 2612 im-

546 2637 833 2693 moderato
861 2638 1119 2700 discursu
1165 2644 1485 2714 permisceri
1519 2654 1822 2717 caperunt.
1861 2647 2025 2704 Finis.
2044 2664 2147 2720 pu-

548 2745 672 2803 gna
708 2731 876 2788 etiam
901 2733 970 2790 de
998 2733 1178 2800 noctis
1223 2736 1493 2794 beneﬁcio
1526 2737 1820 2810 impositus
1844 2748 1957 2810 est;
1987 2739 2150 2799 Levi-

547 2838 657 2879 nus
710 2832 896 2882 tamen
958 2842 1056 2903 per
1123 2838 1342 2891 noctem
1412 2830 1584 2905 fugit;
1642 2830 1924 2891 Romanos
1969 2834 2151 2893 victos

548 2913 723 2972 fuisse
763 2917 944 2989 turpis
963 2917 1092 2993 fuga
1120 2921 1389 3005 prodidit,
1407 2939 1477 2983 ex
1497 2924 1700 2997 quibus
1723 2933 1856 2990 tunc
1881 2926 2151 2989 cecidisse

549 3006 869 3067 referuntur
894 3011 964 3067 M
987 3012 1137 3069 milia
1168 3015 1414 3089 peditum
1447 3025 1503 3072 et
1530 3016 1829 3091 octingenti
1848 3019 2161 3091 octogintae

547 3101 691 3173 capti
717 3102 1016 3172 octingenti
1039 3104 1142 3172 20,,
1162 3106 1379 3177 equites
1419 3116 1606 3166 autem
1649 3109 1762 3167 cesi
1786 3110 2008 3167 ducenti
2053 3110 2126 3168 46

550 3194 696 3265 capti
723 3196 1051 3268 septingenti
1077 3197 1148 3229 ⁸⁸⁵
1183 3197 1273 3266 12,
1299 3199 1457 3271 signa
1480 3199 1553 3254 9.2
1574 3200 1800 3259 amissa.
1824 3202 2032 3276 Pyrrus
2049 3218 2149 3265 au-

549 3295 660 3343 tem
684 3286 962 3345 Romanos
992 3305 1133 3361 quos
1162 3292 1306 3362 cepit
1347 3307 1568 3348 summo
1611 3293 1822 3351 honore
1875 3295 2147 3365 tractavit,

551 3378 769 3436 occisos
822 3380 1087 3451 sepelivit.
1136 3381 1286 3450 Quos
1317 3399 1443 3440 cum
1482 3382 1552 3416 ³⁸⁸
1585 3385 1816 3443 adverso
1845 3387 2068 3444 vulnere
2096 3397 2151 3444 et

552 3471 695 3529 truci
724 3472 881 3528 vultu
907 3473 1073 3531 etiam
1100 3485 1348 3533 mortuos
1371 3476 1558 3548 jacere
1580 3478 1827 3548 vidisset,
1874 3480 1997 3541 tulit
2027 3497 2148 3537 ma-

549 3580 656 3621 nus
681 3565 748 3620 ad
776 3566 992 3637 calum,
1029 3568 1236 3636 dicens,
1260 3585 1319 3625 se
1354 3570 1525 3628 totius
1552 3573 1702 3629 orbis
1721 3574 2004 3630 dominum
2028 3590 2151 3632 esse

548 3656 813 3725 potuisse,
847 3658 896 3713 si
920 3657 1058 3715 tales
1089 3659 1291 3717 milites
1319 3661 1422 3716 sibi
1443 3662 1762 3734 contigisset
1784 3665 2004 3721 habere.
2034 3664 2149 3721 Cu-

543 3744 637 3814 jus
667 3747 911 3805 victoria
947 3750 1167 3807 titulum
1199 3749 1405 3823 Pyrrus
1437 3752 1661 3826 aﬂigens
1694 3757 1899 3829 templo
1944 3757 2149 3813 Taren—

551 3834 652 3919 tini
673 3833 847 3904 Jovis,
873 3837 950 3894 ita
977 3839 1200 3910 scripsit
1221 3840 1275 3896 in
1301 3857 1369 3898 eo
1400 3861 1413 3897 :

623 3930 728 3997 Qui
756 3933 940 3989 invicti
967 3945 1090 3990 ante
1113 3936 1260 4007 fuere
1282 3938 1384 3992 viri
1407 3938 1882 4011 '“,paterroptime
1911 3939 2144 4012 Olympi,

618 4024 730 4080 Hos
753 4037 953 4098 egomet
978 4046 1155 4100 pugna
1183 4032 1304 4099 vici,
1333 4048 1452 4086 sum
1484 4033 1652 4086 victus
1681 4032 1745 4087 ab
1775 4033 2000 4088 hisdem.

545 4114 718 4183 Quem
766 4107 889 4175 cum
932 4121 1019 4176 sui
1065 4121 1430 4193 increparent,
1463 4140 1563 4180 cur
1612 4140 1673 4181 se
1699 4126 1905 4181 vietum
1943 4126 2147 4182 diceret

544 4210 640 4281 qui
675 4211 937 4279 vinceret,
976 4216 1326 4284 respondisse
1382 4215 1595 4272 fertur:
1632 4216 1691 4273 Si
1731 4219 1925 4273 iterum
1964 4217 2144 4274 eodem

542 4303 611 4336 ⁸⁸⁷
638 4303 792 4359 modo
840 4307 1033 4375 vicero,
1060 4309 1175 4364 sine
1215 4309 1329 4364 ullo
1372 4309 1540 4366 milite
1597 4320 1830 4367 revertar
1882 4309 2139 4383 Epyrum.

543 4392 794 4465 Cumque
828 4396 990 4468 legati
1019 4399 1366 4456 mitterentur
1405 4400 1474 4456 ad
1515 4415 1642 4456 eum
1669 4418 1768 4473 pro
1810 4402 2144 4459 redimendis

2129 3129 2222 3214 δε

2254 1918 2398 1959 casa
2425 1909 2574 1970 sunt,
2597 1910 2654 1957 et
2681 1917 2749 1957 ex
2777 1900 3040 1956 Romanis
3066 1900 3313 1972 quinque
3353 1898 3528 1953 milia.
3575 1895 3835 1955 Fabricius.

2252 2010 2475 2067 quoque
2498 1995 2711 2069 legatus
2733 1993 3054 2051 vulneratus
3076 2000 3183 2049 est.
3206 1992 3368 2046 Anno
3389 1990 3700 2061 interiecto,
3715 1989 3821 2044 idem

2252 2082 2540 2144 Fabricius
2593 2097 2783 2144 contra
2834 2102 2965 2144 eum
3001 2086 3208 2142 missus
3245 2093 3347 2140 est.
3381 2083 3641 2155 Cumque
3682 2082 3821 2137 vicina

2252 2179 2519 2244 haberent
2546 2187 2750 2246 castra,
2780 2177 3031 2235 medicus
3053 2176 3209 2251 Pyrri
3261 2183 3425 2231 nocte
3473 2175 3628 2231 venit
3657 2175 3724 2229 ad
3751 2173 3823 2228 Fa-

2251 2271 2510 2341 bricium,
2542 2271 2867 2345 promittens
2914 2286 2974 2328 se
3000 2284 3207 2326 veneno
3233 2267 3470 2341 Pyrrum
3521 2267 3820 2329 occisum.

2252 2364 2302 2422 si
2327 2364 2432 2421 sibi
2454 2364 2662 2436 aliquid
2687 2363 3059 2441 polliceretur.
3086 2359 3261 2435 Quem
3285 2360 3378 2415 ille
3403 2360 3655 2416 vinctum
3674 2359 3821 2414 remit-

2252 2466 2375 2515 tens
2410 2457 2478 2514 ad
2504 2456 2762 2532 Pyrrum,
2789 2456 2961 2529 jussit
2984 2455 3051 2515 ei
3069 2454 3197 2514 dici-1
3233 2469 3358 2525 qua
3403 2452 3500 2512 ille
3545 2450 3821 2524 Spopondit.

2253 2550 2409 2607 Tunc
2438 2566 2539 2606 rex
2564 2550 2890 2607 ammiratus
2919 2564 3087 2617 eum,,
3107 2548 3318 2608 dixisse
3349 2545 3526 2603 fertur
3569 2562 3585 2598 :
3633 2543 3732 2600 Ille
3765 2552 3821 2598 at

2253 2642 2558 2711 Fabricius,
2593 2644 2685 2715 qui
2713 2642 2984 2714 difficilius
3016 2641 3082 2696 ab
3133 2640 3430 2707 honestate,
3475 2654 3639 2711 quam
3691 2636 3760 2692 ωι
3798 2655 3823 2690 s

2250 2752 2412 2793 cursu
2436 2752 2532 2791 suo
2558 2736 2946 2805 avertipotest.
2981 2732 3138 2797 Tum
3162 2750 3276 2790 rex.
3289 2732 3358 2788 ad
3385 2731 3639 2793 Siciliam
3672 2730 3820 2803 profe-

2250 2835 2374 2885 ctus
2407 2812 2538 2898 .est,
2581 2826 2885 2889 Fabricius.
2915 2826 3077 2884 victis
3123 2823 3366 2885 Lucanis
3405 2834 3466 2882 et
3518 2823 3821 2881 Samnitibus

2250 2920 2627 2994 triumphavit.
2676 2919 2883 2985 Deinde
2936 2918 3159 2977 Curius-
3188 2917 3457 2981 Dentatus
3475 2915 3821 2980 ,etConﬁns

2251 3011 2519 3073 beatulus
2570 3021 2764 3070 contra
2800 3027 2945 3076 eum.
2968 3009 3128 3073 missi
3170 3009 3475 3079 consules,
3500 3008 3578 3066 de
3620 3006 3820 3064 exmia

2250 3106 2371 3177 ejus
2396 3105 2591 3179 viginti
2616 3103 2913 3162 triamilia
2929 3103 3232 3170 cadebant,
3261 3100 3370 3158 500
3395 3101 3719 3173 capiebant;
3738 3100 3823 3171 ipse

2252 3196 2550 3260 Tarentum
2572 3194 2792 3269 fugatus
2812 3205 2917 3265 est,
2945 3203 3128 3258 castra
3156 3193 3647 3266 ejuscaptasunt,
3662 3191 3825 3249 Curius

2252 3291 2309 3353 in
2339 3291 2629 3348 consulatu
2655 3289 3056 3361 triumphavit,“
3069 3287 3396 3360 primusque
3439 3284 3681 3343 Romam
3715 3299 3822 3354 qua-

2252 3393 2378 3440 tuor
2408 3382 2743 3453 elephantos
2766 3380 2941 3437 duxit.
2994 3378 3202 3447 Quinto
3251 3378 3476 3441 demum
3509 3393 3666 3433 anno
3702 3383 3823 3449 μιν

2250 3493 2418 3550 quam
2448 3476 2504 3533 in
2537 3475 2748 3532 Italiam
2773 3476 2942 3543 venit,
2970 3473 3179 3547 Pyrrus
3227 3473 3406 3529 victus
3436 3470 3661 3544 aufugit
3684 3471 3761 3533 m.
3783 3476 3824 3522 et

2249 3574 2375 3637 post
2404 3565 2576 3621 multa
2600 3566 2761 3633 bella,
2793 3580 2921 3639 qua
2961 3561 3090 3619 fecit
3134 3563 3189 3618 in
3233 3562 3452 3629 Grecia,
3489 3562 3645 3632 apud
3684 3560 3829 3630 Argis

2248 3659 2468 3715 Achaia
2491 3659 2705 3726 urbem,
2744 3657 3002 3730 Spartani
3044 3655 3200 3728 regni
3254 3652 3521 3710 aviditate
3576 3654 3819 3709 seductas

2249 3750 2361 3806 ictu
2392 3752 2511 3807 saxi
2550 3751 2829 3807 occubuit.
2863 3748 3036 3820 Cujus
3073 3747 3254 3819 pollex
3299 3762 3333 3803 e
3364 3746 3569 3803 dextro
3607 3745 3750 3818 νεός,
3786 3742 3819 3796 si

2248 3842 2581 3899 credendum
2606 3853 2710 3910 est,
2741 3840 2983 3898 remedio
3017 3837 3191 3894 fuisse
3219 3837 3444 3904 dicitur,
3468 3838 3517 3891 si
3554 3838 3711 3907 cujus
3753 3852 3818 3888 rt-

2247 3953 2346 3994 nes
2368 3937 2438 3969 ’⁵³
2470 3946 2742 3992 tumentes
2774 3950 2840 3992 eo
2862 3942 3237 4006 tangerentur.
3286 3930 3545 4001 Cumque
3586 3930 3657 3985 ab
3696 3926 3819 3982 Ant}-

2246 4044 2391 4101 gono
2412 4029 2619 4085 victore
2643 4029 2788 4084 idem
2837 4025 3045 4098 Pyrrus
3070 4025 3263 4096 jussus
3285 4030 3435 4078 esset
3455 4022 3528 4053 ³³⁸
3551 4021 3725 4084 exuri,
3756 4016 3819 4072 sic

2246 4119 2402 4187 arsit,
2439 4128 2500 4174 ut
2521 4118 2664 4174 idem
2696 4117 2875 4188 pollex
2897 4115 3236 4177 inveniretur
3260 4113 3524 4170 intactus.
3551 4111 3656 4181 Qui
3680 4126 3817 4166 sum

2244 4211 2427 4268 loculo
2450 4212 2717 4278 inclusus,
2750 4210 2806 4265 in
2843 4206 3224 4280 temploJovis
3253 4215 3339 4268 est
3363 4205 3625 4285 conditus
3652 4204 3735 4257 ⁸⁵³.

2314 4304 2672 4360 Ptholomeus
2697 4302 3121 4376 Phyladelphus,
3147 4300 3293 4357 illius
3321 4298 3634 4357 Ptholomei
3683 4312 3817 4366 sape

2241 4398 2428 4466 rioris,
2466 4397 2715 4470 regnavit
2759 4395 3101 4456 Alexandria
3161 4395 3324 4450 annis
3357 4392 3452 4459 58,
3500 4409 3537 4448 a
3571 4403 3817 4449 restaura-

536 4486 792 4556 captivis,
834 4487 1002 4558 jussit
1055 4490 1339 4563 Lyconum
1387 4500 1442 4548 et
1470 4492 1770 4550 Molossum
1797 4494 1880 4551 eis
1923 4495 2142 4551 obviam
2175 4512 2220 4566 ι)
2244 4490 2392 4546 tione
2421 4489 2606 4560 templi
2628 4504 2775 4543 anno
2803 4486 3181 4566 ducentesimo
3207 4484 3319 4540 58°.
3360 4482 3469 4555 (Cf.
3496 4481 3684 4551 Bm.)
3720 4478 3817 4533 HI-

542 4578 639 4641 ire,
670 4578 787 4648 ipse
815 4596 946 4636 vero
988 4598 1117 4639 cum
1158 4584 1437 4655 equitibus
1477 4587 1777 4656 procedens
1811 4588 1880 4642 ad
1925 4597 2140 4658 portam

540 4667 798 4737 civitatis,
828 4671 1128 4731 honoriﬁce
1176 4675 1419 4747 suscepit
1442 4693 1559 4745 eos,
1590 4678 1832 4748 captivos
1869 4679 1987 4735 sine
2013 4696 2137 4751 pre-

540 4761 628 4841 cio
663 4763 734 4796 ³³⁸
760 4766 990 4823 remisit.
1026 4765 1211 4824 Unum
1255 4778 1441 4827 autem
1486 4786 1553 4826 ex
1603 4772 1797 4845 legatis
1826 4771 2135 4828 Fabricium

540 4868 666 4911 cum
680 4871 977 4928 pauperem
1009 4860 1255 4927 vidisset,
1280 4863 1534 4934 promisit
1561 4863 1611 4919 ei
1638 4874 1889 4936 quartam
1926 4875 2135 4937 partem

542 4947 692 5029 regni
714 4948 820 5016 sui,
847 4956 907 5004 ut
937 4965 996 5007 se
1020 4951 1344 5009 transferret
1377 4955 1447 4987 ’³⁸
1475 4955 1542 5011 ad
1583 4971 1739 5023 eum;
1762 4958 1857 5013 sed
1887 4966 2135 5013 contem-

541 5043 667 5105 ptus
686 5037 757 5094 ab
778 5054 866 5105 eo,
887 5042 1211 5099 ammiratus
1260 5053 1345 5100 est
1385 5045 1559 5101 illum.
1604 5045 1714 5102 Pro
1747 5048 1850 5102 hac
1877 5047 2136 5102 ammira-

542 5125 689 5182 tione
718 5129 870 5186 misit
890 5133 957 5188 ad
994 5132 1272 5192 Romanos
1311 5137 1570 5209 legatum,
1606 5137 1927 5209 precipuum
1963 5138 2031 5170 ’⁸ο
2055 5139 2137 5193 vi-

541 5234 665 5276 rum
687 5220 914 5279 Cineam
941 5229 1182 5295 nomine,
1206 5230 1301 5301 qui
1323 5247 1514 5302 pacem
1534 5232 1709 5303 aquis
1727 5232 2133 5289 conditionibus

540 5322 763 5383 peteret,
788 5315 995 5374 scilicet
1018 5328 1078 5376 ut
1099 5319 1303 5394 Pyrrus
1336 5332 1548 5395 partem
1583 5322 1750 5380 Italia
1771 5340 1936 5395 quam
1963 5324 2132 5381 armis

2238 4584 2332 4654 jus
2359 4592 2605 4654 tempore
2626 4579 2871 4652 pontifex
2890 4562 3206 4635 Judaorum
3236 4575 3535 4633 Eleazarus
3573 4575 3693 4641 fuit,
3724 4571 3814 4625 fn-

2240 4683 2325 4730 ter
2363 4674 2619 4747 Symonis
2678 4678 3042 4745 cognomento
3103 4668 3267 4736 Justi,
3327 4668 3475 4727 filius
3524 4666 3680 4724 Onia
3736 4663 3813 4718 EE

2240 4768 2418 4836 Jaddi,
2442 4768 2538 4838 qui
2565 4765 2931 4832 sacerdotium
2954 4780 3053 4835 pro
3076 4763 3170 4818 tali
3202 4761 3449 4831 suscepit
3473 4776 3662 4817 causa.
3698 4756 3811 4827 (hs

2243 4877 2321 4929 xi,
2353 4860 2436 4931 2.)
2477 4858 2744 4914 Defuncto
2770 4858 3017 4929 principe
3075 4855 3425 4914 sacerdotum
3481 4852 3643 4919 Onia,
3692 4852 3815 4907 titius

2241 4954 2361 5025 ejus
2386 4953 2591 5026 Symon
2610 4951 2801 5008 Justus
2824 4966 3113 5007 successor
3139 4950 3366 5006 exstitit.
3425 4948 3545 5017 Quo
3568 4947 3814 5003 moriare

2242 5046 2525 5116 filiumque
2580 5042 2908 5100 infantulum
2960 5042 3183 5098 nomine
3231 5039 3431 5098 Oniam
3473 5039 3809 5109 relinquente.

2240 5137 2411 5193 frater
2433 5138 2553 5209 ejus
2574 5136 2868 5192 Eleazarus
2893 5135 3258 5207 principatum
3286 5132 3575 5192 sacerdotii
3602 5130 3809 5199 accepit.

2239 5244 2403 5303 quem
2433 5227 2784 5283 Ptholemeus
2827 5226 3125 5281 liberaliter
3168 5224 3492 5281 muneribus
3538 5222 3642 5277 tali
3674 5237 3811 5275 ocra-

2238 5324 2392 5379 sione
2414 5320 2723 5377 honoravit.
2757 5319 2889 5392 (10.,
2936 5335 3034 5384 xu,
3057 5317 3138 5389 2.)
3180 5317 3486 5374 Demetrius
3506 5315 3809 5373 Phalanna

1847 5458 2080 5516 νΑιυΑι
2126 5455 2531 5516 LECTIONES.

612 5566 681 5642 "f
703 5568 988 5642 octinginti
1012 5570 1066 5626 4.
1096 5571 1181 5627 10.
1219 5572 1305 5628 H.
1349 5574 1418 5606 ⁸³⁸
1449 5575 1591 5629 deest
1619 5575 1704 5631 9C.
1735 5575 1889 5642 Quos
1910 5576 2142 5632 adverso
2163 5591 2217 5629 v.
2243 5588 2293 5630 e.
2325 5581 2365 5628 ι.
2408 5588 2460 5627 v.
2485 5586 2535 5626 e.
2571 5586 2645 5625 m.
2672 5585 2798 5642 cum
2818 5568 3080 5642 jacere.5.
3160 5567 3230 5599 ‘“
3254 5566 3480 5642 viros_5.
3502 5563 3591 5642 ῦς.
3620 5560 3707 5642 ιο.
3731 5559 3801 5642 ξ

538 5637 608 5713 ἶῗῖ
630 5637 888 5713 #98195,-
963 5642 1034 5674 "°
1068 5643 1281 5713 premio
1325 5645 1411 5701 9°.
1491 5645 1559 5678 ⁸³⁸
1599 5661 1661 5702 se
1700 5637 1962 5702 transiret
2027 5647 2081 5703 5.

540 5709 610 5740 ³³⁸
632 5709 822 5781 affugit
857 5712 939 5769 9°.
988 5709 1206 5781 sapius.
1287 5714 1357 5748 “3
1409 5717 1551 5771 deest
1598 5718 1681 5771 9".
1771 5716 1840 5749 ’⁵⁵
1860 5724 1942 5772 εει
1978 5717 2062 5773 9ο.

541 5782 742 5852 templo
759 5780 769 5781 7
786 5780 1027 5841 Dodonci
1050 5780 1205 5843 Jovis
1232 5787 1488 5844 conditus
1524 5788 1605 5843 ll.

2195 5645 2265 5677 ³⁵⁸
2342 5642 2632 5712 rincipium
2690 5641 2776 5696 9ο.
2819 5632 2926 5674 ’³⁸⁸
2953 5654 3117 5709 quam
3155 5669 3227 5678 —
3261 5636 3571 5692 retulissent

2166 5716 2235 5749 "7
2275 5660 2381 5783 qui
2415 5714 2619 5783 digitus
2643 5729 2693 5768 a.
2732 5712 2768 5767 l.
2810 5718 2895 5767 est
2949 5710 3195 5765 inclusus
3253 5723 3304 5765 ει
3349 5708 3401 5764 in
3438 5703 3805 5775 .iutiqurssme

2327 5715 2381 5770 ui
2415 5702 2619 5786 digitus
2643 5729 2693 5768 a.
2732 5712 2768 5767 l.
2810 5718 2895 5767 est
2949 5702 3195 5765 inclusus
3253 5723 3304 5765 ει
3349 5708 3401 5764 in
3438 5702 3805 5775 antiquissime
