3876 6306
52 365 130 417 609

908 322 1293 407 ‘cnaomcs.
1331 382 1402 390 —
1440 344 1840 405 CHRONICON
1881 344 2351 405 UNIVERSALE.

3187 350 3289 408 6l'0

53 476 161 549 apud
189 473 381 529 Grecos
421 479 605 527 orator
637 476 691 526 et
725 467 1121 541 phylosophus,
1170 483 1334 537 super
1380 465 1595 537 byblio-
1626 469 1671 522 Α
1698 462 2108 517 convenientem
2133 462 2214 518 eis
2233 463 2657 534 suppellectilem
2705 472 2760 519 et
2786 464 3012 521 calicem
3057 468 3292 523 talento-
3340 449 3363 470 ’

53 581 225 625 tuream
250 564 406 637 regis,
435 563 589 634 cujus
619 576 877 632 magnum
928 560 1121 615 habuit
1147 559 1409 624 studium,
1458 572 1588 612 con-

54 666 234 717 stitutus
256 666 387 713 erat.
418 656 519 723 Qui
553 656 683 710 dum
712 654 955 712 studeret
989 652 1174 708 omnia
1227 667 1322 722 per
1367 649 1588 704 univcr-

44 754 144 814 ‘sam
174 761 359 808 terram
388 751 606 805 inventa
635 761 966 819 congregare
994 744 1274 801 volumina
1322 751 1378 798 ct
1410 741 1595 812 acqui-

28 838 145 905 r'rere
165 846 205 902 si
229 843 353 916 quid
383 844 607 915 dignum
638 841 848 896 audiret
894 839 1161 895 industria
1190 837 1276 893 vel
1312 836 1595 892 voluntate

54 940 184 1011 regis,
211 937 564 1006 interrogatus
589 932 659 988 ab
680 947 745 987 eo
781 941 914 1002 quot
942 930 1093 984 milia
1127 930 1394 984 librorum
1426 926 1593 982 habe-

55 1040 132 1099 ret,
157 1028 440 1101 respondit,
484 1025 556 1081 20
589 1025 765 1092 milia,
810 1024 904 1080 sed
947 1023 1056 1078 cito
1099 1023 1167 1078 ad
1194 1021 1591 1093 quinquaginta

55 1122 169 1179 milia
199 1135 349 1192 posse
380 1117 586 1184 venire,
630 1117 947 1186 dicensque,
977 1114 1287 1169 nuntiatum
1317 1114 1419 1169 sibi
1449 1128 1591 1181 esse,

56 1214 163 1285 apud
192 1211 396 1267 Judzeos
417 1210 587 1265 multa
622 1206 814 1263 haberi
830 1205 1173 1278 bybliotheca
1212 1205 1378 1277 regali
1406 1204 1591 1276 digna,

57 1302 275 1374 persuasit
319 1300 456 1372 regi,
511 1298 791 1353 annitente
844 1295 1063 1351 Aristco
1088 1338 1103 1362 ,
1159 1296 1398 1367 quodam
1452 1296 1595 1366 regis

58 1396 195 1448 amico
215 1390 539 1457 necessario,
564 1398 626 1445 ut
645 1389 713 1444 ad
748 1387 1071 1444 Eleazarum
1116 1387 1429 1457 pontiﬁcem
1468 1385 1596 1442 Hie-

56 1495 322 1547 rosolunam
345 1488 414 1520 ’⁸⁸
442 1488 699 1553 mitteret,
736 1499 939 1555 rogans
989 1492 1050 1538 ut
1078 1483 1182 1539 sibi
1236 1484 1384 1539 viros
1423 1484 1595 1554 legem
1659 1498 1670 1509 ·

58 1581 245 1638 scientes
273 1579 598 1644 destinaret,
635 1577 731 1648 qui
776 1591 899 1631 eam
953 1575 1007 1630 in
1063 1574 1294 1631 Grecam
1351 1575 1595 1647 linguam

57 1670 377 1727 transferrent.
404 1668 510 1737 Qui
545 1684 614 1725 ex
658 1668 916 1723 omnibus
957 1666 1302 1740 septuaginta
1345 1667 1491 1724 viros
1540 1668 1595 1723 in

54 1767 146 1838 lege
165 1764 494 1822 doctissimos
532 1763 713 1836 elegit,
765 1779 971 1834 eosque
1015 1764 1129 1834 regi
1160 1763 1484 1818 transmisit.
1516 1760 1598 1816 Illi

1695 569 1818 608 rum
1845 554 2066 625 triginta
2098 563 2152 610 et
2186 556 2356 625 stolas
2392 556 2580 611 decem
2628 564 2683 610 et
2711 571 3010 627 purpuram
3052 566 3108 614 et
3132 575 3293 616 coro-

1694 660 1821 700 nam
1849 646 2105 701 decoram
2139 655 2194 701 et
2219 647 2394 702 lineas
2422 647 2489 702 de
2510 648 2661 703 bisso
2685 657 2926 716 centum,
2951 660 3199 720 preterea
3236 660 3294 707 et

1694 742 1911 802 pateras
1936 742 1991 790 et
2018 734 2237 791 trullam
2263 737 2333 768 ’δι
2354 747 2408 792 et
2427 738 2677 793 li‘batoria
2716 746 2770 794 et
2812 749 3055 797 crateras
3097 757 3293 798 aureas

1693 824 1832 879 duas
1888 821 2002 878 Deo
2051 824 2348 893 vovendas,
2395 826 2999 898 omnesquchudaeos,
3050 847 3188 901 quos
3233 832 3293 887 in

1695 912 1930 987 IEgypto
1985 915 2233 985 captivos
2290 917 2517 986 invenit,
2584 918 2785 979 liberos
2838 935 2961 976 esse
3018 923 3289 991 permisit.

1698 1004 1906 1079 (Ηιειι.)
1959 1005 2239 1063 Abeuntes
2288 1019 2469 1066 autem
2500 1010 2847 1084 interpretes,
2902 1021 2957 1067 et
3007 1029 3039 1067 a
3074 1014 3295 1085 regibus

1694 1097 1840 1153 Asiae
1868 1098 2122 1153 honorati
2147 1108 2296 1154 sunt.
2328 1099 2463 1172 (Jos.
2487 1117 2590 1168 x11,
2622 1102 2699 1173 3.)
2723 1100 2860 1157 Nam
2886 1101 3149 1160 Seleucus
3193 1104 3291 1159 Ni—

1694 1205 1866 1246 canor
1885 1190 1940 1245 in
1966 1189 2301 1260 civitatibus,
2327 1209 2464 1264 quas
2485 1210 2581 1264 per
2604 1194 2792 1251 Asiam
2828 1195 3215 1264 :edilicaverat,
3243 1219 3251 1238 ι
3275 1205 3298 1250 t

1694 1281 1752 1337 in
1799 1281 2061 1339 inferiore
2094 1282 2247 1356 Syria
2288 1294 2341 1341 et
2392 1286 2446 1339 in
2500 1286 2618 1356 ipsa
2676 1288 2962 1358 metropoli
3006 1288 3296 1345 Antiochia

1693 1389 1755 1430 rc
1778 1375 1996 1446 publica
2018 1392 2119 1432 sua
2137 1377 2333 1449 dignos
2346 1392 2440 1433 eos
2468 1377 2616 1446 fecit,
2635 1388 2688 1434 et
2709 1395 2925 1450 aequum
2937 1382 3018 1436 eis
3030 1382 3299 1438 honorem

1696 1484 1822 1524 cum
1848 1468 2251 1526 habitatoribus
2283 1470 2672 1527 Macedonibus
2707 1480 2762 1526 et
2782 1471 2969 1529 Grecis
2996 1474 3293 1545 deputavit.

1770 1558 1868 1633 (H.
1911 1562 2008 1633 τη.)
2048 1562 2209 1617 Anno
2231 1563 2300 1617 ab
2332 1563 2478 1619 Urbe
2502 1563 2717 1619 condita
2756 1565 3297 1638 quadringentesimo

1699 1651 1922 1724 70°,qui
1945 1663 2031 1709 est
2051 1653 2403 1727 Pbyladelpbi
2427 1657 2639 1728 primus
2656 1658 2747 1723 ’5’,
2773 1656 3080 1728 Tarentini,
3110 1669 3291 1717 morte

1699 1741 1854 1815 Pyrri
1879 1744 2118 1817 cegnita,
2147 1745 2345 1802 iterum
2367 1762 2508 1803 nova
2531 1748 2793 1805 adversus
2817 1747 3098 1806 Romanos
3142 1752 3297 1807 solli-

57 1834 156 1913 γὼ
185 1858 552 1914 Alexandriam
592 1834 742 1914 (καί
776 1866 831 1913 ει
865 1874 896 1913 a
919 1871 1046 1928 rege
1072 1857 1305 1928 benigne
1335 1855 1596 1926 suscepti,
1632 1842 1674 1896 B
1700 1834 1873 1890 citant
1894 1851 2070 1904 arma,
2111 1836 2589 1910 Kartaginensium
2623 1840 2823 1895 auxilia
2855 1857 2951 1911 per
2970 1842 3179 1914 legatos
3201 1856 3301 1913 p0-

62 1948 279 2005 Demetrio
299 1957 424 2005 sunt
445 1948 833 2005 commendati.
859 1947 963 2016 Qui
989 1948 1145 2004 duxit
1165 1964 1261 2004 eos
1288 1947 1341 2002 in
1372 1949 1596 2004 domum

57 2040 490 2097 secretametbuic
526 2040 743 2112 negotio
791 2048 1008 2111 aptam,
1049 2055 1208 2096 secus
1262 2038 1391 2095 litus
1429 2039 1599 2096 maris

60 2134 266 2202 positam,
299 2133 391 2189 ubi
417 2148 516 2202 per
547 2132 893 2205 septuaginta
910 2133 1050 2189 duos
1087 2132 1205 2189 dies
1247 2147 1465 2189 omnem
1515 2132 1595 2187 le-

61 2241 151 2295 gem
192 2225 544 2282 disertissime
564 2225 984 2294 transtulerunt,
1006 2211 1230 2282 cottidie
1267 2225 1398 2281 huic
1431 2240 1599 2297 nego-

60 2319 116 2373 tio
145 2334 307 2374 curam
354 2335 535 2390 usque
588 2319 656 2375 ad
692 2319 884 2383 horam
942 2335 1143 2376 nonam
1195 2319 1595 2391 impendentes.

62 2412 223 2480 Quibus
252 2415 436 2471 diebus
464 2415 783 2483 transactis,
801 2416 1152 2487 congregavit
1166 2430 1361 2472 omnes
1380 2415 1596 2472 Judaeos

64 2503 308 2562 Demetrius
330 2506 398 2562 ad
422 2507 613 2562 locum
644 2506 699 2561 in
721 2520 831 2577 quo
859 2507 1138 2562 translatae
1170 2505 1388 2562 fuerant
1427 2507 1594 2578 leges,

58 2610 101 2655 et
120 2604 424 2672 presentibus
447 2602 843 2674 interpretibus
865 2603 994 2674 legit
1014 2618 1130 2659 cas.
1160 2602 1409 2674 Cumque
1450 2604 1596 2659 mul-

24 2692 31 2715 ³
63 2692 198 2752 titudo
224 2697 494 2767 complexa
523 2696 699 2768 legem
726 2696 809 2751 vel
843 2698 1090 2753 seniores
1117 2696 1237 2768 ejus
1274 2698 1597 2769 interpretes

62 2783 351 2861 Demetrium,
378 2806 445 2848 eo
476 2791 629 2863 quod
657 2807 985 2863 magnarum
1008 2808 1195 2849 rerum
1215 2802 1361 2852 esset
1402 2794 1595 2852 inven-

63 2886 143 2947 tor,
161 2880 425 2951 laudasset,
454 2883 679 2954 rogavit
703 2892 765 2938 ut
786 2883 952 2939 etiam
971 2884 1281 2955 presidibus
1304 2885 1421 2942 suis
1433 2886 1596 2942 dare-

61 2979 129 3028 tur
146 2974 358 3047 legenda.
403 2975 648 3034 Gavisus
694 2991 826 3049 ergo
880 2992 999 3045 rex,
1048 2978 1386 3037 voluntatem
1436 2996 1594 3038 suam

62 3079 153 3122 esse
177 3067 474 3138 perfectam,
533 3078 591 3126 et
642 3070 861 3128 relectis
893 3071 1127 3144 legibus,
1157 3089 1381 3131 sensum
1426 3084 1482 3132 et
1506 3091 1596 3132 sa-

62 3154 267 3225 pientiam
292 3175 481 3218 earum
513 3162 928 3235 obstupescens,
959 3162 1100 3220 dixit
1124 3163 1193 3221 ad
1235 3163 1594 3236 Demetrium,
1625 3184 1668 3247 ε

60 3250 290 3308 amntirari
311 3267 389 3322 se,
410 3254 567 3326 quod
592 3268 756 3311 nemo
778 3256 1267 3328 hysteriograpbus
1297 3274 1402 3316 nec
1438 3270 1597 3332 poeta

18 3368 33 3377 ιι
63 3336 223 3398 Grecus
253 3344 495 3415 ejusdem
552 3346 687 3418 legis
728 3347 1090 3415 meminisset,
1137 3363 1264 3405 cum
1314 3358 1426 3411 tam
1460 3353 1599 3408 mira

63 3426 281 3490 existeret.
304 3434 403 3491 Cui
430 3435 749 3493 Demetrius
776 3439 1078 3510 respondit,
1104 3441 1378 3499 neminem
1402 3458 1600 3499 ausum

62 3517 191 3580 fuisse
207 3529 661 3601 conscriptionem
710 3529 834 3602 ejus
862 3539 1106 3605 tangere,
1136 3547 1205 3588 eo
1241 3534 1386 3604 quod
1417 3535 1602 3592 divina

59 3626 186 3685 esset.
217 3621 410 3680 addens
438 3623 593 3697 quod
625 3623 1012 3697 Theopompus
1052 3626 1243 3682 volens
1271 3627 1327 3683 in
1359 3628 1603 3700 hystoria

60 3710 219 3783 aliquid
237 3716 300 3772 de
320 3716 406 3773 bis
431 3716 809 3786 conscribere,
835 3726 1019 3775 mente
1064 3719 1137 3776 sit
1181 3720 1433 3777 turbatus
1480 3722 1605 3792 plus

18 3818 19 3821 ‘
58 3818 187 3873 quam
211 3808 274 3865 30
294 3811 512 3880 diebus,
544 3813 721 3870 donec
744 3812 871 3870 inde
893 3813 997 3871 sibi
1034 3813 1367 3873 dementiam
1402 3815 1604 3874 factam

56 3911 152 3952 esse
182 3903 504 3974 suspicatus,
529 3914 584 3963 et
610 3905 666 3963 in
705 3907 917 3965 somnis
965 3922 1185 3980 quoque
1244 3910 1605 3979 ammonitus,

57 3992 171 4059 quod
198 3997 258 4030 ’δ’
283 4000 385 4057 hoc
406 4000 462 4058 ei
510 4000 634 4060 ideo
677 4002 987 4072 accidisset,
1038 4003 1168 4076 quia
1214 4004 1428 4063 divinas
1459 4007 1606 4082 leges

59 4096 286 4148 scrutatus
312 4104 467 4152 esset
492 4103 548 4152 et
569 4096 637 4153 ad
658 4096 905 4169 impuros
940 4098 1195 4160 homines
1214 4116 1313 4158 eas
1340 4100 1486 4159 ferre
1508 4116 1609 4159 vo-

20 4214 23 4215 ν
61 4175 231 4253 inisset,
256 4203 376 4245 cum
402 4190 720 4250 humilitate
753 4209 785 4250 a
827 4193 941 4252 Deo
975 4197 1193 4253 veniam
1253 4198 1602 4271 supplicaret.

63 4273 259 4354 Cumque
281 4287 525 4345 scribere
548 4288 867 4360 quievisset,
890 4294 1097 4365 recepit
1142 4309 1388 4353 sensum.
1445 4294 1608 4353 Refe-

64 4372 183 4431 rebat
210 4379 366 4438 etiam
416 4382 491 4439 de
550 4382 849 4442 Theotecto
897 4386 967 4420 ’⁸⁸
1005 4390 1374 4462 tragediarum
1422 4400 1603 4463 poeta,

62 4467 159 4535 quia
180 4484 294 4529 cum
320 4475 482 4532 nisus
509 4475 580 4510 ’δ’
614 4474 810 4535 fuisset
825 4479 884 4536 in
909 4479 1095 4553 aliquo
1118 4481 1366 4540 dramate
1413 4500 1603 4542 eorum

63 4561 325 4624 meminsse
342 4583 471 4640 quae
493 4570 681 4629 divino
712 4571 1068 4633 continentur
1077 4574 1377 4647 volumine,
1406 4579 1606 4637 obscu-

63 4654 165 4711 retis
180 4660 364 4730 ocnus,
386 4663 713 4737 recognovit
747 4680 975 4726 causam
1000 4680 1120 4723 sua
1138 4668 1427 4738 caecitatis,
1449 4678 1505 4727 et
1528 4670 1603 4728 ita

62 4742 275 4836 liberatus
293 4764 378 4814 est
405 4771 438 4813 a
467 4756 746 4828 passione,
772 4757 888 4816 Deo
930 4759 1005 4793 ³⁸⁸
1045 4759 1263 4817 veniam
1316 4762 1600 4836 largiente.

60 4832 365 4905 plllolomens
387 4857 576 4906 autem
594 4849 815 4907 remisit
830 4850 1053 4908 eosdem
1077 4852 1324 4911 seniores
1351 4832 1477 4911 cum
1502 4857 1603 4912 ho-

63 4939 182 4998 ιιοτε.
210 4935 415 4996 donans
449 4940 752 5014 unicuique
785 4942 959 5000 stolas
997 4944 1236 5016 optimas
1257 4954 1313 5003 et
1362 4946 1485 5003 auri
1514 4956 1598 5004 ta—

64 5016 176 5111 itnta
192 5027 292 5086 duo
313 5040 371 5088 et
388 5033 618 5091 calicem
648 5034 814 5101 unius
837 5036 1025 5093 talenti
1055 5046 1339 5111 totumque
1370 5042 1605 5099 convivii

64 5110 262 5176 ﬂorum.
282 5120 522 5199 Principi
544 5136 728 5185 autem
751 5128 1100 5186 sacerdotum
1141 5110 1404 5189 Eleazaro
1447 5133 1611 5191 desti-

65 5208 183 5266 m'it
202 5226 293 5283 per
313 5231 411 5275 eos
431 5219 604 5278 lectos
630 5221 822 5278 decem
845 5236 974 5279 cum
1001 5224 1277 5295 argenteis
1298 5225 1528 5296 pedibus
1553 5233 1609 5281 et

1699 1936 1860 1982 scunt
1888 1937 1941 1982 et
1962 1929 2266 1999 accipiunt;
2298 1941 2663 2002 consertoque
2684 1933 2893 2003 praelio,
2922 1933 3155 1989 Romani
3177 1935 3301 1989 vin-

1699 2028 1834 2075 cunt
1881 2019 1973 2075 ’5’.
2034 2018 2109 2075 lbi
2153 2020 2267 2091 jam
2344 2031 2475 2078 tunc
2541 2022 2996 2095 Kartaginenses,
3049 2028 3301 2098 quamvis

1698 2112 1946 2167 nondum
1994 2113 2180 2169 hostes
2224 2114 2481 2183 judicati,
2537 2116 2682 2172 vinei
2728 2125 2913 2173 tamen
2953 2134 2983 2173 a
3035 2118 3301 2176 Romanis

1698 2218 1860 2280 posse
1881 2214 2191 2261 senserunt.
2221 2206 2354 2273 Quae
2385 2191 2534 2280 (‘21?)
2579 2225 2669 2265 res
2724 2211 3073 2287 occasionem
3124 2212 3299 2267 helio-

1699 2310 1824 2350 rum
1846 2295 2038 2351 tribuit
2062 2296 2202 2353 inter
2233 2296 2511 2355 Romanos
2533 2309 2587 2355 et
2624 2298 2938 2357 Africanos.
2971 2301 3104 2369 Qum
3160 2302 3300 2358 bella

1698 2387 1791 2443 diu
1814 2397 2092 2457 protracta
2126 2405 2191 2446 ac
2213 2391 2443 2446 nimium
2474 2393 2763 2449 sevissima
2815 2394 3034 2465 utrique
3088 2396 3303 2464 experti

1700 2486 1830 2534 sunt
1854 2481 2063 2551 populi,
2105 2483 2358 2553 quamvis
2393 2482 2614 2540 demum
2671 2484 2902 2541 Romani
2950 2502 3075 2542 cum
3129 2487 3303 2543 nimio

1698 2570 1899 2625 sudore
1950 2571 2186 2628 victores
2239 2574 2555 2630 existerent.
2610 2576 2991 2632 Arimiuus.in
3037 2579 3210 2634 Gallia
3246 2587 3304 2634 et

1696 2660 2112 2720 Beneventusin
2150 2663 2381 2722 Samnio
2403 2666 2508 2724 hoc
2533 2675 2778 2739 tempore
2810 2685 2841 2724 a
2884 2668 3147 2726 Romanis
3176 2685 3307 2727 con-

1696 2751 1823 2809 diue
1849 2762 1998 2809 sunt.
2021 2754 2184 2811 Anno
2207 2758 2513 2828 prescripto
2535 2760 2782 2833 prodigia
2810 2760 2927 2817 visa
2963 2769 3114 2829 sunt,
3165 2775 3299 2817 san-

1697 2845 1822 2919 guis
1846 2845 1914 2903 de
1935 2854 2082 2906 terra
2104 2846 2158 2902 in
2187 2848 2378 2905 multis
2403 2850 2538 2906 locis
2557 2849 2755 2908 effossa
2780 2851 3061 2924 profluxit,
3106 2852 3194 2910 lac
3234 2850 3305 2908 de

1695 2934 1830 2992 caelo
1858 2935 1915 2992 in
1943 2937 2167 2997 modum
2199 2938 2399 3010 pluvia:
2417 2939 2719 2996 descendit.

1767 3026 1928 3085 Anno
1948 3039 2135 3086 autem
2163 3031 2710 3105 quadringentesimo
2749 3034 3087 3108 octogesimo
3123 3044 3302 3107 sexto,

1700 3119 1797 3191 qui
1832 3128 1919 3177 est
1938 3119 2294 3194 Pbyladelphi
2312 3123 2460 3193 17ιιο,
2491 3123 2725 3183 Romani
2750 3127 2984 3199 Appium
3009 3125 3304 3184 Claudium

1701 3214 1983 3271 consulem
2010 3214 2352 3274 Mamertinis
2386 3220 2591 3276 auxilia
2639 3220 3064 3293 deposcentibus
3112 3233 3306 3282 contra
3354 3300 3366 3306 _

1703 3306 1996 3365 Hieronem
2023 3308 2499 3383 Syracusanorum
2543 3329 2725 3386 regem
2761 3323 2818 3371 et
2861 3312 3163 3372 Pomorum
3207 3332 3306 3387 co-

1701 3402 1844 3473 pias,
1868 3418 2007 3474 quas
2034 3419 2128 3461 rex
2163 3405 2282 3477 ipse
2327 3406 2687 3476 conduxerat,
2737 3408 2795 3464 in
2853 3406 3101 3465 Siciliam
3134 3409 3306 3466 mise-

1701 3506 1850 3554 runt.
1878 3496 1985 3569 Qui
2010 3507 2123 3556 tam
2144 3501 2396 3559 celeriter
2418 3518 2516 3560 eos
2537 3503 2692 3571 vicit,
2716 3513 2777 3561 ut
2818 3505 2937 3575 ipse
2980 3520 3079 3562 rex
3115 3520 3307 3578 regum

1702 3587 2081 3662 magnitudine
2106 3592 2432 3663 perterritus
2469 3601 2597 3650 ante
2624 3609 2684 3651 se
2708 3594 2915 3652 victum
2959 3612 3127 3667 quam
3178 3612 3309 3652 con-

1703 3696 1951 3754 gressum
1983 3678 2155 3741 fuisse
2174 3685 2495 3756 prodiderit.
2529 3684 2800 3744 Hannibal
2826 3703 2959 3745 vero
2986 3689 3175 3746 senior
3193 3689 3307 3746 dux

1702 3770 2002 3830 Pmnorum
2059 3773 2118 3829 in
2164 3774 2454 3850 Agriginto
2510 3778 2730 3835 civitate
2776 3778 2980 3837 Sicilire
3021 3779 3310 3836 obsidione

1703 3864 1916 3921 cinctus
1957 3879 1991 3921 a
2038 3864 2326 3936 Romanis,
2363 3868 2431 3926 ad
2457 3885 2732 3927 summam
2781 3880 3082 3945 egestatem
3109 3872 3310 3943 perdu-

1706 3961 1832 4010 ctus
1857 3961 2024 4021 esset,
2050 3953 2159 4011 nisi
2192 3953 2390 4014 Hanno
2419 3974 2601 4018 novus
2623 3961 2922 4032 imperator
2942 3960 3306 4030 Kartaginen-

1705 4043 1851 4099 sium
1886 4058 2017 4099 cum
2073 4045 2355 4115 equitibus
2411 4050 2560 4106 mille
2603 4052 2926 4124 quingentis
2973 4063 3030 4109 et
3080 4053 3309 4126 triginta

1705 4133 1929 4193 milibus
1961 4136 2206 4208 peditum
2230 4148 2286 4195 et
2316 4140 2538 4212 triginta
2563 4142 2871 4216 elephantis
2891 4149 3307 4219 superveniens,

1705 4229 2163 4301 expugnationem
2217 4231 2456 4290 civitatis
2508 4237 2788 4308 paulisper
2821 4239 3156 4310 distulisset;
3210 4245 3311 4301 sed

1706 4320 1970 4376 continuo
1993 4329 2147 4392 capta
2183 4331 2287 4391 est,
2329 4323 2600 4398 Poenique
2651 4329 2783 4386 victi
2829 4339 2885 4387 et
2929 4331 3104 4406 fugati
3154 4343 3305 4410 sunt;

1706 4406 1979 4467 Hannibal
2028 4427 2152 4469 cum
2208 4415 2400 4485 paucis
2434 4419 2650 4489 evasit,
2714 4422 2968 4483 undecim
3036 4407 3309 4498 elephanti

1708 4503 1872 4576 capti,
1922 4504 2263 4589 Agrigentini
2301 4510 2407 4567 sub
2444 4527 2650 4570 corona
2687 4530 2881 4577 omnes
2925 4526 3054 4574 sunt
3079 4520 3306 4577 venditi.

1708 4595 1841 4654 Post
1861 4597 2000 4667 haec,
2026 4597 2165 4656 Gaio
2188 4599 2411 4673 Aquilio
2433 4603 2598 4662 Floro
2627 4615 2683 4664 et
2715 4607 2885 4668 Lucio
2906 4610 3165 4669 Cornelio
3195 4612 3310 4669 Scio

1708 4687 1875 4760 pione
1900 4692 2247 4762 consulibus,
2284 4693 2712 4771 Kartaginenses
2757 4699 3081 4759 Hannonem
3114 4702 3173 4759 in
3219 4704 3308 4761 loc

1708 4794 1835 4836 cum
1866 4778 2187 4841 Hannibalis
2211 4786 2672 4861 subrogaverunt,
2701 4792 2851 4862 quia
2883 4791 3143 4864 Scipione
3169 4810 3306 4852 cnn—

1710 4869 1829 4926 sule
1863 4872 2062 4941 victus,
2103 4875 2528 4940 confertissimis
2587 4882 2839 4939 hostibus
2881 4899 2942 4941 sc
2986 4884 3307 4957 inmiscuit,

1709 4961 1896 5037 ibique
1916 4964 2241 5026 interfectus
2277 4982 2382 5027 est.
2418 4972 2687 5030 Hannibal
2721 4975 2920 5032 iterum
2961 4978 3127 5036 classi
3179 4995 3307 5051 pre-

1709 5054 1947 5124 positus,
1973 5057 2266 5117 infeliciter
2293 5077 2420 5118 cum
2462 5062 2725 5123 Romanis
2746 5065 2927 5123 navali
2949 5068 3137 5138 praelia
3170 5085 3307 5128 con~

1710 5161 1934 5217 gressus
1965 5158 2020 5206 et
2049 5149 2251 5221 victus,
2278 5154 2350 5209 ab
2373 5155 2612 5212 exercitu
2644 5172 2748 5213 suo
2781 5158 3051 5216 seditione
3071 5170 3192 5218 orta
3222 5163 3307 5219 la-

1711 5235 1928 5305 pidibus
1954 5252 2247 5313 coopertus
2280 5245 2506 5304 interiit.
2552 5246 2723 5305 Lucio
2757 5248 2960 5306 Manlio
2991 5250 3228 5309 Vulsonc
3255 5264 3312 5311 rt

1307 5328 1539 5389 VARUS
1577 5332 1979 5405 LECTIONES.

64 5476 593 5574 m”_iherosolimam
623 5494 677 5549 5.
713 5493 799 5550 9c.
832 5510 1035 5621 semger

64 5608 96 5621 _
140 5564 278 5621 visus
312 5559 374 5613 9c
417 5562 503 5617 il.
578 5565 649 5597 "°
673 5566 907 5621 deoan.
980 5608 995 5621 .

188 5559 522 5636 mentitur
578 5565 649 5636 “7°
673 5566 828 5621 deoa
853 5581 907 5636 p.
941 5559 995 5621 Β.
1038 5559 1143 5598 ’⁸³⁸
1174 5566 1368 5622 trullas
1395 5568 1481 5624 9ο.
1560 5571 1631 5604 ³⁵³

102 5618 210 5677 -Η-
279 5628 349 5661 ’⁸³
377 5618 838 5708 Carthaginenses
854 5618 995 5693 rvicti
1021 5645 1152 5693 sunt
1179 5618 1384 5693 Πῗῖίὶ

1037 5537 1052 5564 ,
1078 5495 1220 5570 quod
1242 5495 1300 5570 in
1322 5494 1373 5550 l.
1405 5498 1497 5570 pix
1518 5502 1679 5557 semel
1707 5516 1801 5562 aut
1829 5510 1909 5566 bis
1931 5511 1982 5570 te

1981 5515 2146 5589 gitur.
2224 5519 2293 5594 ’δῖ
2323 5536 2391 5577 eo
2432 5524 2578 5594 quod
2616 5526 2702 5583 9c.
2779 5527 2851 5562 ³⁸⁸
2892 5528 3207 5588 theothecto
3254 5532 3308 5586 5.

1671 5578 1906 5671 prunus,
1960 5578 2159 5671 ortum-
2170 5578 2578 5671 est'opunicum
2620 5578 2833 5653 bellum
2861 5578 3312 5671 pFixiiuiit'."ivaiii

1404 5655 1523 5711 qua:
1551 5658 1844 5716 sequuntur
1869 5671 1935 5710 ea:
1956 5658 2074 5730 ipsa
2105 5655 2353 5719 Historia
2374 5665 2611 5723 miscetla
2637 5655 3027 5729 sumctalsunt.

1526 5734 1757 5801 ΝΟΤιΕ.

18 5824 23 5825 ί
106 5794 247 5873 ,(212)
281 5804 412 5872 Quae
449 5841 517 5853 --
547 5816 828 5871 existerent
851 5814 1156 5874 Ekkehardi
1197 5820 1357 5877 verba
1390 5834 1536 5885 sunt.
