3876 6306
574 271 671 326 611

492 437 501 448 ,
572 380 756 441 Marco
784 374 948 441 Atilio
967 382 1174 455 Regulo
1199 383 1539 449 consulibus,
1586 370 1786 437 bellum
1821 384 1875 436 in
1919 381 2159 435 Africam

573 476 895 532 translatum
947 472 1051 543 est,
1087 475 1287 544 quibus
1331 470 1606 529 Hamilcar
1631 473 1741 529 dux
1766 473 2061 527 Pmnorum
2106 482 2159 527 et

574 564 767 623 Hanno
800 567 937 622 alter
959 566 1118 622 classi
1163 567 1436 636 profectus
1461 573 1839 631 occurrerunt,
1877 572 2161 620 conserto-

573 676 681 730 que
704 659 881 714 navali
902 659 1109 730 prmlio,
1128 657 1284 713 Ι)ωηὶ
1303 659 1356 713 in
1393 658 1577 730 fugam
1610 658 1755 714 versi
1779 667 1925 724 sunt,
1957 656 2026 711 64
2057 671 2159 711 na-

573 767 669 806 ves
686 750 1053 821 perdiderunt,
1074 750 1329 805 consules
1367 749 1602 806 victores
1623 749 1676 803 in
1702 747 1942 804 Africam
1978 757 2160 804 trans-

573 840 714 902 vecti
784 856 913 903 sunt
938 889 952 914 ,
1000 846 1459 918 Kartaginemque
1503 856 1765 919 petentes,
1814 846 1919 902 500
1962 855 2056 901 aut
2096 861 2161 902 eo

574 937 1064 1009 amplius‘castella
1086 937 1325 1009 populati
1349 947 1494 992 sunt.
1518 938 1751 993 Manlius
1787 954 1912 992 cum
1951 936 2162 992 victrici

575 1033 750 1086 classe
778 1014 961 1084 Africa
1005 1030 1292 1095 decedens,
1327 1028 1504 1082 27000
1547 1029 1886 1099 captivorum
1931 1027 2162 1082 Romam

574 1121 780 1190 evexit;
806 1120 1046 1192 Regulus
1064 1121 1118 1174 in
1141 1119 1324 1174 Africa
1347 1135 1659 1187 remanens,
1684 1128 1872 1175 contra
1909 1129 2018 1175 tres
2061 1120 2163 1174 du-

575 1227 667 1267 ces
688 1211 987 1278 dimicavit,
1011 1208 1365 1265 Hastrubales
1386 1218 1440 1265 et
1476 1208 1839 1266 Hamilcarem
1873 1227 1942 1265 ex
1977 1209 2163 1265 Sicilia

574 1304 832 1359 accitum.
857 1302 1105 1374 Cumque
1122 1303 1256 1357 haut
1275 1302 1466 1372 procul
1488 1319 1517 1358 a
1538 1302 1761 1359 ﬂumine
1792 1303 2038 1377 Bagrada
2079 1322 2166 1361 ca-

575 1402 689 1449 stra
705 1394 1001 1464 posuisset,
1025 1393 1228 1459 multos
1249 1394 1484 1448 militum
1508 1395 1574 1450 ad
1595 1393 1795 1450 ﬂumen
1825 1396 2161 1451 descenden-

574 1492 657 1537 tes
676 1498 900 1553 serpens
916 1483 1069 1538 mirae
1089 1482 1481 1555 magnitudinis
1502 1484 1800 1540 devoravit.
1818 1483 2060 1555 Regulus
2095 1485 2163 1539 ad

573 1576 991 1647 expugnandam
1047 1576 1279 1632 bestiam
1328 1592 1453 1631 cum
1513 1576 1754 1631 exercitu
1806 1575 2161 1641 descendens,

576 1667 823 1736 squamis
840 1667 961 1738 ejus
981 1668 1086 1723 tela
1131 1685 1242 1724 non
1284 1669 1695 1739 recipientibus,
1728 1668 1894 1739 jussit
1912 1667 2159 1735 balistas,

577 1762 777 1831 quibus
817 1762 961 1817 muri
998 1759 1438 1834 confringuntur,
1480 1762 1684 1831 aﬂ‘erri,
1723 1763 1917 1833 hisque
1941 1762 2160 1817 ossibus

575 1854 697 1924 ejus
738 1853 1052 1923 confractis,
1094 1855 1270 1911 occisa
1315 1864 1417 1911 est.
1460 1853 1641 1931 Cujus
1678 1854 1887 1909 corium
1927 1853 2156 1908 Romam

576 1944 860 2000 devectum
888 1944 988 1998 120
1010 1945 1207 2016 pedum
1230 1945 1416 2015 spacio
1442 1943 1641 1998 dicitur
1666 1944 1982 1999 distentum.
2023 1941 2159 1996 Kar-

578 2036 889 2107 taginenses
920 2036 1104 2106 itaque
1144 2034 1302 2089 fracti
1346 2034 1523 2100 bellis,
1577 2033 1720 2088 inter
1779 2031 1980 2088 multos
2020 2046 2160 2111 quos

576 2127 760 2195 precio
788 2127 1169 2181 conduxerunt
1210 2126 1265 2179 in
1305 2125 1569 2180 auxilium
1598 2124 1932 2195 Xantippum
1978 2138 2159 2195 regem

578 2215 1104 2272 Lacedemoniorum
1159 2215 1392 2270 accitum
1443 2215 1587 2269 bello
1631 2218 1993 2284 prelecerunt.
2055 2211 2160 2280 Qui

579 2321 702 2361 cum
731 2306 1026 2361 Pcenorum
1048 2305 1222 2376 copiis
1248 2305 1530 2361 instructis
1552 2303 1617 2359 ad
1646 2319 1883 2374 pugnam
1906 2302 2163 2373 procede-

578 2407 684 2466 ret,
723 2397 793 2453 50
820 2398 970 2453 milia
1010 2397 1383 2452 Romanorum
1424 2397 1656 2451 militum
1702 2381 1974 2466 prostrata
2012 2403 2158 2461 sunt,

581 2492 820 2565 Regulus
843 2493 951 2549 dux
975 2493 1061 2548 ille
1092 2493 1290 2551 nobilis
1313 2507 1436 2547 cum
1458 2490 1769 2562 quingentis
1806 2491 1939 2545 viris
1973 2499 2159 2560 captus

577 2595 684 2649 est,
725 2594 775 2641 et
801 2586 853 2639 in
895 2596 1117 2640 catenas
1161 2586 1463 2655 conjectus,
1516 2585 1729 2639 decimo
1776 2584 1992 2638 tandem
2035 2581 2163 2636 belli

570 2674 772 2733 'Punici
807 2691 953 2732 anno
988 2676 1226 2731 nobilem
1280 2676 1616 2746 triumphum
1674 2671 2161 2744 Kartaginensibus

574 2767 746 2823 dedit.
769 2767 1077 2838 Xantippus
1098 2778 1210 2823 tam
1251 2768 1473 2823 audacis
1512 2764 1639 2821 facti
1669 2765 1945 2831 conscius,
1977 2778 2160 2818 rerum

580 2852 919 2919 instabilium
942 2862 1301 2916 mutationem
1340 2861 1562 2926 timens,
1592 2859 1718 2915 ilico
1740 2874 1807 2913 ex
1830 2856 2015 2912 Africa
2059 2856 2163 2910 mi-

580 2955 756 3026 gravit
778 2954 833 3009 in
868 2954 1138 3010 Greciam.
1162 2953 1295 3010 Post
1315 2954 1429 3009 haec
1456 2953 1588 3009 fessi
1614 2960 1694 3007 tot
1716 2952 1873 3007 malis
1908 2949 2160 3028 Kartagi-

578 3058 800 3113 nenses,
836 3042 1122 3115 petendam
1154 3058 1276 3099 esse
1303 3058 1491 3113 pacem
1545 3058 1575 3098 a
1615 3041 1879 3097 Romanis
1909 3042 2163 3097 decreve-

578 3143 730 3202 runt,
757 3136 826 3191 ad
853 3152 1017 3206 quam
1048 3151 1161 3190 rem
1196 3134 1418 3189 Atilium
1462 3134 1725 3205 Regulum
1762 3143 1921 3188 antea
1964 3133 2160 3188 ducem

564 3222 978 3291 ‘Remanornm,
1006 3238 1166 3294 quem
1192 3223 1304 3293 jam
1325 3238 1422 3294 per
1446 3223 1881 3295 quinquennium
1905 3224 2162 3280 tenebant

578 3313 877 3383 captivum,
903 3314 1045 3369 inter
1065 3322 1275 3369 ceteros
1299 3314 1507 3386 legatos
1540 3313 1795 3386 precipue
1833 3322 2162 3385 putaverunt

581 3405 925 3461 mittendum.
949 3403 1054 3475 Qui
1081 3394 1205 3461 cum
1233 3404 1462 3459 Romam
1484 3406 1713 3475 veniret,
1748 3406 1947 3462 ductus
1972 3406 2028 3462 in
2070 3422 2156 3464 se~

581 3496 998 3564 natum,'nichil
1037 3495 1195 3567 quasi
1229 3488 1509 3551 Remanus
1554 3496 1680 3568 egit,
1718 3497 1962 3569 dixitque
2004 3514 2063 3555 se
2092 3515 2160 3555 ex

583 3585 672 3641 illa
694 3586 803 3652 die,
825 3600 933 3656 qua
961 3585 1016 3640 in
1049 3593 1373 3656 potestatem
1400 3585 1657 3643 Afrorum
1678 3589 1938 3657 venisset,
1967 3589 2163 3645 Roma-

581 3693 716 3733 num
742 3693 864 3734 esse
888 3678 963 3711 ³⁸⁸
986 3678 1214 3735 desisse.
1242 3678 1428 3755 Itaque
1457 3688 1511 3735 et
1545 3696 1769 3736 uxorem
1797 3698 1828 3737 a
1872 3684 2161 3754 complexu

581 3770 834 3839 removit,
864 3778 920 3826 et
945 3770 1156 3827 senatui
1177 3771 1370 3840 suasit,
1404 3787 1474 3828 ne
1505 3788 1611 3844 pax
1636 3789 1761 3829 cum
1804 3773 1952 3831 Afris
1984 3774 2156 3831 fieret.

580 3860 741 3930 Quod
765 3872 822 3920 et
846 3865 1097 3921 obtinuit.
1136 3863 1386 3937 Cumque
1439 3866 1639 3922 vellent
1685 3881 1812 3923 eum
1860 3867 2047 3925 Romae
2075 3876 2159 3924 te-

581 3971 733 4022 nere,
763 3958 980 4029 negavit
1029 3973 1089 4014 se
1131 3957 1186 4013 in
1242 3973 1308 4013 ea
1355 3957 1491 4014 urbe
1548 3971 1889 4028 mansurum,
1919 3960 1976 4015 in
2028 3976 2158 4031 qua,

580 4056 872 4119 postquam
909 4044 1051 4105 Afris
1094 4050 1373 4118 servierit,
1420 4051 1738 4123 dignitatem
1772 4053 1908 4108 civis
1944 4052 2161 4109 honesti

581 4138 786 4221 habere
809 4156 919 4197 non
966 4149 1169 4213 posset.
1214 4141 1392 4199 Rediit
1414 4158 1544 4217 ergo
1568 4144 1936 4217 Kartaginem.
1987 4143 2161 4212 Quem

579 4244 891 4303 regressum
906 4229 1185 4292 machina:
1212 4234 1557 4309 illigaverunt
1588 4245 1642 4293 et
1662 4238 1731 4293 ad
1775 4238 1990 4297 radium
2027 4239 2162 4296 solis

581 4339 797 4397 semper
833 4335 978 4384 stare
1020 4319 1306 4398 fecerunt,
1363 4330 1700 4403 resectisque
1741 4332 2013 4404 palpebris
2040 4375 2056 4396 .
2104 4334 2163 4390 in

578 4433 776 4475 somno
809 4420 880 4453 ”'
914 4431 1264 4479 necaverunt.
1299 4422 1447 4478 Alter
1467 4424 1660 4480 deinde
1697 4424 1894 4482 Atilius
1919 4425 2162 4499 Regulus

580 4518 637 4566 et
669 4509 904 4567 Manlius
937 4510 1158 4582 Vulsco,
1182 4514 1343 4570 ambo
1395 4515 1482 4571 bis
1520 4517 1795 4580 consules,
1833 4535 1958 4575 cum
1988 4520 2164 4578 classe

579 4603 938 4659 ducentarum
972 4606 1193 4661 navium
1215 4615 1270 4663 et
1297 4617 1534 4678 quatuor
1558 4610 1862 4681 legionibus
1882 4612 2162 4686 Lylibeum

579 4692 832 4765 profecti,
853 4698 1269 4767 superveniente
1308 4698 1629 4769 Hannibale,
1677 4700 2000 4763 Hamilcaris
2026 4705 2173 4773 filio,‘

581 4787 712 4843 victi
741 4797 888 4856 sunt,
921 4789 1236 4861 majoreque
1272 4794 1543 4868 exercitus
1595 4803 1748 4865 parte
1791 4796 2020 4866 perdita,
2058 4797 2163 4868 ipsi

579 4876 673 4933 vix
696 4888 1008 4934 evaserunt.
1033 4878 1164 4938 Post
1192 4881 1296 4937 hos
1323 4881 1583 4939 Claudius
1604 4885 1797 4940 consul
1831 4902 1957 4963 cum
1988 4887 2163 4944 classe

581 4970 938 5028 ducentarum
958 4972 1146 5046 viginti
1177 4975 1395 5030 navium
1426 4977 1493 5031 ad
1523 4966 1755 5048 Drepani
1789 4987 2005 5050 portum
2028 4994 2160 5036 con-

582 5067 666 5115 tra
701 5060 910 5119 hostem
943 5058 1218 5135 profectus
1242 5078 1345 5134 est,
1400 5068 1490 5123 ubi
1531 5086 1655 5125 mox
1687 5080 1944 5145 exceptus
1987 5073 2165 5129 classe

579 5148 896 5224 Pomorum,
938 5156 1068 5212 dum
1095 5167 1286 5215 contra
1335 5160 1577 5231 auspicia
1630 5162 1963 5231 dimicasset,
1999 5181 2162 5236 supe-

579 5251 735 5298 ratus
762 5254 866 5314 est,
895 5255 950 5302 et
970 5249 1084 5319 ipse
1104 5250 1323 5321 quidem
1360 5267 1486 5307 cum
1523 5254 1755 5311 navibus
1777 5254 1846 5310 '50
1880 5254 2161 5328 Lylibeum

576 5333 846 5407 confugit,
874 5339 1096 5410 reliqua:
1125 5355 1318 5398 omnes
1376 5353 1472 5399 aut
1503 5354 1675 5417 captae
1727 5356 1822 5402 aut
1866 5350 2163 5405 submersa:

1742 267 2139 331 EKKEHARDI
2178 265 2643 329 URAUGIENSIS

3720 287 3805 339 ωε

2188 390 2409 456 Agunt,
2473 399 2669 438 novem
2717 382 2865 438 milia
2933 384 3169 440 militum
3217 401 3360 442 caesa
3410 395 3560 453 sunt,
3606 388 3805 446 20min

2261 483 2418 543 capta
2447 475 2776 529 referuntur.
2823 474 2969 531 Inter
3010 477 3126 532 bzec
3178 476 3443 533 Lutacius
3490 480 3675 534 consul
3711 498 3804 538 tam

2262 562 2436 618 classe
2469 571 2837 620 trecentarum
2879 566 3103 622 navium
3135 568 3190 621 in
3224 566 3471 624 Siciliam
3516 578 3805 631 transvectas

2261 663 2365 722 est,
2387 656 2476 711 cui
2497 655 2652 713 Pmni
2682 664 2807 713 cum
2829 660 3245 731 quadringentis
3274 663 3514 718 navibus
3538 666 3806 737 magnisque

2262 746 2435 816 copiis
2455 745 2721 805 Hannone
2742 750 2880 805 duce
2908 762 3227 820 occurrunt,
3258 751 3522 825 factaque
3545 771 3723 826 pugna,
3745 759 3805 810 vi-

2262 847 2383 903 ctus
2417 837 2611 895 Hanno
2636 841 2747 896 dux
2770 840 2911 913 fuga:
2932 841 3141 914 primus
3164 842 3301 910 fuit;
3338 844 3413 899 75
3447 844 3663 901 Punicae
3684 864 3805 904 naves

2263 938 2432 1001 captaa
2459 939 2608 997 sunt,
2640 931 2743 986 120
2765 934 3085 1001 submersas,
3113 935 3183 989 32
3213 937 3364 991 milia
3396 946 3583 1007 capta,
3622 938 3682 991 ll
3698 941 3804 993 milia

2263 1037 2401 1077 caesa
2427 1031 2573 1079 sunt.
2604 1021 2736 1080 Post
2759 1025 2875 1081 haec
2916 1027 2981 1081 ad
3022 1024 3334 1094 Lutacinm,
3378 1028 3582 1084 deinde
3626 1026 3804 1085 R-mm

2262 1116 2560 1183 mittentes,
2586 1132 2776 1188 pacem
2820 1120 2924 1175 sub
2968 1120 3072 1176 hac
3111 1120 3431 1179 conditione
3477 1120 3726 1187 fecerunt,
3767 1134 3805 1177 at

2267 1206 2449 1262 Sicilia
2487 1207 2850 1280 Sardiniaque
2883 1211 3210 1267 decederent
3240 1220 3290 1266 ei
3329 1225 3430 1282 per
3455 1208 3533 1265 20
3572 1213 3804 1266 continuos

2264 1312 2439 1354 annos
2476 1300 2579 1354 tria
2606 1301 2755 1355 milia
2793 1301 3122 1356 talentorum
3153 1302 3276 1372 puri
3299 1317 3423 1356 auri
3447 1300 3805 1372 Romanisper-
3852 1356 3853 1373 η

2264 1390 2561 1456 solverent;
2599 1390 2786 1461 sicque
2831 1391 3045 1446 ﬁnitum
3074 1398 3158 1447 est
3198 1391 3305 1447 hoc
3352 1390 3632 1448 Punicum
3654 1392 3801 1449 bellua
3852 1410 3853 1419 η

2263 1495 2361 1551 per
2379 1481 2452 1535 25
2474 1496 2649 1536 annos
2668 1491 3026 1552 protractum.

2333 1570 2430 1628 His
2447 1575 2784 1644 temporibus
2807 1584 3097 1647 argenteus
3114 1593 3378 1634 nummus
3400 1578 3643 1647 primum
3667 1577 3801 1631 Rom

2264 1664 2529 1737 figuratus
2573 1676 2676 1723 est.
2711 1667 2915 1740 (HIER.)
2951 1670 3151 1725 Aratus
3193 1670 3516 1741 astrologus
3559 1669 3743 1733 claruit,
3769 1684 3801 1723 α
3852 1732 3853 1735 η

2193 1751 2496 1825 BQuintus
2544 1759 2752 1815 Ennius
2800 1768 2958 1830 poeta
3013 1760 3224 1817 Tarenti
3269 1763 3563 1827 nascitur,
3604 1763 3687 1833 qui
3718 1775 3802 1832 p014
3852 1784 3853 1793 ι

2261 1849 2446 1905 Romae
2468 1850 2671 1921 deguit,
2696 1859 2985 1908 contentus
3015 1854 3180 1908 unius
3208 1838 3427 1909 ancilla:
3454 1854 3754 1908 ministerio.
3852 1902 3853 1907 η

2332 1939 2465 2010 (Jos.
2498 1957 2596 2006 xu,
2635 1942 2713 2013 5.)
2755 1941 2874 2009 Quo
2897 1944 3057 1998 etiam
3104 1951 3351 2015 tempore
3398 1944 3660 1999 defuncto
3690 1943 3801 1998 Περ
3852 1938 3853 1953 ‘

2261 2047 2408 2099 zaro,
2455 2033 2819 2103 principatum
2854 2035 3143 2092 sacerdotii
3190 2036 3438 2106 suscepit
3470 2046 3688 2107 patruus
3721 2037 3803 2104 ejus
3852 2078 3853 2091 χ

2261 2125 2528 2193 Manases,
2589 2124 2760 2181 frater
2806 2126 2982 2183 Jaddi.
3033 2127 3154 2195 Quo
3200 2137 3449 2195 mortuo,
3503 2130 3737 2185 successit
3770 2130 3801 2179 ei

2261 2215 2453 2286 Onias,
2483 2218 2627 2275 filius
2653 2217 2939 2291 Symconis
2970 2219 3131 2287 Justi,
3166 2238 3356 2292 quem,
3408 2231 3477 2277 ut
3522 2238 3673 2293 supra
3706 2222 3802 2275 dixi-

2262 2326 2406 2378 mus,
2432 2312 2721 2381 parvulum
2748 2311 2986 2382 reliquit.

2294 2422 2439 2472 Alex.
2485 2423 2672 2474 Maced.
2717 2422 2870 2478 Asiae.
2921 2426 3093 2486 Syrian

2278 2525 2284 2529 ·
2371 2508 2396 2561 1
2488 2508 2579 2563 ‘5
2744 2508 2813 2560 17
2938 2507 3009 2562 29
3119 2498 3803 2579 (lliEtt.)PbtolumeusPh}-

2261 2598 2549 2668 ladelphus
2587 2598 2833 2669 regnavit
2859 2598 3202 2655 Alexandria:
3245 2601 3409 2656 annis
3445 2602 3665 2674 triginta
3701 2610 3799 2655 om.

2368 2688 2403 2741 2
2545 2687 2579 2741 6
2952 2688 3023 2742 50
3130 2688 3451 2746 Demetrius
3491 2701 3659 2746 semet
3676 2693 3803 2762 ipsum

2265 2766 2493 2833 Seleuco
2544 2777 2786 2845 tradidit,
2832 2777 2929 2849 qui
2977 2778 3256 2834 destructo
3297 2780 3371 2811 ’”
3413 2794 3593 2852 regno
3626 2782 3741 2836 Asia
3759 2797 3803 2834 ex

2262 2877 2498 2940 utroque
2528 2884 2699 2925 unum
2727 2868 2855 2925 fecit
2886 2868 3196 2940 imperium.

2368 2960 2402 3015 '5
2546 2961 2571 3015 1
2880 2992 2885 2997 ν
2952 2962 3015 3017 31
3127 2962 3442 3032 Ceraunus,
3481 2966 3579 3037 qui
3607 2975 3655 3021 et
3686 2964 3803 3019 Pilio-

2262 3051 2496 3117 lomeus,
2533 3054 3128 3125 regnavithacedonia:
3162 3072 3385 3113 menses
3410 3074 3636 3126 novem,
3660 3057 3805 3112 Heiu.
3852 3080 3853 3083 η

2263 3160 2394 3217 grus
2418 3158 2635 3202 menses
2664 3146 2824 3214 duos,
2862 3146 3147 3218 Antipater
3168 3148 3361 3205 diebus
3388 3150 3485 3206 45.

2188 3107 2233 3170 C

2368 3238 2402 3291 4
2548 3239 2574 3292 1
2956 3239 3027 3294 52
3136 3239 3395 3298 Sostenes
3413 3241 3661 3315 regnavit
3676 3241 3805 3296 hiare.

2260 3328 2440 3384 donite
2468 3329 2628 3385 annis
2649 3329 2883 3386 duobus.

2367 3422 2401 3477 5
2541 3422 2578 3476 2
2806 3454 2809 3457 -
2981 3424 3003 3478 1
3118 3424 3449 3493 Antiochus,
3469 3429 3625 3498 quiet
3636 3424 3801 3487 Sother.

2260 3512 2408 3570 filius
2437 3511 2670 3582 Seleuci,
2706 3516 2955 3587 regnavit
2982 3516 3038 3571 in
3076 3514 3233 3589 Syria
3262 3526 3319 3572 et
3344 3519 3485 3573 Asia
3515 3520 3668 3574 annis
3686 3518 3753 3572 {9.

2365 3607 2399 3661 6
2544 3608 2570 3662 1
2982 3608 3019 3662 2
3124 3608 3437 3678 Antigonus
3473 3606 3801 3682 regnavitlia-
3852 3600 3853 3663 ᾧ

2260 3698 2499 3755 eedoniaa
2518 3699 2678 3755 annis
2702 3700 2924 3772 triginta
2946 3715 3062 3756 sex.
3094 3699 3193 3756 Hic
3216 3698 3672 3756 Lacedemoniam
3700 3698 3802 3753 obti-

2260 3791 2382 3846 nuit
2408 3791 2749 3864 Pyrrumque
2770 3793 3066 3864 superavit.
3852 3790 3853 3795 “

2332 3882 2394 3937 11
2542 3883 2577 3939 6
2990 3878 3022 3938 7
3125 3884 3329 3941 Aratus
3363 3887 3690 3958 agnoscitur.

2331 3974 2402 4029 12
2545 3973 2577 4028 7
2984 3974 3019 4031 8
3126 3975 3441 4048 Argenteus
3466 3990 3711 4033 nummus
3726 3971 3803 4025 Ro-

2262 4080 2367 4121 mae
2393 4066 2635 4137 primum
2661 4065 2953 4139 ﬁguntur.
3852 4142 3853 4151 χ

2332 4159 2404 4215 20
2510 4161 2580 4218 15
2701 4212 2709 4218 .
2951 4160 3019 4218 16
3122 4160 3424 4219 Jndeorum
3478 4162 3800 4235 pontiﬁcatus

2260 4262 2384 4324 post
2404 4251 2727 4310 Eleazarum
2764 4252 3036 4322 Manases,
3065 4256 3298 4326 patruus
3332 4256 3476 4327 ejus,
3521 4257 3727 4327 accepit

2269 4343 2397 4399 ’21
2510 4344 2578 4399 16
2954 4346 3022 4402 17
3128 4346 3276 4402 Anni
3301 4348 3373 4403 ab
3398 4346 3726 4404 inicioS'ioo.
3852 4416 3853 4427 χ

2192 4449 2240 4511 D
2333 4436 2406 4491 24
2516 4436 2581 4493 19
2994 4438 3021 4493 1
3134 4436 3317 4509 (Ἡιιιι.
3370 4441 3430 4494 in
3473 4440 3609 4493 Dan.
3657 4455 3700 4493 c.
3730 4440 3803 4489 ιι.)

2263 4527 2588 4597 Antiochus,
2619 4529 2714 4601 qui
2737 4530 3038 4586 vocabatur
3072 4528 3274 4598 Theos,
3312 4530 3371 4587 id
3397 4540 3483 4587 est
3511 4531 3671 4594 Deus,
3694 4526 3802 4581 iis!

2264 4624 2520 4682 Antiochi
2562 4625 2832 4695 Sotheris,
2873 4628 3121 4701 regnavit
3140 4628 3196 4683 in
3232 4627 3393 4701 Syria
3426 4639 3483 4685 et
3520 4630 3648 4685 Asia
3684 4638 3802 4681 annis

2267 4718 2354 4773 l5.
2391 4715 2499 4775 Iste
2520 4719 2783 4777 adversus
2809 4718 3192 4775 Ptholomeum
3225 4720 3651 4793 Phyladelphum
3675 4716 3801 4790 gessi!

2261 4810 2402 4866 bella
2428 4824 2594 4882 quam
2627 4810 2861 4881 plurima
2885 4819 2941 4867 et
2969 4812 3099 4867 totis
3123 4811 3417 4884 Babylonis
3437 4820 3599 4883 atque
3618 4812 3801 4866 orientis

2261 4900 2470 4956 viribus
2497 4900 2794 4957 dimicavit.
2828 4900 3030 4958 Volens
3058 4910 3244 4958 autem
3272 4902 3623 4959 Ptbolomens
3642 4900 3801 4955 moles-

2174 5046 2179 5053 ,
2261 5000 2380 5047 tum
2408 4991 2565 5047 finire
2585 5001 2883 5060 certamen,
2910 5008 3037 5049 eum
3080 4994 3197 5064 ipse
3221 5004 3404 5051 tamen
3429 5011 3651 5065 magnas
3672 4992 3802 5047 halte-

2264 5092 2348 5138 ret
2389 5083 2595 5153 copias,
2627 5082 2794 5139 ﬁliam
2842 5101 3001 5145 suam
3046 5086 3349 5144 Beronieen
3392 5089 3652 5143 Antiocho
3688 5084 3799 5140 dedit

2266 5191 2517 5243 uxorem,
2552 5177 2647 5249 qui
2684 5178 2753 5234 de
2778 5178 2962 5249 priore
2989 5195 3160 5236 uxore
3187 5180 3422 5238 Laodiee
3445 5182 3582 5237 duos
3609 5176 3801 5235 habebat

2262 5266 2426 5336 ﬁlios,
2458 5268 2766 5338 Seleucum,
2797 5272 2893 5342 qui
2921 5274 3411 5344 cognominabatur
3455 5273 3731 5331 Calinicns.
3759 5276 3799 5320 εί

2261 5357 2492 5414 alterum
2528 5359 2879 5415 Antiochum.
2903 5359 3206 5417 Antiochus
3232 5372 3411 5420 autem
3437 5358 3640 5429 dicens,

1858 5574 2091 5631 VARIE
2129 5576 2532 5638 LECTIONES.

652 5705 722 5738 "'
746 5721 804 5763 se
825 5721 948 5763 esse
975 5708 1027 5763 5.
1107 5702 1411 5767 ""somnio
1442 5713 1492 5767 1.
1534 5714 1586 5768 5.
1668 5715 1737 5747 ’³⁸
1773 5716 2045 5775 destruxit
2078 5721 2208 5777 asiae
2257 5738 2488 5795 regnum
2538 5724 2774 5797 fecitque
2823 5742 2889 5782 ex
2942 5736 3177 5799 utroque
3228 5745 3395 5785 unum
3441 5728 3566 5797 imp.
3617 5725 3671 5778 5.
