3876 6306
86 350 169 406 615
963 331 1332 390 CHRONICA.
1389 363 1447 373 —
1481 328 1878 388 CHRONICON
1919 328 2378 387 UNlVERSALE.

3214 335 3321 392 6H

82 461 210 515 nieen
232 469 289 513 se
314 453 450 510 velle
470 450 669 507 habere
690 448 843 521 regni
866 458 1179 504 consortem
1201 457 1255 503 et
1276 445 1550 503 Laodicen
1575 444 1627 499 in
1656 449 1702 507 Α
1732 446 1993 512 tulerunt,
2035 461 2160 516 qua
2201 445 2394 501 civitas
2422 443 2588 500 Italia
2613 445 2867 516 opulenta
2894 446 3170 517 quondam
3194 447 3318 506 fuit.

80 555 179 609 loco
218 546 546 612 concubina,
594 552 718 614 post
762 543 995 598 multum
1030 542 1293 613 temporis
1341 548 1629 612 superatus
1670 586 1671 589 η

80 656 234 698 amore
258 637 525 693 Laodicen
547 650 674 690 cum
702 633 892 689 liberis
914 633 1032 688 suis
1060 632 1276 688 reduxit
1299 632 1353 686 in
1374 646 1625 700 regnum.

80 734 187 802 Qua
205 739 442 788 metuens
466 728 780 798 ambiguum
807 726 913 781 viri
941 728 1209 792 animum,
1232 740 1301 780 ne
1329 725 1629 781 Berenicen

78 827 340 887 reduceret,
386 821 564 876 virum
611 835 709 890 per
750 818 1033 874 ministros
1076 833 1288 873 veneno
1335 815 1627 885 interfecit,

78 917 338 974 Berenicen
377 929 505 969 vero
535 928 660 968 cum
708 911 821 966 ﬁlio
850 926 1015 981 quem
1044 926 1111 966 ex
1142 908 1414 964 Antiocho
1445 902 1631 980 genuit

79 1009 280 1067 leadioni
331 1017 386 1064 et
424 1006 647 1062 Genneo
696 1006 1035 1077 principibus
1081 1003 1228 1075 regis
1275 1003 1628 1059 occidendam

81 1103 281 1169 tradidit,
311 1101 535 1173 ipsaque
563 1115 689 1155 cum
716 1098 925 1169 majore
954 1097 1068 1154 ﬁlio
1113 1096 1341 1152 Seleuco
1383 1095 1634 1151 Calinico

79 1200 304 1272 regnavit.

134 1288 314 1361 (liram)
329 1286 546 1344 Parthis
563 1304 595 1343 a
610 1285 968 1344 Macedonum
982 1284 1212 1356 imperio
1229 1282 1627 1349 recedentibus,

67 1381 250 1451 .primus
263 1380 504 1451 regnavit
526 1380 780 1445 Arsaces,
811 1378 954 1432 unde
969 1385 1024 1432 et
1035 1376 1313 1431 Arsacida
1331 1374 1458 1431 dicti
1478 1382 1625 1430 sunt.

80 1493 195 1544 Alex.
226 1492 411 1544 ﬂaced.
436 1492 590 1544 Asia.
615 1493 791 1556 Syria.

134 1586 191 1639 52
281 1584 349 1639 27
762 1583 796 1638 9
904 1583 1096 1638 Annus
1159 1580 1629 1653 quingentesimus

78 1677 134 1732 ab
152 1675 277 1731 Urbe
301 1675 539 1731 condita.
819 1711 822 1714 .

134 1768 351 1823 ’5855
728 1767 796 1823 15
908 1786 941 1824 ο

133 1858 455 1914 Ptholomeus
514 1858 824 1931 Evergetes,
870 1857 1014 1914 ﬁlius
1062 1857 1369 1914 Ptholomei
1420 1856 1623 1929 Phyla-

76 1951 244 2020 delphi,
293 1951 541 2023 regnavit
599 1950 939 2006 Alexandria
983 1950 1144 2005 annis
1195 1949 1286 2015 26,
1340 1965 1372 2004 a
1407 1957 1623 2005 restau-

77 2044 251 2097 ratione
293 2043 481 2113 templi
521 2058 667 2098 anno
710 2041 837 2096 276.
891 2039 1008 2097 Sub
1046 2042 1153 2097 hoc
1199 2040 1431 2107 Jhesus,
1480 2040 1625 2095 ﬁlius

82 2135 255 2202 Siracli,
281 2135 481 2191 librum
536 2151 698 2192 suum
753 2134 1101 2206 conscripsit.
1159 2133 1343 2205 (HIER.
1389 2134 1446 2188 in
1480 2133 1621 2189 Dan.

76 2243 118 2281 c.
145 2228 229 2298 ιι.)
260 2226 354 2283 Hic
395 2236 532 2299 ergo
561 2226 915 2283 Ptholomeus
940 2227 1009 2259 "7
1041 2234 1164 2296 post
1202 2236 1432 2281 mortem
1454 2225 1625 2296 patris

74 2322 150 2376 sui
166 2320 523 2394 Phylavlelphi,
550 2336 649 2392 pro
677 2320 884 2376 ultione
904 2320 1076 2391 patris
1097 2328 1151 2375 et
1176 2321 1371 2376 occisa
1398 2319 1623 2386 sororis,

80 2427 178 2467 cum
230 2429 416 2486 magno
472 2413 718 2469 exercitu
787 2411 1009 2467 intravit
1074 2410 1412 2482 provinciam
1481 2410 1627 2482 regis

76 2502 323 2572 aquilonis,
358 2504 411 2560 id
449 2512 541 2560 est
583 2502 798 2559 Seleuci
846 2501 1098 2566 Calinici,
1147 2501 1243 2572 qui
1282 2516 1409 2556 cum
1451 2509 1627 2556 matre

78 2595 271 2654 Laodice
289 2598 538 2671 regnavit
552 2598 608 2654 in
632 2597 811 2670 Syria,
835 2604 890 2653 et
911 2596 1054 2668 cepit
1070 2594 1285 2668 Syriam
1306 2602 1361 2650 et
1380 2593 1625 2651 Ciliciam

79 2696 121 2743 et
149 2689 432 2760 superiores
473 2696 660 2760 partes
692 2697 845 2745 trans
871 2686 1133 2745 Eufraten
1167 2694 1222 2741 et
1244 2701 1463 2740 omnem
1489 2700 1627 2755 pene

80 2778 247 2836 Asiam.
300 2781 555 2853 Cumque
610 2780 853 2837 audisset
900 2781 959 2834 in
1001 2778 1237 2851 Egypto
1302 2777 1626 2834 seditionem

78 2874 263 2942 moveri,
306 2874 573 2946 diripiens
616 2889 851 2946 regnum
894 2871 1128 2939 Seleuci,
1164 2869 1236 2925 40
1275 2870 1428 2925 milia
1458 2870 1628 2926 talen-

76 2972 227 3020 torum
255 2967 458 3039 argenti
489 2966 616 3021 tulit
647 2980 891 3036 vasaque
913 2963 1254 3035 preciosa‘et
1295 2962 1627 3019 simulachra

78 3059 263 3117 deorum
285 3064 391 3119 duo
421 3062 582 3118 milia
602 3062 924 3134 quingenta,
949 3061 1006 3116 in
1034 3059 1238 3131 quibus
1278 3067 1435 3114 erant
1462 3066 1516 3115 et
1536 3058 1628 3113 illa

1730 537 1889 605 Quod
1932 525 2135 593 bellum
2176 538 2339 593 ambo
2365 537 2617 594 consules
2663 538 2808 592 intra
2836 553 2930 594 sex
2966 539 3085 596 dies
3136 549 3319 598 trans-

1730 638 1978 702 egerunt,
2008 630 2317 700 quindecim
2348 630 2570 686 milibus
2589 629 2827 686 hostium
2858 630 3035 687 casis.

1799 720 2004 778 Eodem
2048 737 2196 777 anno
2221 722 2383 777 etiam
2429 720 2568 777 Galli
2618 720 2880 792 Cisalpini
2930 724 3057 779 novi
3094 724 3320 780 extitere

1730 815 1936 882 hostes,
1960 814 2250 870 adversum
2270 830 2410 885 quos
2432 814 2583 869 varia
2615 822 2760 870 sorte
2782 814 3038 870 bellatum
3060 826 3162 871 est.
3180 815 3317 872 Nam

1730 911 1786 964 in
1837 910 2018 981 primo
2066 909 2323 966 conflictu
2377 908 2595 965 Valerio
2629 910 2855 965 consule
2905 910 3011 966 tria
3053 911 3202 966 milia
3251 921 3316 967 ex

1730 1002 1996 1058 Romanis
2045 1001 2310 1069 cecidere,
2353 1003 2409 1057 in
2465 1002 2704 1058 secundo
2747 1003 2814 1058 14
2848 1003 2998 1057 milia
3039 1004 3317 1059 Gallorum

1730 1110 1869 1150 casa
1897 1101 2044 1161 sunt,
2084 1094 2194 1150 duo
2220 1095 2370 1149 milia
2403 1103 2581 1166 capta.
2617 1095 2723 1151 Sed
2745 1096 2816 1151 ob
2839 1097 3076 1166 priorem
3108 1097 3317 1152 cladem

1716 1190 2042 1260 triumphus
2088 1190 2300 1246 consuli
2336 1190 2634 1261 denegatus
2686 1199 2787 1246 est.
2843 1192 3003 1245 Anno
3052 1191 3120 1246 ab
3172 1190 3316 1247 Urbe

1729 1284 1947 1341 condita
1976 1283 2415 1355 quingentesimo
2469 1282 2582 1350 17-,
2614 1282 2707 1353 qui
2736 1293 2819 1338 est
2846 1281 3126 1353 Evergetis
3169 1284 3315 1341 deci—

1728 1393 1874 1445 mus,
1896 1377 2026 1443 ,dux
2056 1374 2349 1431 Panorum
2374 1373 2688 1430 Hamilchar
2711 1376 2780 1430 ab
2805 1372 3059 1445 llispanis
3090 1376 3145 1429 in
3173 1376 3314 1433 bello

1728 1469 2045 1528 interfectus
2088 1477 2193 1537 est,
2238 1484 2363 1523 cum
2407 1468 2524 1540 jam
2585 1468 2731 1523 aliud
2771 1468 2974 1523 bellum
3026 1468 3315 1525 adversum

1729 1564 2008 1621 Romanos
2029 1565 2169 1619 clam
2192 1570 2428 1634 pararet.

1800 1657 2007 1730 (Ηιειι.)
2044 1656 2400 1713 Ptholomeus
2424 1654 2970 1727 Phylopatormﬁlius
3016 1653 3314 1727 Evergetis,

1729 1751 1974 1824 regnavit
2039 1750 2382 1806 Alexandria
2447 1748 2608 1804 annis
2671 1748 2777 1808 17.
2833 1764 2864 1802 a
2917 1748 3318 1803 rcstaurationc

1658 1815 1701 1871 Β
1729 1815 1914 1913 templi
1941 1856 2086 1896 anno
2107 1839 2253 1895 sese.
2290 1838 2469 1909 (Hisn.
2516 1839 2572 1892 in
2616 1838 2757 1892 Dan.
2789 1838 2827 1893 ι.
2856 1837 2921 1909 ι.)
2966 1836 3099 1893 Post
3133 1835 3317 1909 fugam

1726 1943 1781 1990 et
1831 1943 2064 1990 mortem
2119 1932 2334 1989 Seleuci
2386 1931 2613 1987 Calinici
2665 1930 2761 1985 ﬁlii
2816 1929 3094 1999 Antiochi,
3153 1946 3317 2001 quem

1728 2026 2001 2083 interfecit
2021 2026 2311 2099 Evergetcs
2358 2034 2513 2097 pater
2556 2024 2722 2095 hujus
2769 2023 3168 2097 Phylopatoris,
3208 2024 3319 2080 duo

1726 2117 1823 2173 ﬁlii
1850 2104 2060 2174 Seleuci
2087 2116 2356 2188 ejusdem,
2381 2114 2633 2171 videlicet
2664 2113 2924 2170 Seleucus
2957 2124 3320 2187 cognomento

1726 2210 2011 2266 Ceraunus
2054 2217 2109 2265 et
2156 2210 2461 2265 Antiochus
2486 2208 2579 2279 qui
2612 2208 2915 2279 appellatus
2944 2216 3028 2263 est
3068 2206 3317 2277 Magnus,

1724 2303 2007 2374 provocati
2048 2317 2145 2373 spe
2168 2302 2441 2369 victoriae,
2481 2310 2536 2357 et
2574 2302 2630 2356 in
2671 2301 2933 2356 ultionem
2960 2298 3133 2371 patris
3162 2315 3319 2356 exer-

1728 2394 1839 2448 citu
1904 2407 2104 2465 magno
2172 2402 2538 2466 congregato,
2608 2392 2873 2449 adversus
2935 2391 3319 2448 Ptholomeum

1726 2484 2146 2557 Phylopatorem
2197 2501 2349 2540 arma
2389 2486 2709 2557 corripiunt.
2765 2485 3014 2557 Cumque
3059 2485 3320 2543 Seleucus

1727 2577 1905 2647 major
1932 2576 2102 2634 frater
2126 2578 2294 2634 tercio
2320 2579 2534 2649 imperii
2561 2579 2647 2634 Sui
2674 2594 2820 2634 anno
2849 2594 3066 2635 occnsus
3089 2589 3233 2636 esset
3260 2580 3321 2636 in

1727 2670 1909 2742 Frigia
1949 2686 2046 2741 per
2084 2671 2270 2727 dolum
2316 2670 2626 2739 Nicanoris,
2656 2674 2928 2728 exercitus
2966 2673 3059 2743 qui
3103 2680 3224 2727 erat
3264 2672 3321 2728 in

1730 2763 1889 2836 Syria
1921 2762 2145 2819 fratrem
2168 2764 2288 2835 ejus
2323 2763 2656 2820 Antiochum
2680 2772 3042 2835 cognomento
3064 2762 3320 2836 Magnum

1727 2855 1795 2911 de
1819 2852 2094 2928 Babylone
2120 2856 2335 2913 vocavit
2356 2856 2425 2911 ad
2456 2872 2683 2928 regnum
2713 2855 2904 2929 Syria,
2931 2871 3053 2927 qua
3077 2871 3145 2912 eo
3178 2864 3318 2911 tem-

1712 2964 1861 3019 pore
1894 2949 2181 3005 tenebatur
2210 2965 2243 3004 a
2284 2948 2606 3006 Ptholomeo
2650 2947 3032 3021 Phylopatore.
3070 2947 3320 3020 Cumque

1729 3051 2025 3116 pugnasset
2076 3043 2339 3099 adversus
2384 3043 2553 3099 duces
2596 3042 2737 3114 ejus,
2790 3042 2959 3097 immo
3014 3041 3321 3113 proditione

78 3165 174 3222 qua,
199 3153 477 3211 ambages
504 3165 663 3226 capta
690 3133 926 3227 Λίδη)ιο
964 3154 1021 3209 in
1064 3153 1264 3210 pm;as
1292 3160 1624 3223 portaverat.
1655 3164 1698 3221 ο
1730 3134 1998 3192 Theodoti
2024 3135 2311 3206 cujusdam
2362 3135 2689 3192 obtinuisset
2738 3133 2974 3207 Syriam,
3024 3135 3081 3189 in
3108 3142 3319 3227 tantam

75 3242 194 3301 Gens
226 3262 347 3304 vero
379 3247 644 3320 Egyptia
693 3247 961 3304 idolatria
1000 3246 1235 3302 multum
1276 3245 1456 3302 dedita
1483 3253 1620 3300 erat.

78 3334 129 3391 Et
146 3339 254 3409 quia
279 3350 398 3412 post
434 3340 645 3396 multos
667 3354 845 3396 annos
870 3339 1002 3396 deos
1044 3353 1238 3395 eorum
1272 3337 1627 3393 Ptholomeus

77 3431 309 3501 retulerat,
352 3433 677 3506 Evergetem
724 3448 851 3489 eum
900 3432 1260 3504 appellabant.
1299 3430 1368 3487 Et
1414 3430 1626 3504 Syriam

76 3519 257 3588 quidem
309 3523 425 3595 ipse
494 3524 752 3592 obtinuit,
813 3523 1062 3580 Ciliciam
1117 3539 1248 3579 vero
1298 3523 1476 3579 amico
1525 3538 1627 3579 suo

77 3607 304 3668 Antiocho
346 3615 763 3686 gubernandam
807 3613 1052 3681 tradidit,
1086 3622 1143 3669 et
1167 3612 1444 3685 Xantippo
1472 3614 1628 3670 alteri

77 3697 174 3756 duci
196 3705 501 3775 provincias
532 3714 686 3762 trans
709 3704 988 3762 Eufraten.

131 3791 214 3862 (Η.
244 3794 336 3870 m.)
384 3797 552 3852 Anno
607 3796 678 3852 ab
725 3794 874 3853 Urbe
924 3797 1142 3853 condita
1189 3795 1628 3869 quingentesimo

78 3893 256 3955 octavo,
300 3889 396 3961 qui
431 3897 523 3945 est
553 3888 767 3961 primus
812 3887 1115 3962 Evergetis,
1160 3887 1444 3961 repentina
1498 3888 1629 3944 sub-

74 3977 222 4035 versio
245 3979 414 4052 ipsius
433 3981 641 4038 'Roma
680 3981 928 4052 pervenit
964 3981 1304 4053 triumphum
1344 3980 1626 4037 Romano-

76 4080 190 4124 rum.
212 4068 491 4143 Siquidem
514 4071 717 4142 Quinto
737 4072 966 4130 Lutacio
988 4071 1183 4130 Catulo
1208 4081 1263 4129 et
1289 4072 1430 4129 Aulo
1467 4072 1627 4129 Man-

76 4154 135 4211 lio
154 4164 481 4232 consulibus,
508 4164 740 4223 diversa
774 4164 985 4238 ignium
1023 4181 1404 4240 aquarumque
1442 4165 1626 4222 clades

58 4265 183 4332 ,ρεηθ
222 4255 577 4329 absumpsere
624 4260 837 4315 urbem.
894 4257 1035 4316 Nam
1098 4258 1325 4332 Tyberis
1388 4257 1625 4315 insolitis

75 4352 232 4402 auctus
274 4348 545 4407 imbribus
597 4359 653 4407 et
707 4351 852 4407 ultra
905 4351 1223 4423 opinionem
1269 4350 1583 4409 redundans
1605 4391 1620 4419 ,

73 4437 225 4494 omnia
254 4439 444 4498 Roma:
481 4442 714 4500 aedificia
760 4442 819 4498 in
859 4443 1025 4515 plano
1045 4442 1346 4500 constituta
1384 4442 1619 4512 delevit;

1730 3231 1880 3286 venit
1917 3229 2226 3296 audaciam,
2267 3237 2328 3284 ut
2360 3228 2507 3284 ultro
2543 3227 2814 3300 Egyptiis
2840 3227 3041 3283 bellum
3074 3225 3317 3283 inferret.

1729 3324 2061 3398 Phylopator
2093 3330 2313 3400 autem,
2344 3322 2548 3378 amissa
2593 3320 2749 3393 Syria
2790 3320 3099 3391 proditione
3138 3318 3318 3376 Theo-

1730 3419 1865 3485 doti,
1916 3415 2268 3490 congregavit
2292 3415 2693 3471 multitudinem
2736 3414 3028 3485 plurimam
3058 3407 3326 3470 adversus

1730 3510 2082 3576 Antiochum,
2097 3509 2341 3580 initaque
2362 3508 2656 3565 certamine
2666 3508 2822 3578 juxta
2837 3506 3059 3577 opidum
3073 3504 3318 3576 Raphiae,

1731 3607 1879 3677 quod
1900 3605 2061 3661 estin
2086 3603 2285 3660 finibus
2307 3602 2546 3675 Egypti,
2570 3601 2873 3657 Antiochus
2893 3596 3111 3657 omnem
3135 3600 3331 3656 amisit

1730 3698 2052 3766 exercitum,
2088 3707 2142 3752 et
2163 3712 2261 3764 per
2296 3697 2509 3751 deserta
2536 3694 2769 3767 fugiens,
2802 3707 2941 3765 pene
2971 3702 3163 3764 captus
3210 3678 3319 3750 est.

1730 3790 1978 3862 Cumque
2013 3790 2339 3846 decessisset
2366 3787 2522 3861 Syria
2547 3830 2563 3856 ,
2598 3788 2665 3843 ad
2689 3796 2993 3844 extremum
3035 3786 3237 3843 {cedere
3263 3796 3318 3844 et

1730 3882 2079 3954 pactionibus
2122 3880 2454 3937 conditionis
2484 3879 2771 3950 cujusdam
2811 3894 2993 3951 pugna
3026 3879 3179 3935 ﬁnita
3208 3888 3312 3937 est.

1804 3976 1938 4050 (Jos.
1968 3992 2069 4043 ιιι,
2098 3975 2177 4047 5.)
2221 3974 2334 4031 Sub
2362 3975 2469 4030 hoc
2496 3982 2739 4045 tempore
2765 3973 2937 4029 Judai
2974 3974 3145 4029 multa
3171 3975 3315 4030 mala

1732 4066 2056 4132 tolerabant,
2093 4065 2223 4120 dum
2254 4075 2400 4121 terra
2436 4079 2627 4121 eorum
2651 4065 2883 4120 diversis
2910 4066 3315 4123 calamitatibus

1731 4161 2067 4233 subiacebat.
2100 4156 2234 4213 Nam
2271 4174 2397 4214 cum
2440 4158 2745 4214 Antiochus
2785 4168 3082 4229 pugnasset
3123 4169 3315 4216 contra

1727 4253 2110 4313 lttholomeum
2121 4250 2539 4323 Phylopatorem
2552 4256 2608 4304 et
2625 4248 2794 4303 ﬁlium
2804 4247 2926 4318 ejus
2940 4248 3313 4322 Epyphanem,

1727 4346 1902 4405 Judai
1946 4344 2002 4400 in
2049 4344 2232 4400 medio
2256 4343 2418 4415 positi
2452 4342 2699 4413 utrisque
2726 4341 3070 4400 vincentibus
3097 4345 3316 4401 labora-

1728 4432 1883 4509 bant,
1905 4451 2148 4511 utpares
2171 4438 2464 4495 existerent
2505 4439 2633 4496 navi
2658 4441 2891 4499 turbata
2926 4447 2981 4496 et
3020 4449 3317 4512 tempesta—

73 4522 264 4588 δίηται
313 4534 612 4605 qualitates
659 4536 908 4593 locorum
963 4535 1033 4591 ad
1089 4551 1258 4593 unam
1316 4550 1623 4593 convenere
1650 4521 1699 4582 Β
1724 4541 1872 4598 tibus
1899 4534 2207 4593 fluctuanti.

71 4621 350 4694 Punicam,
396 4627 660 4697 quoniam
707 4643 830 4699 qua
880 4628 1062 4684 sevior
1097 4626 1384 4685 inundatio
1424 4628 1620 4696 tenuit,

72 4713 333 4774 madefacta
360 4719 636 4788 dissolvit,
666 4728 724 4777 et
744 4736 868 4792 qua
884 4735 1083 4778 cursus
1107 4722 1368 4778 torrentis
1394 4721 1619 4789 invenit,

69 4799 268 4874 impulsa
286 4810 501 4883 deiecit.
530 4813 811 4884 Aquarum
837 4828 969 4871 vero
990 4813 1371 4885 gravissimam
1411 4814 1619 4870 cladem

70 4897 251 4960 gravior
268 4900 410 4972 ignis
429 4905 663 4960 vastatio
688 4913 874 4962 secuta
897 4913 1001 4962 est.
1038 4904 1144 4973 Qui
1165 4905 1326 4977 ignis,
1351 4906 1621 4962 incertum

70 4984 188 5043 unde
229 4993 554 5062 surrexerit,
605 4991 874 5066 plurimas
926 4996 1162 5055 civitatis
1193 5003 1378 5068 partes
1425 5011 1623 5067 perva-

69 5084 219 5149 Salus,
246 5083 535 5142 hominum
563 5088 963 5161 domorumque
993 5097 1228 5160 stragem
1255 5087 1620 5144 miserabilem

68 5162 190 5228 fecit.
225 5173 437 5236 Dehinc
462 5195 589 5236 cum
618 5183 804 5238 omnia
845 5182 902 5237 in
945 5182 1179 5239 circuitu
1206 5180 1343 5237 foris
1372 5182 1626 5238 devasta-

67 5270 149 5328 ηι,
197 5267 365 5325 adem
416 5269 596 5330 Vesta
643 5275 929 5346 corripuit,
999 5275 1145 5331 unde
1192 5274 1439 5332 Metellus
1494 5292 1619 5332 cum

64 5367 259 5416 arsuros
299 5359 445 5420 Deos
497 5366 698 5438 eripuit
721 5407 738 5436 ,
792 5368 1018 5424 brachio
1068 5369 1481 5435 semiustulato,
1528 5368 1619 5423 vix

1726 4633 1872 4685 Alex.
1917 4630 2109 4684 Maced.
2144 4626 2319 4690 Syria.

1835 4719 1862 4775 1
2012 4719 2083 4775 54
2250 4715 2277 4769 l
2430 4711 2635 4786 (Iliam)
2694 4710 2954 4768 Seleucus
3004 4710 3311 4780 Calinicus,

1726 4816 1981 4873 Antiochi
2008 4813 2191 4883 mtior
2217 4810 2385 4874 fiiius,
2416 4806 2663 4879 regnavit
2704 4803 2875 4877 Syria
2912 4813 2968 4860 et
3005 4802 3148 4859 Asia
3187 4817 3311 4859 cum

1727 4920 1901 4967 matre
1924 4910 2159 4966 Laodice
2188 4909 2347 4965 annis
2367 4900 2461 4959 20.

1833 5003 1870 5058 2
2013 5002 2083 5057 ’55
2245 5000 2281 5054 2

1831 5098 1865 5152 5
2007 5094 2076 5150 '56
2238 5093 2272 5147 5

1828 5190 1862 5245 4
2044 5188 2069 5242 1
2242 5187 2277 5241 4
2421 5177 2730 5259 Demetrius
2783 5174 3030 5232 reanavit
3065 5173 3149 5231 Ma
3157 5175 3318 5232 cede.

1722 5282 1828 5338 niae
1860 5280 2020 5336 annis
2053 5278 2118 5333 t0
2732 5288 2737 5295 ·

1793 5380 1861 5429 14
2043 5373 2072 5426 1
2210 5369 2277 5424 14
2420 5365 2726 5438 Antigonus
2762 5360 3021 5432 regnavit
3059 5358 3313 5416 Macedo-

66 5444 264 5520 aufugit.
324 5451 452 5509 Tito
499 5454 815 5528 Simpronio
864 5456 1074 5515 Graeco
1120 5465 1175 5514 et
1214 5457 1351 5513 Gaio
1397 5455 1635 5512 Valerio.
1719 5468 1823 5524 ηίω
1864 5466 2023 5522 annis
2074 5464 2161 5520 13.

65 5530 270 5598 Falcone
293 5547 639 5618 consulibus,
672 5549 875 5609 bellum
897 5550 1131 5607 Romani
1163 5549 1395 5606 Faliscis
1428 5549 1499 5582 ⁸⁵⁸
1526 5549 1614 5604 in-

1795 5562 1864 5619 15
2040 5563 2077 5615 2
2206 5559 2274 5615 15
2347 5524 2354 5529 .
2415 5554 2713 5614 Judeorum
2744 5548 2985 5625 pontifex
3015 5543 3204 5607 Onias.

1336 5701 1569 5759 ῩΑΒΙᾸΞ
1607 5696 2010 5759 LECTIONES.

121 5814 182 5847 ⁸⁸⁷
215 5817 359 5875 deest
402 5821 489 5879 9'3.
558 5825 629 5859 ³⁸⁸
663 5823 857 5882 falacis
902 5824 955 5881 4.
998 5823 1050 5880 5.
1092 5819 1178 5876 10.
1217 5818 1401 5875 aliseis
1441 5817 1526 5874 9ο.
