3876 6306
600 312 714 368 615

604 425 753 478 Alex.
779 419 964 475 IIaced.
1000 424 1177 487 Syriae.

671 530 739 585 21
926 527 960 584 8
1124 528 1149 581 1
1302 525 1565 583 Seleucus
1617 527 1941 594 Ceraunns,
1987 527 2204 585 Seleuci

602 622 831 679 Calinici
853 621 1019 691 ﬁlius,
1057 620 1305 693 regnavit
1328 619 1501 692 Syria:
1528 635 1704 676 annos
1727 629 1859 677 tres.

675 715 747 768 22
922 714 980 803 9¹
1126 712 1163 767 2

673 806 746 859 25
892 805 960 859 10
1124 805 1158 859 5

670 897 740 953 21
888 897 948 951 11
1122 898 1146 951 1
1294 897 1600 953 Antiochus
1625 940 1639 964 ,
1664 898 1759 970 qui
1776 898 1955 956 dictus
1976 909 2061 957 est
2088 901 2198 957 Ma-

570 976 577 993 ’
598 1006 758 1061 gnus,
773 988 939 1045 frater
960 988 1421 1046 SeleuciCerauni
1440 1033 1453 1057 ,
1468 992 1717 1063 regnavit
1741 991 1912 1065 Syria:
1930 996 2090 1050 annis
2104 997 2191 1051 '56.

669 1083 740 1137 25
892 1083 954 1137 12
1117 1083 1154 1137 2

666 1174 736 1230 26
884 1176 952 1230 15
1115 1177 1148 1231 5

666 1287 762 1358 (11.
810 1307 880 1343 ηι.
932 1289 1016 1344 Cf.
1056 1289 1127 1344 ﬂ.
1166 1291 1251 1363 il.)
1309 1291 1493 1347 Finito
1548 1293 1713 1366 igitur
1762 1295 1940 1365 primo
1983 1296 2192 1353 Punico

591 1380 754 1447 bello,
789 1383 935 1453 quod
971 1398 1067 1454 per
1092 1384 1284 1455 viginti
1322 1393 1433 1441 tres
1453 1403 1629 1443 annos
1655 1396 1891 1444 tractum
1937 1400 2040 1456 cst,
2073 1391 2187 1461 jam

591 1475 827 1531 Romani
850 1475 1155 1532 clarissima
1178 1479 1354 1549 gloria
1384 1481 1496 1534 noti
1523 1480 1649 1536 facti
1675 1492 1824 1547 sunt,
1854 1494 1908 1540 et
1932 1501 2030 1555 per
2058 1487 2189 1542 anni

591 1569 839 1639 spacium
878 1568 996 1624 sine
1029 1570 1237 1626 bellicis
1279 1572 1775 1631 conﬂictationibus
1820 1578 2184 1648 quieverunt;
2282 1606 2287 1609 ~

588 1662 891 1730 eodemque
946 1677 1092 1716 anno
1143 1662 1265 1718 Jani
1313 1674 1482 1735 portae
1524 1666 1725 1723 clausa:
1754 1681 1902 1734 sunt,
1942 1673 2087 1741 quod
2119 1674 2188 1727 ab

589 1750 759 1808 Urbis
786 1754 1096 1810 conditione
1140 1758 1243 1811 sub
1286 1757 1459 1814 Numa
1499 1760 1793 1835 Pompilio,
1820 1763 2032 1819 Romuli
2062 1782 2188 1821 suc—
2221 1787 2261 1844 η

590 1860 831 1913 cessure,
886 1855 1097 1901 tantum
1151 1850 1398 1923 contigit,
1447 1863 1635 1922 postea
1699 1872 1829 1911 vero
1874 1874 1967 1926 per
2011 1875 2187 1915 annos

584 1937 1013 2010 quadringentos
1036 1941 1435 2014 quinquaginta
1462 1960 1571 1999 non
1594 1948 1794 2002 evenit.
1833 1948 1913 2002 Eo
1944 1960 2186 2021 tempore

583 2030 996 2099 potentissimus
1014 2031 1211 2089 Sicilia:
1226 2052 1319 2090 rex
1332 2034 1494 2091 Hiero
1508 2038 1571 2092 ad
1599 2039 1755 2097 ludos
1774 2040 2002 2097 Romam
2018 2045 2181 2111 venit,

582 2132 636 2183 et
661 2122 892 2179 ducenta
915 2126 1066 2181 milia
1099 2127 1406 2183 modiorum
1437 2130 1603 2185 tritici
1630 2134 1832 2202 populo
1847 2135 1991 2190 dono
2014 2137 2178 2194 dedit.

656 2237 753 2311 (Η.
788 2239 884 2311 m.)
925 2240 1086 2298 Anno
1130 2243 1199 2298 ab
1242 2241 1386 2300 Urbe
1411 2246 1631 2300 condita
1656 2248 1805 2311 θείη.
1835 2248 1928 2317 τινεὶ
1952 2252 2181 2321 estin-2.;

583 2346 709 2386 mus
740 2330 1048 2388 Ptholomei
1077 2333 1481 2407 Phylopatoris,
1530 2338 1730 2394 bellum
1768 2340 2037 2402 ("nicum
2087 2360 2177 2400 se-

583 2421 830 2476 cundum
854 2420 1119 2477 Romanis
1142 2423 1351 2479 illatum
1377 2436 1464 2481 est
1485 2442 1579 2497 per
1605 2426 1963 2487 Hannibalem
1984 2433 2178 2488 ducem

577 2508 898 2577 Poenorum,
919 2512 1090 2568 ﬁlium
1113 2510 1459 2582 Hamilcaris,
1481 2517 1574 2586 qui
1598 2519 1666 2573 ab
1682 2517 1934 2590 Hispanis
1960 2521 2176 2581 occisus

574 2612 678 2660 est.
713 2603 813 2661 Hic
843 2605 1027 2678 itaque
1066 2605 1359 2676 Hannibal,
1391 2610 1523 2665 dum
1578 2612 1758 2669 adhuc
1793 2629 1989 2670 novem
2031 2626 2177 2673 esset

574 2711 871 2766 annorum,
898 2698 1160 2756 Amilcari
1192 2701 1335 2771 patri
1358 2702 1427 2758 ad
1461 2719 1589 2759 aras
1613 2704 1916 2776 juraverat,
1960 2718 2021 2765 ut
2047 2725 2173 2767 cum

572 2789 812 2860 primum
822 2801 1008 2862 posset
1020 2803 1211 2849 contra
1228 2793 1507 2852 Romanos
1525 2807 1810 2869 pugnaret.
1834 2798 2083 2873 Cumque
2101 2802 2174 2859 20

568 2893 717 2941 esset
730 2900 1024 2954 annorum,
1060 2886 1369 2959 Saguntum
1392 2932 1408 2958 ,
1427 2889 1873 2951 ﬂorentissimam
1898 2895 2173 2970 H.5pan-ia:

574 2975 791 3044 urbem,
818 2974 1083 3034 Romanis
1106 2980 1364 3049 amicam,
1394 2982 1711 3056 obpugnare
1744 3001 2038 3059 aggressus
2064 3002 2166 3048 est.

569 3065 655 3122 Ad
677 3082 843 3139 quem
871 3067 1107 3126 Romani
1136 3071 1345 3144 legatos
1369 3074 1662 3144 miserunt,
1692 3086 1754 3133 ut
1791 3094 1824 3135 a
1852 3081 1994 3137 bello
2038 3082 2169 3141 abs-

569 3160 789 3230 tineret,
812 3177 955 3233 quos
985 3164 1076 3219 ille
1094 3181 1135 3223 .a
1165 3181 1224 3221 se
1247 3167 1513 3237 injuriose
1540 3170 1756 3240 abiecit.
1785 3172 2052 3232 Miser-unt
2070 3194 2170 3249 pro

568 3252 761 3309 eadem
789 3269 848 3310 re
876 3253 1105 3311 Fabium
1132 3255 1504 3329 Kartaginem,
1562 3262 1659 3318 sed
1710 3263 1802 3320 ille
1834 3266 2002 3323 etiam
2043 3285 2170 3328 eum

569 3344 641 3376 ¹⁸⁹
661 3343 739 3401 ibi
765 3345 903 3413 dura
930 3362 1195 3418 responsa
1219 3352 1580 3422 percepisset:
1612 3353 1763 3423 Quae,
1791 3357 1989 3430 inquit,
2019 3379 2171 3420 mora

565 3445 646 3491 est
669 3437 696 3492 2
723 3434 794 3492 1η
825 3438 921 3493 hoc
950 3456 1043 3512 ego
1085 3441 1210 3495 sinu
1240 3459 1424 3513 pacem
1454 3445 1748 3520 bellumque
1782 3462 1963 3522 parto,
1989 3465 2169 3512 utrum

563 3527 815 3602 digitis?
858 3529 970 3588 Illis
992 3532 1501 3593 subclamantibus:
1539 3538 1784 3598 BelJum:
1832 3542 2029 3617 Igitur,
2084 3549 2168 3606 in-

563 3623 707 3693 quit,
734 3625 979 3696 accipite.
1006 3624 1075 3681 Et
1094 3641 1330 3685 excusso
1360 3630 1416 3686 in
1446 3633 1623 3689 media
1654 3637 1806 3693 curia
1857 3647 1995 3713 toga:
2018 3642 2163 3711 sinu,

563 3715 727 3785 quasi
772 3717 933 3787 plane
975 3719 1102 3774 sinu
1151 3720 1351 3778 bellum
1379 3721 1545 3781 ferret
1568 3727 1658 3796 κο,
1697 3729 1905 3788 effudit.
1954 3732 2165 3792 Interea

565 3802 860 3878 Saguntini
888 3807 1034 3866 fame
1061 3810 1190 3867 victi
1217 3822 1661 3899 suntnetoetavo
1702 3823 1924 3880 demum
1974 3843 2165 3886 mense

560 3898 734 3969 capti,
781 3899 990 3957 ultimis
1029 3903 1099 3958 ab
1141 3903 1441 3965 Hannibale
1462 3912 1642 3981 poenis
1663 3914 1991 3974 aﬂieiuntur.
2022 3919 2163 3977 Tum

563 3987 792 4081 Publius
816 3992 1104 4054 Cornelius
1141 3997 1326 4072 Scipio
1373 4006 1568 4077 consul
1594 4022 1721 4064 cum
1749 4013 1994 4069 exercitu
2034 4017 2163 4071 mit-

562 4082 697 4141 titur
716 4086 775 4142 in
795 4085 1132 4160 Hispaniam,
1152 4092 1417 4167 Tyberius
1444 4095 1787 4172 Simpronius
1808 4104 1866 4161 in
1892 4104 2157 4164 Siciliam.

563 4174 836 4253 Hannibal
864 4197 1015 4251 vero,
1063 4186 1255 4243 relicto
1293 4188 1350 4245 in
1391 4188 1652 4264 Hispania
1680 4194 1850 4255 fratre
1877 4212 1980 4255 suo
2019 4197 2159 4259 Has-

500 4276 503 4279 '
560 4267 810 4341 drubale,
836 4271 1098 4346 Pyrineos
1118 4280 1374 4339 transivit
1391 4295 1628 4354 montes,
1658 4295 1714 4342 et
1743 4288 1886 4345 inter
1923 4289 2156 4351 ferocis-

561 4360 734 4416 simas
760 4362 1040 4421 Gallorum
1062 4378 1250 4439 gentes
1273 4370 1422 4429 ferro
1450 4374 1601 4433 viam
1641 4379 1876 4448 aperuit.
1919 4389 1975 4438 et
2003 4396 2157 4440 nono

553 4922 739 4971 autem
771 4916 841 4972 ad
888 4917 1100 4975 Italiam
1147 4922 1371 4981 duxisse
1416 4937 1637 4987 centum
1682 4935 1833 4991 milia
1880 4939 2144 5009 peditum,

552 5003 625 5058 ΞΟ
662 5007 733 5038 ’θ’
765 5008 918 5065 milia
940 5013 1211 5084 equitum,
1247 5016 1318 5071 '57
1357 5019 1696 5091 elephantos.
1738 5003 1948 5086 Interea
1988 5003 2144 5090 multi

552 5096 786 5170 Ligures
813 5110 870 5159 et
893 5102 1035 5165 Galli
1056 5107 1359 5178 junxerunt
1378 5129 1438 5169 se
1456 5112 1769 5175 Hannibali.
1802 5120 2145 5196 Simpronius

553 5188 822 5263 Tybez'ius
880 5193 1163 5267 Graccus,
1221 5205 1442 5275 cognito
1495 5204 1816 5269 Hannibalis
1866 5188 2099 5276 adventu
2127 5265 2142 5290 ,

549 5285 856 5342 exercitum
908 5303 976 5344 ex
1028 5290 1213 5349 Sicilia
1267 5297 1481 5368 trajecit
1532 5302 1861 5363 Ariminum.
1920 5285 2147 5384 Publius

548 5374 840 5435 Cornelius
871 5378 1056 5452 Scipio
1100 5382 1393 5445 Hannibali
1433 5394 1578 5464 apud
1631 5395 1885 5456 Ticinum
1934 5374 2145 5474 primus

548 5472 812 5538 occurrit,
845 5476 1251 5552 commissoquc
1285 5485 1492 5554 praelia,
1520 5484 1725 5561 fugatis
1751 5493 1869 5549 suis
1911 5472 1967 5551 et
2005 5514 2142 5570 pene

548 5562 806 5620 omnibus
840 5565 1021 5637 victis,
1065 5569 1184 5642 ipse
1211 5588 1242 5628 a
1266 5574 1379 5632 tilio
1411 5575 1664 5650 Scipione
1698 5584 1991 5645 admodum
2005 5562 2142 5662 pre-

623 5771 695 5803 "’
731 5771 864 5829 dum
889 5772 977 5833 9°.
1021 5776 1091 5810 '“
1125 5774 1367 5854 gestaret
1418 5785 1471 5840 4.
1501 5787 1554 5841 5.
1593 5789 1662 5821 ’⁸⁵
1699 5795 1975 5851 rescendit
1999 5799 2051 5853 5.
2093 5802 2161 5835 ⁸⁸³

2273 5804 2365 5862 lX.
2596 5812 2681 5868 10.
2726 5815 3079 5876 mtereinum
3108 5822 3195 5879 9ο.
3237 5823 3303 5855 ’⁸⁸
3339 5827 3583 5882 terentina
3601 5822 3664 5878 9'.
3690 5790 3740 5869 (θα

1776 296 2009 362 ἘΚΚΕΗ
2019 308 2177 363 ARDI
2219 309 2259 365 U
2272 308 2688 368 RAUGIENSIS
2728 325 2741 331 '

2306 611 2361 665 in
2404 621 2586 667 castra
2639 614 2819 670 rediit.
2867 614 3181 688 Pugnatum
3231 617 3416 674 deinde
3457 633 3529 678 est
3564 625 3617 680 ab
3644 632 3761 689 «eam

2303 705 2531 761 consule
2591 707 2735 776 apud
2793 702 3054 764 Trevium
3121 710 3192 742 ’⁸³
3263 711 3511 780 ﬂuvium,
3560 717 3762 793 iterumque

2304 794 2537 851 Romani
2590 800 2831 867 superati
2883 810 3033 856 sunt.
3092 801 3429 874 Simpronius
3461 810 3617 862 consul
3643 814 3761 882 t‘iipse

2301 886 2547 941 conﬂixit
2588 903 2715 942 cum
2744 885 3073 958 Hannibale,
3115 901 3170 947 et
3210 895 3410 950 amisso
3444 897 3654 964 exercitu,
3682 918 3761 971 pem

2301 978 2452 1034 solus
2492 979 2683 1035 evasit.
2714 979 2773 1035 In
2797 996 2863 1038 eo
2887 990 3071 1038 tamen
3106 984 3248 1040 bello
3268 987 3429 1040 etiam
3460 986 3758 1048 Hannibals“-

2274 1070 2477 1124 ociatus
2505 1078 2609 1125 est.
2643 1070 2749 1141 Qui
2784 1082 2972 1143 postea
3006 1090 3133 1130 cum
3158 1075 3213 1129 in
3250 1075 3507 1132 Etruriam
3529 1081 3664 1149 primo
3688 1099 3761 1139 vere

2298 1163 2580 1229 transiret,
2606 1164 2662 1217 in
2688 1181 2907 1221 summo
2932 1168 3220 1237 Apennino
3252 1177 3545 1239 tempestate
3561 1188 3758 1244 correptus,

2298 1254 2466 1310 biduo
2523 1257 2787 1313 continuo
2848 1258 3204 1316 immobili‘ter
3264 1263 3427 1329 stetit,
3481 1263 3653 1320 nivibus
3690 1282 3759 1322 (un

2295 1348 2539 1402 exercitu
2578 1350 2909 1419 conclusus;
2959 1353 3055 1407 ubi
3102 1368 3335 1423 magnus
3376 1354 3620 1411 hominum
3645 1375 3760 1413 nme-

2295 1455 2413 1506 rns,
2437 1439 2687 1510 jumenta
2723 1459 2889 1513 quam
2932 1444 3192 1515 plurima,
3224 1446 3484 1520 elephanti
3514 1464 3624 1519 pene
3644 1466 3759 1507 οωιιες

2294 1527 2499 1599 frigore
2520 1530 2824 1600 perierunt.
2866 1531 3074 1589 Deinde
3098 1534 3153 1589 in
3185 1533 3437 1591 Tusciam
3459 1536 3654 1603 veniens,
3669 1540 3758 1609 juxta

2295 1619 2532 1676 Samum
2557 1622 2806 1691 ﬂuvium,
2835 1625 3051 1682 nebulis
3074 1637 3419 1698 prospectum
3442 1629 3759 1701 impatientibus,

2291 1728 2546 1785 magnam
2574 1724 2785 1785 partem
2817 1718 3095 1796 sociogum
3134 1735 3197 1775 ac
3221 1720 3573 1791 iumentorum
3599 1725 3757 1793 perdidit,

2290 1805 2407 1876 ipse
2462 1813 2646 1862 autem
2674 1808 2771 1863 uni
2823 1810 3137 1880 elephanto,
3181 1813 3280 1883 qui
3324 1814 3469 1870 solus
3507 1815 3756 1886 superfuent,

2289 1898 2661 1967 supersidens,
2724 1902 2814 1956 vix
2869 1903 3243 1960 diﬂicultatem
3286 1904 3487 1962 itineris
3525 1889 3679 1973 evasit,
3708 1910 3758 1961 sui

2287 1990 2529 2053 oculum.
2560 2007 2673 2063 quo
2693 1992 2809 2063 jam
2831 1993 3042 2050 dudum
3062 2012 3206 2068 aeger
3224 2007 3364 2065 erat,
3388 1999 3609 2054 violentia
3625 1998 3758 2071 frigora

2286 2090 2339 2136 et
2363 2082 2673 2153 vigiliarum
2705 2101 2768 2140 ac
2799 2086 3006 2143 laboris
3045 2089 3250 2146 amisit.

2355 2196 2516 2252 Anno
2539 2198 2608 2253 ab
2638 2197 2786 2255 Urbe
2808 2201 3025 2257 condita
3048 2204 3482 2276 quingentesimo
3503 2206 3596 2274 ιον,
3621 2209 3685 2279 qui
3712 2218 3758 2262 est

2283 2291 2551 2360 septimus
2573 2290 2975 2363 Pltylopatmis,
3029 2295 3291 2353 rEmilius
3320 2298 3512 2355 Paulus
3537 2312 3584 2355 et
3615 2298 3757 2354 Tenea

2282 2379 2391 2435 tius
2440 2381 2512 2412 ἐδ
2546 2380 2722 2437 Varro
2765 2387 3025 2443 consules
3063 2398 3256 2443 contra
3300 2389 3618 2447 Hannibalem
3649 2393 3755 2451 missi.

2279 2488 2375 2542 per
2406 2474 2811 2544 impatientiam
2852 2477 3138 2548 Varronis,
3186 2484 3368 2539 altero
3413 2485 3609 2542 consule
3625 2495 3757 2541 contra-

2277 2565 2514 2630 dicente,
2557 2569 2699 2639 apud
2731 2567 3010 2628 Caudinas
3039 2573 3253 2644 Apuliae.
3296 2577 3473 2632 vicum
3512 2591 3755 2647 omnespee

2273 2949 2408 2990 sano
2437 2937 2751 3007 resedisset,
2783 2938 3017 2999 Lentulo
3059 2942 3165 3000 sibi
3200 2959 3410 3016 equum
3457 2945 3676 3009 oﬂ‘eteatt,
3693 2958 3756 3013 ιιι)

2272 3024 2488 3099 fugiens
2508 3029 2647 3085 cladi
2684 3033 3020 3102 supeéesset,
3063 3037 3267 3103 noluit,
3312 3048 3472 3110 atque
3505 3039 3569 3094 ibi
3592 3036 3756 3109 pendit.

2198 3135 2240 3193 ο
2272 3119 2447 3176 donec
2495 3122 2568 3177 ab
2615 3123 2869 3180 hostibus
2916 3126 3287 3200 interemptus
3324 3140 3426 3187 est.
3467 3129 3688 3185 Perierunt
3715 3128 3755 3180 ii

2272 3212 2594 3269 consulares
2616 3223 2785 3286 atque
2804 3219 3033 3287 pretorii
3052 3221 3156 3275 viri
3184 3221 3285 3291 20,
3311 3230 3572 3280 senatores
3590 3216 3758 3287 antapi

2269 3314 2366 3361 aut
2382 3307 2554 3363 occisi
2571 3307 2664 3373 ὅθ,
2685 3309 2986 3368 nobiliores
3006 3313 3109 3367 viri
3130 3313 3260 3381 300,
3291 3316 3594 3387 pedestrium
3609 3312 3757 3367 militum

2268 3397 2340 3453 40
2358 3396 2535 3464 milia,
2558 3399 2806 3471 equitum
2830 3401 2941 3457 tria
2966 3403 3117 3459 milia
3138 3405 3429 3478 quingenti
3450 3403 3753 3478 quinquaginta-

2267 3486 2445 3545 Varro
2469 3491 2663 3545 consul
2689 3506 2820 3549 cum
2844 3493 3245 3567 quinquaginta
3268 3498 3536 3570 equitibus
3556 3496 3755 3551 Venusian

2265 3575 2424 3651 fugit.
2449 3578 2561 3637 Nec
2587 3580 2817 3639 dubium
2839 3592 2942 3653 est,
2971 3586 3123 3642 dium
3152 3588 3302 3645 diem
3345 3590 3577 3647 ultimum
3612 3587 3757 3643 Bonan

2263 3681 2445 3729 status
2481 3671 2730 3730 futurum
2755 3673 2949 3744 fuisse,
2987 3679 3035 3735 si
3070 3678 3350 3739 Hannibal
3389 3700 3507 3740 mox
3529 3693 3627 3755 post
3650 3681 3759 3734 *ἰαυ-

2264 3765 2405 3820 riam
2434 3766 2504 3821 ad
2537 3765 2740 3823 Urbem
2769 3771 3163 3828 contendisset.
3204 3772 3476 3832 Hannibal
3526 3778 3573 3831 in
3607 3772 3760 3829 testim
3810 3765 3811 3821 ἶ

2267 3857 2423 3913 nium
2452 3858 2696 3916 victoriae
2716 3876 2833 3917 sua:
2859 3869 2975 3919 tres
3012 3865 3229 3923 modios
3256 3870 3540 3927 anulorum
3562 3876 3756 3923 am

2263 3946 2618 4021 Kartaginem
2664 3952 2840 4020 misit,
2867 3968 3009 4026 quos
3041 3971 3110 4012 ex
3153 3960 3417 4018 manibus
3459 3957 3756 4016 interimat!!!

2262 4038 2643 4098 Romanorum
2695 4044 2946 4114 equitum
3000 4053 3437 4123 senatorumque
3479 4048 3681 4107 detraxit.
3713 4044 3757 4097 lle

2258 4131 2503 4188 exercitu
2528 4148 2633 4189 suo
2655 4148 2798 4190 caesa
2835 4145 2966 4192 sunt
2992 4140 3099 4196 tria
3127 4141 3282 4198 milia
3310 4144 3562 4215 multique
3585 4138 3753 4198 sanum

2258 4222 2469 4281 Interea
2492 4224 2666 4283 Varro
2691 4226 2925 4286 Romam
2946 4233 3129 4302 rediit,
3153 4234 3318 4307 eique
3342 4238 3522 4309 gratiae
3541 4234 3765 4297 reiele

2257 4331 2289 4371 a
2343 4327 2557 4387 senatu,
2618 4322 2767 4391 quod
2830 4323 3109 4393 publicam
3161 4342 3281 4383 rem
3333 4344 3445 4387 non
3497 4329 3755 4399 desitum.

2255 4405 2378 4479 Ipse
2405 4416 2612 4478 autem,
2643 4427 2753 4468 non
2779 4414 2905 4470 vitae
2930 4417 3252 4486 cupiditate,
3284 4421 3383 4477 sed
3409 4434 3581 4476 amore
3608 4415 3756 4488 [milia

2252 5050 2399 5119 apud
2460 5050 2711 5110 residuos
2766 5054 3046 5116 Romanos
3094 5059 3217 5130 fuit,
3248 5010 3328 5121 Ι,ιιι
3381 5067 3447 5123 de
3490 5010 3754 5134 relinlrluut?!“la

2250 5139 2407 5197 Italia
2461 5143 2795 5217 sedibusque
2850 5152 3146 5220 querendis
3200 5157 3489 5214 consilium
3541 5152 3754 5214 luem”

2250 5240 2522 5302 putarent.
2553 5232 2712 5302 Quod
2741 5238 2905 5297 etiam
2937 5253 3162 5301 auctore
3184 5245 3390 5304 Cecilio
3416 5246 3638 5305 Marcello
3667 5256 3753 5297 ωηο

2248 5324 2526 5383 (innatum
2550 5339 2716 5395 esset,
2743 5324 2852 5387 nisi
2879 5332 3169 5396 Cornelius
3197 5337 3403 5413 Scipio,
3438 5352 3557 5397 tunc
3579 5338 3754 5394 nihil“

3697 338 3761 392 ili
3810 338 3811 393 ἲ

2238 432 2283 488 Α
2311 433 2592 480 textato'et
2615 428 2705 483 vix
2737 444 2768 483 a
2793 430 3037 499 puericia
3069 446 3308 502 egresso,
3350 435 3438 504 qui
3476 448 3622 506 postea
3652 446 3761 503 ditias

2305 517 2717 585 estAt‘ricanus,
2744 521 2814 575 ab
2831 522 2947 593 ipsa
2975 533 3151 579 morte
3169 523 3438 594 liberatus,
3462 534 3761 597 sauciustamm
3810 530 3811 599 Ε

2248 5418 2506 5486 militum,
2536 5422 2630 5490 qui
2667 5432 2859 5493 postea
2902 5427 3087 5487 dictus
3117 5436 3204 5488 est
3254 5433 3557 5499 Africanus,
3598 5443 3670 5485 eos
3700 5422 3753 5475 κί’
3810 5434 3811 5499 ξ

2250 5510 2451 5565 stricto
2466 5512 2648 5583 gladio
2661 5514 2831 5573 deter.
2844 5519 3015 5578 uisset
3028 5523 3232 5597 singnh
3241 5542 3266 5583 s
3284 5529 3553 5591 uictimas,
3563 5539 3617 5580 ac
3630 5518 3751 5592 potius
3810 5550 3811 5597 ς

2246 5614 2349 5670 pro
2377 5604 2569 5672 patriae
2588 5604 2905 5667 defensione
2934 5611 2994 5667 in
3025 5629 3126 5670 sua
3160 5618 3319 5673 verba
3346 5619 3525 5693 jurare
3543 5613 3702 5685 ccegiSS
3723 5618 3745 5658 ι
3810 5604 3811 5679 Ῐ

1840 5700 2073 5764 ῩΑΒΙΑΕ
2112 5708 2516 5774 LECTIONES.
