3876 6306
78 285 148 343 θη

896 262 1266 324 CHRONICA.
1311 294 1382 304 —-—
1416 260 1818 331 CHRONlCON
1854 259 2321 326 UNIVERSALE.

3160 260 3270 316 δη

77 399 156 454 Sub
178 395 261 448 hoc
296 395 512 456 tempore
549 388 788 454 quatuor
832 378 968 435 locis
1009 379 1360 450 pugnabatur
1390 392 1422 433 a
1456 375 1567 432 Ro-
1600 384 1642 439 Α
1672 375 1823 432 nibal
1851 374 2232 446 frequentibus
2263 370 2468 445 prmliis
2498 372 2678 431 victus
2719 390 2753 435 a
2790 370 3069 445 Scipione,
3107 374 3268 446 petii:
3354 384 3361 391 θ

78 488 220 547 manis,
264 481 311 535 in
356 474 494 532 Italia
528 483 717 530 contra
770 469 1162 547 Hannibalem,
1216 470 1272 524 in
1316 468 1576 539 Hispania

78 546 217 633 contra
236 561 448 625 'fratrem
504 564 626 635 ejus
678 546 1086 628 Hastrubalem,
1145 561 1202 616 in
1260 558 1578 615 Macedonia

70 676 210 725 contra
250 660 548 729 Philippum,
604 656 663 711 in
715 654 970 710 Sardinia
1021 662 1212 709 contra
1269 653 1473 708 Sardos
1527 659 1583 707 et

79 760 247 814 alterum
293 749 650 806 Hastrubalem
701 744 1175 817 Kartagincnsem,
1216 759 1382 814 quem
1427 742 1583 797 Titus

78 849 270 912 Hanlius,
287 844 335 899 in
360 841 664 897 Sardiniam
690 839 920 904 missus,
943 838 1127 892 vivum
1156 837 1301 906 cepit
1323 835 1585 891 Romam-

81 957 154 1011 que
192 930 411 1009 portavit.
465 931 751 1003 Philippus
803 944 1026 1000 quoque
1064 929 1120 983 in
1175 927 1495 984 Macedonia
1555 943 1587 982 a

76 1030 228 1086 Lavino
253 1026 483 1091 vincitur,
513 1031 568 1079 et
597 1024 652 1078 in
682 1020 945 1093 Hispania
985 1020 1283 1076 Hastruhal
1309 1028 1364 1076 et
1406 1018 1585 1091 Mago,

81 1117 397 1176 tcrciuslrater
415 1115 755 1183 Hannibalis,
814 1130 847 1170 a
893 1114 1109 1170 duobus
1155 1111 1418 1168 fratribus
1473 1111 1592 1167 Sci-

80 1212 271 1283 pionibus
319 1218 662 1280 superantur,
717 1205 810 1277 qui
852 1214 1041 1261 tamen
1096 1205 1258 1260 ambo
1308 1203 1594 1276 Scipiones

82 1303 224 1357 fratres
268 1301 319 1355 in
368 1300 623 1370 Hispania
684 1314 715 1354 a
770 1297 940 1353 fratre
994 1295 1341 1352 Hastrubalis
1406 1304 1596 1366 postea

86 1394 205 1448 occisi
242 1400 370 1448 sunt.
422 1389 573 1447 Unde
619 1390 876 1447 omnibus
924 1404 1130 1460 pavore
1189 1386 1594 1453 cunctantibus,

80 1485 232 1555 Scipio,
268 1492 438 1554 postea
481 1481 776 1538 Africanus
809 1482 1030 1547 dictus,
1090 1489 1255 1535 natus
1305 1489 1435 1534 tunc
1496 1494 1597 1532 au-

84 1576 244 1642 uosii,
283 1576 415 1630 ultro
442 1591 500 1629 se
528 1573 747 1641 obtulit,
779 1581 833 1628 et
880 1572 1273 1642 proconsulare
1310 1570 1601 1640 imperium

78 1645 120 1720 l.n
162 1666 380 1737 Hispania
440 1669 670 1722 sortitus
699 1708 716 1733 ,
800 1665 1066 1737 ultionem
1144 1664 1319 1734 patris
1389 1671 1445 1718 et
1501 1678 1601 1732 pa-

1680 475 1736 521 et
1788 467 1905 536 ipse
1955 479 2146 536 pacem
2196 473 2252 520 et
2302 463 2640 536 colloquium
2684 465 2980 537 Scipionis.
3014 464 3120 522 Ubi
3148 484 3276 524 cum

1681 574 1742 615 se
1782 557 2002 613 attoniti
2030 557 2125 613 diu
2169 557 2555 612 ammiratione
2587 571 2778 613 mutua
2817 558 2928 613 duo
2983 559 3278 615 clarissimi

1681 649 1850 705 duces
1878 648 2333 720 conspexissent,
2366 647 2568 704 infecto
2606 650 2761 720 pacis
2797 650 3039 722 negotio,
3070 651 3282 708 disces-

1682 749 1896 797 serunt.
1925 739 2198 795 Hannibal
2221 751 2333 796 tres
2361 742 2737 812 exploratores
2760 742 2830 797 ad
2866 751 3044 797 castra
3073 741 3284 815 Scipio-

1684 833 1772 888 nis
1819 831 2013 900 misit,
2069 847 2211 903 quos
2267 840 2458 903 captos
2533 831 2721 904 Scipio
2786 833 3157 890 circumduci'
3185 850 3285 907 per

1685 932 1869 980 castra
1896 923 2062 993 jussit
2091 924 2282 994 eisque
2313 925 2526 980 ostendi
2556 934 2732 980 totum
2765 927 3089 995 exercitum,
3117 925 3287 984 nichil

1688 1015 1756 1071 de
1794 1015 2051 1070 hostibus
2077 1024 2500 1084 percunctatus,
2534 1017 2825 1087 prandium
2872 1034 3094 1090 quoque
3118 1019 3288 1091 jussit

1689 1108 1771 1163 eis
1800 1106 1960 1173 dari,
2004 1105 2350 1177 refectosque
2376 1108 2528 1164 abire
2571 1110 2824 1179 permisit
2896 1109 3100 1167 Deinde
3145 1128 3289 1183 prae-

1690 1198 1826 1253 lium
1860 1198 1929 1253 ab
1957 1207 2194 1270 utroque
2234 1200 2374 1255 duce
2420 1201 2775 1256 commissum
2827 1209 2911 1257 est
2936 1245 2950 1269 ,
3005 1203 3153 1274 quod
3194 1203 3290 1259 diu

1694 1289 1911 1360 magnis
1938 1288 2143 1345 ducum
2176 1290 2388 1344 artibus
2429 1290 2756 1361 dispositum
2783 1333 2799 1359 ,
2840 1293 3055 1364 magnis
3101 1294 3290 1365 copia-

1696 1397 1822 1437 rum
1850 1382 2089 1437 molibus
2117 1389 2332 1454 gestum
2376 1390 2482 1448 est,
2519 1382 2682 1453 quale
2726 1382 2818 1437 vix
2867 1385 2975 1440 ulla
3024 1386 3291 1441 memoria

1699 1471 1823 1540 fuit,
1873 1473 2076 1544 quippe
2118 1488 2247 1528 cum
2294 1472 2620 1543 peritissimi
2672 1472 2776 1527 viri
2826 1475 3015 1545 copias
3046 1491 3176 1533 suas
3227 1478 3295 1533 ad
3378 1540 3387 1546 η

1700 1565 1906 1621 bellum
1949 1566 2265 1620 educerent.
2298 1562 2484 1635 Scipio
2509 1573 2693 1621 tamen
2724 1565 2901 1621 victor
2928 1568 3126 1634 extitit,
3158 1585 3296 1639 pene

1704 1666 1865 1730 capto
1894 1654 2220 1714 Hannibale.
2265 1655 2555 1730 Octoginta
2602 1658 2879 1727 elephanti
2922 1660 2997 1713 ibi
3033 1669 3128 1715 aut
3154 1662 3297 1732 capti

83 1761 159 1813 ιηιί
201 1735 424 1830 precipue
478 1760 796 1826 intendens,
845 1735 1151 1829 Pf’reneum
1202 1766 1601 1828 transgressus,
1637 1753 1680 1812 Β
1708 1758 1805 1807 aut
1858 1749 2031 1806 occisi
2083 1758 2230 1805 sunt.
2272 1749 2753 1821 Kartaginensium
2814 1750 3050 1805 militum
3106 1751 3297 1823 viginti

78 1853 210 1920 primo
250 1852 432 1921 impetu
482 1850 832 1923 Kartaginem
880 1865 1080 1905 novam
1123 1847 1405 1919 Hispaniae
1441 1847 1603 1919 cepit,

82 1941 148 1995 ubi
183 1942 323 2012 copia:
372 1942 489 1997 auri
551 1943 874 2014 argentique
929 1956 1144 2013 magna:
1185 1940 1257 1973 ³⁸⁸
1308 1939 1607 1996 Poenorum

80 2041 120 2087 et
155 2032 436 2089 nobilissimi
485 2034 731 2101 obsides,
796 2049 937 2106 quos
999 2033 1069 2088 ab
1131 2031 1392 2102 Hispanis
1452 2046 1611 2087 acce-

82 2130 241 2191 perant,
265 2138 376 2179 cum
420 2124 635 2196 magnis
665 2122 921 2194 presidiis
964 2118 1142 2177 erant.
1190 2121 1271 2177 lbi
1292 2121 1457 2177 etiam
1495 2119 1612 2176 Ma-

82 2228 246 2281 gonem,
303 2214 515 2270 fratrem
592 2211 932 2281 Hannibalis,
996 2221 1220 2285 captum
1294 2229 1419 2269 cum
1486 2212 1611 2268 aliis

87 2302 261 2361 Romam
281 2308 436 2363 misit.
462 2308 654 2365 Romae
682 2310 878 2380 ingens
904 2307 1099 2364 lteticia
1122 2308 1319 2364 oritur.
1360 2306 1612 2379 Cumque

85 2394 332 2455 universam
365 2400 684 2472 Hispaniam
709 2417 740 2456 a
763 2400 1011 2472 Pyreneo
1039 2416 1215 2471 usque
1243 2400 1313 2455 ad
1341 2414 1610 2455 oceanum

85 2483 222 2556 Scipio
239 2489 548 2561 subegisset,
574 2499 862 2545 revocatus
887 2506 917 2544 a
943 2488 1230 2554 Romanis,
1254 2505 1377 2544 cum
1402 2489 1611 2559 ingenti

85 2576 211 2645 gloria
232 2578 441 2635 Romam
465 2581 638 2648 venit,
668 2588 723 2635 et
754 2580 840 2634 14⁸³
877 2595 1023 2634 anno
1060 2589 1354 2650 postquam
1397 2576 1609 2633 Hanni-

84 2666 149 2720 bal
173 2670 215 2723 in
237 2669 429 2727 Italiam
462 2680 712 2737 venerat,
757 2671 961 2742 quiest
1015 2671 1142 2726 l5"
1196 2670 1609 2743 Phylopatoris,

84 2769 175 2811 cum
211 2756 396 2815 Licinio
441 2761 651 2818 Crasso
692 2761 884 2816 consul
916 2768 1135 2815 creatus
1173 2770 1228 2815 et
1261 2760 1317 2814 in
1367 2759 1609 2817 Africam

85 2847 239 2905 missus
263 2860 355 2907 est.
395 2851 586 2923 Scipio
609 2851 850 2907 Africam
876 2866 1191 2924 aggressus,
1222 2852 1454 2906 hiberna
1468 2850 1609 2907 Ρω-

86 2954 237 2996 norum
266 2953 315 2999 et
343 2946 581 3016 mapalia
630 2943 993 2999 Numidarum
1019 2981 1035 3011 ,
1093 2958 1217 3014 qua:
1272 2943 1407 2999 haut
1445 2943 1609 3015 longe

84 3030 260 3089 aberant
286 3036 351 3091 ab
368 3035 554 3103 Utica,
583 3044 745 3090 nocte
771 3034 903 3089 fecit
931 3034 1168 3089 incendi.
1204 3032 1362 3089 Poeni
1386 3033 1606 3105 trepidi,

1708 1842 1859 1899 milia
1894 1842 2180 1914 quingenti
2216 1841 2489 1898 interfecti
2521 1851 2669 1897 sunt.
2710 1841 2981 1898 Hannibal
3027 1845 3213 1901 omnia
3247 1856 3297 1901 et

1708 1944 1836 1992 ante
1865 1932 2117 2006 praelium
2144 1942 2197 1990 et
2226 1933 2283 1989 in
2313 1936 2502 2006 praelio
2526 1944 2787 2005 expertus
2812 1978 2826 2003 ,
2884 1936 3126 2007 primum
3173 1953 3301 1993 cum

1708 2027 1901 2085 multis
1929 2027 2244 2099 equitibus',
2273 2027 2471 2083 deinde
2494 2043 2620 2083 cum
2643 2027 2864 2098 viginti,
2907 2038 3186 2100 postremo
3212 2031 3305 2087 vix

1708 2135 1834 2176 cum
1867 2128 2106 2191 quatuor
2124 2119 2274 2175 inter
2303 2121 2601 2176 tumultum
2642 2121 2862 2190 elapsus
2886 2164 2900 2188 ,
2939 2122 3301 2179 Adrumetum

1709 2211 1978 2284 confugit,
2021 2219 2214 2283 postea
2232 2209 2613 2284 Kartagiuem,
2655 2221 2781 2284 post
2809 2212 2878 2268 56
2903 2229 3078 2270 annos
3104 2230 3173 2273 ex
3193 2230 3305 2286 quo

1710 2302 1837 2359 inde
1877 2320 2080 2375 parvus
2110 2320 2239 2359 cum
2268 2312 2423 2376 patre
2463 2305 2705 2372 exierat,
2752 2305 2938 2373 venit,
2986 2306 3309 2362 consultan-

1710 2395 1862 2466 tique
1892 2396 2108 2452 senatui
2134 2380 2457 2462 Pmnoruin,
2488 2398 2694 2453 nullam
2729 2414 2884 2469 spem
2912 2415 3035 2455 csse
3077 2400 3187 2455 nisi
3246 2399 3300 2455 iu

1709 2489 1941 2558 petenda
1974 2504 2113 2559 pace
2148 2491 2427 2559 persuasit
2449 2489 2539 2543 κθ.
2579 2488 2715 2545 Gaio
2742 2489 2997 2547 Cornelio
3049 2491 3305 2561 Lentulo,

1712 2578 1907 2635 Publio
1929 2581 2009 2614 ’⁸⁷
2038 2581 2397 2648 consulibus;
2419 2597 2526 2653 pax
2552 2597 2647 2652 per
2679 2581 2993 2654 Scipionem
3019 2585 3306 2642 voluntate

1713 2679 1937 2726 senatus
1999 2670 2300 2742 populique
2356 2670 2849 2743 Kartaginensibus
2902 2687 3165 2730 concessa
3198 2685 3306 2742 est,

1713 2777 1882 2817 naves
1913 2770 2093 2817 tamen
2138 2762 2263 2832 plus
2298 2777 2463 2833 quam
2492 2761 2804 2833 quingenta
2828 2762 2884 2817 in
2907 2763 3078 2818 altum
3103 2764 3337 2834 produ-.

1712 2863 1834 2922 cur,
1864 2856 1917 2910 in
1954 2863 2254 2927 conspectu
2285 2856 2524 2911 civitatis
2576 2855 2875 2911 submersa:
2918 2864 3067 2912 sunt.
3120 2855 3305 2926 Scipio

1705 2946 1822 3017 jam
1867 2955 1999 3002 tunc
2029 2954 2394 3018 cognomento
2437 2944 2762 3015 Africanus,
2793 2963 2921 3004 cum
2952 2948 3104 3003 omni
3131 2948 3306 3020 gloria

1707 3038 2054 3108 triumphans
2078 3026 2099 3104 ,⁷
2135 3027 2360 3094 Urbem-
2381 3056 2663 3111 ingressus
2697 3049 2801 3097 est.
2845 3040 3019 3109 Quem
3069 3040 3302 3097 Terren—

85 3135 177 3178 cum
228 3142 346 3183 casu
391 3130 681 3186 accidisse
736 3127 919 3200 ignem
954 3135 1230 3197 putarent,
1248 3124 1505 3182 inermes
1533 3125 1610 3181 ad
1637 3112 1683 3172 Ο
1715 3126 1843 3194 tius,
1881 3127 1976 3196 qui
2000 3135 2191 3197 postea
2229 3136 2348 3183 erat
2386 3129 2664 3196 comicus,
2705 3145 2772 3187 ex
2810 3131 3089 3188 nobilibus
3117 3130 3307 3187 Karta-

84 3220 443 3292 extinguendum
468 3229 872 3287 cucurrerunt;
904 3237 1013 3291 qua
1052 3221 1118 3276 de
1146 3236 1206 3275 re
1236 3219 1393 3275 facile
1419 3220 1489 3275 ab
1523 3236 1612 3274 ar-
1716 3218 2029 3291 ginensium
2076 3219 2325 3290 captivus
2351 3262 2367 3287 ,
2418 3220 2849 3292 triumphantem
2913 3235 3039 3294 post
3082 3239 3309 3280 currum

82 3309 208 3364 matis
230 3312 461 3382 obpressi
506 3321 661 3369 sunt.
702 3309 761 3366 In
800 3311 1052 3380 utrisque
1098 3308 1296 3365 castris
1346 3307 1417 3364 40
1460 3309 1612 3364 milia
1716 3319 1939 3368 secutus
1967 3319 2055 3368 est
2074 3311 2350 3382 pilleatus,
2371 3312 2522 3384 quod
2543 3313 2767 3371 indulta:
2795 3313 2901 3370 sibi
2923 3314 3194 3373 libertatis
3212 3314 3317 3372 fuit

82 3395 310 3457 hominum
343 3406 452 3475 igni
498 3404 760 3474 ferreque
793 3409 1122 3472 consumpta
1166 3409 1316 3468 sunt,
1368 3401 1614 3472 quinque
1717 3403 1952 3475 insigne.

85 3489 198 3546 milia
218 3504 357 3565 capta
378 3539 394 3563 ,
430 3498 602 3554 duces
634 3497 739 3568 ipsi
767 3495 1153 3551 miserabiliter
1200 3494 1439 3550 ambusti
1473 3509 1615 3566 aegre
1789 3493 1950 3549 Anno
1979 3494 2144 3566 igitur
2166 3495 2236 3550 ab
2269 3493 2414 3552 Urbe
2437 3494 2656 3552 condita
2682 3497 3128 3570 quingentesimo
3153 3498 3319 3570 quin-

82 3580 384 3655 diﬂugerunt;
438 3588 741 3669 Hastrubal
791 3589 905 3643 dux
953 3586 1303 3657 Kartaginem
1350 3585 1617 3657 profugus
1719 3586 2041 3657 quagesimo
2091 3588 2367 3654 secundo,
2415 3587 2632 3659 quiest
2687 3591 2963 3646 secundus
3013 3589 3319 3647 Ptholemei

82 3676 212 3731 venit.
236 3678 349 3734 Mox
380 3680 609 3754 Syphax
636 3689 692 3737 et
713 3679 1005 3735 Hastrubal
1031 3679 1328 3748 plurimum
1352 3693 1617 3748 reparan-
1717 3676 2055 3749 Epyphanis,
2093 3678 2295 3734 bellum
2318 3679 2590 3734 Punicum
2624 3683 2931 3737 secundum
2960 3682 3177 3739 finitum
3207 3693 3316 3749 est,

81 3772 146 3822 tes
187 3772 466 3828 exercitum
494 3814 509 3840 ,
579 3771 780 3827 iterum
838 3786 965 3826 cum
1022 3769 1280 3840 Scipione
1338 3769 1620 3840 congressi

82 3867 195 3925 sum,
218 3861 440 3933 victique
467 3862 753 3935 fugerunt.
781 3859 1088 3933 Syphacem
1114 3858 1412 3931 fugientem
1436 3858 1621 3914 Lelius

80 3956 120 4002 et
138 3949 393 4012 Masinissa
414 3962 705 4027 ceperunt,
729 3962 908 4011 cetera
933 3953 1228 4008 multitudo
1252 3951 1460 4007 Cirtam
1488 3965 1622 4007 con-

1721 3775 1846 3836 post
1869 3784 2076 3823 annum
2110 3768 2178 3823 19
2237 3783 2407 3838 quam
2450 3770 2637 3839 coepit.
2670 3768 2846 3827 Jactet
2878 3787 2939 3828 se
2972 3772 3098 3828 licet
3140 3771 3320 3828 Roma

1722 3857 1967 3913 victoriis
2013 3857 2376 3914 Hannibalem
2424 3860 2725 3930 devicisse,
2759 3872 2945 3919 tamen
2992 3864 3049 3919 in
3087 3865 3324 3936 Campa-

1724 3946 1829 4021 nia;
1872 3945 2110 4000 luxuriis
2157 3957 2591 4004 commorantem
2633 3951 2915 4021 provincia
2941 3952 3203 4009 deliciosa
3228 3970 3326 4009 su-

1724 4017 1972 4103 peravit;
2012 4035 2145 4089 dum
2176 4037 2336 4106 aquis
2377 4017 2651 4107 innatat;
2679 4040 2812 4095 dum
2867 4043 3113 4113 piscibus
3155 4053 3324 4116 atque

1726 4127 1927 4183 ostreis
1966 4127 2172 4197 passim
2218 4127 2539 4195 infercitur,
2587 4132 2718 4186 dum
2764 4134 2904 4200 olet,
2965 4144 3157 4205 potat,
3198 4137 3328 4193 dor-

85 4037 210 4111 t"itit,
234 4061 389 4117 quam
420 4047 722 4104 Masinissa
771 4046 1141 4116 obpugnatam
1199 4044 1255 4099 in
1292 4043 1622 4099 deditionem

78 4135 273 4205 accepit;
315 4137 628 4210 Syphacem
666 4137 736 4192 ad
779 4134 1095 4206 Scipionem
1136 4133 1346 4190 catenis
1379 4134 1623 4190 vinctum

80 4223 297 4293 adduxit,
345 4245 511 4300 quem
569 4227 756 4299 Scipio
782 4243 908 4282 cum
939 4226 1251 4298 ingentibus
1277 4224 1471 4297 spoliis
1499 4226 1625 4295 plu.
1726 4220 1861 4285 mit,
1913 4234 2185 4290 aquarum
2250 4221 2515 4276 resolutio
2586 4222 2818 4278 mollivit
2864 4223 3131 4281 Punicam
3191 4226 3324 4282 feri-

80 4314 302 4391 rirnisque
332 4322 571 4393 captivis
609 4320 1022 4391 perducendum
1070 4317 1301 4374 Romam
1328 4316 1481 4372 Lelio
1508 4326 1624 4372 tra-
1729 4320 1939 4379 tatem,
1997 4319 2072 4379 et,
2119 4327 2286 4381 quem
2329 4311 2438 4367 alia
2468 4313 2840 4382 duraverant,
2890 4329 3019 4371 eum
3077 4315 3327 4387 Sepiasia

81 4405 204 4464 didit.
239 4410 338 4479 Qui
372 4429 502 4469 cum
530 4415 590 4468 in
618 4411 866 4467 custodia
891 4410 1118 4483 Tyburti
1143 4408 1448 4477 defecisset,
1474 4423 1626 4464 sum-
1662 4451 1702 4505 Β
1729 4401 1954 4505 cpidum
2009 4400 2328 4473 Campaniae
2381 4405 2639 4476 ungentis
2687 4407 2934 4465 odoratis
2977 4408 3331 4467 labefactavit

78 4504 153 4566 Ρίη
185 4502 390 4573 publico
429 4504 606 4574 jussit
635 4510 862 4559 senatus
885 4516 1012 4557 eum
1054 4500 1358 4556 honoriﬁce
1383 4500 1619 4572 sepeliri.
1662 4494 1698 4505 ν
1728 4504 1784 4549 et
1812 4494 1961 4549 vicit.

74 4585 172 4652 Otia
196 4609 248 4648 re
273 4597 477 4663 audita,
509 4595 695 4651 cumis
732 4593 849 4650 fere
891 4593 1045 4649 Italia
1082 4592 1441 4648 Hannibalem
1471 4594 1607 4650 dere

1729 4607 1876 4661 Alex.
1930 4610 2118 4661 Μίδεω.
2163 4610 2319 4672 Syriae

80 4675 224 4750 liquit.
254 4683 371 4756 Ipse
394 4695 589 4742 autem
619 4683 888 4739 Hannibal
932 4698 964 4738 a
1013 4682 1505 4755 Kartaginensibus
1529 4699 1626 4739 re-
1842 4695 1863 4748 ι
2263 4699 2297 4753 λι
2409 4698 2617 4771 aheni.)
2666 4697 3020 4755 Ptholemeus
3057 4696 3320 4771 Phylopa-

80 4770 173 4827 dire
204 4776 405 4845 jussus,
458 4788 523 4835 ut
567 4776 886 4833 subveniret
934 4775 1125 4847 patriae
1149 4818 1164 4843 ,
1221 4793 1388 4848 quam
1443 4777 1630 4848 Scipio
1733 4793 1820 4840 tor
1848 4785 2097 4858 regnavit
2121 4770 2466 4845 Alexandria!
2488 4789 2650 4845 annis
2676 4789 2750 4821 ’⁸⁸
2773 4789 2860 4843 17.

80 4867 315 4937 vastabat,
351 4870 495 4926 nens
522 4870 727 4926 dicitur
766 4866 979 4923 Italiam
1022 4867 1330 4939 reliquisse.
1375 4867 1453 4924 lta
1489 4885 1633 4924 anno
1841 4876 1878 4931 2
2274 4881 2309 4936 5

79 4955 165 5023 17⁵,
202 4964 291 5031 qui
323 4973 410 5020 est
436 4964 660 5035 primus
684 4960 992 5017 Ptholomei
1020 4960 1367 5033 Epyphanis,
1404 4962 1633 5017 liberata
1844 4969 1878 5023 5
2057 4971 2082 5024 1
2267 4975 2301 5024 6
2409 4972 2694 5043 Philippus
2723 4974 2971 5043 regnavit
2998 4972 3331 5032 MacedOni:e

78 5050 296 5111 estltalia
321 5056 392 5111 ab
419 5055 748 5112 Hannibale.
799 5053 988 5125 Legati
1040 5062 1221 5109 autem
1275 5053 1636 5126 Kartaginen-

77 5141 192 5199 siam
214 5162 401 5218 pacem
423 5164 459 5205 a
488 5147 757 5219 Scipione
773 5155 1043 5218 petentes,
1075 5147 1147 5206 ad
1185 5157 1437 5203 senatum
1473 5148 1632 5203 missi

78 5244 205 5302 sunt,
246 5248 298 5295 et
341 5256 411 5296 ex
453 5241 692 5297 arbitrio
734 5238 1012 5311 Scipionis
1046 5254 1238 5309 pacem
1270 5250 1633 5309 acceperunt;

76 5326 399 5389 adveniente
424 5330 1133 5401 Hannibale-brugiuem,
1155 5346 1260 5400 pax
1283 5331 1503 5387 turbata
1532 5340 1637 5399 est,

77 5417 322 5495 multaque
343 5423 578 5481 hostilia
599 5425 668 5480 ab
695 5421 841 5479 Afris
864 5421 1006 5479 facta
1032 5431 1179 5478 sunt.
1204 5422 1335 5478 Post
1357 5425 1472 5479 haec
1498 5423 1643 5479 Han-

1738 5061 1901 5116 annis
1935 5061 2025 5116 42,
2056 5060 2157 5118 Hic
2195 5078 2322 5118 cum
2353 5064 2622 5120 rebellare
2657 5072 2916 5133 pararet,
2961 5078 3201 5140 primum
3234 5083 3332 5139 per

1742 5151 2011 5207 Levinum
2038 5155 2345 5223 consulem,
2372 5155 2567 5212 deinde
2592 5172 2689 5227 per
2717 5157 2899 5216 Titum
2929 5162 3213 5230 Quintium
3239 5178 3334 5219 su-

1743 5253 1968 5313 peratus
1990 5253 2093 5299 est.

1821 5335 1887 5389 l7
2032 5336 2101 5391 15
2243 5337 2317 5393 εθ

1824 5428 2184 5484 Ptholemeus
2215 5428 2568 5503 Epyphanes,
2603 5432 2749 5490 illius
2802 5435 3334 5513 PtholemeiPhylo-

1346 5588 1430 5641 νΑ
1443 5588 1578 5643 lile
1614 5590 2016 5651 LECTIONES.

130 5718 192 5752 ⁵⁸⁸
224 5722 391 5793 copiae
417 5736 640 5793 magna:
671 5737 721 5777 a.
756 5738 807 5776 a.
848 5722 902 5777 5.
984 5721 1056 5755 ³⁸⁸
1082 5720 1356 5777 persuasit
1378 5739 1510 5793 pace
1534 5725 1587 5780 5.
1667 5726 1735 5760 ³⁸⁷
1768 5725 1828 5781 P.
1857 5724 2004 5784 IElio
2027 5723 2160 5780 Peto
2184 5725 2267 5781 ll.
2346 5723 2419 5760 ’“
2436 5727 2585 5784 deest
2611 5728 2696 5784 9c.

369 5818 655 5878 PATROL.
697 5814 821 5877 CLI
833 5815 904 5877 ν.
