3876 6306
598 276 707 332 019

1768 274 2175 331 EKKEHARDI
2215 275 2679 334 URAUGIENSIS
3724 285 3798 338 ω

600 391 827 463 pateris,
875 392 1123 463 regnavit
1148 391 1489 447 Alexandria:
1519 390 1681 445 annis
1710 389 1783 445 24
1812 390 1901 458 ¹⁶’,
1927 407 1955 445 a
1980 399 2193 447 restau-
2222 395 2267 449 A
2294 390 2564 462 Josephus
2607 362 2960 459 adolescens,
3004 392 3213 449 s’ororis
3270 392 3391 462 ejus
3431 392 3567 449 ﬁlius
3602 394 3659 450 de
3692 408 3796 466 pane

598 482 812 539 ratione
848 484 1032 553 templi
1063 498 1209 539 anno
1238 485 1626 540 trecentesimo
1653 484 1739 539 l9.
1759 483 1937 555 (then.
1966 487 2022 539 in
2047 484 2186 539 Dan.

596 576 637 630 l.
671 575 737 646 1.)
779 574 1131 647 Hujuspatre
1160 574 1526 647 Phylopatore
1559 576 1851 643 defuncto,
1884 578 2190 635 Antiochus

599 666 849 740 Magnus,
876 678 1036 739 rupto
1059 667 1263 724 findere
1284 676 1337 724 et
1355 677 1514 738 pacto
1544 670 1691 740 quod
1717 687 1842 725 cum
1866 681 2021 741 patre
2047 669 2190 727 fece-

600 771 717 830 rat,
754 762 1056 816 exercitum
1088 761 1156 817 de
1180 763 1558 832 superioribus
1598 762 1909 835 Babylonia:
1941 764 2189 833 partibus

598 853 983 927 congregavit,
1018 851 1270 926 factaque
1320 870 1454 924 pace
1485 871 1612 911 cum
1641 854 1892 926 Philippo
1939 855 2189 912 Macedo-

595 960 730 1002 num
774 961 932 1016 rege,
973 955 1165 1002 contra
1197 947 1342 1002 hunc
1371 946 1747 1018 Epyphanem,
1773 947 1869 1017 qui
1889 955 2019 1003 tunc
2045 963 2188 1019 qua-

594 1045 724 1096 tuor
752 1048 870 1094 erat
897 1040 1519 1115 annorum,_exercitum
1551 1039 1724 1095 movit
1764 1040 1853 1093 ¹⁷⁰.
1885 1038 2187 1112 Pugnanti-

594 1130 700 1189 bus
721 1140 905 1199 autem
957 1132 1100 1188 inter
1139 1148 1200 1188 se
1230 1133 1503 1188 Antiocho
1534 1141 1589 1188 et
1620 1132 1853 1188 ducibus
1880 1131 2187 1189 Ptholomei

599 1222 778 1292 pueri,
812 1221 997 1279 Judaaa
1031 1224 1085 1277 in
1130 1224 1310 1279 medio
1335 1224 1516 1294 posita
1557 1225 1840 1295 multaque
1886 1225 2027 1279 mala
2063 1240 2186 1294 per-

592 1327 773 1393 pessa,
812 1315 867 1369 in
893 1316 1171 1370 contraria
1213 1315 1394 1371 studia
1422 1314 1792 1382 scindebatur,
1824 1315 1966 1371 sicut
1995 1325 2050 1371 et
2082 1316 2185 1372 sub

590 1407 915 1465 Ptholomeo
933 1409 1319 1481 Phylopatore,
1346 1418 1501 1479 patre
1541 1409 1683 1477 ejus,
1717 1408 1841 1464 aliis
1888 1408 2182 1475 Antiocho,

593 1501 716 1557 aliis
744 1500 1027 1557 Ptolomeo
1059 1500 1387 1556 faventibus.
1416 1498 1669 1570 Cumque
1692 1498 1999 1555 Antiochus
2033 1510 2185 1556 tene-

592 1603 677 1650 ret
696 1592 962 1659 Judzeam,
987 1594 1193 1649 missus
1223 1593 1450 1664 Scopas,
1468 1592 1579 1648 dux
1608 1593 1847 1664 partium
1870 1590 2185 1666 Epyphanis

591 1683 918 1752 Ptholomei,
944 1687 1210 1743 adversus
1235 1686 1571 1742 Antiochum
1613 1685 1829 1741 fortiter
1877 1686 2179 1751 dimicavit,

593 1778 843 1849 cepitque
871 1749 1114 1833 Iudaeam
1155 1776 1291 1849 (Jos.
1322 1794 1435 1845 xn,
1464 1776 1561 1847 3);
1601 1777 1696 1831 sed
1728 1785 1857 1847 post
1901 1749 2180 1832 modicum
2218 1749 2260 1809 Β

593 1880 812 1940 tempus
840 1868 1144 1925 Antiochus
1185 1867 1421 1940 Scopam
1474 1868 1644 1935 vicit,
1707 1866 2011 1938 confligens
2054 1883 2181 1923 cum

593 1974 662 2014 eo
689 1959 847 2030 juxta
890 1958 1099 2015 fontem
1144 1957 1405 2015 Iordanis
1429 2000 1444 2025 ,
1486 1959 1800 2029 multosque
1830 1957 1899 2014 de
1939 1959 2181 2014 exercitu

590 2050 713 2120 ejus
756 2059 1126 2119 prosternens.
1179 2049 1379 2106 Postea
1432 2065 1563 2106 vero
1612 2049 1883 2111 Antiocho
1938 2049 2185 2120 capiente

592 2142 900 2197 Samariam
927 2151 982 2197 et
1023 2142 1272 2197 civitates
1302 2140 1476 2213 Syriae
1508 2155 1647 2212 quas
1680 2139 1887 2212 Scopas
1912 2149 2182 2208 tenuerat,

595 2250 732 2305 gens
755 2232 1069 2289 Iudaeorum
1098 2242 1292 2304 sponte
1317 2234 1386 2289 ad
1406 2249 1532 2290 eum
1546 2233 1792 2301 veniens,
1825 2248 2044 2313 omnem
2067 2238 2187 2305 ejus

591 2326 893 2381 exercitum
930 2326 988 2382 in
1018 2327 1297 2393 civitatem
1343 2327 1625 2397 suscepit,
1691 2334 1747 2382 et
1788 2340 1963 2396 prono
1998 2326 2185 2382 animo

590 2417 858 2473 auxilium
889 2416 1124 2487 prebuit.
1151 2414 1307 2472 Unde
1339 2425 1395 2473 et
1424 2417 1541 2488 ipse
1572 2416 1745 2471 multa
1786 2416 1867 2473 eis
1917 2416 2181 2473 beneﬁcia

590 2510 850 2575 contulit,
882 2524 1005 2580 qua:
1033 2508 1305 2581 Josephus
1329 2510 1610 2566 deseribit.

661 2596 867 2654 Veiens
889 2609 1069 2654 autem
1100 2598 1404 2655 Antiochus
1434 2614 1543 2655 non
1571 2598 1749 2655 solum
1783 2597 1998 2671 Syriam
2023 2608 2077 2654 et
2098 2597 2184 2654 Ci-

585 2690 770 2748 liciam
825 2701 879 2747 et
942 2689 1147 2747 Liciam
1198 2700 1253 2746 et
1308 2692 1448 2747 alias
1498 2691 1815 2762 provincias
1855 2706 1981 2762 quae
2026 2700 2184 2746 erant

584 2783 826 2855 partium
855 2782 1159 2840 Ptholomei
1185 2784 1488 2854 possidere,
1517 2785 1615 2841 sed
1636 2784 1693 2838 in
1718 2782 2015 2856 Egyptum
2042 2800 2182 2853 quo-

590 2891 700 2949 que
728 2892 960 2948 regnum
995 2892 1155 2932 suum
1180 2877 1493 2945 extendere,
1523 2876 1669 2933 facta
1698 2892 1833 2948 pace
1859 2892 1986 2933 cum
2013 2874 2182 2931 Ptho-

588 2968 773 3025 lomeo
812 2983 909 3040 per
959 2967 1181 3025 Evolem
1242 2968 1547 3036 Rhodium,
1608 2967 1956 3038 Cleopatram
2009 2968 2180 3022 filiam

587 3075 750 3117 suam
797 3060 1036 3132 septimo
1075 3074 1222 3115 anno
1275 3060 1641 3117 adolescentis
1673 3058 1965 3129 despondit
2010 3059 2083 3125 ei,
2125 3065 2181 3113 et

590 3152 683 3206 13°
724 3167 871 3206 anno
900 3151 1141 3219 tradidit,
1172 3152 1299 3207 data
1324 3152 1375 3207 ei
1398 3152 1545 3207 dotis
1576 3150 1800 3206 nomine
1842 3151 1992 3206 omni
2020 3150 2179 3206 Cele-

590 3240 738 3313 syria
768 3248 824 3297 et
866 3239 1073 3296 Iudaea.
1111 3238 1223 3297 Nec
1252 3250 1433 3296 tamen
1480 3240 1729 3311 optinere
1776 3222 1956 3311 potuit
2008 3240 2179 3313 Egy-

586 3339 765 3402 ptum,
802 3330 931 3401 quia
973 3329 1330 3387 Ptholomeus
1368 3329 1699 3403 Epyphancs
1740 3341 1794 3388 et
1843 3332 2013 3410 duces
2059 3334 2181 3401 eius

591 3423 889 3481 sentientes
913 3423 1120 3491 dolum,
1153 3425 1371 3481 cautius
1401 3440 1460 3480 se
1490 3435 1749 3496 egerunt,
1794 3435 1849 3480 et
1890 3424 2180 3496 Cleopatra

526 3503 531 3507 ’
591 3516 771 3587 magis
797 3515 899 3569 viri
928 3530 1093 3586 quam
1121 3517 1367 3586 parentis
1406 3516 1544 3573 fovit
1583 3526 1787 3587 partes.
1837 3516 1940 3572 llic
1987 3518 2181 3573 Antio-

571 3597 733 3663 chus
761 3605 992 3679 Magnus
1017 3607 1156 3663 duos
1187 3608 1381 3663 habuit
1424 3608 1601 3677 filios,
1650 3608 1848 3665 fratres
1877 3608 2182 3680 Cleopatrae

589 3715 759 3771 quam
778 3698 1281 3768 deditPthoIomeo,
1308 3699 1622 3768 Seleucum,
1636 3701 1731 3772 qui
1759 3702 2180 3773 cognominatus

590 3799 678 3845 est
706 3788 905 3845 Sotlier
926 3791 1133 3861 quique
1161 3792 1409 3863 regnavit
1436 3802 1563 3863 post
1583 3807 1730 3861 eum,
1754 3801 1808 3849 et
1826 3793 2178 3862 Antiochum,

596 3885 695 3955 qui
752 3884 932 3941 dictus
964 3895 1049 3940 est
1092 3886 1160 3916 ³⁷³
1206 3884 1534 3958 Epyphanes
1562 3894 1617 3941 et
1655 3902 1687 3941 a
1714 3896 1870 3957 patre
1917 3886 2181 3945 Romanis

592 3975 756 4033 datus
790 3986 874 4033 est
913 3977 1076 4033 obses
1107 3986 1437 4049 mortuoque
1488 3975 1659 4034 fratre
1692 3978 1939 4050 regnavit
1976 3979 2033 4034 in
2061 3979 2182 4035 loco

593 4068 755 4140 ejus;
796 4080 851 4124 et
884 4070 975 4125 hic
1014 4079 1099 4125 est
1135 4070 1440 4126 Antiochus
1480 4071 1575 4142 qui
1617 4070 1819 4126 dicitur
1848 4071 2080 4127 illustris
2129 4082 2183 4128 et

591 4163 796 4219 nobilis
823 4162 879 4218 in
907 4163 1050 4219 libro
1086 4162 1513 4219 Machabeorum
1541 4162 1648 4236 (Cf.
1702 4161 1746 4230 Ι,
1792 4164 1869 4235 i),
1914 4165 2013 4235 qui
2055 4166 2180 4219 137°

588 4255 745 4326 regni
776 4254 1079 4312 Grecorum
1110 4271 1256 4311 anno
1282 4270 1516 4327 regnare
1537 4255 1703 4327 coepit
1725 4256 2007 4328 multaque
2036 4258 2178 4312 mala

589 4345 794 4404 Judaais
816 4347 1019 4402 intulit.

2298 480 2469 538 Tobia
2502 484 2594 549 π’,
2652 484 2737 537 vir
2767 482 3160 555 sagacissimus
3194 492 3251 540 et
3297 484 3438 539 inter
3463 500 3586 541 suos
3625 489 3792 557 nobilis,

2293 576 2597 646 increpavit
2626 560 2962 632 avunculum
3005 574 3221 632 Oniam.
3268 574 3389 642 Quo
3428 593 3532 632 non
3559 581 3796 636 attendente

2290 684 2395 723 nec
2434 668 2503 723 ad
2533 684 2714 738 regem
2741 668 2821 724 ire
2844 669 3081 736 volente,
3129 669 3275 724 ultro
3302 684 3362 723 se
3390 670 3612 740 legatum
3647 673 3702 726 ad
3735 688 3793 727 re-

2291 775 2412 829 gem
2434 761 2634 815 obtulit
2656 774 2758 830 pro
2788 760 3116 817 necessitate
3138 760 3349 831 populi,
3377 761 3426 816 si
3447 777 3541 832 per
3577 778 3682 816 eum
3704 764 3794 817 lice-

2290 861 2374 907 ret
2397 851 2520 907 sibi.
2563 853 2656 907 lllo
2699 860 2885 907 autem
2930 853 3263 908 concedente
3311 861 3369 908 et
3413 853 3604 924 populo
3647 856 3794 924 gratias

2288 953 2503 1015 agente,
2536 945 2778 1014 suscepit
2806 944 3048 1014 legatum
3074 944 3302 1016 regis'in
3329 944 3551 1000 domum
3578 960 3731 1010 suam,
3761 959 3797 1000 ct

2287 1052 2385 1107 per
2404 1038 2608 1093 multos
2636 1038 2755 1093 dies
2777 1038 3066 1109 magnifice
3086 1046 3349 1105 tractans,
3368 1037 3669 1092 muneribus
3683 1037 3796 1092 hono-

2288 1137 2470 1184 ratum
2508 1130 2721 1185 remisit
2748 1130 2817 1185 ad
2852 1145 3059 1203 regem,
3095 1130 3288 1185 dicens
3318 1144 3380 1185 se
3416 1130 3659 1185 continuo
3692 1145 3799 1184 secn-

2286 1229 2493 1277 turum.
2539 1222 2778 1277 Athenio
2834 1232 3021 1278 autem
3055 1223 3272 1278 rediens
3300 1222 3371 1277 ad
3421 1237 3628 1295 regem,
3652 1237 3746 1275 cun
3766 1223 3796 1273 ei

2285 1315 2471 1370 omnia
2502 1315 2802 1382 indicaret,
2843 1315 3223 1371 advenientem
3250 1324 3445 1386 postea
3465 1313 3722 1385 losephum
3738 1330 3797 1367 τρι

2285 1415 2342 1464 et
2380 1406 2568 1479 regina
2596 1405 2887 1478 Cleopatra
2917 1407 3153 1480 benigne
3194 1414 3560 1477 susceperunt
3583 1447 3597 1472 ,
3630 1406 3797 1459 invenit-

2286 1516 2396 1571 que
2420 1508 2633 1554 tantam
2672 1500 2908 1573 gratiam
2947 1515 3136 1556 coram
3167 1514 3315 1570 rege,
3343 1508 3408 1553 ut
3438 1514 3548 1553 non
3570 1498 3715 1553 solum
3734 1514 3797 1568 po-

2285 1593 2476 1663 pulum
2499 1592 2776 1659 liberaret,
2807 1592 2903 1648 sed
2935 1592 3105 1647 etiam
3131 1593 3241 1647 dux
3262 1590 3471 1647 Iudaea:
3505 1601 3651 1660 atque
3672 1591 3797 1644 humi-

2286 1686 2357 1742 lis
2400 1684 2573 1758 Syria:
2598 1694 2654 1740 et
2680 1685 3042 1740 finitimarum
3076 1684 3365 1756 regionum
3393 1684 3468 1738 ab
3491 1697 3556 1738 eo
3580 1682 3799 1737 constitue

2283 1786 2455 1833 retur.
2511 1776 2562 1832 ls
2606 1777 2772 1849 igitur
2810 1777 2880 1831 22
2931 1777 3092 1831 minis
3130 1776 3334 1831 tributa
3372 1776 3548 1846 Syriae
3570 1784 3620 1829 et
3648 1773 3798 1828 Feuids

2283 1877 2448 1940 atque
2479 1867 2744 1924 Samaria:
2783 1867 3138 1939 dispensavit,
3166 1867 3544 1938 populumque
3562 1864 3797 1920 ludaonm

2284 1977 2316 2016 a
2339 1967 2660 2031 paupertate
2679 1968 2735 2015 et
2754 1959 3034 2015 debilitate
3061 1958 3128 2013 ad
3157 1958 3506 2014 clarissimas
3532 1971 3689 2011 rerum
3711 1970 3797 2009 css-

2284 2067 2377 2108 sas
2402 2052 2678 2124 perduxit.
2720 2050 2923 2107 Habuit
2945 2060 3132 2106 autem
3161 2058 3371 2121 septem
3402 2049 3552 2104 ﬁlios
3587 2046 3647 2103 de
3682 2061 3797 2101 uxore

2285 2158 2407 2211 sua,
2440 2152 2496 2199 et
2523 2143 2591 2198 de
2622 2143 2734 2197 lilia
2758 2141 2948 2198 fratris
2973 2141 3061 2198 sui
3087 2141 3262 2198 Solini
3283 2155 3463 2196 unum
3491 2137 3686 2193 nomine
3704 2135 3797 2206 Hyr-

2284 2251 2506 2292 canum.
2544 2234 2650 2303 Qui
2679 2251 2805 2291 cum
2841 2234 3102 2291 tredecim
3133 2242 3281 2289 esset
3308 2247 3612 2297 annorum,
3638 2239 3795 2284 natm-

2285 2326 2391 2381 lem
2414 2323 2794 2381 fortitudinem
2820 2333 2875 2380 et
2899 2324 3246 2395 prudentiam
3283 2323 3340 2377 in
3371 2337 3436 2377 se
3461 2320 3795 2377 domonstm’it

2285 2428 2345 2475 ut
2372 2419 2538 2475 etiam
2578 2418 2832 2474 acerbam
2867 2418 3274 2473 aemulationem
3298 2414 3571 2470 fratribus
3587 2413 3795 2468 excitant

2283 2507 2559 2579 Josephus
2584 2523 2717 2564 vero
2767 2508 2999 2579 cupiens
3023 2508 3166 2563 scire
3204 2506 3332 2577 quis
3357 2506 3427 2562 de
3456 2505 3583 2560 filiis
3605 2505 3700 2560 suis
3723 2503 3796 2554 vir-

2284 2609 2398 2656 tute
2425 2602 2621 2656 melior
2648 2601 2930 2665 existeret,
2974 2613 3434 2669 unumquemque
3480 2598 3548 2652 ad
3585 2596 3795 2651 doctu“

2282 2693 2463 2748 studia
2487 2693 2800 2760 destinavit,
2834 2693 2928 2749 sed
2958 2692 3165 2748 desidia
3208 2677 3628 2761 disciplinarum
3656 2686 3797 2741 inlorti

2280 2785 2584 2841 redierunt.
2628 2785 2762 2841 Post
2790 2784 2911 2841 illos
2947 2794 3133 2841 autem
3177 2783 3639 2839 adolescentulum
3658 2778 3797 2850 Hyrc-

2282 2892 2416 2931 num
2457 2877 2801 2945 transmisit,
2846 2878 2990 2932 viam
3019 2876 3258 2931 duorum
3280 2873 3507 2928 dierum
3532 2874 3595 2927 ad
3620 2870 3798 2927 solitudi-

2281 2984 2407 3024 nem
2439 2969 2742 3037 seminare,
2772 2970 2912 3024 dans
2936 2967 3115 3023 ei300
3136 2967 3269 3038 juga
3291 2967 3492 3033 boum,
3521 2964 3609 3021 sed
3632 2963 3797 3017 absint:-

2280 3059 2417 3115 dens
2445 3060 2561 3115 lora
2591 3059 2794 3130 quibus
2822 3059 3141 3130 ligarentur.
3189 3055 3450 3127 Cumque
3473 3056 3545 3111 ad
3564 3055 3716 3109 locum
3734 3066 3796 3103 η·
3842 3110 3843 3135 1

2281 3151 2427 3206 niret
2448 3160 2503 3205 et
2531 3151 2648 3205 lora
2689 3165 2800 3205 non
2838 3149 3084 3230 haberet,
3135 3149 3508 3206 suadentibus
3542 3144 3797 3202 aratoribus.

2281 3254 2341 3299 ut
2370 3259 2471 3314 pro
2506 3243 2593 3298 his
2624 3242 2916 3298 afferendis
2939 3242 3167 3297 domum
3191 3240 3614 3304 transmitteret,
3634 3236 3707 3290 ille
3735 3249 3800 3287 ne

2280 3337 2400 3392 lens
2429 3344 2644 3405 tempus
2673 3334 2990 3405 deperdere,
3027 3333 3229 3390 occidit
3257 3333 3458 3388 decem
3495 3333 3719 3404 jugorum
3737 3327 3800 3380 bo-

2280 3443 2399 3491 ves,
2427 3436 2481 3483 et
2524 3441 2722 3483 carnes
2747 3426 2970 3499 quidem
2999 3426 3271 3497 operariis
3308 3424 3494 3491 dedit,
3541 3421 3688 3494 pelles
3717 3430 3801 3471 τεο

2281 3520 2551 3586 incidens,
2598 3510 3108 3585 retinacula'fecit;
3148 3518 3342 3588 sicque
3386 3517 3649 3573 seminata
3687 3521 3798 3565 tem.

2281 3612 2349 3669 ad
2375 3620 2586 3683 patrem
2614 3611 2795 3666 rediit.
2828 3610 2938 3667 l‘ro
2959 3625 3070 3681 qua
3096 3610 3299 3665 mentis
3330 3597 3552 3680 argutia
3571 3616 3699 3678 pater
3715 3616 3799 3657 eun

2280 3705 2515 3777 benigne
2543 3703 2873 3775 suscipiens,
2903 3703 3137 3758 nimium
3159 3691 3371 3768 dilexit,
3425 3700 3574 3773 quod
3614 3697 3659 3754 ei
3699 3692 3796 3764 apud
3838 3728 3839 3741 η

2280 3797 2481 3854 fratres
2520 3796 2784 3853 invidiam
2816 3795 3123 3853 suscitavit.

2351 3888 2485 3945 Post
2506 3890 2626 3945 haec
2658 3890 2981 3944 nunciatum
3030 3896 3119 3944 est
3159 3886 3425 3958 Josepho,
3457 3887 3623 3942 ﬁlimu
3644 3879 3801 3936 Ptholo-

2278 3995 2406 4037 meo
2432 3982 2547 4053 regi
2588 3982 2835 4053 genitum
2856 3995 3000 4048 esse,
3024 3994 3328 4049 omnesque
3354 3979 3628 4065 principes
3645 3971 3801 4046 protin—

2283 4076 2497 4131 ciarum
2532 4075 2603 4131 ad
2629 4075 3017 4131 celebrandum
3054 4073 3290 4128 natalem
3340 4073 3503 4143 pueri
3550 4071 3677 4127 diem
3716 4076 3801 4119 tul

2280 4176 2549 4239 apparatu
2574 4166 2820 4221 maximo
2852 4164 3243 4220 Alexandriam
3296 4163 3400 4218 ire.
3458 4162 3692 4231 Cumque
3726 4156 3801 4223 ἰβ

2283 4261 2363 4316 ire
2388 4258 2544 4316 senio
2565 4258 2969 4330 prohiberetur,
2997 4255 3355 4328 interrogavit
3385 4254 3534 4310 ﬁlios
3566 4266 3682 4308 suos
3719 4246 3802 4316 clis

2280 4366 2475 4406 eorum
2516 4350 2679 4405 vellet
2717 4348 2796 4404 ire
2826 4349 2893 4403 ad
2923 4362 3129 4418 regem.
3159 4346 3467 4417 Majoribus
3496 4339 3801 4402 recusantibus

664 4438 801 4511 (Jos.
830 4440 868 4493 ι.
904 4439 971 4508 ι.)
1016 4438 1096 4495 Eo
1137 4449 1381 4511 tempore
1412 4440 1658 4512 pontifex
1708 4440 2024 4498 Judaorum
2075 4441 2179 4498 fuit
2209 4469 2257 4527 ο
2283 4452 2339 4498 et
2362 4441 2679 4513 Hyrcanum
2708 4440 2817 4496 hoc
2853 4439 3036 4497 facere
3054 4454 3221 4511 posse
3240 4439 3574 4503 dicentibus,
3600 4428 3803 4492 consul“

586 4533 777 4601 Onias,
809 4535 958 4590 filius
983 4534 1237 4606 Symonis
1262 4534 1406 4591 Justi
1426 4577 1441 4604 ,
1476 4535 1663 4593 fratris
1703 4534 1971 4591 Eleazari.
2005 4536 2055 4593 Is
2082 4553 2181 4591 au-

586 4638 700 4683 tem
721 4625 893 4685 Onias
927 4628 1187 4699 parvulus
1206 4639 1387 4685 mente
1412 4637 1467 4685 et
1494 4645 1696 4685 avarus
1722 4630 1990 4700 pecunia,
2021 4630 2183 4686 vecti-

585 4721 677 4792 gal
705 4720 854 4791 quod
873 4729 1056 4791 patres
1076 4722 1196 4791 ejus
1220 4735 1321 4791 pro
1336 4721 1543 4792 populo
1584 4721 1809 4790 dabant,
1856 4723 2067 4778 scilicet
2110 4722 2182 4777 20

587 4812 796 4867 talenta
822 4854 837 4881 ,
890 4828 1002 4867 non
1054 4812 1318 4880 reddidit,
1369 4813 1513 4868 unde
1563 4829 1745 4885 regem
1799 4813 2183 4879 Ptholomeum

588 4903 660 4959 ad
691 4903 829 4958 iram
857 4904 1189 4974 provocavit.
1250 4902 1357 4969 Qui
1392 4902 1618 4959 mittens
1668 4905 1907 4976 legatum
1961 4906 2184 4962 nomine

590 4993 960 5062 Athenionem
1018 4994 1074 5047 in
1122 4992 1495 5059 Hierusalem,
1550 4993 1806 5062 culpabat
1858 4992 2084 5062 Oniam,
2130 5005 2185 5051 et

589 5085 836 5141 minatus
857 5095 943 5141 est
992 5086 1138 5157 quod
1167 5095 1372 5141 terram
1406 5085 1692 5140 metiretur
1735 5087 1804 5142 ad
1844 5087 2037 5159 jugera
2064 5130 2080 5155 ,
2130 5098 2185 5144 et

591 5174 833 5230 mitteret
860 5177 955 5246 qui
982 5176 1291 5232 habitarent
1313 5176 1367 5230 in
1402 5191 1487 5231 ea.
1515 5176 1812 5233 Audientes
1835 5176 2005 5233 Judaei
2028 5194 2184 5233 man-

590 5267 719 5323 data
744 5267 907 5337 regis,
938 5268 1320 5335 turbabantur,
1347 5265 1544 5323 Oniam
1575 5283 1706 5324 vero
1760 5268 1930 5325 nichil
1979 5269 2180 5324 horum

588 5358 840 5415 ﬂectebat
890 5368 1110 5429 propter
1165 5359 1464 5415 avariciam
1520 5375 1697 5414 suam.
1749 5356 1905 5425 Quod
1944 5360 2177 5415 audiens

2283 4535 2485 4605 ipsum.
2514 4533 2623 4601 Qui
2668 4549 2793 4590 cum
2830 4548 2891 4590 se
2918 4532 3266 4603 promisisset
3314 4533 3523 4587 iturum
3543 4574 3558 4599 ,
3588 4530 3630 4585 si
3652 4535 3801 4582 tantm

2278 4627 2531 4685 misisset
2552 4626 2842 4696 epistolam
2882 4625 3078 4681 Arioni
3112 4625 3484 4696 dispensatori
3518 4620 3800 4695 pecuniarum

2282 4735 2425 4789 quas
2458 4720 2575 4788 regi
2613 4719 2879 4787 debebat,
2915 4726 2979 4774 ut
3022 4718 3181 4774 daret
3218 4718 3268 4772 ei
3301 4716 3589 4788 pecuniam
3616 4722 3802 4768 necessi-

2284 4812 2447 4878 riam,
2472 4812 2601 4867 data
2637 4811 2869 4882 epistola
2902 4811 3112 4869 dimisit
3128 4826 3281 4866 eum.
3305 4810 3527 4867 Fratres
3550 4817 3707 4865 autem
3722 4802 3803 4870 eius

2285 4904 2606 4962 scribebant
2640 4903 2900 4960 omnibus
2932 4903 3126 4960 amicis
3155 4904 3325 4974 regis,
3355 4913 3416 4960 ut
3440 4919 3569 4959 eum
3596 4896 3783 4957 interim

2285 5006 2426 5053 rent.
2469 4996 2576 5064 Qui
2619 5012 2744 5053 cum
2792 4997 3033 5053 venisset
3063 4996 3135 5029 ⁸⁷³
3166 4996 3581 5061 Alexandriam,
3624 4984 3803 5062 pun-ui!

2283 5090 2476 5146 Arioni
2501 5091 2812 5160 epistolam,
2847 5091 3198 5161 acceptisque
3239 5091 3314 5146 ab
3356 5105 3423 5146 eo
3446 5089 3594 5146 mille
3623 5079 3799 5140 ululis

2284 5185 2518 5240 latenter
2558 5185 2792 5241 accessit
2828 5185 2898 5242 ad
2923 5183 3314 5256 negotiatores,
3344 5193 3398 5240 et
3422 5178 3727 5251 comparavit
3756 5170 3801 5223 ιδ

2285 5276 2368 5333 eis
2389 5285 2613 5332 centum
2635 5292 2837 5346 pueros
2874 5279 3111 5335 scientes
3145 5277 3379 5346 litteras,
3412 5274 3801 5343 unumque!“

2286 5366 2490 5421 talento
2522 5382 2664 5433 uno,
2702 5377 2755 5422 et
2799 5377 3019 5424 centum
3071 5369 3314 5442 virgines
3338 5412 3351 5437 ,
3395 5366 3631 5438 singulas
3665 5358 3801 5415 W

1863 5558 2098 5617 VARM‘I
2141 5558 2548 5619 LECTIONES.

665 5696 730 5734 ⁸⁸⁸
766 5693 903 5752 Xllll
928 5675 1013 5753 9c:
1090 5696 1158 5729 ’τ’
1182 5696 1332 5754 misit
1356 5696 1440 5754 9c.
1521 5697 1589 5732 ’τι
1615 5697 1757 5752 deest
1780 5696 1832 5752 5.
1910 5697 1979 5730 ’τ’
2011 5689 2198 5751 thobia
2214 5689 2299 5764 5.⁴
2326 5695 2424 5764 3⁷⁸
2452 5695 2732 5755 venissent
2752 5698 2805 5756 5.
