3876 6306
110 303 185 357 621

971 292 1335 351 CHRONICA.
1374 322 1443 333 -—-
1477 290 1870 349 CHRONICON
1905 290 2346 361 UNIVEBSALE

3219 300 3324 354 622

109 416 274 488 prec-io.
304 412 593 482 Susceptus
620 419 803 466 autem
840 411 1072 483 benigne
1099 427 1130 466 a
1168 426 1292 481 rege
1318 419 1377 465 et
1402 409 1471 465 ad
1497 424 1630 464 cou-
1659 411 1702 469 Α
1733 407 1989 476 scalpens
2040 407 2275 463 diversis
2325 408 2673 477 ammaiibus,
2706 408 2933 480 reliquis
2954 408 3122 466 etiam
3152 412 3321 467 aedifi-

107 509 272 563 vivinm
309 506 426 573 eius
470 504 752 569 invitatus,
789 504 1145 560 discumbens
1185 518 1313 558 cum
1355 503 1635 572 prioribus

104 598 493 671 provinciarum,
559 597 788 651 ultimus
848 597 1096 651 omnium
1148 596 1309 662 sedit,
1352 604 1633 667 tamquam

104 707 209 763 puer
227 691 289 745 ab
314 688 563 744 omnibus
589 689 870 759 despectui
897 688 1140 744 habitus.
1165 687 1417 757 Cumque
1442 701 1634 742 omnes

103 799 198 838 ossa
216 783 443 837 ciborum
469 790 593 837 ante
615 782 771 836 illum
807 782 862 834 in
894 796 1084 837 mensa
1106 780 1442 851 projicerent
1466 822 1481 846 ,
1511 780 1633 850 ipso

101 885 288 939 tacente,
316 873 551 944 Tripbon
580 873 829 944 quidam,
871 874 966 943 qui
996 872 1064 928 ad
1094 872 1451 928 convivarum
1486 871 1632 927 risus

102 975 226 1035 aptus
241 973 367 1031 erat,
397 964 718 1034 rogantibus
737 964 1004 1029 convivis,
1025 963 1181 1034 juxta
1209 978 1454 1019 mensam
1486 963 1631 1035 regis

101 1056 334 1121 assistens,
365 1055 441 1109 ait
469 1054 582 1126 regi
621 1074 634 1109 :
678 1054 855 1121 Vides,
881 1056 1114 1120 domine,
1164 1055 1463 1125 anteposita
1505 1069 1630 1108 ossa

103 1148 345 1217 Hyrcano?
387 1145 469 1200 Ea:
498 1147 595 1199 hoc
621 1146 990 1217 conjicequod
1018 1155 1067 1200 et
1094 1155 1246 1216 pater
1264 1143 1381 1215 ejus
1407 1147 1487 1200 sic
1513 1162 1630 1200 em-

99 1256 188 1293 nem
209 1237 402 1309 Syriam
421 1237 728 1305 denudavit,
770 1246 912 1292 sicut
947 1238 1060 1293 hare
1093 1254 1217 1293 ossa
1257 1239 1359 1292 iste
1385 1254 1419 1292 a
1443 1240 1626 1293 carni-

99 1332 170 1382 tas
191 1327 498 1397 exspoliauit.
513 1327 747 1387 Bidente
771 1337 954 1384 autem
979 1344 1105 1400 rege
1125 1329 1194 1384 ad
1207 1330 1374 1384 verba
1393 1327 1626 1399 Tripho-

99 1422 163 1476 nis
182 1429 227 1475 et
249 1421 607 1492 interrogante
658 1419 972 1493 Hyrcanum
1010 1436 1111 1476 cur
1150 1430 1301 1477 tanta
1327 1436 1457 1478 ossa
1498 1430 1627 1477 ante

96 1529 190 1570 eum
216 1514 441 1583 iacerent
495 1531 508 1567 :
566 1512 723 1583 Apte,
761 1513 975 1585 inquit,
1023 1514 1254 1580 domine,
1304 1531 1431 1568 nam
1467 1530 1623 1568 canes

96 1622 254 1676 semper
274 1622 385 1661 ossa
408 1622 527 1660 eum
543 1606 794 1661 carnibus
818 1606 1074 1661 deuorant
1093 1647 1108 1673 ,
1156 1607 1297 1662 sicut
1344 1607 1439 1662 isti
1487 1606 1622 1677 fece-

96 1705 325 1763 rant,ante
343 1713 468 1767 quos
496 1712 619 1751 ossa
646 1697 860 1752 minime
877 1697 1092 1767 jaceat;
1122 1698 1360 1753 homines
1385 1714 1506 1753 vero
1531 1714 1624 1752 co-

96 1786 265 1840 medunt
289 1802 486 1853 carnes,
512 1803 635 1841 ossa
669 1796 847 1842 autem
866 1788 1100 1857 jactant,
1139 1790 1275 1861 quod
1300 1797 1350 1843 et
1372 1806 1466 1859 ego
1491 1798 1625 1844 tant-

94 1893 217 1946 qm
251 1877 391 1931 homo
445 1894 585 1932 nunc
632 1879 756 1949 feci.
811 1878 926 1935 Rex
976 1888 1159 1935 autem
1217 1880 1451 1937 miratus
1501 1882 1623 1952 ejus

94 1982 363 2037 responsum
416 1979 533 2024 tam
597 1972 873 2041 sapienter
919 1972 1163 2040 dictum,
1222 1972 1389 2043 jussit
1430 1989 1623 2030 omnes

93 2060 329 2128 plaudere,
371 2063 597 2117 verbum
634 2064 755 2133 ejus
786 2064 1093 2120 laudantes.
1125 2064 1353 2121 Postera
1381 2080 1515 2121 vero
1534 2067 1623 2122 die

94 2149 326 2221 Hyrcanus
356 2154 422 2209 ad
461 2171 915 2227 unumquemque
943 2156 1088 2228 regis
1122 2158 1363 2213 amicum
1390 2173 1621 2229 pergens

90 2253 129 2297 et
148 2244 203 2299 ad
226 2254 452 2315 potentes
476 2247 639 2314 aulae,
664 2248 925 2303 salutavit
946 2263 1061 2304 eos.
1104 2249 1344 2305 Instante
1371 2266 1503 2305 vero
1531 2251 1620 2306 die

92 2338 222 2392 natali
251 2339 338 2394 ﬁlii
369 2341 534 2411 regis,
573 2341 849 2412 principes
883 2343 997 2413 regi
1046 2343 1348 2400 oﬁ‘erebant
1381 2344 1454 2376 ⁸⁷⁸
1497 2360 1620 2400 mu-

94 2444 216 2493 nera,
246 2432 331 2501 qui
364 2433 630 2499 multum,
665 2449 774 2487 non
806 2433 929 2503 plus
959 2449 1126 2504 quam
1159 2436 1353 2506 viginti
1391 2437 1614 2491 talenta.

92 2517 321 2589 Hyrcanus
356 2523 540 2595 itaque
571 2538 861 2579 assumens
887 2538 1090 2593 pueros
1116 2532 1171 2579 et
1199 2524 1437 2596 virgines
1476 2539 1619 2596 quos

91 2624 465 2683 comparaverat,
506 2615 660 2670 dedit
707 2614 1007 2685 unicuique
1055 2614 1323 2669 talentum
1374 2624 1615 2685 portare,

89 2712 128 2755 et
149 2720 318 2773 pueros
345 2707 567 2777 quidem
590 2707 790 2777 optulit
818 2707 931 2777 regi
958 2748 973 2773 ,
1014 2707 1224 2777 puellas
1250 2716 1432 2763 autem
1458 2708 1618 2763 Cleo-

90 2801 221 2859 patra
253 2798 458 2867 reginae.
510 2798 784 2853 Omnibus
824 2797 990 2868 igitur
1034 2798 1468 2854 muniﬁcentiam
1496 2799 1617 2869 ejus

92 2885 473 2955 ammirantibus,
519 2904 619 2944 rex
652 2890 931 2946 honorans
961 2905 1087 2945 eum
1119 2890 1415 2946 liberaliter
1442 2900 1499 2946 et
1517 2890 1617 2945 do-

92 2974 290 3033 nationes
329 2981 584 3049 copiosas
635 2990 908 3051 prestans,
962 2984 1105 3053 patri
1146 2994 1201 3039 et
1248 2982 1511 3039 fratribus
1564 2992 1618 3039 et

90 3067 298 3123 omnibus
333 3072 744 3142 magistratibus
785 3074 987 3143 scripta
1016 3088 1116 3143 pro
1168 3088 1234 3129 eo
1286 3075 1611 3131 transmisit.
1643 3090 1685 3148 ο

89 3155 334 3217 Audientes
371 3172 555 3219 autem
601 3163 802 3220 fratres
863 3166 1004 3236 ejus,
1050 3167 1181 3221 talia
1228 3182 1358 3222 eum
1403 3183 1435 3221 a
1490 3181 1617 3240 rege

90 3253 307 3309 meruisse
324 3264 525 3311 etcum
552 3272 753 3327 magno
780 3258 982 3314 reverti
1004 3259 1212 3315 honore
1234 3261 1325 3325 ⁸⁷³,
1347 3260 1400 3313 in
1421 3274 1617 3315 occur-

90 3357 184 3397 sum
225 3346 334 3416 ejus
379 3349 567 3420 egredi
619 3364 680 3405 se
735 3350 1080 3416 simulantes,
1125 3351 1432 3406 interﬁcere
1463 3350 1615 3405 illum

88 3436 352 3492 omnimodo
374 3439 754 3505 decreverunt,
798 3440 962 3494 etiam
1007 3448 1161 3510 patre
1200 3441 1410 3496 sciente
1436 3481 1450 3507 ,
1519 3441 1614 3511 qui

88 3535 265 3593 propter
290 3530 546 3597 pecunias
580 3544 722 3599 quas
760 3530 875 3600 regi
913 3531 1187 3599 optulerat
1233 3531 1577 3586 irascebatur
1599 3572 1613 3599 ,

88 3617 157 3671 sed
192 3634 352 3691 regem
403 3623 637 3688 timens,
669 3622 806 3677 iram
860 3623 1088 3678 celabat.
1139 3622 1618 3702 Committentibus

87 3716 229 3765 autem
269 3713 527 3769 adversus
554 3729 680 3768 eum
711 3713 974 3769 fratribus
1007 3729 1269 3785 pugnam,
1293 3716 1497 3771 multos
1518 3731 1615 3771 eo-

85 3817 180 3858 rum
208 3807 289 3875 qui
316 3809 689 3879 sequebantur
718 3809 918 3863 occidit
942 3825 1069 3863 cum
1106 3809 1324 3864 duobus
1354 3809 1618 3865 fratribus

85 3896 203 3955 suis:
230 3902 380 3954 ceteri
404 3911 590 3956 autem
617 3902 685 3956 ad
717 3910 926 3971 patrem
973 3900 1392 3955 Hierosolimam
1420 3901 1616 3956 confu-

83 3997 254 4051 gerunt.
283 3991 380 4058 Qui
415 4002 710 4063 postquam
742 3993 809 4048 ad
838 3992 1111 4049 civitatem
1155 3992 1333 4056 venit,
1382 3994 1532 4047 nullo
1560 4008 1618 4047 se

83 4081 392 4152 suscipiente,
432 4085 690 4141 discessit
716 4094 869 4140 trans
896 4084 1187 4139 Iordanem
1234 4084 1480 4150 ﬂuvium,
1511 4085 1616 4139 ibi-

82 4184 162 4237 que
189 4185 507 4244 remoratus,
550 4177 835 4248 vectigalia
862 4177 1114 4247 exigebat
1144 4194 1174 4232 a
1202 4176 1472 4233 barbaris.
1516 4176 1619 4231 Per

82 4260 191 4318 idem
214 4277 380 4324 autem
404 4279 624 4341 tempus
647 4269 913 4341 regnabat
951 4269 1005 4323 in
1048 4270 1179 4326 Asia
1217 4268 1499 4338 Seleucus,
1523 4269 1615 4339 qui

79 4350 318 4416 dicebatur
341 4360 564 4429 Sother,
591 4361 739 4417 ﬁlius
766 4361 1021 4416 Antiochi
1063 4361 1260 4433 Magni.

130 4444 399 4509 Defunctus
425 4463 513 4509 est
550 4462 733 4509 autem
767 4452 935 4509 Onias
955 4453 1221 4523 pontifex,
1252 4454 1398 4510 ﬁlius
1424 4452 1618 4527 Symo-

77 4536 143 4592 nis
160 4538 283 4598 Justi
319 4544 507 4601 fratris
558 4545 825 4612 Eleazari,
854 4546 1159 4601 avunculus
1187 4544 1412 4617 Josepbi
1442 4548 1615 4617 patris

76 4625 297 4702 “mam,
327 4639 695 4709 principatum
733 4639 1025 4696 sacerdOtii
1070 4640 1458 4712 derelinquens
1506 4643 1617 4697 tilio

75 4731 153 4773 suo
180 4721 405 4795 Symoni.
436 4729 689 4784 Mortuus
715 4739 800 4785 est
829 4738 1011 4785 autem
1042 4739 1095 4784 et
1137 4729 1431 4800 Iosephus,
1464 4732 1616 4801 ejus‘

73 4822 154 4876 quo
174 4827 329 4873 morte
355 4821 587 4892 contigit
619 4821 940 4877 seditionem
976 4822 1086 4891 pati
1110 4822 1367 4892 populum
1399 4831 1619 4892 propter

75 4894 183 4956 ﬁlios
205 4904 333 4975 ejus.
368 4907 510 4964 Nam
532 4910 834 4981 majoribus
858 4908 1060 4966 bellum
1088 4911 1401 4981 gerentibus
1430 4920 1617 4966 contra

74 4983 359 5064 Hyrcanum,
386 5000 653 5055 dissensit
674 5001 743 5055 ab
766 5000 996 5056 invicem
1024 5002 1336 5067 multitudo,
1360 5012 1414 5058 et
1436 5004 1618 5072 plures

73 5079 254 5145 quidem
289 5088 592 5160 majoribus
622 5090 884 5146 fratribus
913 5092 1180 5147 auxilium
1208 5092 1458 5149 ferebant
1490 5110 1616 5151 cum

73 5170 278 5244 PﬂnCipe
308 5182 655 5237 sacerdotum
681 5181 942 5253 Symone,
988 5185 1083 5254 qui
1131 5194 1397 5256 cognatus
1426 5202 1618 5242 eorum

72 5267 114 5311 et
131 5261 283 5323 alliais
302 5280 439 5326 erat.
470 5271 757 5343 Hyrcanus
784 5283 967 5330 autem
1006 5275 1297 5332 discedens
1321 5278 1391 5333 ab
1419 5276 1617 5335 Hiero-

71 5354 231 5413 solima
266 5369 415 5420 trans
441 5364 759 5434 Jordanem,
782 5368 979 5424 turrim
1001 5369 1077 5424 ibi
1099 5370 1390 5427 aediﬁcavit
1418 5372 1620 5427 ﬁrmis-

72 5445 233 5505 simam
259 5468 323 5510 ex
372 5457 551 5528 lapide
603 5460 754 5527 albo,
797 5468 853 5515 et
885 5468 1053 5516 totam
1092 5477 1268 5533 usque
1304 5462 1373 5519 ad
1413 5471 1615 5519 terram

1736 498 1837 553 ciis
1864 500 2045 554 locum
2072 500 2323 566 munivit,
2364 516 2526 571 quem
2563 500 2766 573 Tyrum
2803 503 3155 573 nuncupavit.
3189 503 3318 559 Pre—

1736 590 1838 646 fuit
1859 601 2041 647 autem
2066 592 2173 649 illis
2197 593 2449 663 partibus
2468 609 2567 664 per
2586 608 2762 649 annos
2790 594 2873 659 12,
2896 596 3046 649 omni
3077 604 3323 666 tempore

1735 699 1846 754 quo
1870 684 2156 751 Seleucus,
2181 685 2326 740 ﬁlius
2346 684 2602 741 Antiochi
2632 684 2833 756 Magni,
2859 686 3031 757 Syria:
3053 688 3319 758 regnavit.

1734 775 1856 842 Quo
1901 760 2141 844 mortuo,
2195 776 2366 833 frater
2407 777 2527 848 ejus
2559 776 2867 835 Antiochus
2898 777 3208 849 Epiphanes
3235 794 3323 833 re-

1732 883 1899 938 gnum
1930 867 2186 922 obtinuit.
2218 868 2391 935 Quem
2416 878 2667 926 metuens
2697 868 2983 942 llyrcanus
3003 911 3018 933 ,
3048 886 3117 926 ne
3151 871 3221 926 ab
3250 886 3317 926 co

1734 958 2022 1015 tormentis
2074 958 2381 1015 adiceretur
2428 975 2527 1031 pro
2586 961 2673 1016 bis
2718 977 2842 1032 quae
2890 970 3081 1017 contra
3112 961 3323 1017 Arabas

1730 1060 1955 1121 egerat,
1988 1051 2160 1106 vitam
2195 1053 2417 1123 pr0pria
2445 1068 2613 1109 manu
2643 1053 2837 1108 ﬁnivit.
2864 1052 3038 1125 Cujus
3067 1054 3322 1110 substan-

1731 1142 1866 1197 tiam
1901 1141 2210 1200 Antiochus
2247 1143 2351 1199 sibi
2391 1144 2673 1215 applicuit.
2711 1143 2961 1201 Mortuus
3005 1154 3091 1201 est
3137 1154 3318 1201 autem

1729 1240 1785 1288 et
1827 1231 2038 1305 Symon
2066 1233 2315 1305 pontifex
2341 1276 2356 1301 ,
2412 1234 2558 1292 (ilius
2605 1234 2757 1293 Oniae
2782 1277 2797 1302 ,
2836 1236 3153 1308 relinquens
3210 1245 3322 1292 tres

1729 1323 1892 1392 ﬁlios,
1919 1323 2150 1393 Oniam,
2190 1326 2451 1395 Jhesum,
2484 1324 2677 1382 Oniam
2725 1328 2841 1385 sive
2876 1329 3180 1398 Ananiam;
3225 1330 3321 1386 sed

1727 1416 1867 1485 patri
1900 1413 2069 1473 Onias
2120 1417 2488 1475 in‘sacerdotii
2543 1418 2751 1474 honore
2794 1419 3098 1487 successit;
3138 1429 3197 1474 et
3230 1418 3321 1474 hic

1726 1514 1812 1561 est
1865 1507 1933 1562 ad
1970 1523 2134 1579 quem
2162 1508 2331 1566 Arius
2356 1525 2452 1566 rex
2480 1510 2838 1581 Spartarum,
2877 1510 2931 1566 id
2964 1519 3049 1566 est
3076 1509 3319 1568 Lacede-

1727 1597 2062 1667 moniorum,
2091 1600 2353 1671 epistolas
2375 1599 2546 1667 misit,
2571 1600 2762 1656 dicens
2811 1599 3030 1656 Iudaeos
3060 1609 3118 1658 et
3143 1599 3319 1658 Lace-

1725 1687 1991 1744 demones
2034 1704 2102 1745 ex
2141 1705 2254 1745 uno
2301 1704 2500 1762 genere
2530 1689 2764 1745 Abrahae
2804 1689 3175 1747 descendisse.

1657 1751 1698 1808 "
1797 1778 1896 1849 (Η.
1955 1777 2052 1850 ηι.)
2106 1779 2266 1836 Anno
2302 1751 2381 1836 3b
2426 1778 2572 1837 Urbe
2611 1780 2831 1836 condita
2876 1782 3319 1854 quingentesimo

1725 1870 2183 1943 quinquagesimo
2235 1874 2445 1943 primo,
2494 1872 2590 1943 qui
2637 1869 2945 1929 Ptholomei
3003 1872 3319 1945 Epypbanis

1725 1968 2077 2031 computatur
2099 1960 2263 2015 etiam
2291 1960 2503 2032 primus
2518 2002 2533 2027 ,
2575 1960 2730 2016 Titus
2752 1960 2991 2028 Quintus
3012 1961 3319 2018 Flaminius

1724 2061 1915 2108 contra
1949 2051 2262 2123 Philippum
2298 2051 2629 2107 Macedonia“:
2663 2067 2848 2124 regem
2890 2053 3098 2110 missus
3130 2063 3235 2122 est,
3263 2064 3318 2110 et

1722 2152 1849 2212 post
1880 2143 2066 2215 praelia
2092 2144 2295 2209 multa,
2322 2143 2523 2214 quibus
2568 2141 2892 2221 Macedones
2925 2143 3077 2209 vicit,
3122 2161 3313 2217 pacem

1721 2233 1974 2307 Philippo
2007 2236 2180 2301 dedit,
2207 2236 2312 2291 sub
2335 2234 2653 2291 conditione
2680 2235 2847 2291 etiam
2873 2234 3211 2292 Demetrium
3248 2238 3315 2293 ﬁ-

1720 2326 1855 2382 lium
1908 2344 2069 2383 suum
2097 2327 2342 2383 obsidem
2372 2327 2541 2383 dedit.
2595 2324 2694 2397 (H.
2752 2325 2843 2398 Β.)
2902 2326 3317 2387 Lacedemoniis

1720 2435 1941 2491 quoque
1964 2420 2169 2476 bellum
2195 2419 2354 2475 Titus
2378 2420 2519 2475 idem
2543 2420 2747 2487 intulit,
2769 2420 3075 2493 ducemque
3096 2423 3314 2477 illorum

1722 2509 1985 2567 Navidem
2015 2512 2147 2566 vicit
2183 2519 2239 2567 et
2264 2511 2466 2581 quibus
2499 2513 2674 2568 voluit
2714 2514 3128 2571 conditionibus
3167 2515 3223 2570 in
3251 2518 3315 2570 ti-

1722 2598 1849 2654 dem
1884 2599 2126 2670 accepit,
2181 2598 2387 2669 ingenti
2434 2598 2608 2669 gloria
2656 2600 3048 2671 triumphavit,
3105 2603 3315 2659 ducens

1719 2699 1848 2747 ante
1876 2707 2099 2747 currum
2123 2707 2287 2747 suum
2312 2690 2688 2748 nobilissimos
2713 2693 2951 2762 obsides,
2977 2693 3312 2751 Demetrium

1718 2783 1955 2855 Philippi
2011 2783 2184 2839 ﬁlium
2235 2792 2291 2839 et
2343 2781 2640 2840 Armenem
2694 2782 2936 2840 Navidis.
3007 2784 3312 2843 Transacto

1718 2877 1862 2934 bello
1895 2876 2271 2943 Macedonico,
2314 2885 2567 2931 secutum
2614 2885 2701 2932 est
2762 2874 3071 2948 Syriacum.
3123 2876 3307 2950 (Hum.

1718 2969 1775 3023 in
1794 2968 1934 3022 Dan.
1961 2997 2032 3006 —
2157 2968 2255 3039 in.)
2280 2967 2590 3025 Antiochus
2612 2967 2796 3038 itaque
2829 2966 3059 3040 Magnus
3092 2984 3191 3026 rex
3218 2968 3314 3043 Sy—

1718 3056 1832 3125 ria),
1863 3072 1994 3113 cum
2033 3056 2263 3129 régnum
2290 3057 2475 3129 generi
2508 3057 2576 3089 ³⁷⁸
2613 3057 2699 3114 sui
2731 3056 3034 3114 Ptholomei
3068 3057 3325 3130 Epipba-‘

1719 3148 1808 3206 nis
1836 3147 2083 3204 obtinere
2118 3162 2230 3203 non
2282 3157 2502 3219 posset,
2531 3149 2696 3204 vertit
2741 3165 2801 3204 se
2849 3149 2920 3204 ad
2973 3149 3203 3218 Asiam,
3257 3161 3315 3208 et

1719 3239 1898 3295 navali
1945 3239 2247 3295 certamine
2283 3240 2522 3296 obtinuit
2572 3239 2828 3296 Rhodum
2874 3251 2928 3295 et
2982 3239 3210 3297 Samum
3260 3253 3317 3298 et

1719 3332 1855 3386 alias
1876 3330 2087 3387 insulas
2114 3331 2340 3397 multas,
2356 3331 2554 3388 deinde
2573 3339 2766 3387 contra
2794 3329 3072 3387 Romanos
3095 3342 3316 3388 struens

1718 3421 1941 3486 bellum,
1983 3435 2051 3474 ex
2074 3418 2208 3476 Asia
2248 3422 2448 3477 transit
2491 3422 2546 3476 in
2587 3420 2885 3492 Europam.
2942 3419 3098 3478 Tunc
3146 3423 3313 3479 etiam

1719 3512 1987 3570 Hannibal
2015 3514 2265 3572 exhiberi
2304 3513 2536 3569 Romam
2576 3512 2771 3585 jussus
2811 3529 2845 3569 a
2886 3523 3079 3571 senatu
3104 3556 3120 3581 ,
3170 3515 3312 3571 clam

1718 3618 1785 3660 ex
1818 3604 2000 3662 Africa
2031 3604 2333 3677 profectus,
2360 3621 2430 3661 ne
2459 3604 2723 3662 Romanis
2751 3606 3080 3672 traderetur,
3113 3606 3183 3661 ad
3207 3606 3318 3661 An—

1718 3694 1963 3751 tiochum
2002 3697 2258 3769 migravit
2295 3697 2457 3767 eique
2497 3712 2557 3753 se
2597 3696 2906 3767 conjunxit.
2965 3695 3143 3764 Quem
3185 3712 3313 3752 cum

1719 3787 1862 3856 apud
1893 3786 2171 3857 Ephesum
2203 3788 2499 3844 invenisset
2526 3797 2901 3854 cunctantem,
2934 3801 3063 3844 mox
3086 3788 3155 3844 ad
3198 3788 3315 3844 bel-

1718 3875 1831 3929 lum
1862 3876 2099 3944 impulit.
2127 3875 2311 3946 (lites.
2346 3876 2383 3930 ι.
2410 3876 2451 3931 ι.
2488 3906 2562 3917 --
2593 3875 2665 3930 II.
2693 3877 2793 3947 νη.)
2835 3875 2942 3933 Sed
2972 3877 3217 3934 occurrit
3235 3879 3317 3934 eis

1722 3965 1908 4036 Scipio
1934 3966 2133 4024 Nasica
2163 3984 2289 4023 cum
2314 3966 2483 4022 fratre
2512 3983 2616 4024 suo
2647 3967 2906 4039 Scipione
2931 3968 3215 4035 Africano,
3243 3970 3319 4025 is-

1719 4056 1955 4126 demque
1976 4056 2272 4112 An-icanus
2299 4056 2570 4113 familiare
2588 4058 2926 4128 colloquium
2949 4075 3077 4115 cum
3105 4059 3317 4115 Hanni—

1719 4147 1841 4202 bale
1876 4147 2091 4214 habuit,
2130 4148 2225 4203 sed
2254 4147 2459 4203 infecto
2488 4148 2728 4219 negotio,
2761 4150 2832 4204 ab
2867 4150 3143 4205 Antiocho
3200 4151 3318 4207 dis-

1720 4238 1907 4293 cessit.
1947 4237 2211 4309 Sequenti
2240 4254 2386 4292 anno
2410 4238 2551 4292 idem
2577 4237 2765 4308 Scipio
2791 4238 3087 4297 Africanus
3118 4240 3321 4296 Hanni-

1720 4329 1921 4396 balem,
1949 4329 2045 4399 qui
2074 4337 2206 4384 tunc
2226 4326 2484 4383 Antiochi
2505 4328 2671 4383 classi
2703 4340 2941 4398 preerat,
2969 4330 3152 4385 navali
3178 4347 3320 4401 prae-

1652 4420 1796 4484 plio
1835 4420 1966 4475 vicit
2006 4430 2061 4475 et
2105 4418 2342 4491 fugavit;
2386 4417 2553 4474 frater
2586 4434 2808 4490 quoque
2850 4420 2972 4490 ejus
3014 4421 3221 4484 Lucius
3247 4424 3316 4457 ³⁷⁷

1724 4509 2015 4566 Cornelius
2047 4509 2233 4581 Scipio
2258 4508 2456 4566 Nasica
2486 4510 2704 4575 consul,
2752 4510 2963 4568 habens
3008 4512 3065 4568 in
3111 4514 3319 4570 auxilio

1724 4602 2006 4657 Eumenen
2031 4644 2046 4668 ,
2088 4602 2253 4658 Attali
2285 4602 2432 4674 regis
2462 4601 2712 4668 fratrem,
2740 4604 2945 4675 ingenti
2988 4607 3177 4675 praelio
3206 4605 3319 4663 An-

1722 4692 1968 4746 tiochum
2002 4692 2130 4747 vicit
2178 4690 2283 4763 (Cf.
2327 4692 2534 4763 liram).
2589 4692 2693 4761 Qui
2742 4711 2931 4765 pacem
2988 4713 3209 4768 rogans,
3250 4714 3318 4754 eo

1718 4783 1842 4853 jure
1873 4783 2112 4838 obtinuit
2141 4794 2202 4838 ut
2249 4785 2412 4840 annis
2446 4786 2677 4857 singulis
2702 4787 2851 4843 mille
2874 4789 3076 4845 talenta
3108 4793 3309 4861 persol-

1723 4883 1892 4938 veret,
1926 4884 2089 4946 atque
2112 4892 2179 4931 ex
2204 4875 2330 4932 Asia
2360 4889 2414 4933 et
2442 4876 2659 4949 Europa
2689 4880 2973 4946 recedens,
3000 4883 3140 4938 intra
3169 4883 3305 4940 Tau.

1725 4979 1847 5017 rum
1884 4974 2125 5021 montem
2158 4982 2217 5021 se
2243 4969 2549 5024 contineret
2583 4979 2638 5024 et
2672 4968 3033 5029 Hannibalem
3069 4980 3306 5035 concita-

1726 5073 1899 5119 torem
1924 5066 2050 5121 belli
2073 5068 2312 5123 dederet.
2340 5068 2436 5140 (H.
2467 5069 2564 5140 m.)
2593 5069 2701 5137 Qui
2732 5070 2947 5144 fugiens
2968 5075 3037 5132 ad
3062 5072 3312 5136 Prusiam

1728 5179 1905 5234 regem
1931 5166 2219 5238 Bythinite,
2258 5184 2384 5224 cum
2412 5185 2441 5222 a
2469 5169 2737 5227 Romanis
2772 5186 3176 5247 reposceretur,
3196 5183 3314 5252 jam

1726 5266 2025 5324 tradendus
2066 5283 2339 5325 venenum
2387 5271 2542 5327 bibit.
2595 5272 2902 5332 Antiochus
2956 5294 3088 5335 vero
3139 5282 3313 5340 ﬁlium

1723 5366 1992 5434 Africani,
2014 5383 2187 5436 quem
2223 5379 2409 5427 utrum
2448 5372 2826 5443 explorantem
2858 5392 2929 5433 an
2959 5380 3104 5437 bello
3129 5384 3201 5416 ³⁷⁸
3224 5399 3316 5441 ee—

1725 5467 1897 5538 pisset
1928 5468 2196 5525 incertum
2228 5481 2313 5528 est
2335 5514 2351 5537 ,
2383 5473 2528 5529 ultro
2553 5477 2802 5545 remisit,
2856 5480 3030 5537 ﬁlium
3091 5489 3316 5557 quoque

1350 5622 1587 5679 VARIE
1628 5625 2040 5685 LECTIONES.

128 5723 186 5755 οτι

213 5743 260 5784 o.
286 5730 399 5802 regi
423 5730 480 5789 4.
514 5734 563 5790 5.
587 5734 731 5807 regis
755 5751 808 5792 ο.
845 5737 929 5792 10.
968 5737 1053 5792 ll.
1131 5740 1203 5772 ’⁷⁸
1236 5740 1292 5795 h.
1321 5757 1367 5795 r.
1393 5741 1444 5796 5.
1526 5743 1595 5776 ³⁷⁸
1616 5742 1832 5815 generis
1863 5744 1916 5799 4.
1994 5746 2064 5779 ⁸⁷⁷
2097 5746 2317 5805 lucilius
2339 5750 2391 5806 5.
2417 5750 2501 5806 9c.
2529 5702 2619 5807 1όῖ
2652 5706 2823 5811 ’τίθη
2852 5756 2908 5812 in
2946 5757 3088 5814 bello
3113 5759 3200 5818 9c.
