3876 6306
539 308 644 364 61⁸5

1706 288 2101 347 EKKEHABDI
2140 284 2602 343 UllAUGIENSlS
3674 283 3751 341 ait

542 440 701 481 suam
738 419 1066 476 Antiochum
1091 414 1333 472 obsidem
1360 411 1526 467 dedit.
1565 409 1748 479 Scipio
1772 405 1971 463 Nasica
2007 404 2119 460 Ro-
2151 411 2195 466 Α
2224 404 2497 461 civitatem
2540 400 2699 458 duxit
2750 405 3074 455 exercntum.
3124 396 3246 465 Quo
3286 395 3620 469 perveniens,
3648 401 3755 469 αμίι

542 531 689 571 mam
716 513 956 577 rediens,
989 506 1192 580 ingenti
1228 504 1399 576 gloria
1430 501 1809 571 triumphavit,
1836 513 2037 553 nomen
2067 504 2123 551 ct

514 607 659 675 uipsc
701 604 768 658 ad
800 602 1159 658 imitationem
1222 594 1408 651 fratris
1442 592 1717 659 Asianus,
1769 589 1898 660 quia
1934 588 2121 644 Asiam

470 689 693 761 «*‘Vicit,
712 694 939 764 accepit.
970 691 1220 760 Philippo
1243 696 1425 741 autem
1457 684 1810 739 Macedonum
1834 681 1967 752 regi,
1994 681 2121 751 quia

543 796 734 843 contra
760 783 1092 838 Antiochum
1127 777 1392 835 Romanis
1415 776 1622 831 auxilio
1652 773 1774 841 fuit,
1816 771 1962 828 ﬁlius
2022 771 2124 826 De-

542 874 772 933 metrius
796 874 867 906 '7’
890 872 1136 928 redditus
1158 877 1262 925 est.
1293 865 1498 940 (HIEB.)
1530 865 1757 921 Plautus
1784 879 1851 919 ex
1896 861 2138 917 Umbria

541 967 780 1038 Arpinas
803 964 992 1020 Roma
1012 955 1257 1018 'moritur
1310 962 1414 1015 hoc
1460 958 1703 1029 tempore
1728 998 1742 1023 ,
1776 957 1869 1027 qui
1904 963 2126 1026 propter

541 1074 777 1119 annona
821 1056 1191 1112 difﬁcultatem
1222 1053 1290 1109 ad
1313 1053 1491 1107 molas
1510 1050 1826 1105 manuarias
1859 1048 2124 1119 pistorem

544 1166 603 1206 se
630 1151 927 1215 locaverat,
947 1147 1038 1202 ubi
1059 1145 1314 1217 quotiens
1341 1144 1410 1199 ab
1432 1158 1595 1213 opere
1617 1150 1887 1208 vacasset,
1913 1140 2126 1195 fabulas

541 1242 778 1298 scribere
795 1257 860 1296 ac
875 1240 1107 1295 vendere
1127 1237 1321 1294 solitus
1336 1243 1473 1292 erat.
1488 1234 1641 1289 Titus
1654 1233 1841 1288 Livius
1855 1232 2128 1304 tragedia-

541 1347 664 1387 rum
692 1330 946 1403 scriptor
982 1332 1167 1387 clarus
1198 1326 1501 1383 habebatur
1527 1341 1593 1382 eo
1639 1335 1901 1395 tempore,
1932 1325 2029 1395 qui
2055 1324 2129 1379 ob

538 1418 743 1492 ingenii
758 1421 1012 1475 meritum
1026 1435 1056 1474 a
1071 1418 1224 1473 Livio
1236 1432 1266 1471 a
1281 1415 1606 1482 Salinatore,
1619 1414 1780 1485 cujus
1796 1414 1996 1469 liberos
2007 1426 2130 1467 eru-

540 1511 742 1579 diebat,
782 1510 1020 1566 libertati
1055 1510 1294 1565 donatus
1315 1516 1418 1563 est.

583 1625 708 1675 Alex
720 1658 736 1674 .
771 1623 957 1674 ﬂaced.
1023 1623 1136 1684 Syr.

648 1708 675 1761 1
828 1706 895 1761 16
1037 1705 1101 1759 21
1217 1703 1445 1775 (lin-2a.)
1486 1701 1843 1757 Ptholomeus
1881 1697 2131 1771 Epypha—

541 1811 641 1852 nes
662 1797 907 1867 regnavit
928 1794 1271 1851 Alexandria
1299 1794 1460 1849 annis
1480 1793 1571 1848 24.

614 1906 713 1980 (Η.
742 1908 839 1979 m.)
874 1908 989 1965 Hoc
1012 1918 1253 1979 tempore
1280 1907 1466 1978 Scipio
1487 1905 1781 1962 Africanus
1809 1905 1878 1960 ab
1916 1904 2127 1975 ingrata

540 2000 649 2055 sibi
698 2000 833 2057 urbe
879 1999 1125 2056 Romana
1171 2000 1265 2055 diu
1312 1999 1564 2064 exulans,
1603 1997 1745 2067 apud
1787 1995 2129 2051 Amiternum

541 2091 766 2162 opidum
798 2092 992 2147 morbo
1021 2090 1201 2161 periit,
1232 2099 1288 2145 et
1310 2090 1599 2160 sepulchro
1631 2103 1732 2143 suo
1761 2086 1985 2142 inscribi
2010 2086 2132 2157 jus-

543 2183 617 2239 sit
644 2202 657 2238 :
690 2182 912 2255 Ingrata
934 2184 1136 2252 patria,
1160 2200 1222 2236 ne
1255 2198 1377 2236 ossa
1402 2180 1612 2252 quidem
1634 2196 1748 2233 mea
1772 2177 1952 2232 habes.

615 2294 683 2349 l7
826 2294 898 2350 52
1075 2294 1101 2350 1
1215 2294 1499 2360 Seleucus,
1526 2294 1622 2363 qui
1647 2300 1703 2348 et
1741 2292 1960 2360 Sother,
1988 2292 2132 2350 ﬁlius

542 2384 799 2440 Antiochi
835 2384 1033 2455 Magni,
1075 2384 1321 2457 regnavit
1352 2382 1694 2438 Alexandria
1721 2382 1791 2414 ’⁸⁵
1816 2383 1980 2439 annis
2026 2398 2129 2437 un-

541 2476 740 2532 decim.
777 2474 879 2532 llic
916 2476 1178 2531 instinctu
1223 2474 1509 2545 cujusdam
1553 2473 1828 2547 Symonis,
1875 2474 1970 2545 qui
2014 2483 2132 2531 erat

541 2567 856 2637 prepositus
878 2567 1064 2637 templi
1090 2565 1572 2633 Hierosolimitani,
1596 2566 1747 2622 misit
1777 2564 2131 2621 Heliodorum

541 2657 611 2712 ad
642 2657 970 2713 auferendas
994 2657 1277 2728 pecunias,
1299 2657 1394 2727 qui
1417 2666 1705 2729 correptus
1733 2665 1819 2713 est
1849 2673 1881 2713 a
1905 2656 2039 2724 Deo,
2072 2665 2133 2712 ut

541 2747 599 2802 in
621 2747 1041 2805 Machabeorum
1070 2749 1266 2820 legitur
1301 2749 1462 2803 libro.

649 2861 676 2914 1
714 2861 781 2894 ⁸³⁸
817 2860 890 2917 40
1064 2860 1098 2916 9
1209 2858 1416 2932 (litem)
1451 2858 1809 2916 Ptholomeus
1841 2859 2133 2934 Pbylome-

647 2956 683 3010 ‘2
825 2955 890 3011 41
1041 2954 1109 3009 10
1285 2963 1391 3022 tor,
1416 2955 1690 3012 secundus
1712 2955 1857 3047 ﬁljus
1878 2954 2132 3028 Epypha-

650 3046 685 3099 5
826 3045 899 3100 lii
1041 3044 1103 3099 ll
1285 3045 1373 3100 nis
1394 3047 1642 3100 regnavit
1664 3045 2005 3100 Alexandria
2032 3062 2132 3100 an-

545 3137 635 3193 nis
657 3138 749 3204 35,
774 3153 804 3191 a
836 3138 1236 3193 restauratione
1257 3139 1441 3209 templi
1476 3155 1623 3195 anno
1657 3140 1935 3195 tricesimo
1960 3141 2072 3196 45°.

650 3227 686 3281 4
867 3227 893 3280 1
1077 3228 1103 3281 1
1217 3224 1351 3299 (Jos.
1386 3245 1484 3295 xu,
1517 3230 1571 3296 5,
1604 3233 1751 3304 sqq.)
1778 3231 2028 3300 Perseus,
2070 3234 2134 3287 li-

619 3317 689 3373 15
834 3316 904 3372 10
1045 3318 1116 3373 10
1292 3319 1399 3375 lius
1444 3319 1702 3391 Philippi,
1750 3324 1995 3393 regnavit
2020 3322 2137 3378 Ma-

547 3407 793 3466 cedonia
826 3408 988 3464 annis
1019 3407 1106 3464 10.
1136 3437 1210 3449 --
1235 3407 1540 3468 Antiochus
1573 3411 1917 3483 Epypbanes,
1960 3415 2015 3469 id
2051 3422 2136 3471 est

549 3499 803 3568 illustris,
839 3498 1010 3555 frater
1046 3498 1282 3568 Seleuci,
1324 3501 1471 3557 filius
1507 3503 1714 3559 scilicet
1739 3504 1991 3561 Antiochi
2023 3506 2136 3562 Ma-

550 3586 663 3661 gni,
690 3599 814 3661 post
842 3602 1074 3646 mortem
1103 3589 1289 3647 fratris
1315 3592 1402 3647 sui
1433 3592 1643 3648 Seleuci
1673 3596 1919 3666 regnavit
1951 3596 2009 3652 in
2035 3596 2136 3670 Sy-

550 3681 633 3735 ria
655 3682 818 3737 annis
846 3682 926 3735 12.
956 3679 1132 3753 Hujus
1155 3697 1400 3739 sororem
1425 3684 1771 3755 Cleopatram
1796 3688 1988 3744 habuit
2009 3706 2139 3747 uxo-

550 3784 669 3825 rem
703 3767 1079 3838 Ptholomeus,
1108 3772 1205 3842 qui
1236 3780 1293 3828 et
1333 3772 1450 3843 ipse
1487 3774 1771 3831 dicebatur
1790 3775 2135 3849 Epyphancs,

548 3862 619 3916 de
648 3877 758 3932 qua
792 3861 931 3916 duos
953 3861 1096 3918 ﬁlios
1118 3863 1346 3933 accepit,
1368 3879 1508 3934 quos
1539 3866 1780 3922 moriens
1804 3867 1984 3923 adhuc
2010 3883 2139 3939 par-

548 3956 710 4010 vulos
752 3956 991 4026 reliquit.
1028 3954 1274 4022 Quorum
1306 3956 1505 4027 major,
1535 3957 1631 4027 qui
1652 3967 1707 4013 et
1732 3974 1832 4029 pro
1851 3974 1919 4015 eo
1942 3976 2139 4033 regna-

549 4045 646 4111 vit,
674 4044 1044 4117 Phylometor,
1069 4046 1207 4101 alter
1234 4044 1486 4118 Physcon
1511 4047 1810 4104 dicebatur.
1834 4048 2138 4109 Antiochus

551 4143 759 4202 autem,
799 4151 901 4191 suo
934 4150 1103 4208 regno
1130 4152 1239 4190 non
1272 4144 1585 4203 contentus,
1620 4138 1918 4193 exercitum
1938 4139 2139 4195 ducere

546 4226 868 4282 deliberavit
907 4226 961 4281 in
1003 4226 1320 4300 Egyptum,
1358 4235 1570 4284 tractus
1603 4229 1875 4285 desiderio
1913 4231 2053 4301 ejus,
2084 4242 2139 4288 et

545 4327 940 4388 contempnens
964 4318 1107 4375 ﬁlios
1126 4320 1334 4376 sororis
1357 4335 1471 4376 sua
1492 4320 1652 4391 quasi
1674 4320 1881 4377 debiles
1900 4336 1967 4378 ac
1988 4329 2137 4378 tanta

2223 508 2345 548 eam
2372 493 2493 548 sine
2523 492 2872 548 conﬂictione
2900 489 3159 559 alicujus,
3194 488 3563 559 aperientibus
3587 490 3633 544 ei
3659 505 3757 560 por-

2224 594 2310 641 tas
2337 584 2425 639 his
2447 584 2542 654 qui
2571 583 2873 639 voluntatis
2903 582 3025 652 ejus
3056 590 3217 636 erant
3245 579 3475 646 conscii,
3504 580 3757 651 ingmsls-

2223 693 2331 748 que
2355 678 2653 743 civitatem,
2692 677 2897 730 multos
2925 672 3202 729 interfecit
3234 673 3339 728 sibi
3366 674 3629 728 contraria
3664 691 3758 729 scn-

2225 767 2453 833 tientes;
2485 766 2579 822 sed
2608 774 2663 820 et
2683 780 2779 821 eos
2807 766 2958 835 ipsos
2980 764 3076 834 qui
3108 763 3161 819 ei
3184 763 3760 833 civitatem-aperuerunt

2224 867 2444 929 propter
2490 857 2713 912 divitias
2762 856 2949 925 templi
2997 855 3220 918 occidit,
3268 853 3579 923 faciensque
3617 855 3758 908 omnia

2225 949 2371 1004 mala
2415 948 2505 1002 illa
2550 962 2675 1017 qua
2741 947 2798 1001 in
2853 945 3281 1001 Machabeorum
3320 943 3565 1016 hysteria
3604 945 3759 1013 script:

2226 1049 2375 1107 sunt,
2407 1040 2597 1095 multis
2632 1040 2700 1094 de
2740 1040 2946 1109 templo
2975 1038 3194 1103 ablatis,
3226 1052 3487 1092 reversus
3506 1046 3586 1091 est
3612 1038 3757 1092 Antio-

2225 1132 2429 1188 chiam.
2462 1131 2643 1201 (lltsn.
2688 1132 2745 1185 in
2776 1130 2941 1202 Dan.)
2990 1129 3124 1185 Post
3148 1129 3437 1184 biennium
3461 1144 3586 1184 vero
3615 1146 3764 1185 rursus

2227 1232 2417 1279 contra
2445 1223 2827 1278 Ptholomemn
2857 1222 3209 1293 congregavit
3244 1221 3568 1284 exercitum,
3591 1229 3641 1273 et
3655 1222 3764 1275 venit

2226 1314 2634 1369 Alexandriam.
2675 1312 2928 1384 Cumque
2973 1314 3085 1368 duo
3128 1311 3363 1379 fratres,
3412 1310 3691 1368 Ptbolomci
3725 1322 3765 1366 et

2226 1403 2530 1475 Cleopatra
2554 1403 2672 1470 ﬁlii,
2710 1418 2949 1474 quorum
2996 1401 3321 1459 avunculus,
3343 1408 3467 1455 erat
3497 1398 3764 1464 Antiochus,

2228 1494 2608 1550 obsiderentur
2635 1492 2999 1557 Alexandria,
3024 1492 3259 1547 Romam
3283 1490 3557 1546 miserunt
3585 1490 3764 1561 legatos.

2227 1586 2367 1641 Cum
2404 1594 2587 1641 autem
2629 1584 3007 1640 Romanorum
3055 1583 3214 1653 legati
3262 1583 3550 1638 venissent
3583 1582 3770 1636 Alcm.

2228 1676 2427 1742 driam,
2465 1691 2701 1747 quorum
2730 1691 2873 1731 unus
2904 1683 3024 1730 erat
3047 1675 3264 1731 Marcus
3291 1674 3596 1745 Pompilius
3614 1674 3768 1741 um

2228 1778 2284 1824 et
2317 1768 2659 1823 invenissent
2698 1782 2825 1822 eum
2866 1775 3102 1822 stantem
3141 1768 3199 1821 in
3245 1767 3428 1835 litore,
3464 1776 3767 1824 senatuscon-

2228 1861 2434 1916 sultum
2456 1861 2725 1915 dederunt
2750 1861 2823 1927 ei,
2854 1876 2967 1930 quo
2995 1860 3294 1929 jubebatur
3314 1861 3389 1915 ab
3415 1861 3611 1916 amicis
3627 1861 3768 1930 populi

2230 1948 2462 2005 Romani
2507 1949 2789 2007 discedere
2837 1958 2892 2003 et
2926 1963 3029 2003 suo
3067 1949 3297 2018 imperio
3339 1959 3631 2005 contentus
3661 1966 3765 2005 esse.

2229 2038 2333 2106 Qui
2358 2054 2485 2095 cum
2515 2038 2930 2108 responsionem
2951 2038 3019 2092 ad
3048 2038 3354 2093 amicorum
3377 2039 3661 2093 consilium
3681 2039 3766 2093 dis-

2230 2131 2466 2197 tulisset,
2496 2130 2685 2185 orhem
2723 2129 2924 2185 fecisse
2959 2128 3132 2183 fertur
3175 2130 3229 2184 in
3262 2146 3433 2185 arena
3467 2147 3591 2186 cum
3621 2131 3770 2185 baculo

2230 2236 2394 2291 quem
2425 2221 2646 2275 tenebat
2667 2235 2858 2286 manu,
2890 2227 2948 2274 et
2986 2220 3387 2289 conscripsisse
3434 2235 3614 2291 regem
3647 2228 3769 2288 atque

2231 2312 2475 2367 dixisse:
2503 2310 2730 2366 Senatus
2757 2320 2807 2366 et
2851 2311 3076 2381 populus
3108 2310 3379 2365 Romanus
3412 2313 3692 2382 precipiuut
3728 2322 3767 2363 ut

2230 2403 2290 2458 in
2329 2403 2433 2457 ista
2474 2403 2589 2457 loco
2621 2402 2934 2473 respondeas
2986 2402 3115 2474 quid
3153 2388 3368 2456 consilii
3400 2419 3578 2473 geras.
3609 2401 3770 2468 Quum

2231 2493 2392 2551 dictis
2426 2494 2543 2564 ipse
2577 2493 2920 2563 perterritus,
2959 2494 3036 2548 ait
3061 2512 3074 2548 :
3106 2491 3168 2548 Si
3193 2493 3292 2547 hoc
3318 2493 3502 2563 placet
3529 2496 3707 2549 senem
3735 2503 3770 2545 rt

2230 2583 2422 2655 populo
2446 2584 2706 2650 Romano,
2730 2584 3073 2639 recedendum
3094 2592 3192 2639 est.
3216 2582 3283 2638 Et
3306 2584 3503 2639 statim
3524 2584 3732 2641 recessit.

2305 2676 2410 2733 Per
2436 2677 2577 2733 idem
2607 2683 2841 2747 tempus,
2871 2684 2932 2731 ut
2951 2675 3223 2746 Josephus
3252 2676 3375 2746 (xu,
3405 2676 3471 2746 6)
3497 2677 3772 2741 scribit,de-

2231 2767 2454 2826 functus
2479 2778 2563 2824 est
2588 2766 2777 2834 Onias,
2803 2768 2948 2823 ﬁlius
2974 2767 3251 2840 Symonis,
3280 2767 3547 2837 princeps
3574 2766 3773 2822 saeclos-

2231 2868 2372 2928 tum,
2416 2861 2737 2930 relinquens
2760 2860 2930 2915 ﬁlium
2961 2858 3246 2930 parvulum
3271 2856 3502 2913 Ouiam.
3534 2857 3674 2914 Unde
3694 2860 3774 2910 An.

2232 2951 2449 3007 tiochus
2503 2950 2659 3005 fratri
2722 2951 2843 3021 ejus
2879 2949 3048 3005 Jhesu
3103 2948 3485 3020 principatum
3533 2949 3772 3006 sacerdotii

1285 3045 1373 3101 nis
1394 3047 1642 3117 regnavit
1664 3040 2005 3101 Aleiandria
2032 3062 2133 3101 an-
2157 3079 2202 3144 Ο
2234 3043 2484 3109 contulit,
2517 3057 2679 3113 quem
2704 3050 2894 3113 postea
2932 3042 3107 3096 iratus
3135 3040 3362 3096 abstulit
3396 3049 3463 3095 et
3495 3041 3683 3112 junioci
3704 3056 3775 3094 eo-

2235 3150 2360 3189 rum
2405 3132 2565 3189 fratri
2604 3132 2757 3190 Onia
2800 3133 2913 3189 sive
2954 3132 3181 3187 Anania
3216 3130 3385 3187 dedit.
3434 3130 3635 3188 Habuit
3666 3130 3774 3186 enim

2238 3226 2465 3299 Symon,
2498 3235 2558 3281 ut
2587 3225 2948 3297 prediximus,
2973 3234 3082 3280 tres
3109 3224 3272 3292 ﬁlios,
3301 3223 3371 3279 ad
3403 3240 3553 3294 quos
3577 3224 3777 3281 saeculi)-

2236 3318 2297 3373 tii
2320 3318 2661 3388 principatus
2690 3317 2885 3371 ordine
2924 3315 3070 3371 dicto
3093 3316 3361 3384 pervenit.
3407 3314 3611 3371 Jhesus
3638 3324 3777 3368 autem

2234 3409 2492 3466 Iasonem
2521 3425 2581 3465 se
2608 3408 2933 3475 nominavit,
2951 3406 3124 3481 Onias
3146 3423 3276 3463 vero
3305 3407 3427 3462 sive
3450 3406 3680 3461 Ananias
3702 3403 3779 3457 lle-

2237 3503 2429 3557 nelaus
2468 3507 2554 3557 est
2600 3508 2968 3570 nuncupatus,
3016 3507 3077 3553 ut
3109 3497 3380 3568 Iosephus
3431 3498 3587 3553 dicit.
3625 3495 3780 3551 Deinde

2238 3593 2523 3664 subjungit
2555 3593 2697 3648 idem
2727 3591 3022 3661 Iosephus,
3055 3588 3307 3657 Jhesum,
3335 3589 3389 3644 id
3434 3599 3523 3645 est
3553 3588 3781 3645 lasona.

2237 3686 2393 3757 prius
2419 3685 2753 3741 sacerdotem
2786 3690 2977 3739 contra
3008 3681 3312 3738 Menelaum
3341 3681 3663 3737 seditionem
3682 3692 3781 3733 eoo-

2236 3778 2456 3843 citasse,
2492 3776 2837 3845 eundemque
2861 3773 3165 3829 Menelaum
3190 3788 3320 3828 cum
3345 3774 3470 3828 suis
3505 3769 3781 3848 fautoribus

2239 3868 2427 3924 relicta
2473 3867 2734 3939 religione
2760 3874 3009 3937 paterna,
3051 3880 3111 3919 se
3154 3864 3223 3919 ad
3249 3862 3590 3918 Antiochum
3630 3866 3783 3914 contn-

2239 3960 2389 4026 lisse,
2415 3960 2680 4029 illumque
2711 3967 2902 4013 contra
2948 3955 3166 4012 Judaos
3202 3954 3492 4020 incitasse,
3523 3962 3577 4008 et
3614 3948 3782 4022 posuit

2237 4049 2506 4105 Antiocho
2542 4046 2763 4117 juniore
2802 4061 3071 4116 persuasu
3116 4043 3293 4115 Lysia
3334 4043 3605 4099 occidisse
3634 4041 3709 4091 '”.
3740 4036 3781 4089 In

2238 4138 2440 4208 quibus
2460 4137 2643 4192 verbis
2665 4136 2882 4191 videtur
2911 4134 3184 4206 Iosephus
3210 4134 3280 4188 ab
3300 4134 3553 4206 hystoria
3579 4131 3686 4187 libri
3703 4128 3783 4180 lla.
3844 4174 3845 4177 η

2239 4230 2573 4286 chabeorum
2600 4228 2933 4298 discrepare,
2986 4226 3040 4280 in
3066 4241 3176 4296 qua
3203 4224 3448 4280 refertur
3475 4224 3564 4294 (ll,
3588 4225 3641 4288 5,
3674 4222 3781 4289 sqq.)

2238 4322 2385 4393 quod
2412 4321 2689 4376 Menelaus
2731 4319 2900 4374 frater
2947 4319 3110 4374 fuerit
3147 4316 3439 4388 cujusdam
3483 4310 3781 4387 Symouisde

548 4411 767 4481 negotia
814 4424 1004 4481 regere
1042 4424 1153 4466 non
1197 4412 1558 4483 prcvalentes.
1599 4411 1929 4469 Perveniens
1973 4413 2138 4484 igitur
2164 4437 2215 4498 ι)
2241 4415 2387 4471 tribu
2413 4414 2718 4484 Benjamin,
2759 4413 2854 4484 qui
2885 4411 2991 4466 fuit
3019 4410 3333 4481 prepositus
3358 4408 3574 4478 templi,
3604 4405 3778 4476 quique.

548 4499 616 4554 ad
641 4498 924 4555 Pelusium
950 4514 1077 4556 cum
1103 4515 1299 4572 magna
1327 4501 1545 4568 virtute,
1568 4501 1804 4573 doloque
1829 4503 2135 4559 circumve-

547 4589 1154 4663 niensPhylometorem
1167 4593 1638 4664 consanguineum
1650 4609 1834 4660 suum,
1847 4596 2135 4666 occupavit

547 4679 866 4754 Egyptum.
893 4681 1104 4738 Etcum
1130 4681 1332 4737 adisset
1351 4684 1469 4739 loca
1492 4684 1851 4755 Memphitica
1874 4687 2130 4757 civitatis,

547 4777 692 4845 cepit
746 4791 889 4843 eam,
927 4776 1054 4831 dein
1090 4775 1158 4808 ’⁸⁸
1190 4783 1381 4830 contra
1413 4776 1830 4845 Alexandriam,
1875 4786 1937 4832 ut
1983 4780 2132 4835 obsi-

547 4866 701 4920 deret
736 4865 1140 4934 Ptholomeum,
1178 4866 1337 4937 cujus
1373 4877 1491 4923 erat
1525 4870 1850 4937 avunculus,
1881 4870 2128 4938 tetendit,

549 4957 646 5012 sed
673 4973 773 5027 per
803 4959 972 5016 duces
1004 4957 1308 5015 Ptholomei
1337 4959 1532 5030 pulsus
1574 4968 1659 5015 est
1696 4976 1805 5016 non
1847 4962 2025 5017 solum
2062 4964 2133 5018 ab

542 5042 896 5115 Alexandria,
918 5063 1108 5103 verum
1140 5048 1304 5104 etfam
1329 5056 1441 5103 tota
1485 5046 1721 5121 Aﬁgypto
1751 5048 1855 5121 (Cf.
1884 5048 2041 5105 Hien.
2075 5052 2133 5104 in

548 5137 743 5209 Dum).
779 5138 913 5210 (los.
956 5140 997 5196 ι.
1030 5140 1102 5212 Ι.)
1125 5139 1254 5196 inde
1292 5156 1564 5209 reversus,
1608 5140 1677 5196 ad
1715 5138 2130 5200 Hierosolimam

2239 4506 2419 4562 adhuc
2467 4505 2684 4560 vivente
2729 4503 2988 4569 Seleuco,
3045 4499 3212 4556 fratre
3270 4498 3564 4563 Antiochi,
3610 4500 3780 4564 proptr!

2238 4596 2425 4652 odium
2466 4593 2619 4650 Onia
2648 4592 2949 4650 sacerdotis
2986 4591 3090 4646 sibi
3134 4589 3465 4656 resistentis,
3518 4604 3585 4641 ne
3625 4578 3782 4651 aliquid

2239 4688 2368 4743 mali
2390 4686 2644 4742 machina
2654 4694 2803 4741 retur
2820 4685 2875 4740 in
2896 4682 3136 4749 civitate,
3159 4681 3339 4738 ellecit
3361 4690 3423 4735 ut
3444 4677 3739 4733 Heliodoms
3761 4684 3781 4718 ι

2240 4777 2469 4833 Seleuco
2486 4776 2792 4832 mitteretur
2802 4772 3219 4829 “ierosolimam
3235 4770 3306 4827 ad
3322 4766 3647 4824 auferendas
3658 4776 3784 4833 pecu-

2239 4869 2362 4925 nias
2395 4868 2462 4923 de
2499 4867 2718 4937 templo.
2767 4864 2872 4934 Qui
2916 4881 3043 4920 cum
3087 4863 3314 4918 territus
3356 4861 3579 4924 rediret,
3622 4854 3782 4925 531nm

2238 4974 2350 5014 non
2375 4959 2615 5015 cessavit
2637 4958 2779 5013 male
2807 4957 2961 5028 loqui
2980 4956 3047 5011 de
3075 4953 3234 5022 Onia,
3264 4962 3321 5008 et
3353 4951 3633 5022 instigavit
3656 4939 3784 5015 Apol-

2238 5050 2449 5107 lonium
2472 5051 2666 5107 ducem
2689 5058 2879 5106 contra
2904 5064 3052 5103 eum.
3080 5045 3294 5113 Quibus
3316 5046 3407 5100 ille
3431 5043 3647 5107 cedens,
3678 5050 3781 5093 com

2238 5142 2363 5198 tulit
2384 5157 2444 5198 se
2466 5141 2534 5197 ad
2557 5156 2759 5213 regem,
2805 5148 2866 5195 ut
2888 5139 3010 5211 ejus
3050 5137 3371 5195 defensione
3409 5143 3561 5191 tutus
3600 5133 3779 5187 viveret.

1841 5311 2077 5370 VARle
2116 5313 2519 5371 LECTIONES.

621 5451 692 5485 ³⁷⁸
721 5450 969 5526 demetrii
991 5453 1044 5509 5.
1073 5453 1158 5509 9c.
1259 5452 1429 5526 “fita
1450 5452 1504 5526 4,
1540 5452 1597 5526 5.
1621 5453 1708 5508 9°.
1741 5452 1828 5526 10.
1858 5451 2030 5526 Syria
2058 5456 2145 5511 11.

2270 5456 2340 5492 ut
2370 5457 2427 5510 in
2457 5456 2512 5511 5.
2550 5457 2755 5510 numeri
2781 5454 2949 5510 1-11
2979 5455 3058 5508 bis
3097 5452 3284 5523 script;
3309 5457 3457 5523 sunt,
3490 5448 3550 5499 in
3577 5445 3664 5523 9‘:
3691 5450 3781 5523 νῇ*

549 5532 730 5594 antea,
761 5508 1218 5594 cotgmnq’mrpa
1237 5523 1448 5594 addito,
1468 5520 1703 5594 legitur;
1729 5508 2036 5594 Alexaiider
2062 5508 2256 5594 il-u,
2284 5528 2341 5581 in
2365 5508 2422 5580 it.
2460 5508 2671 5581 mea
2682 5508 2891 5592 e415,
2919 5508 3151 5590 11-10,
3178 5508 3388 5577 air—to
3407 5508 3623 5580 desunt;
3647 5508 3780 5594 ῥῖψε

548 5594 679 5668 item
702 5582 1210 5668 l—l5,—_40'_——_10,
1238 5582 1476 5668 _lA0—-10_.
1519 5582 1623 5626 ἠ’
1654 5592 1849 5668 deinde
1872 5582 1971 5650 9".
2035 5598 2103 5630 ⁸⁸³
2130 5599 2209 5652 ita
2234 5582 2363 5668 quos
2391 5598 2499 5653 ridi
2524 5597 2728 5652 codices
2751 5597 2859 5666 fere
2879 5582 3094 5659 omnes;
3134 5582 3381 5649 occisum
3409 5602 3529 5646 esse
3553 5582 3785 5642 occidit”

547 5663 719 5719 altera
750 5662 1001 5718 vocabulo
1022 5662 1190 5719 deleto
1230 5661 1316 5735 10,
1345 5662 1587 5735 occisum
1610 5678 1731 5720 esse
1762 5658 1842 5717 11.
