3876 6306
116 356 190 412 6Ξ5

950 338 1319 397 CHRONICA.
1357 369 1428 379 —
1463 334 1858 396 CRRONICON
1896 337 2355 397 UNIV’ERSALE.

3205 346 3316 403 626

115 469 209 523 Post
228 468 424 518 mortem
460 470 587 512 vero
613 453 826 511 Seleuci
854 468 981 510 cum
1012 459 1262 524 regnaret
1298 449 1465 506 frater
1492 450 1614 521 ejus
1645 455 1687 513 Α
1718 449 1916 517 fuerat,
1950 452 2289 516 emundavit,
2331 467 2476 507 anno
2520 453 2818 509 centesimo
2855 456 3310 528 quinquagesimo

115 554 366 617 Antiochus,
398 552 494 604 hoc
529 546 677 618 quod
702 545 770 601 de
803 542 942 600 Onia
966 541 1213 597 Menelao
1239 539 1510 611 Iosephus
1534 546 1616 595 te-

113 657 259 712 statur,
279 646 325 699 in
349 644 443 697 hac
464 632 706 712 hysteria
728 637 799 710 (c.
829 636 885 707 Α)
912 635 979 692 de
1006 633 1227 701 Jasone,
1252 633 1420 689 fratre
1442 630 1615 699 Onias,

116 746 326 796 narratur.
360 733 449 789 llic
483 732 637 807 enim,
660 728 849 797 lason,
900 728 994 799 qui
1017 735 1072 783 et
1110 725 1331 792 J-hesus,
1376 724 1620 780 collectis

114 828 274 900 impiis,
308 824 620 880 Antiochum
660 822 821 887 adiit,
869 820 1153 890 ejectoque
1193 832 1289 888 per
1328 815 1623 887 pecuniam

114 923 238 977 fratre
256 917 393 984 Onia,
415 910 777 972 sacerdotium
800 912 1029 983 accepit,
1056 921 1110 967 et
1152 916 1372 980 accepta
1404 909 1621 963 licentia

114 1022 155 1066 ut
175 1007 465 1082 gymnasium
494 1003 875 1060 Hierosolimis
896 1002 1211 1067 tediticaret,
1235 1000 1304 1056 ad
1330 998 1471 1055 ritus
1492 1013 1624 1070 gen-

112 1103 212 1156 tium
244 1086 703 1168 relictareligione
738 1111 798 1151 se
826 1094 1126 1149 transtulit.
1161 1092 1294 1149 Post
1324 1090 1623 1148 triennium

114 1192 222 1247 misit
240 1190 384 1246 Iason
408 1178 732 1254 Menelaum,
761 1186 989 1243 fratrem
1015 1185 1272 1258 Symonis
1301 1182 1621 1256 supradicti,

111 1292 354 1354 portantem
379 1281 659 1353 pecuniam
685 1280 802 1351 regi
826 1278 898 1311 '“
921 1293 1022 1348 pro
1045 1277 1354 1333 sacerdotio
1383 1275 1624 1348 promis-

112 1390 213 1439 sam,
239 1373 420 1429 scilicet
448 1371 745 1443 quingenta
782 1369 1078 1439 nonaginta
1120 1368 1347 1434 talenta,
1382 1365 1480 1422 sed
1510 1365 1625 1436 ipse

110 1447 343 1528 Menelaus.
369 1464 692 1535 promittens
736 1463 917 1518 adhuc
960 1469 1232 1518 trecentas
1275 1460 1444 1515 libras
1486 1458 1620 1530 regi,

109 1551 305 1608 Jasonem
326 1553 702 1624 subplantavit.
735 1550 827 1608 Sic
844 1550 1034 1618 lason,
1058 1550 1153 1621 qui
1175 1549 1399 1605 fratrem
1426 1547 1623 1604 Oniam

108 1644 392 1716 expulit,ipse
406 1653 527 1716 post
553 1646 818 1716 expulsus
839 1645 907 1701 de
931 1642 1450 1715 patria,secundum
1473 1640 1622 1714 quod

108 1733 256 1804 dignus
283 1745 405 1805 erat,
433 1737 556 1792 exul
594 1737 777 1808 periit.
822 1734 1102 1792 Menelaus
1139 1743 1323 1791 autem
1348 1749 1473 1789 cum
1510 1747 1620 1789 non

1716 542 1976 599 secundo.
2010 542 2254 599 Audiens
2274 544 2437 600 etiam
2461 544 2833 602 Romanorum
2864 547 3141 615 virtutem,
3172 549 3310 605 ami-

1717 633 1885 689 cicias
1908 633 2195 691 fmderavit
2233 651 2358 691 cum
2402 636 2485 692 eis
2516 645 2571 692 et
2605 638 2941 695 societatem.
2975 638 3104 696 Post
3136 642 3310 698 multa

1718 723 1940 779 demum
1966 726 2153 795 prelia
2176 724 2406 783 feliciter
2428 738 2580 799 gesta
2614 744 2866 801 pugnans
2893 740 3083 787 contra
3113 732 3311 789 Baebi.-

1719 813 1866 877 dem,
1900 813 2160 870 Demetrii
2194 817 2517 888 principem,
2549 821 2751 876 multos
2778 819 3069 889 interfecit,
3099 833 3155 878 et
3193 824 3321 894 ipse-

1720 906 1990 963 occiditur
2003 923 2151 963 anno
2169 909 2647 985 quinquagesimo,
2669 929 2795 970 cum
2818 923 3027 985 regeret
3048 916 3310 985 populum

1722 1012 1898 1056 annos
1923 1000 1992 1032 ⁸⁸⁷
2020 1000 2283 1072 quinque.
2315 1001 2418 1058 Cui
2464 1006 2762 1062 succedens
2795 1005 2964 1063 frater
2986 1008 3106 1078 ejus
3145 1009 3313 1065 Jona-

1724 1090 2109 1163 thas,regebat
2128 1094 2389 1163 p0pulum
2412 1110 2507 1165 per
2527 1112 2702 1155 annos
2726 1097 2812 1151 i7.
2836 1096 2957 1164 Quo
2979 1115 3008 1154 a
3036 1098 3314 1170 Triphone

1723 1179 1931 1245 occiso,
1981 1180 2209 1252 Symon,
2257 1180 2426 1239 frater
2461 1200 2674 1251 eorum,
2723 1188 2897 1243 tenuit
2945 1189 3311 1258 principatum

1724 1268 1885 1325 annis
1913 1277 2058 1338 octo,
2096 1286 2259 1341 quem
2300 1275 2511 1345 accepit
2534 1291 2679 1330 anno
2702 1279 3101 1348 septuagesimo
3127 1279 3195 1311 ³⁸⁸
3223 1293 3311 1333 re.-

1724 1361 1815 1432 gnl
1839 1360 2161 1419 Grecorum.

1796 1451 1875 1522 (Η
1882 1490 1894 1506 .
1929 1470 1998 1507 m.
2028 1462 2082 1509 et
2108 1452 2180 1508 11.
2214 1454 2305 1526 R.)
2340 1453 2590 1526 Philippo
2615 1472 2740 1528 rege
2776 1457 3134 1514 Macedonum
3164 1475 3316 1515 morr

1723 1552 1840 1611 tuo,
1871 1544 1967 1614 qui
1998 1553 2054 1602 et
2076 1546 2341 1605 adversus
2368 1545 2643 1604 Romanos
2674 1549 2876 1604 bellum
2901 1549 2970 1583 ²³⁹
2993 1560 3239 1620 gesserat
3260 1561 3317 1607 et

1725 1645 1912 1707 postea
1938 1635 2201 1694 Romanis
2223 1648 2414 1694 contra
2444 1639 2776 1696 Antiochum
2805 1641 3070 1698 auxilium
3092 1643 3315 1708 tulerat,

1726 1728 1870 1783 tilius
1900 1728 2021 1799 ejus
2059 1727 2292 1786 Perseus
2330 1745 2558 1801 regnum
2593 1731 2715 1801 ejus
2756 1740 2971 1799 tenens,
3013 1732 3316 1799 rebellavit,

106 1826 374 1895 persolveret
404 1829 704 1900 promissas
737 1829 1022 1899 pecunias,
1053 1843 1149 1882 rex
1184 1827 1413 1911 abstulit
1442 1828 1491 1883 ei
1529 1843 1621 1883 sa—
1654 1814 1696 1870 η
1726 1820 2005 1891 adjutores
2046 1820 2167 1892 eius
2206 1821 2414 1879 habens
2443 1821 2623 1880 Cotini
2666 1839 2849 1894 regem
2879 1822 3089 1881 Traciae
3131 1834 3186 1881 et
3226 1840 3317 1880 re-

107 1917 366 1988 cerdotium,
394 1930 445 1976 et
471 1921 618 1977 dedit
642 1921 776 1976 illud
813 1919 969 1976 fratri
996 1937 1097 1976 suo
1126 1920 1474 1993 Lysimacho.
1508 1919 1622 1975 Me-

105 2016 225 2065 tuens
263 2026 379 2067 vero
413 2011 689 2068 Menelaus
726 2028 795 2068 ne
855 2011 1024 2070 Onias
1060 2014 1325 2085 reciperet
1369 2013 1624 2069 sacerdo-

105 2097 224 2166 tium,
255 2103 352 2173 egit
381 2119 498 2159 cum
542 2103 859 2160 Andronico
893 2104 1039 2176 regis
1084 2104 1283 2171 amico,
1324 2119 1487 2175 quem
1528 2119 1623 2159 rex

104 2190 249 2249 abiens
269 2193 475 2264 prefecit
494 2196 752 2268 negotiis,
776 2204 839 2252 ut
864 2194 1061 2252 Oniam
1091 2196 1450 2263 interficeret;
1479 2195 1623 2266 quod

103 2288 142 2333 et
160 2279 275 2337 fecit.
304 2282 622 2356 Lysimacho
661 2300 882 2357 quoque
908 2300 939 2340 a
961 2283 1165 2341 Iudaeis
1191 2293 1414 2356 propter
1453 2284 1626 2341 sacri-

103 2370 204 2443 logia
245 2391 331 2430 sua
378 2378 593 2443 occiso,
645 2376 924 2432 Menelaus
974 2376 1342 2433 sacerdotium
1397 2378 1621 2448 recepit.

105 2458 203 2525 (los.
230 2479 315 2532 xu,
344 2465 422 2533 li,
454 2467 607 2541 sqq.)
637 2465 760 2533 Quo
785 2466 856 2522 ab
883 2465 1157 2521 Antiocho
1186 2464 1478 2536 Eupatore,
1513 2466 1626 2521 lilio

103 2551 317 2622 Antiochi,
351 2558 613 2614 suadente
638 2556 824 2631 Lysia,
847 2559 1053 2625 occiso,
1081 2558 1366 2614 Alchimus
1401 2558 1624 2628 quidam

103 2644 345 2718 alienigena
364 2648 565 2720 impius
605 2651 873 2707 successit
897 2649 1225 2706 sacerdotio.
1253 2648 1321 2705 Et
1352 2650 1454 2705 hoc
1488 2650 1628 2706 divi-

103 2732 213 2789 nitus
234 2751 490 2807 percusso,
524 2739 909 2797 deficientibus
956 2740 1301 2796 hereditariis
1341 2754 1627 2796 successo-

102 2824 236 2895 ribus,
255 2830 484 2886 omnium
514 2831 801 2887 voluntate
838 2830 1010 2887 Judas
1032 2830 1364 2887 Machabcus
1387 2831 1629 2900 suscepit

104 2918 424 2977 sacerdotium.
451 2921 624 2979 Onias
652 2922 874 2993 quippe,
917 2922 1064 2978 filius
1103 2922 1276 2990 Oniae,
1309 2937 1474 2993 quem
1509 2936 1629 2975 mo—
1660 2970 1663 2979 .

101 3008 231 3066 riente
264 3020 403 3082 patre
435 3016 731 3085 parvulum
769 3015 1019 3070 relictum
1049 3029 1215 3084 supra
1242 3013 1501 3080 diximus,
1540 3013 1626 3067 vi-

102 3099 201 3158 dens
223 3106 348 3160 mala
370 3122 490 3178 qua:
518 3108 745 3176 ﬁebant,
769 3106 909 3180 fugit
939 3107 1008 3163 ad
1038 3105 1417 3162 Ptholomeum
1445 3118 1627 3175 regem

101 3190 290 3265 Egypti,
316 3207 366 3254 et
385 3198 619 3272 benigne
638 3200 708 3255 ab
731 3214 798 3256 eo
821 3208 1099 3270 acceptus,
1124 3198 1438 3269 impetravit
1470 3198 1539 3253 ab
1562 3213 1629 3253 eo

101 3285 324 3355 regionem
350 3306 468 3361 quae
492 3290 858 3364 Hclyopoleos
888 3299 1137 3358 vocatur,
1175 3291 1269 3346 ubi
1298 3291 1631 3347 concedente

98 3381 490 3446 reseconstruxit
515 3382 781 3452 templum
811 3382 879 3438 ad
904 3380 1138 3437 formam
1167 3380 1354 3451 templi
1377 3379 1632 3437 Hieroso-

100 3460 302 3537 limitani,
324 3470 463 3540 quod
484 3486 588 3542 per
606 3485 782 3528 annos
805 3470 1107 3542 permansit
1124 3485 1299 3541 usque
1324 3470 1392 3526 ad
1415 3479 1632 3541 tempus

102 3550 386 3627 Vespasiani.
414 3559 535 3632 Ipsa
569 3569 754 3617 autem
804 3561 936 3616 urbs
964 3576 1088 3633 quae
1127 3562 1431 3625 vocabatur
1456 3558 1629 3627 Onias,

100 3643 430 3707 dimicantibus
460 3660 655 3723 postea
687 3649 890 3709 Judaeis
916 3652 1208 3709 adversum
1230 3651 1530 3721 Romanos,
1564 3650 1633 3708 ad

97 3735 236 3792 solum
273 3756 439 3813 usque
481 3744 669 3799 diruta
707 3744 776 3775 ⁸⁸⁸
815 3751 920 3810 est,
952 3755 1007 3799 et
1048 3758 1224 3814 neque
1260 3742 1415 3799 urbis
1456 3758 1634 3813 neque

98 3832 243 3899 templi
274 3835 432 3898 ullum
465 3844 641 3892 restat
675 3835 982 3908 vestigium.
1014 3833 1128 3891 Sub
1154 3834 1444 3891 occasione
1466 3834 1636 3906 igitur

98 3915 215 3977 Omze
238 3923 434 3983 infinita
462 3926 781 3984 Judteorum
815 3926 1067 3982 examina
1106 3924 1403 3998 Egyptum
1441 3924 1636 3981 confu—

98 4025 268 4081 gerunt.
300 4018 593 4077 Asserebat
619 4020 764 4076 enim
799 4017 990 4087 Onias,
1020 4018 1076 4073 in
1107 4034 1167 4074 se
1192 4016 1475 4089 impletum
1514 4031 1637 4074 esse

97 4107 365 4167 vaticinium
396 4112 583 4170 Ysaia:
615 4114 906 4170 scribentis
934 4130 947 4168 :
978 4111 1102 4166 Erit
1130 4109 1305 4166 altare
1335 4109 1553 4164 Domini
1580 4110 1638 4164 in

98 4197 289 4271 Egypto
325 4215 372 4261 et
404 4207 598 4262 titulus
628 4206 841 4261 Domini
875 4206 932 4261 in
976 4204 1216 4260 terminis
1242 4203 1378 4274 ejus,
1410 4212 1465 4258 et
1489 4201 1638 4273 quod

96 4285 229 4351 Ezras
267 4298 332 4331 "'
373 4312 501 4357 ante
546 4309 836 4357 sexcentos
882 4313 1059 4355 annos
1108 4296 1442 4368 predixerat,
1491 4295 1639 4366 quod

94 4395 325 4449 oporteret
351 4389 405 4445 in
438 4390 681 4463 Egypto
712 4387 971 4459 templum
1002 4386 1261 4445 aedificari
1287 4385 1398 4442 Deo
1427 4401 1525 4457 per
1551 4386 1638 4441 vi—

1724 1934 1846 1990 gem
1881 1920 1951 1953 "°
1987 1918 2172 1976 lllirici
2222 1919 2479 1978 Gentium
2528 1922 2794 1979 nomine.’
2825 1922 3090 1980 Romanis
3135 1933 3319 1981 autem

1724 2012 1931 2068 auxilio
1959 2020 2118 2068 erant
2146 2010 2420 2070 Eumenes
2443 2030 2537 2071 rex
2559 2014 2724 2084 Asiae,
2750 2013 2920 2072 frater
2940 2017 3128 2082 Attali,
3159 2017 3320 2072 Aria-

1722 2111 1879 2159 ratus
1902 2118 2002 2160 rex
2033 2102 2377 2174 Capadociae,
2407 2105 2713 2164 Antiochus
2745 2106 2937 2179 Syriae,
2962 2105 3323 2165 Ptholomeus

1724 2193 1967 2267 Egypti,
2008 2193 2333 2264 Masinissa,
2378 2193 2666 2253 Numidiae.
2714 2196 2940 2254 Brusias
2993 2206 3175 2268 autem
3223 2215 3322 2254 rex

1726 2284 2012 2358 Bythinize,
2042 2285 2171 2342 licet
2199 2285 2387 2342 Persei
2427 2303 2676 2344 sororem
2699 2289 2766 2321 ⁸⁸⁸
2796 2288 3040 2356 haberet,
3070 2290 3323 2360 utrisque

1724 2392 1785 2433 se
1812 2392 2029 2447 aequum
2072 2377 2308 2448 prebuit.
2349 2376 2553 2435 Contra
2587 2377 2849 2436 Perseum
2893 2381 3098 2437 missus
3126 2382 3343 2436 consul:

1724 2467 1951 2525 Publius
1989 2467 2256 2537 Licinius,
2283 2468 2354 2525 ab
2380 2484 2448 2526 eo
2491 2470 2674 2526 victus
2712 2479 2816 2537 est,
2853 2487 2954 2528 nec
2994 2482 3177 2528 tamen
3211 2471 3323 2526 Ro-

1725 2560 1871 2615 mani
1902 2560 2015 2632 regi
2050 2575 2241 2631 pacem
2272 2560 2475 2631 petenti
2500 2569 2744 2632 prestare
2779 2562 3086 2627 voluerunt,
3123 2561 3231 2616 nisi
3260 2576 3321 2616 se

1724 2660 1778 2706 et
1800 2666 1932 2707 suos
1956 2652 2178 2707 senatui
2205 2651 2558 2707 subdidisset.
2582 2649 2710 2706 Mox
2732 2659 2926 2707 contra
2959 2666 3085 2706 cum
3114 2650 3322 2706 missus

1728 2741 1930 2798 Lucius
1958 2742 2218 2799 Emilius
2246 2741 2451 2798 Paulus
2495 2743 2710 2809 consul,
2751 2742 2883 2799 vicit
2911 2757 3058 2808 eum,
3097 2749 3151 2798 et
3194 2755 3322 2799 cum

1727 2834 1931 2906 ingenti
1956 2850 2154 2905 pompa
2173 2834 2405 2891 Romam
2429 2834 2590 2891 rediit
2611 2835 2664 2889 in
2691 2834 2816 2890 navi
2844 2833 3089 2904 ejusdem
3112 2831 3322 2900 Persei,

1726 2942 1850 2996 quae
1879 2928 2153 2983 inusitate
2171 2926 2567 2998 magnitudinis
2593 2925 2872 2982 ferebatur
2890 2924 3081 2991 fuisse,
3106 2924 3240 2981 adeo
3260 2930 3333 2980 ut‘

1729 3017 1964 3074 sedecim
1991 3019 2212 3074 ordines
2242 3033 2521 3074 remorum
2542 3017 2757 3074 dicatur
2783 3017 3063 3073 habuisse.
3098 3014 3321 3071 Trium-

1731 3108 1918 3180 phavit
1940 3117 2124 3165 autem
2156 3106 2361 3164 Paulus
2398 3107 2455 3164 in
2491 3122 2659 3164 curru
2697 3119 2887 3169 aureo,
2931 3105 3148 3161 duobus
3191 3104 3321 3160 ﬁliis

1733 3202 1851 3259 suis
1892 3210 2128 3272 utroque
2171 3201 2341 3257 latere
2387 3199 2714 3255 astantibus.
2763 3196 2922 3255 Ducti
2962 3207 3146 3255 autem
3195 3205 3329 3253 sunt

1732 3300 1859 3349 ante
1878 3308 2102 3349 currum
2124 3291 2244 3362 ejus
2267 3291 2377 3346 duo
2399 3290 2495 3346 lilii
2519 3290 2661 3362 regis
2683 3298 2739 3344 et
2762 3290 2876 3359 ipse
2902 3287 3136 3344 Perseus
3161 3287 3323 3343 annis

1733 3385 2096 3456 quadraginta
2134 3384 2380 3454 quinque
2421 3393 2607 3451 natus,
2643 3382 2738 3452 qui
2773 3392 2898 3453 post
2937 3382 3080 3451 apud
3128 3380 3324 3435 Albam

1733 3478 1790 3533 in
1824 3475 2072 3537 custodia
2098 3475 2327 3543 defecit;
2366 3476 2511 3532 filius
2540 3491 2672 3533 vero
2699 3475 2820 3545 ejus
2837 3474 3027 3544 junior
3060 3472 3327 3529 fabricam

1732 3570 1983 3625 aerariam
2015 3569 2084 3625 ob
2111 3568 2448 3624 tolerandam
2474 3568 2717 3638 inopiam
2744 3564 2933 3622 Romae
2969 3565 3178 3630 didicit,
3224 3563 3341 3618 ibi-L

1735 3678 1841 3733 que
1865 3660 2155 3718 defunctus
2177 3668 2279 3716 est.

1806 3750 1966 3807 Anno
1989 3759 2170 3806 autem
2216 3749 2286 3805 ab
2326 3746 2468 3805 Urbe
2518 3749 2739 3806 condita
2779 3748 3200 3815 sexcentesimo,
3230 3747 3329 3818 qui

1734 3842 1864 3898 26'"
1891 3840 2291 3913 Pbylometoris
2316 3841 2656 3909 inscribitur,
2682 3857 2807 3897 cum
2830 3855 3022 3898 omnes
3047 3835 3338 3896 Romanos'

1736 3934 1931 4006 ingens
1952 3932 2344 3988 Celtiberorum
2376 3940 2558 3989 metus
2593 3932 2906 3999 invasisset,
2940 3947 3041 3988 nec
3079 3940 3225 3988 esset
3261 3944 3327 3986 ex

1737 4024 1999 4080 omnibus
2043 4022 2137 4093 qui
2164 4022 2247 4078 vel
2279 4022 2437 4079 miles
2462 4022 2549 4078 vel
2575 4021 2791 4093 legatus
2816 4021 2896 4076 ire
2920 4021 2976 4074 in
3007 4019 3325 4091 Hispaniam

1739 4116 1983 4182 auderet,
2008 4113 2234 4171 Publius
2264 4112 2470 4183 Scipio,
2500 4111 2749 4169 Africani
2785 4125 2977 4182 nepos,
3007 4110 3100 4181 qui
3129 4120 3185 4166 et
3212 4112 3330 4181 ipse

1740 4216 1864 4278 post
1900 4204 2194 4261 Africanus
2232 4212 2316 4259 est
2354 4203 2554 4267 dictus,
2595 4202 2741 4258 ultro
2779 4216 2839 4258 se
2867 4200 3228 4257 militaturum
3272 4202 3329 4256 in

1741 4297 2001 4368 lliSpania
2025 4296 2242 4363 obtulit,
2278 4312 2405 4352 cum
2436 4304 2620 4351 tamen
2652 4294 2709 4348 in
2737 4292 3111 4353 Macedoniam
3140 4302 3331 4351 contra

1730 4388 2053 4460 Philippum
2083 4387 2376 4458 deputatus
2403 4376 2565 4444 esset:
2610 4382 2899 4440 Profectus
2924 4382 3108 4452 itaque
3144 4382 3202 4436 in
3237 4381 3332 4436 lli-

96 4486 192 4531 ""11
211 4476 463 4538 Judaeum.
500 4483 775 4537 Antiocho
807 4488 990 4536 autem
1016 4477 1237 4535 Judmos
1275 4479 1545 4549 alliigente
1588 4486 1643 4533 et
1673 4499 1719 4559 ι)
1747 4481 2018 4554 spaniam,
2049 4487 2287 4551 stragem
2315 4492 2573 4548 magnam
2612 4476 2780 4544 dedit,
2808 4474 2994 4545 sepius
3021 4471 3188 4530 etiam
3228 4472 3334 4527 mi-

95 4564 145 4617 ad
168 4571 499 4637 gentilitatem
534 4588 633 4644 per
654 4587 713 4628 se
742 4572 923 4643 ipsum
949 4582 1004 4629 et
1025 4587 1121 4643 per
1149 4573 1350 4629 missos
1391 4585 1526 4628 suos
1548 4586 1641 4626 co-

95 4666 237 4728 gente,
262 4660 591 4719 Mathathias
635 4679 761 4718 cum
795 4663 1039 4735 quinque
1067 4663 1195 4720 filiis
1222 4663 1337 4720 suis
1376 4663 1641 4719 adversus

91 4760 167 4803 eos
182 4765 322 4811 arma
343 4755 634 4826 corripuit,
657 4764 713 4810 et
734 4755 941 4826 patrias
961 4755 1107 4827 leges
1126 4755 1358 4811 viriliter
1378 4754 1637 4812 defendit.

93 4835 189 4904 Quo
215 4854 331 4914 post
368 4863 580 4903 annum
607 4847 893 4913 moriente,
935 4846 1146 4903 scilicet
1167 4861 1314 4904 anno
1343 4846 1643 4904 centesimo

90 4932 469 5006 quadragesimo
508 4944 665 4993 sexto
711 4937 865 5008 regni
894 4934 1214 5003 Grecorum,
1258 4935 1355 5007 qui
1398 4944 1487 4993 est
1513 4938 1638 4993 15'"

92 5015 486 5095 Phylometoris,
534 5028 784 5085 decimus
825 5042 959 5086 vero
1000 5027 1288 5096 Antiochi,
1338 5028 1485 5085 filius
1522 5029 1641 5099 ejus

90 5110 230 5174 ludas
247 5117 579 5178 Macbabeus
599 5120 866 5179 successit
882 5120 1043 5192 patri,
1064 5129 1119 5179 et
1138 5128 1467 5193 congregato
1487 5135 1643 5176 exer-

91 5203 198 5274 citu,
214 5210 505 5270 vindictam
530 5215 586 5268 in
612 5215 756 5270 male
777 5222 999 5287 agentes
1023 5213 1282 5270 exercuit.
1308 5212 1360 5268 ls
1384 5212 1644 5283 templum

88 5294 145 5350 ab
169 5299 426 5362 Antiocho
446 5307 788 5364 destructum
809 5307 1064 5363 nobiliter
1083 5305 1367 5363 renovavit
1389 5313 1444 5361 et
1470 5321 1500 5360 a
1523 5319 1646 5359 sor-

90 5385 225 5447 dibus
268 5396 593 5466 ydolorum,
644 5399 847 5471 quibus
895 5412 992 5470 per
1036 5398 1338 5455 triennium
1377 5395 1644 5466 pollutum

1747 4573 1860 4630 litis
1885 4588 2052 4643 (luam
2072 4570 2229 4628 ducis
2254 4567 2431 4626 ollicio
2454 4584 2623 4635 usus;
2651 4582 2781 4624 nam
2808 4575 2863 4623 et
2884 4566 3178 4625 barbarum
3203 4580 3331 4635 pro-

1747 4675 2032 4725 vocantem
2060 4662 2410 4737 singulariter
2437 4675 2768 4733 congressus
2793 4658 3014 4716 occidit.

1819 4758 2022 4819 Eodem
2054 4766 2311 4828 tempore.
2329 4753 2563 4811 Messala
2602 4767 2800 4809 censor
2824 4751 3034 4821 primus
3057 4749 3332 4804 theatrum

1749 4848 2022 4920 lapideum
2047 4846 2102 4901 in
2135 4843 2282 4901 Urbe
2312 4843 2561 4900 construi
2586 4841 2775 4913 jussit,
2806 4839 2955 4910 quod
2983 4853 3052 4894 ne
3079 4847 3211 4895 tunc
3239 4836 3335 4892 tie-'

1747 4950 1852 5008 ret,
1886 4939 2072 5009 Scipio
2095 4935 2292 4993 Nasica
2329 4934 2653 5008 gravissima
2688 4930 3068 4988 debortatione
3100 4929 3332 4994 obstitit,

1747 5031 1949 5089 dicens,
1980 5028 2422 5085 inimicissimum
2462 5024 2580 5080 fore
2612 5024 2812 5095 populo
2841 5022 3088 5079 bellatori
3119 5023 3226 5078 hoc
3265 5022 3335 5076 ad
3404 5072 3407 5073 ν

1750 5121 2099 5179 nutriendum
2115 5118 2382 5175 desidiam
2396 5115 2742 5185 lasciviaaque
2763 5122 3152 5180 commentum,
3176 5111 3338 5169 adeo-

1753 5226 1862 5284 que
1908 5210 2080 5266 movit
2111 5216 2388 5276 senatum,
2427 5216 2490 5263 ut
2528 5222 2638 5263 non
2677 5204 2856 5263 solum
2891 5204 3078 5261 omnia
3121 5203 3338 5259 theatro

1753 5309 2063 5372 comparata
2087 5301 2158 5333 ²⁶³
2186 5298 2347 5356 vendi
2371 5297 2622 5369 jusserit,
2664 5296 2759 5355 sed
2791 5297 2958 5353 etiam
2994 5294 3254 5352 subsellia
3279 5293 3338 5350 in

1755 5394 1899 5450 ludis
1924 5393 2054 5464 poni
2076 5391 2415 5463 prohibuerit
2436 5391 2527 5457 ³⁸⁸,
2551 5397 2607 5445 et
2627 5398 2687 5445 ut
2714 5404 2891 5460 neque
2917 5386 3132 5455 urbani,
3160 5400 3338 5458 neque

1360 5531 1592 5591 VARLE
1633 5529 2034 5589 LECTIONES.

150 5641 209 5675 ’⁸⁸
232 5663 274 5718 r.
304 5664 356 5718 p.
526 5652 597 5683 ’⁸⁸
620 5652 859 5707 dirutum
891 5651 944 5706 5.
970 5650 1054 5705 9c.
1164 5649 1234 5681 ’⁸⁸
1267 5648 1461 5705 ezdras
1495 5650 1548 5704 5.

236 5717 318 5783 ll,
378 5731 428 5772 et
464 5722 548 5773 ita
595 5722 836 5792 deinceps
883 5720 983 5775 lOO
1017 5721 1099 5773 his
1130 5721 1370 5801 numeris
1418 5720 1589 5773 addit.

173 5799 487 5860 Comparato
512 5791 566 5845 '5.
596 5795 679 5847 90.
712 5792 795 5845 10.
877 5790 949 5822 ’⁸³
984 5790 1387 5860 prohibuerunt
1421 5791 1471 5843 .‘i.

1652 5646 1720 5678 ’⁸⁷
1750 5659 1928 5701 annos
1959 5644 2202 5715 quinque
2220 5671 2290 5683 —-—
2323 5642 2550 5715 regebat.
2569 5642 2757 5694 desum
2783 5640 2834 5715 ﬁ

1704 5718 1774 5753 "’
1803 5715 1942 5771 bella
1978 5712 2032 5770 Β.
2112 5712 2201 5747 ⁷⁸⁸⁸
2230 5721 2281 5767 et
2334 5728 2383 5771 tt.
2418 5728 2469 5765 η.
2510 5712 2523 5764 i

2938 5640 3004 5671 ³⁸⁸
3036 5638 3336 5695 centesimo

2132 5714 2201 5747 ⁸⁸⁸
2230 5721 2281 5767 et
2334 5708 2469 5782 gfn.
2510 5712 2546 5764 i.
2581 5716 2759 5780 regem
2807 5710 2857 5761 ὕ.
2972 5710 3038 5739 ’⁸⁸
3074 5710 3126 5762 h.
3183 5724 3226 5759 s.
3281 5708 3332 5760 5.
