3876 6306
583 402 685 458 6‘17

1777 403 2177 458 EKKEHARDI
2217 398 2570 456 URAUGIEN
2580 398 2678 454 SIS
3745 405 3818 457 013.

583 507 679 587 qui
726 538 759 578 a
784 523 919 579 foris
958 522 1105 577 mille
1134 521 1386 591 passibus
1430 519 1703 585 adessem,
1733 519 1985 582 sedentes
2024 518 2181 572 ludos
2213 526 2254 575 A
2285 529 2393 583 que
2421 526 2776 583 pugnarentr,
2807 509 2998 562 ultima
3027 509 3338 580 desperatio
3364 507 3818 580 Kal'iagincnscsad

588 623 926 687 spectarent,
977 629 1045 670 ne
1093 612 1353 668 fortitudo
1401 612 1618 667 illorum
1675 611 2033 666 mollesceret.
2082 609 2179 664 lllo

587 721 809 779 quoque
857 716 1099 776 tempore
1134 703 1337 760 Tuccia
1386 704 1542 775 virgo
1579 702 1812 758 Vestalis
1849 702 2178 772 arguebatur

587 799 802 855 incesti.
830 800 897 852 At
920 799 1009 852 illa
1031 811 1266 868 purgare
1285 812 1345 852 se
1365 795 1706 866 argumentis
1725 796 2014 866 dedignata
2038 811 2179 850 mor—

583 891 806 956 talibus,
837 890 904 944 ad
933 889 1005 922 ’“
1029 888 1284 961 Tybezim
1314 887 1510 943 detulit
1530 887 1795 953 cribrum,
1841 887 2004 957 idque
2047 886 2177 941 sub-

585 995 839 1050 mergens
871 980 962 1046 π’,
1003 994 1166 1050 prece
1195 979 1399 1044 addita,
1449 978 1665 1049 inquit:
1709 977 1753 1032 0
1796 977 1972 1043 Vesta,
2009 978 2057 1031 si
2085 978 2175 1047 pia

579 1087 719 1136 sum,
755 1071 802 1123 si
825 1071 970 1140 virgo
1000 1086 1142 1135 sum,
1171 1069 1308 1123 hanc
1331 1086 1359 1123 e
1389 1068 1580 1138 Tybert'
1603 1083 1798 1138 aquam
1821 1067 1890 1119 ad
1921 1067 2175 1137 templum

580 1172 728 1214 tuum
753 1162 1015 1231 deferam.
1042 1161 1108 1215 Et
1129 1161 1374 1231 pertulit.

648 1254 808 1307 Anno
857 1254 1319 1324 sexingentesimo
1359 1253 1602 1307 secundo
1645 1252 1870 1307 tercium
1903 1251 2170 1308 Punicum

575 1343 780 1398 bellum
822 1355 1074 1400 exortum
1103 1354 1208 1398 est.
1250 1344 1421 1415 Igitur
1443 1360 1568 1400 cum
1599 1348 1823 1400 senatus
1848 1340 2170 1399 abolendam

575 1434 926 1506 Kartaginem
961 1436 1353 1502 decrevissent,
1403 1435 1630 1507 profecti
1669 1436 1924 1492 consules
1967 1436 2172 1491 Lucius

575 1523 812 1580 Manlius
848 1524 1187 1582 Censorinus
1229 1535 1284 1580 et
1325 1525 1543 1581 Marcus
1586 1526 1844 1593 Manlius,
1886 1535 1941 1581 et
1985 1524 2170 1596 Scipio

575 1625 706 1670 tunc
732 1616 987 1671 tribunus
1010 1617 1264 1684 militum,
1301 1633 1468 1688 prope
1492 1615 1706 1673 Uticam
1737 1627 1917 1673 castra
1942 1617 2169 1687 majoris

572 1707 820 1762 Africani
877 1716 1192 1763 tenuerunt.
1252 1708 1331 1764 lbi
1381 1708 1872 1780 Kartaginensibus
1927 1708 2168 1764 evocatis

572 1798 855 1869 jussisque
886 1809 948 1855 ut
973 1815 1124 1854 arma
1159 1809 1214 1856 et
1251 1816 1418 1857 naves
1449 1801 1727 1856 traderent
1769 1817 1871 1856 nec
1915 1803 2163 1867 moratis,

574 1899 727 1944 tanta
752 1891 836 1946 vis
858 1907 1135 1946 armorum
1168 1901 1390 1962 repente
1412 1892 1611 1948 tradita
1640 1902 1742 1958 est,
1774 1901 1835 1946 ut
1865 1891 2022 1948 facile
2049 1902 2162 1948 tota

572 1997 638 2035 ex
663 1982 749 2037 his
777 1981 961 2038 Africa
987 1984 1254 2054 potuisset
1292 1983 1516 2038 armari.
1557 1983 1664 2039 Sed
1691 1994 1982 2055 postquam
2011 2001 2164 2040 arma

572 2073 918 2128 tradiderunt
937 2084 992 2130 et
1011 2075 1272 2130 derelicta
1303 2076 1437 2130 urbe
1470 2075 1722 2130 recedere
1750 2077 1942 2146 procul
1966 2092 1994 2130 a
2025 2077 2166 2131 mari

572 2164 761 2219 decem
797 2166 1018 2221 milibus
1049 2183 1312 2236 passuum
1348 2167 1489 2236 jussi
1523 2177 1670 2233 sunt,
1699 2167 1943 2222 dolorem
1975 2169 2041 2223 ad
2066 2169 2162 2224 de--

572 2254 942 2321 sperationem
993 2256 1364 2323 contulerunt,
1411 2268 1502 2311 aut
1546 2257 1825 2314 defensuri
1867 2258 2162 2322 civitatem,

570 2351 814 2399 autcum
855 2345 973 2415 ipsa
1005 2361 1102 2416 per
1127 2347 1302 2417 ipsam
1347 2349 1664 2418 sepeliendi,
1696 2365 1932 2420 moxque
1961 2351 2064 2406 sibi
2093 2352 2162 2383 ’9⁸

568 2433 712 2488 duos
739 2432 1094 2492 Hastrubales
1118 2437 1286 2492 duces
1313 2447 1522 2506 creant,
1551 2454 1816 2510 armaque
1855 2439 2034 2496 facere
2063 2456 2160 2510 ag-

570 2525 770 2594 gressi,
802 2535 1094 2596 postquam
1136 2544 1211 2583 aes
1247 2527 1564 2598 ferrumque
1603 2529 1820 2596 defecit,
1862 2546 2030 2586 aurea
2066 2548 2160 2585 ar-

567 2625 871 2687 genteaque
887 2616 1432 2675 fecerunt.Consules
1445 2619 1677 2676 Romani
1691 2623 1880 2677 urbem
1893 2624 2157 2694 aggressi,

564 2722 692 2761 cum
731 2708 1071 2778 aliquantam
1116 2712 1261 2766 mur-i
1301 2722 1510 2782 partem
1538 2713 1607 2746 ’³⁷
1642 2715 1914 2771 machinis
1957 2713 2160 2771 diruis-

567 2807 709 2863 sent,
757 2815 788 2853 a
833 2799 1326 2874 Kartaginensibus
1375 2806 1500 2860 victi
1542 2816 1672 2861 sunt
1716 2815 1882 2878 atque
1930 2808 2154 2878 repulsi.

566 2893 723 2960 Quos
756 2894 1026 2967 fugientes
1069 2895 1251 2969 Scipio
1289 2899 1549 2966 defendit,
1585 2901 1741 2956 hoste
1778 2901 1920 2956 intra
1967 2917 2158 2956 muros

564 2987 804 3056 repulso.
836 2986 886 3042 ls
913 2988 1056 3058 apud
1092 3004 1286 3045 omnes
1331 2991 1537 3060 ingenti
1573 3002 1720 3048 metu
1759 3001 1814 3048 et
1853 2994 2156 3049 reverentia

561 3083 702 3143 erat,
737 3091 862 3133 nam
888 3087 944 3134 et
971 3079 1356 3150 paratissimus
1381 3081 1448 3135 ad
1489 3081 1859 3139 dimicandum
1892 3095 1946 3140 et
1971 3101 2156 3156 prom-

561 3170 848 3239 ptissimus
877 3180 997 3225 erat
1029 3173 1096 3226 ad
1130 3175 1552 3241 consulendum,
1592 3191 1692 3230 nec
1719 3178 2012 3246 quicquam
2038 3195 2155 3232 ma-
2182 3205 2223 3261 ρ

559 3259 652 3331 gis,
667 3261 836 3316 duces
859 3261 1153 3318 Pmnorum
1180 3265 1444 3332 vitabant,
1476 3282 1643 3337 quam
1666 3277 1857 3322 contra
1882 3285 2001 3323 eam
2026 3285 2151 3340 par-

558 3359 672 3406 tem
717 3349 1092 3408 Romanorum
1120 3356 1460 3412 committere
1503 3357 1596 3412 ubi
1626 3356 1810 3427 Scipio
1835 3359 2146 3416 dimicabat.

559 3440 667 3496 Per
713 3442 856 3503 idem
903 3452 1119 3515 tempus
1160 3445 1451 3503 Masinissa
1495 3463 1588 3504 rex
1629 3447 2011 3520 Numidarum,
2055 3469 2152 3524 per

555 3548 737 3589 annos
781 3533 894 3591 fere
933 3538 1212 3608 sexaginta
1240 3539 1454 3598 amicus
1482 3541 1668 3612 populi
1709 3541 1966 3608 Romani,
1997 3561 2148 3602 mor-

561 3634 694 3679 tuus
718 3635 803 3680 est
832 3642 978 3682 anno
1008 3629 1132 3684 vitae
1166 3645 1280 3685 suae
1303 3633 1660 3703 nonagesimo
1690 3635 1944 3704 septimo,
1965 3637 2151 3692 valen-

557 3717 778 3772 tissimo
799 3735 1016 3790 semper
1035 3737 1266 3792 corpore
1288 3740 1664 3794 perseverans.
1699 3726 1798 3783 Hic
1821 3738 1905 3784 est
1946 3731 2030 3784 vir
2053 3731 2148 3802 qui

543 3822 863 3897 .numgquam
909 3810 964 3866 in
1005 3813 1194 3884 ymbre
1222 3815 1305 3870 vel
1332 3817 1572 3872 maximo
1613 3829 1778 3888 caput
1810 3836 1971 3876 suum
2016 3822 2152 3877 texit

561 3905 663 3951 aut
682 3895 903 3968 frigore,
929 3911 983 3954 et
1007 3911 1115 3956 tam
1139 3903 1232 3958 diu
1254 3905 1309 3958 in
1333 3921 1444 3962 uno
1468 3907 1616 3962 stetit
1639 3910 1886 3980 vestigio,
1910 3920 1972 3966 ut
1996 3913 2148 3982 prius

551 3987 788 4057 juvenes
825 3991 1148 4050 lassitudine
1184 3996 1459 4065 cederent,
1493 4016 1656 4069 quam
1705 4002 1794 4057 ille
1827 4004 1893 4059 de
1931 4005 2054 4060 loco
2090 4007 2146 4062 in

555 4094 673 4149 quo
702 4090 924 4138 steterat
953 4097 1280 4142 moveretur.
1331 4089 1388 4144 Si
1435 4093 1696 4160 stetisset,
1733 4110 1802 4149 ne
1839 4096 2146 4151 membrum

555 4171 778 4241 quidem
803 4183 916 4229 tota
937 4175 1024 4232 die
1048 4179 1320 4248 movebat,
1346 4181 1392 4237 si
1416 4182 1519 4237 iter
1542 4183 1824 4255 ingressus
1848 4197 1932 4243 est
1955 4203 2146 4259 eques,

547 4278 660 4318 non
702 4265 1084 4336 descendebat,
1136 4271 1183 4326 si
1230 4273 1412 4343 pedes,
1461 4291 1568 4329 non
1611 4278 1959 4347 ascendebat,
2005 4282 2148 4337 sole-

551 4355 752 4426 batqtre
793 4361 1050 4430 equitans
1090 4363 1144 4417 in
1191 4366 1435 4422 exercitu
1483 4369 1632 4424 nocti
1676 4369 1820 4424 diem
1861 4373 2146 4442 sepissime

549 4447 902 4520 conjungere,
924 4462 978 4507 et
1013 4453 1098 4509 sui
1128 4457 1436 4512 custodiam
1469 4461 1803 4531 tutelamque
1842 4464 2144 4523 sevissimis

2279 605 2610 660 deditionem
2635 602 2819 668 traxit,
2839 608 3106 671 petentes,
3123 609 3186 655 ut
3213 617 3354 673 quos
3383 601 3509 674 belli
3538 602 3702 660 clades
3723 609 3817 660 reli-

2278 710 2420 765 quos
2441 694 2588 760 feeit,
2617 694 2808 750 saltem
2836 693 3042 749 servire
3075 693 3292 760 liceret;
3324 709 3387 749 ac
3413 694 3647 764 primum
3670 712 3816 766 agmen

2279 788 2572 842 mulierum
2610 787 2746 842 satis
2778 785 3111 853 miserabile,
3137 795 3264 856 post
3299 786 3545 840 virorum
3573 790 3725 858 magis
3752 790 3818 843 dr-

2279 881 2456 936 lorme
2484 879 2784 936 descendit.
2812 878 2948 934 Nam
2974 878 3147 934 fuisse
3173 878 3469 932 mulierum
3493 881 3566 933 25
3599 881 3743 944 milia,
3762 884 3816 933 vi-

2275 988 2463 1027 rorum
2504 973 2574 1026 '50
2599 972 2770 1038 milia,
2811 972 3094 1026 memoriae
3125 971 3378 1026 traditur.
3427 969 3544 1025 Rex
3584 971 3816 1028 llastrulel

2277 1082 2336 1121 se
2361 1067 2505 1120 ultro
2555 1065 2738 1131 dedit,
2795 1065 2992 1134 suique
3041 1073 3255 1118 tantum
3311 1064 3547 1118 salutem
3602 1065 3814 1129 obtinuit;

2275 1154 2580 1226 transfugae
2625 1153 2939 1208 voluntario
3004 1151 3301 1222 precipicio
3348 1153 3499 1220 dati,
3562 1157 3815 1224 consumpti

2274 1254 2404 1300 sunt
2454 1245 2598 1315 igni,
2644 1258 2931 1314 quosquos
2985 1252 3169 1298 autem
3231 1243 3555 1316 transfugas
3594 1245 3815 1300 Romanos

2275 1337 2464 1408 Scipio
2485 1337 2734 1392 obtinere
2759 1336 2955 1407 potuit,
2979 1335 3254 1391 crucibus
3292 1336 3482 1400 atIixit,
3519 1335 3722 1391 Latinos
3751 1355 3813 1392 se-

2272 1429 2391 1485 curi
2418 1429 2712 1498 percussit.
2750 1426 2901 1483 Uxor
2924 1426 3270 1482 Hastrubalis
3299 1428 3389 1482 ubi
3423 1429 3690 1482 ardentem
3714 1429 3811 1482 tiar-

2271 1521 2511 1593 taginem
2539 1521 2777 1591 aspexit.
2798 1520 2918 1574 viro
2940 1535 3042 1574 suo
3067 1535 3195 1574 cum
3224 1521 3444 1576 duobus
3481 1521 3609 1575 filiis
3633 1522 3729 1575 suis
3749 1538 3812 1574 oc-

2270 1614 2466 1674 currit.
2488 1614 2650 1684 eique
2668 1613 2808 1668 dixit
2831 1631 2844 1667 :
2886 1611 3008 1666 Vive
3032 1621 3111 1677 tu,
3134 1613 3224 1682 qui
3244 1622 3512 1678 superstes
3537 1629 3642 1664 esse
3662 1610 3810 1664 Karta-

2268 1707 2380 1775 gini
2403 1715 2570 1776 potes,
2595 1721 2720 1758 nam
2745 1722 2840 1774 pro
2872 1705 3022 1758 nobis
3053 1705 3256 1773 frustra
3287 1721 3554 1775 rogasses.
3593 1703 3653 1757 Et
3674 1705 3810 1757 volen-

2273 1798 2416 1853 tibus
2438 1797 2585 1862 ﬁliis,
2610 1798 2754 1852 virili
2787 1798 2995 1864 dolore,
3030 1796 3268 1852 femineo
3295 1797 3506 1862 furore,
3540 1798 3592 1849 in
3626 1798 3810 1850 medium

2269 1905 2328 1943 se
2364 1889 2598 1960 conjecit
2641 1889 2979 1954 incendium,
3005 1889 3195 1942 eodem
3229 1889 3395 1942 modo
3437 1889 3643 1942 exitum
3669 1889 3809 1941 monis

2267 1981 2476 2036 faciens
2527 1989 2771 2035 extrema
2822 1980 3045 2050 regina,
3103 1995 3268 2050 quem
3321 1980 3605 2050 quondam
3660 1979 3809 2034 fect-nt

2267 2074 2462 2142 prima.
2488 2071 2610 2142 Ipsa
2632 2087 2764 2127 vero
2788 2072 2982 2126 civitas
3005 2071 3191 2126 decem
3217 2079 3272 2126 et
3294 2082 3506 2140 septem
3533 2072 3705 2125 diebus
3722 2088 3809 2123 eoa-

2265 2165 2435 2220 tinuis
2463 2166 2616 2232 arsit,
2651 2164 3027 2233 miserumque
3071 2165 3445 2234 spectaculum
3495 2165 3564 2217 de
3606 2163 3808 2216 varianti-

2265 2257 2597 2312 conditionis
2621 2257 2876 2310 humanae
2913 2255 3217 2309 victoribus
3248 2255 3365 2310 suis
3389 2256 3628 2325 prebuit,
3654 2257 3805 2308 diruu-

2264 2365 2371 2418 que
2392 2358 2497 2415 est,
2522 2348 2672 2402 omni
2703 2348 2901 2402 murali
2942 2348 3120 2416 lapide
3155 2348 3209 2400 in
3255 2347 3542 2416 pulverem
3578 2363 3802 2402 converse.

2263 2439 2436 2510 Cujus
2457 2441 2598 2495 situs
2619 2439 2934 2509 hujusmodi
2961 2438 3132 2493 fuisse
3167 2438 3389 2493 dicitur.
3414 2438 3526 2493 Per
3547 2440 3713 2509 viginti
3730 2439 3804 2490 duo

2264 2533 2411 2586 milia
2447 2547 2713 2601 passuum
2757 2546 2917 2585 muro
2944 2531 3218 2600 amplexa,
3252 2538 3370 2584 toto
3408 2547 3556 2600 pene
3582 2530 3702 2584 mari
3724 2530 3802 2582 cis-

2263 2626 2510 2696 gebatur,
2549 2624 2759 2694 absque
2788 2622 3062 2688 faucibus,
3095 2638 3217 2692 qua:
3257 2623 3434 2677 tribus
3481 2623 3690 2676 milibus
3717 2637 3801 2689 pas—

2262 2732 2423 2771 suum
2449 2715 2858 2785 aperiebantur.
2883 2713 2934 2769 ls
2957 2715 3113 2769 locus
3134 2730 3354 2768 murum
3380 2714 3608 2784 triginta
3631 2713 3802 2783 pedibus

2261 2808 2430 2862 latum
2483 2807 2676 2863 habuit
2717 2823 2853 2863 saxo
2888 2808 3178 2877 quadrato,
3220 2808 3276 2860 in
3309 2806 3602 2861 altitudine
3639 2807 3797 2858 cubito-

2259 2916 2385 2954 rum
2409 2902 2498 2955 40.
2543 2901 2678 2968 Arx,
2713 2900 2802 2956 cui
2832 2900 3000 2954 Birsa:
3030 2915 3230 2954 nomen
3261 2899 3386 2965 fuit,
3418 2905 3589 2970 paulo
3622 2897 3798 2968 amplius

2258 3009 2424 3064 quam
2439 2994 2549 3048 duo
2561 2994 2710 3047 milia
2723 3008 2985 3063 passuum
3006 2993 3245 3047 tenebat.
3263 2991 3346 3046 Ex
3359 3008 3474 3046 una
3494 3002 3640 3062 parte
3657 3005 3795 3044 murus

2258 3085 2568 3140 communis
2596 3084 2718 3138 urbi
2742 3092 2796 3139 et
2816 3083 2986 3138 Birsze
3010 3093 3150 3149 erat,
3185 3083 3490 3137 imminens
3522 3083 3668 3145 mari,
3692 3079 3794 3150 quod

2259 3193 2409 3231 mare
2423 3176 2687 3247 Stagnum
2699 3176 2921 3231 dicitur.
2939 3175 3108 3246 Igitur
3119 3175 3358 3245 Kartago
3369 3173 3795 3246 septingentesimo

2256 3285 2402 3324 anno
2437 3277 2731 3338 postquam
2779 3267 2998 3322 condita
3041 3277 3127 3322 est
3173 3267 3350 3322 deleta
3405 3277 3526 3332 est,
3569 3264 3794 3320 multitudu

2256 3361 2438 3416 omnis
2459 3359 2822 3429 captivorum,
2849 3359 3092 3429 exceptis
3116 3359 3305 3429 paucis
3335 3358 3682 3428 principibus,
3704 3371 3795 3407 vcn-

2255 3452 2367 3507 dita
2395 3461 2498 3507 est.
2531 3451 2609 3506 lta
2638 3460 2837 3522 quarto
2867 3460 3157 3522 postquam
3184 3460 3430 3520 emptum
3467 3460 3552 3506 est
3580 3467 3703 3504 anno
3720 3458 3794 3498 ter-

2255 3544 2682 3600 ciumPunicum
2710 3543 2911 3598 bellum
2930 3543 3405 3598 esttcrminatum.
3431 3541 3614 3613 Scipio
3645 3554 3790 3594 nomen

2254 3637 2401 3708 quod
2430 3653 2566 3692 avus
2596 3636 2716 3706 ejus
2737 3644 3044 3706 acceperat,
3067 3636 3290 3701 meruit,
3321 3635 3535 3690 scilicet
3555 3644 3611 3689 ut
3628 3641 3792 3703 propter
3836 3641 3837 3673 ι

2253 3729 2510 3783 virtutem
2551 3728 2718 3783 etiam
2749 3728 2864 3797 ipse
2894 3726 3188 3782 Africanus
3212 3727 3404 3796 junior
3435 3736 3716 3782 vocaretur.

2323 3817 2527 3874 Eodem
2557 3834 2701 3872 anno
2744 3817 3104 3880 Cborinthus.
3146 3817 3499 3873 nobilissima
3536 3816 3712 3871 Grecis:
3737 3813 3790 3862 ri-

2252 3911 2415 3975 vitas,
2449 3911 2712 3965 subversa
2754 3919 2838 3964 est
2866 3909 3120 3964 incendio
3146 3925 3177 3963 a
3200 3908 3472 3964 Mummio
3500 3909 3569 3940 ²⁹⁸
3598 3904 3784 3963 consule.

2253 3999 2355 4055 Ubi
2391 4016 2538 4065 cum,
2589 4009 2808 4071 propter
2849 3999 3254 4054 multitudinem
3290 4008 3345 4054 et
3369 3999 3673 4054 varietatem
3707 4005 3788 4047 su-

2253 4101 2470 4147 tuarum
2495 4092 3084 4162 simulachrorumque,
3114 4091 3166 4145 in
3196 4091 3290 4145 illo
3316 4100 3485 4146 tantae
3503 4088 3713 4146 civitatis
3731 4085 3790 4135 in—

2251 4184 2446 4239 cendio
2479 4184 2746 4254 permixta
2784 4184 2837 4238 in
2880 4199 3051 4238 unum
3081 4184 3226 4249 auri,
3266 4185 3480 4254 argenti
3527 4192 3673 4251 atque
3697 4177 3788 4230 aeris.

2251 4276 2469 4333 metalla
2511 4276 2780 4341 fluissent,
2811 4291 3014 4330 novum
3059 4291 3234 4346 genus
3263 4276 3468 4330 metalli
3512 4275 3691 4329 factum
3710 4277 3780 4321 cst-

2252 4367 2406 4422 Unde
2438 4384 2612 4438 usque
2654 4368 2836 4435 hodie,
2872 4368 2987 4423 sive
3023 4383 3088 4423 ex
3123 4368 3244 4438 ipso
3286 4367 3402 4423 sive
3435 4384 3502 4422 ex
3542 4363 3781 4421 imitatione

2249 4460 2393 4531 ejus,
2417 4476 2492 4516 aes
2521 4460 2870 4516 Corinthium
2901 4459 3101 4515 dicitur
3122 4468 3177 4514 et
3199 4446 3345 4513 Dvasa
3390 4457 3675 4514 Corinthia.
3703 4449 3780 4504 Hoc

549 4540 780 4596 canibus
819 4546 1212 4601 committebat.
1244 4548 1373 4604 Post
1396 4553 1789 4622 octogesimum
1814 4564 2026 4610 sextum
2050 4573 2154 4612 an-
2175 4570 2227 4630 υ
2255 4559 2498 4622 tempore
2522 4561 2634 4607 tres
2658 4552 2999 4608 celeberrimi
3031 4552 3292 4622 triumphi
3329 4551 3494 4605 simul
3512 4549 3678 4604 Bonna:
3695 4543 3778 4596 Im“

540 4645 680 4686 num
706 4635 891 4704 genuit
911 4635 1105 4704 filium,
1137 4641 1226 4694 cui
1255 4655 1453 4697 nomen
1486 4643 1588 4698 fuit
1613 4644 1915 4710 Metbuma,
1941 4649 2141 4704 nichil-

545 4738 656 4793 que
683 4726 828 4796 quod
848 4727 1070 4797 juvenis
1093 4729 1222 4787 fecit
1247 4748 1366 4788 aavo
1401 4735 1596 4791 ultimo
1631 4738 1983 4807 pretermisit.
2017 4739 2137 4796 Mo-

545 4815 696 4874 riens
751 4818 920 4890 igitur
956 4823 1028 4877 44
1054 4822 1195 4880 ﬁlios
1225 4826 1466 4897 reliquit,
1497 4827 1639 4884 inter
1673 4845 1811 4900 quos
1839 4831 2134 4889 divisorem

543 4919 667 4960 esse
705 4907 1017 4980 Scipionem
1043 4913 1229 4984 jussit.
1270 4915 1382 4982 Qui
1404 4927 1694 4988 postquam
1728 4921 1868 4976 inter
1891 4938 1988 4978 eos
2017 4922 2133 4978 Nu-

544 4997 728 5053 midia:
753 5016 980 5073 regnum
1002 5005 1206 5073 divisit,
1241 5007 1591 5078 Kartaginem
1616 5028 1868 5069 reversus
1895 5022 1998 5069 est.

612 5087 773 5177 Anno
802 5108 834 5147 a
863 5093 1034 5152 Roma
1076 5099 1294 5154 condita
1323 5101 1792 5172 scxingentesimo
1828 5115 2001 5171 sexto,
2041 5107 2137 5177 qui

541 5185 630 5230 est
675 5176 1077 5251 Phylometoris
1111 5189 1263 5256 32“,
1319 5206 1444 5244 cum
1492 5193 1699 5246 clarum
1745 5204 1892 5249 esset
1935 5176 2135 5253 nomen

542 5265 839 5339 Scipionis,
862 5274 1083 5344 juvenis
1107 5280 1285 5336 adhuc
1311 5283 1505 5337 consul
1533 5283 1712 5340 factus
1749 5297 1853 5353 est,
1876 5297 1931 5343 et
1955 5289 2136 5346 delere

538 5357 888 5434 liartaginem
936 5385 1188 5439 suprema
1231 5382 1379 5429 sorte
1419 5376 1662 5443 molitus,
1711 5377 2012 5435 Cothonem
2051 5382 2136 5436 in-

536 5468 759 5524 gressus
782 5466 882 5514 est.
919 5458 1022 5515 Ubi
1047 5477 1172 5517 cum
1204 5479 1299 5520 sex
1330 5465 1524 5523 diebus
1545 5469 1820 5525 continuis
1850 5472 2133 5529 noctibus-

2252 4651 2419 4698 runt:
2446 4643 2691 4701 Africani
2715 4661 2782 4699 ex
2821 4645 3030 4710 Africa,
3057 4653 3185 4699 ante
3211 4644 3373 4714 cujus
3394 4658 3612 4698 currum
3632 4639 3780 4692 ductes

2247 4744 2330 4790 est
2363 4735 2656 4790 Hastrubal
2682 4754 2696 4802 ;
2727 4735 2925 4791 Metelli
2951 4752 3021 4793 cx
3061 4735 3402 4801 Macedonia,
3429 4735 3586 4804 cujus
3609 4737 3776 4784 cum

2245 4828 2512 4896 processit
2554 4827 2914 4886 Andariscus.
2956 4828 3050 4897 qui
3093 4837 3150 4881 et
3186 4826 3680 4897 Pseudophilipan.
3711 4828 3776 4870 Νι

2242 4918 2598 4974 Macedonum
2627 4937 2641 4985 ;
2687 4918 2931 4972 Mummii
2958 4920 3026 4951 ’³⁸
3053 4935 3122 4973 ex
3165 4917 3455 4982 Corintho,
3503 4927 3622 4970 ante
3657 4920 3774 4991 (ιυςυι

2240 5011 2394 5082 signa
2421 5025 2573 5065 aenea
2601 5019 2658 5065 et
2692 5011 2850 5080 picta:
2891 5011 3090 5066 tabula:
3119 5021 3173 5065 et
3202 5012 3307 5066 alia
3333 5011 3482 5065 urbis
3512 5003 3773 5063 clarissim

2240 5109 2564 5155 ornamenta
2599 5102 2806 5170 prelata
2849 5110 2997 5156 sunt.
3043 5100 3334 5155 Interfecto
3365 5111 3542 5154 autem
3583 5091 3770 5148 PseuJU‘

2239 5195 2502 5264 philippo,
2545 5193 2639 5264 qui
2700 5194 2802 5248 sibi
2844 5193 3215 5249 Macedoniam
3249 5192 3550 5262 usurpavit,
3588 5189 3770 5247 itemqu

2239 5286 2670 5356 Pseudopersco,
2709 5287 2803 5356 qui
2848 5303 2908 5341 se
2948 5286 3127 5341 Persei
3163 5287 3333 5340 filium
3371 5283 3607 5355 jactavit.
3641 5277 3770 5328 Matr-

2241 5381 2414 5435 dones
2433 5381 2676 5449 gentium
2698 5381 2952 5434 dominos
2970 5381 3038 5412 ³⁰⁰
3061 5380 3294 5434 Romani
3307 5379 3572 5450 principes
3592 5371 3768 5426 trimi:-

2241 5472 2356 5527 rios
2371 5471 2638 5538 fecerunt,
2659 5487 2790 5544 regn
2801 5488 3004 5542 umque
3015 5472 3371 5528 Macedonum
3383 5472 3590 5530 defecit.
3608 5463 3764 5536 {illa}

1837 5623 2070 5680 VARI/ﬁ
2125 5625 2524 5683 LECTIONES.

560 5754 954 5858 ...Ἱῖξέξῗὲξηθζο
994 5765 1863 5858 Ϊῖῗ--ξ’ξηΨ’.¹¹¹ί⁰.ζζ²ὝὲἷξΒξέέέξίτέν
1891 5770 1958 5858 in,
1977 5771 2234 5858 θαιιξξςέι]
2257 5751 2585 5858 metu”:
2635 5773 2730 5858 fit
2758 5769 2910 5858 φερ-
2934 5769 3140 5858 ,ιι-,είυί
3167 5771 3329 5858 ιιιιςεε
3355 5771 3412 5858 εί
3461 5769 3618 5858 _':p.
3641 5783 3682 5819 ιιι

547 5833 605 5905 _"'
630 5833 879 5886 nummio
907 5833 958 5889 5.
994 5837 1263 5891 muminio
1287 5838 1338 5890 .l.
1419 5838 1486 5869 ’⁸³
1522 5839 1771 5892 muminii
1798 5841 1848 5893 li.
1890 5833 2253 5896 numiniiﬂ“.
2309 5833 2400 5873 ’³⁰⁰
2440 5843 2648 5898 domini
2686 5843 2749 5896 Β.
2784 5842 3102 5897 tributarios
3151 5858 3208 5899 se
3249 5842 3480 5897 fecerunt
3511 5833 3594 5895 9":
