3876 6306
109 318 184 372 £29

160 429 330 484 Statius
357 423 584 481 Cecilius
623 420 994 477 comediarum
1041 419 1274 490 scriptor
1305 417 1488 474 clarus
1522 419 1617 471 ha-
1650 419 1693 478 Α

109 526 227 578 betur
252 519 328 599 his
347 516 549 581 diebus,
578 513 672 584 qui
694 513 916 572 natione
946 511 1153 572 Gallus.
1179 511 1292 566 sive
1321 520 1380 566 ut
1408 510 1500 565 alii
1530 510 1617 566 di-

108 622 202 670 cuut
225 609 549 674 Mediolanus,
594 607 833 678 primum
864 605 1026 661 Ennii
1063 602 1492 669 contubernalis,
1534 617 1620 658 se—

107 704 248 776 quanti
272 717 402 756 anno
437 709 556 770 post
586 708 816 754 mortem
844 699 964 769 ejus
992 707 1244 754 mortuus
1274 705 1376 751 est.
1408 695 1618 752 Ennius

105 814 201 852 vero
235 803 371 868 poeta
402 791 488 845 70°
524 791 698 846 aetatis
747 806 860 846 suae
905 805 1051 846 anno
1100 787 1381 844 articulari
1425 789 1618 842 modio

105 890 241 960 periit,
267 885 597 956 sepultusque
625 892 709 938 est
743 883 800 937 in
830 891 1185 940 monumento
1211 880 1505 950 Scipionis,
1531 880 1617 934 via

105 981 252 1051 Appia,
271 979 396 1033 intra
416 977 647 1047 primum
671 976 740 1033 ab
762 973 909 1032 Urbe
930 973 1247 1030 miliarium.
1275 972 1430 1029 Tunc
1451 973 1615 1029 etiam

105 1068 259 1124 Lucius
275 1066 333 1098 ⁹⁹¹
356 1076 506 1137 poeta
543 1067 804 1122 nascitur.

147 1169 262 1218 Alex.
318 1166 422 1217 Jud.
517 1167 626 1230 Syr.

153 1249 205 1303 11
359 1249 382 1302 1
533 1249 554 1302 1
573 1249 589 1301 l
741 1247 1036 1304 Deﬁeiente
1051 1264 1220 1320 regno
1232 1247 1588 1303 Macedonum
1599 1291 1612 1312 ,

152 1340 204 1394 15
355 1339 388 1392 2
530 1340 598 1392 l2
671 1340 834 1410 coepit
864 1354 1092 1412 regnum
1134 1338 1471 1405 Judzeorum,
1523 1339 1615 1393 ubi

101 1429 262 1498 primus
283 1445 342 1484 eo
367 1438 603 1499 tempore
631 1429 996 1500 principatum
1041 1431 1262 1485 tenebat
1291 1429 1463 1485 ludas
1497 1429 1612 1484 Illa-

98 1523 298 1577 chabaeus
325 1521 478 1578 annis
505 1523 559 1585 5,
594 1523 662 1576 ab
691 1537 838 1576 anno
866 1522 935 1576 47
965 1523 1115 1593 regni
1161 1521 1481 1589 Grecorum,
1519 1522 1612 1592 qui

98 1623 159 1668 est
179 1615 279 1668 ll"
307 1612 711 1686 Phylomitoris,
755 1614 882 1668 ll“
921 1629 1052 1669 vero
1099 1615 1355 1670 Antiochi
1379 1613 1615 1671 lllustris

98 1703 174 1773 (Cf.
201 1701 380 1774 litem).

148 1796 198 1850 l6
351 1797 384 1850 5
563 1797 586 1850 1
741 1795 901 1867 (108.)
962 1796 1267 1851 Antiochus
1328 1795 1607 1867 Eupator,

146 1886 197 1938 17
347 1888 378 1940 4
554 1887 591 1942 2
665 1888 809 1942 ﬁlius
827 1888 1078 1943 Antiochi
1094 1886 1348 1954 Illustris,
1367 1888 1613 1958 regnavit

93 1977 132 2030 in
157 1977 290 2048 Syria
319 1980 466 2035 annis
496 1981 737 2036 duobus.

1647 1762 1693 1822 Β

985 2074 1129 2129 Anni
1155 2075 1225 2128 ab
1253 2073 1418 2127 inicio
1449 2071 1608 2127 5800.

143 2162 192 2216 13
343 2164 374 2219 5
555 2165 580 2220 1
732 2165 1042 2222 Demetrius
1081 2166 1292 2222 Seleuci
1328 2165 1474 2220 ﬁlius
1501 2165 1611 2220 fra-

91 2252 161 2307 tris
187 2253 406 2310 Antiochi
435 2255 689 2323 lllustris,
721 2259 905 2314 occiso
932 2259 1204 2314 Antiocho
1225 2257 1516 2329 Eupatore,
1544 2259 1609 2313 ﬁ-

88 2344 140 2397 lio
158 2345 210 2376 ³⁰¹
245 2347 408 2415 patrui
451 2347 520 2378 ⁸⁰³
550 2349 658 2411 sui,
714 2349 960 2420 regnavit
1009 2350 1063 2403 in
1111 2349 1264 2422 Syria
1317 2352 1475 2406 annis
1523 2352 1606 2405 11.

89 2431 159 2489 llic
182 2436 237 2466 ³⁰⁸
259 2436 434 2493 habuit
468 2439 613 2494 lilios
642 2440 807 2508 duos,
844 2439 1179 2498 Demetrium
1223 2442 1327 2497 sibi
1368 2443 1612 2513 mquivo-

87 2541 179 2578 eum
205 2535 249 2580 et
276 2526 620 2591 Antiochum,
650 2531 744 2599 qui
775 2530 954 2586 dictus
992 2531 1203 2587 Sedites
1233 2533 1316 2586 vel
1357 2531 1572 2588 Sother.

136 2617 186 2670 l9
342 2620 362 2673 1
545 2620 582 2674 2
725 2620 1018 2687 Jonathas,
1071 2622 1240 2678 frater
1285 2621 1438 2678 Iudae
1492 2623 1607 2678 Ma-

83 2705 248 2772 chabci,
277 2719 391 2778 post
430 2719 663 2765 mortem
705 2712 827 2782 ejus
849 2715 1089 2783 suscepit
1129 2713 1517 2784 principatum,
1556 2725 1611 2770 et

82 2812 152 2863 per
175 2816 322 2858 annos
362 2803 424 2858 18
474 2814 698 2860 strenue
743 2807 882 2861 rexit
924 2807 1208 2877 populum.
1257 2807 1464 2877 alma.)
1512 2807 1607 2864 llis

81 2898 354 2965 temporibus
379 2901 730 2955 Aristobolus
752 2901 1002 2972 equidem
1036 2903 1411 2975 phy1050phus
1451 2919 1604 2957 com-

80 2989 316 3044 mentarios
343 2991 562 3062 scripsit
598 2993 654 3047 in
685 2992 856 3049 libros
895 2991 1090 3066 Moysi,
1121 3004 1173 3050 et
1209 2991 1402 3064 optulit
1433 2992 1605 3048 Ptho-

76 3079 213 3134 lnmeo
234 3083 352 3153 regi.

555 2165 580 2220 1

1631 3115 1672 3171 C

123 3195 175 3248 27
332 3200 362 3253 9
511 3201 577 3254 10
949 3200 1141 3256 Annus
1169 3202 1602 3258 sexcentesimus

125 3287 177 3340 28
303 3292 364 3345 10
508 3293 572 3346 11
1005 3293 1074 3347 ab
1103 3292 1247 3348 Urbe
1274 3294 1512 3350 condita.

121 3379 174 3433 29
303 3385 352 3437 ll
547 3385 567 3438 1
720 3385 1046 3452 Alexander,
1074 3386 1202 3440 item
1231 3385 1375 3442 ﬁlius
1405 3388 1598 3441 Antio-

123 3470 178 3524 50
305 3476 368 3530 l2
549 3476 585 3530 2
657 3476 744 3532 chi
783 3475 1038 3544 Illustris,
1089 3477 1256 3532 frater
1286 3478 1597 3548 Eupatoris,

120 3561 167 3613 51
299 3567 362 3620 15
542 3567 576 3620 5
646 3568 831 3622 occiso
861 3567 1156 3634 Demetrio,
1184 3570 1363 3638 patrui
1395 3570 1478 3624 sui
1505 3569 1599 3625 Se-

119 3651 172 3704 52
222 3653 230 3662 ’
298 3655 360 3710 14
545 3657 579 3712 4
651 3657 792 3712 leuci
847 3657 990 3725 ﬁlio,
1041 3660 1291 3730 regnavit
1341 3661 1499 3715 annis
1543 3662 1594 3716 4.

69 3739 141 3796 llic
162 3745 341 3804 ducens
361 3749 730 3820 Cleopatram,
762 3749 1067 3806 Ptholomei
1105 3753 1247 3822 regis
1283 3753 1472 3819 ﬁliam,
1504 3769 1597 3825 ge-

66 3838 154 3891 nuit
175 3855 229 3893 ex
257 3857 312 3895 ea
344 3843 703 3899 Antiochum.

116 3947 170 4000 55
295 3954 358 4009 15
541 3957 566 4010 1
717 3955 880 4029 (108.)
936 3957 1265 4024 Demetrius,
1307 3958 1451 4014 ﬁlius
1496 3958 1599 4013 De-

113 4037 167 4092 51
294 4045 358 4099 16
542 4047 578 4100 2
652 4049 853 4115 metrii,
885 4065 1046 4120 quem
1093 4049 1402 4106 Alexander
1446 4051 1597 4106 occi-

113 4126 169 4184 53
296 4138 358 4190 17
544 4141 578 4194 5
646 4141 745 4208 dit,
774 4157 1000 4213 regnum
1026 4159 1092 4199 eo
1120 4145 1335 4199 vivente
1373 4145 1593 4210 invasit,

62 4222 126 4274 tui
182 4224 521 4288 Ptholomeus
579 4231 930 4305 Phylometor
967 4308 970 4310 γ
1006 4235 1352 4306 Cleopatram
1429 4236 1592 4290 ﬁliam

63 4327 180 4370 suam
235 4321 538 4380 Alexandro
595 4325 837 4380 ablatam
903 4327 1227 4396 conjunxit,
1301 4327 1595 4398 occisoque

60 4404 332 4480 Alexandro,
363 4415 613 4486 regnavit
659 4416 966 4491 Demetrius
982 4417 1142 4472 annis
1182 4417 1444 4488 quinque,
1498 4418 1592 4473 sed

60 4496 209 4563 quinto
244 4515 428 4574 captus
469 4517 554 4562 est
600 4508 669 4562 ab
694 4508 898 4564 Arsace
939 4507 1263 4564 Parthorum
1301 4525 1446 4580 rege.
1491 4509 1595 4565 Re-

59 4599 215 4654 gnante
235 4604 409 4652 autem
433 4599 616 4653 adhuc
644 4598 937 4665 Demetrio,
962 4598 1205 4670 Triphon
1234 4600 1454 4671 quidam
1472 4616 1596 4672 par—

60 4677 163 4732 tium
210 4683 493 4743 Alexandri
541 4691 666 4744 tulit
711 4690 1071 4757 Antiochum,
1122 4691 1292 4746 ﬁlium
1349 4692 1593 4763 ejusdem

56 4769 322 4846 Alexandri,
353 4790 406 4836 et
436 4783 565 4837 licet
595 4783 774 4839 adhuc
798 4785 1029 4853 parvulo
1059 4783 1310 4840 diadema
1339 4785 1598 4855 imposuit

56 4871 100 4915 ιιι
128 4881 372 4938 regnaret,
405 4873 502 4928 sed
529 4882 727 4944 quarto
761 4875 974 4944 imperii
1013 4875 1133 4945 ejus
1164 4891 1309 4930 anno
1342 4874 1468 4929 dolo
1499 4890 1594 4929 oc-

56 4953 156 5011 cidit
180 4974 314 5027 eum,
340 4965 571 5035 ipseque
611 4967 875 5036 regnavit.
913 4965 1018 5022 Sed
1049 4975 1103 5022 et
1145 4967 1248 5022 hoc
1295 4966 1464 5022 tercio
1508 4967 1594 5021 sui

55 5051 173 5116 regni
206 5069 340 5109 anno
396 5057 704 5125 interfecto,
760 5061 1062 5116 Antiochus
1122 5059 1288 5116 frater
1337 5061 1591 5118 Demetrii

54 5146 275 5211 regnavit,
305 5150 392 5205 eui
423 5150 711 5222 CleOpatra
749 5153 936 5210 fratris
971 5169 1109 5209 uxor
1149 5156 1352 5225 nupsit,
1383 5157 1448 5212 de
1485 5174 1592 5227 qua

53 5229 189 5290 ﬁlium
235 5245 470 5315 suscepit
510 5247 731 5302 nomine
773 5248 1123 5313 Antiochum,
1163 5251 1257 5318 qui
1291 5250 1470 5305 dictus
1511 5262 1595 5307 est

53 5320 296 5390 Cizieenus
329 5351 358 5390 a
384 5338 606 5394 civitate
629 5338 834 5406 Cizico,
865 5341 917 5396 in
949 5357 1056 5411 qua
1083 5344 1322 5400 nutritus
1350 5353 1452 5400 est.
1492 5345 1594 5400 De—

52 5420 240 5477 metrius
269 5441 510 5497 quoque,
544 5429 713 5484 frater
741 5431 1016 5496 Antiochi,
1049 5448 1112 5487 ex
1143 5434 1328 5488 eadem
1367 5434 1594 5504 Cleopa-

1623 4467 1674 4528 Ιὶ

951 306 1042 362 Cll
1095 304 1321 362 ONlCA.
1364 298 1432 347 -ὲ
1469 299 1864 358 (21111οΝ16οΝ
1904 299 2368 356 UNIVERSALE.

3216 310 3322 365 650

1725 421 1806 468 tra
1835 411 2008 468 ﬁlium
2056 411 2246 468 habuit
2285 411 2534 498 ejusdem
2567 414 2806 470 nominis
2843 417 3192 486 Antiochum,
3223 417 3318 492 qui

1722 504 1904 560 dict-us
1952 513 2035 558 est
2079 502 2340 574 Griphus.
2391 502 2457 558 lli
2506 503 2617 558 duo
2647 503 2845 562 fratres
2891 508 3146 565 Antiochi
3185 512 3316 568 dicti

1723 604 1911 667 postea
1934 595 2002 650 de
2029 611 2200 666 regno
2227 596 2646 652 contenderunt.
2672 597 2998 669 Antiochus,
3023 603 3316 663 Alexandri

1722 687 1889 751 ﬁlius,
1923 687 2181 759 imposito
2210 687 2314 743 sibi
2343 688 2646 745 diademate
2672 705 2702 744 a
2736 689 3033 762 Triphone,
3069 699 3316 770 regnavit

1721 788 1913 835 contra
1945 777 2276 834 Demetrium
2302 781 2463 836 annis
2488 782 2542 847 4,
2575 782 2669 837 sed
2697 793 2895 854 quarto
2920 802 3065 842 anno
3102 790 3171 845 ab
3215 807 3314 848 eo-

1721 872 1842 927 dem
1875 870 2152 945 Triphone
2175 889 2269 944 per
2298 872 2484 928 dolum
2508 873 2727 929 occisus
2751 886 2852 932 est.

1762 979 1910 1030 Alex.
1977 979 2092 1028 Jud.
2220 980 2329 1043 Syr.

1829 1062 1854 1115 1
2007 1061 2072 1115 18
2256 1063 2289 1116 4
2434 1061 2641 1135 (litem)
2657 1064 3008 1123 Ptholomeus
3021 1068 3312 1143 Evergetes

1720 1157 1996 1213 secundus
2028 1158 2276 1228 regnavit
2318 1157 2662 1215 Alexandria:
2695 1162 2855 1216 annis
2885 1162 2976 1230 29,
3020 1181 3050 1218 a
3099 1175 3313 1224 restau-

1719 1249 1928 1304 ratione
1967 1249 2153 1319 templi
2194 1265 2340 1305 anno
2380 1250 2528 1305 388°.
2561 1250 2658 1322 (Η.
2706 1251 2807 1324 Μ.)
2841 1253 2938 1310 1118
2972 1257 3311 1327 temporibus

1718 1337 1908 1394 Roma:
1936 1355 2072 1410 puer
2105 1355 2172 1416 ex
2202 1339 2398 1394 ancilla
2431 1349 2594 1395 natus
2621 1349 2706 1396 est
2728 1344 3059 1416 quadrupes,
3088 1347 3312 1416 quadri-

1717 1448 1937 1498 manus,
1976 1431 2152 1486 oculis
2187 1439 2445 1502 quatuor,
2491 1431 2720 1487 auribus
2763 1433 3012 1500 totidem,
3055 1445 3310 1493 naturam

1715 1524 1927 1580 virilem
1981 1523 2253 1594 duplicem
2308 1523 2537 1578 habens.
2601 1523 2661 1578 ln
2722 1524 3134 1582 Boniniensi'“
3179 1544 3310 1600 agro

1717 1617 1903 1690 fruges
1927 1617 1989 1674 in
2007 1617 2298 1673 arboribus
2327 1625 2469 1672 nata:
2490 1625 2638 1673 sunt.

1824 1729 1859 1782 2
2044 1729 2069 1782 1
2257 1729 2290 1782 5
2437 1727 2598 1799 (Jos.)
2651 1727 2886 1801 Symon,
2948 1729 3112 1786 frater
3157 1730 3312 1788 Iuda:

1715 1830 1771 1877 et
1822 1821 2103 1888 Jonathaz,
2156 1831 2278 1892 post
2323 1831 2556 1877 mortem
2611 1838 2825 1890 eorum,
2859 1824 2996 1879 rexit
3049 1825 3310 1895 populum

1716 1915 2031 1973 Judatorum
2063 1918 2222 1972 annis
2255 1927 2399 1972 octo.

1823 2037 1856 2090 5
2035 2036 2069 2089 2
2252 2037 2276 2089 1
2429 2036 2708 2108 Triphon,
2764 2040 2948 2094 occiso
3007 2040 3308 2107 Antiocho,

1821 2128 1855 2181 ιι
2034 2128 2066 2181 5
2247 2128 2282 2182 2
2355 2129 2605 2200 regnavit
2631 2129 2792 2184 annis
2817 2129 3016 2195 tribus,
3043 2131 3137 2186 sed
3163 2147 3314 2187 anno

1821 2219 1855 2273 5
2033 2219 2066 2272 4
2251 2221 2284 2274 5
2356 2221 2528 2275 tercio
2590 2221 2754 2275 etiam
2803 2221 2920 2291 ipse
2961 2222 3030 2254 ³⁰⁶
3089 2223 3309 2279 occisus

1713 2318 1815 2370 cst.

1824 2410 1856 2464 6
2039 2414 2072 2466 ὅ
2255 2414 2278 2466 1
2432 2415 2756 2481 Antiochus,
2782 2416 2876 2487 qui
2899 2425 2949 2471 et
2983 2415 3194 2473 Sedites
3226 2424 3312 2472 est

1712 2504 2034 2574 appellatus,
2061 2504 2229 2560 frater
2251 2505 2533 2574 Demetrii,
2559 2516 2850 2578 postquam
2874 2518 3066 2578 captus
3088 2518 3174 2565 est
3195 2507 3312 2563 fra-

1711 2601 1792 2649 ter
1832 2595 1950 2666 ejus
1991 2612 2020 2649 a
2055 2612 2180 2666 rege
2214 2595 2565 2663 Parthorum,
2599 2599 2714 2669 ipse
2757 2601 3004 2669 regnavit
3029 2601 3192 2656 annis
3217 2601 3306 2666 15,

1710 2685 1930 2742 fratrem
1959 2705 1988 2742 a
2021 2689 2332 2759 captivitate
2357 2689 2626 2756 liberavit,
2673 2690 2766 2759 qui
2818 2700 2941 2760 post
2992 2691 3172 2760 ipsum
3220 2706 3308 2745 re-

1709 2779 1910 2849 gaevit.

1781 2871 1846 2924 10
2030 2874 2054 2926 1
2237 2874 2270 2929 5
2418 2875 2550 2944 (los.
2588 2891 2706 2939 xm,
2745 2875 2856 2943 15.)
2880 2873 3176 2940 Iohannes,
3211 2875 3307 2944 qui

1707 2970 1760 3016 et
1810 2961 2116 3033 Hyrcanus,
2155 2966 2300 3021 ﬁlius
2335 2965 2610 3037 Symonis,
2661 2966 2946 3022 interfecto
2989 2975 3142 3036 patre
3176 2982 3305 3023 cum

1707 3054 1923 3112 duobus
1975 3057 2101 3114 ﬁliis
2155 3057 2209 3111 in
2261 3059 2513 3114 convivio
2560 3075 2656 3130 per
2692 3059 2920 3114 insidias
2977 3059 3163 3130 generi
3213 3061 3303 3114 sui

1706 3148 2034 3217 Ptholomei‘,
2072 3152 2167 3221 qui
2189 3160 2307 3206 erat
2335 3152 2445 3206 dux
2475 3151 2622 3206 circa
2644 3151 2921 3217 Hiericho,
2950 3151 3125 3207 tenuit
3145 3152 3307 3222 prin--

1709 3243 1951 3314 eipatum
1985 3242 2298 3298 Judteorum
2329 3244 2490 3299 annis
2517 3243 2739 3314 triginta
2775 3252 2830 3298 et
2874 3258 3004 3297 uno.
3048 3242 3146 3298 Hic
3171 3259 3304 3299 con-

1707 3345 1789 3391 tra
1816 3333 2084 3391 llircanos
2104 3335 2307 3391 bellum
2332 3351 2546 3407 gerens,
2571 3334 2845 3392 llircanus
2871 3336 3174 3406 appellatus
3195 3348 3299 3392 est.

1706 3426 2089 3496 (illam—105.
2124 3427 2188 3482 de
2228 3427 2347 3480 bell.
2375 3427 2529 3494 Jud.,
2557 3433 2594 3493 t',
2623 3426 2831 3498 5.).1110
2860 3429 2944 3483 vir
2973 3429 3132 3498 plane
3168 3429 3302 3484 bea-

1706 3519 1980 3584 tissimus,
2016 3519 2118 3573 tria
2151 3519 2388 3573 maxime
2419 3519 2690 3589 praeeipua
2713 3519 2865 3574 solus
2899 3519 3149 3585 habebat,
3172 3519 3300 3590 quia

1703 3611 1812 3666 dux
1843 3621 1897 3666 et
1931 3609 2177 3682 pontifex
2208 3619 2260 3666 et
2301 3611 2564 3680 propheta
2590 3620 2726 3675 erat,
2761 3625 2886 3665 cum
2919 3626 3029 3679 quo
3056 3609 3200 3666 Deus
3232 3609 3301 3641 ³⁰¹

1703 3705 1775 3758 ita
1811 3704 2240 3774 colloquebatur,
2273 3713 2334 3758 ut
2363 3702 2672 3758 futurorum
2704 3703 2870 3758 nichil
2891 3703 3113 3774 penitus
3139 3703 3299 3774 1εοοκ

1699 3806 1864 3851 raret.
1907 3794 2114 3866 (111811.)
2167 3794 2267 3850 Hie
2312 3795 2498 3865 praelia
2556 3794 2728 3849 multa
2779 3794 3003 3866 peregit,
3057 3794 3298 3865 primum

1701 3895 1890 3940 contra
1914 3885 2296 3941 Ptholomeum
2330 3884 2540 3939 sororis
2573 3899 2686 3939 suae
2719 3883 2923 3950 virum,
2959 3883 3157 3939 deinde
3193 3882 3298 3938 Sa-

1701 3978 1929 4032 mariam
1958 3977 2246 4032 obsidione
2269 3984 2485 4046 captam
2518 3976 2635 4030 solo
2657 3975 2980 4046 coaequavit,
3006 3992 3173 4046 quam
3196 3975 3296 4046 po-

1700 4081 1816 4124 stea
1849 4068 2090 4124 Herodes
2125 4071 2468 4135 instaurans,
2502 4067 2769 4122 Scbasten
2799 4068 2853 4121 in
2881 4068 3145 4123 honorem
3178 4068 3295 4123 Au-

1699 4161 1844 4232 gusti
1891 4160 2199 4231 appollavit.
2236 4160 2542 4214 Antiochus
2583 4174 2822 4228 quoque,
2859 4174 3022 4228 quem
3071 4159 3295 4230 quidam

1701 4252 1958 4318 Seditem,
1990 4252 2213 4322 quidam
2241 4266 2370 4306 vero
2398 4250 2704 4322 Spendium
2736 4258 2954 4318 vocant,
2988 4249 3155 4306 frater
3189 4251 3296 4307 De-

1699 4345 1900 4412 metrii,
1932 4345 2141 4415 pridem
2189 4343 2418 4416 Symoni
2471 4341 2741 4408 infensus,
2767 4341 3008 4398 secundo
3057 4341 3294 4414 Hyrcani

1700 4453 1864 4501 anno,
1898 4438 2134 4492 adducto
2165 4435 2431 4500 exercitu,
2471 4433 2849 4490 Hierosolimis
2901 4435 3116 4490 obsedit
3152 4433 3296 4505 Hyr-

1699 4547 1918 4588 canum.
1952 4529 2087 4601 (Jos.
2121 4530 2193 4584 ib.
2224 4545 2260 4595 ι,
2285 4529 2340 4599 2)
2371 4529 2438 4582 At
2466 4528 2555 4582 ille
2585 4525 2860 4597 patefacto
2891 4527 3142 4597 sepulcro
3182 4525 3293 4579 Da-

1703 4623 1810 4687 vid,
1850 4623 1973 4693 plus
1999 4637 2167 4693 quam
2197 4621 2302 4676 tria
2328 4620 2478 4674 milia
2502 4619 2834 4674 talentorum
2883 4618 3007 4674 inde
3045 4617 3291 4682 abstulit,

1700 4713 1951 4783 datisque
1981 4712 2246 4767 trecentis
2277 4711 2570 4776 Antiocho,
2606 4719 2665 4764 ut
2692 4725 2722 4764 a
2753 4709 2972 4764 civitate
3017 4708 3292 4763 recederet

1701 4805 1988 4875 persuasit.
2027 4803 2091 4859 Et
2118 4814 2179 4859 ut
2211 4802 2339 4858 facti
2371 4803 2566 4857 leniret
2595 4801 2876 4866 invidiam,
2903 4800 3076 4855 fertur
3099 4815 3166 4853 ex
3189 4800 3292 4854 hac

1702 4897 1932 4968 pecunia
1981 4896 2286 4951 instituisse
2331 4894 2672 4951 xenodochia
2699 4935 2712 4958 ,
2754 4893 2956 4962 quibus
2989 4891 3293 4961 susciperet

1701 5008 1966 5063 pauperes
1989 5000 2046 5046 et
2076 4992 2413 5062 peregrinos.
2450 4990 2699 5060 Cumque
2741 4987 3175 5043 fortunatissime
3205 4988 3288 5041 vi-

1702 5091 1850 5136 veret
1878 5097 1973 5151 per
1994 5096 2170 5136 annos
2204 5082 2272 5134 50
2294 5091 2348 5134 et
2387 5096 2580 5144 unum,
2613 5079 2814 5149 optime
2844 5078 3008 5133 rebus
3029 5077 3288 5132 ammini-

1701 5175 1907 5238 stratis,
1971 5173 2222 5239 moritUr,
2276 5173 2520 5242 quinque
2577 5170 2705 5225 ﬁliis
2758 5169 2982 5224 relictis.
3041 5168 3288 5236 Quorum

1703 5267 1978 5322 maximus
2022 5274 2154 5320 natu
2207 5264 2583 5330 Aristobolus,
2636 5263 2904 5319 translato
2949 5262 3002 5316 in
3055 5277 3287 5333 regnum

1702 5360 2030 5429 principatu,
2083 5358 2294 5427 primus
2324 5357 2468 5428 apud
2510 5355 2726 5413 Iudaeos
2767 5357 3016 5413 diadema
3052 5356 3154 5411 sibi
3186 5341 3288 5408 inT-

1703 5453 1903 5521 posuit,
1936 5450 2040 5504 598
2074 5451 2232 5504 annis
2261 5466 2321 5504 ac
2348 5451 2522 5505 tribus
2558 5451 2839 5506 mensibus
2895 5450 3101 5506 exactis
3135 5457 3288 5519 post_

1327 5563 1556 5618 VARIzE
1596 5561 1994 5618 LECTlONES.

106 5667 388 5728 "‘lucilius
429 5676 510 5728 ll.
625 5677 692 5707 '°'
733 5679 869 5731 deest
904 5679 954 5730 ιι.
991 5679 1048 5731 9η

1167 5680 1233 5708 ³⁰³
1283 5689 1474 5746 patruo
1509 5693 1607 5732 suo
1633 5679 1683 5731 1.

50 5732 102 5767 ³⁹ε
133 5755 172 5792 e.
212 5742 242 5794 i.
287 5762 333 5797 a.
368 5755 406 5798 t.
446 5747 499 5816 5,
527 5763 668 5802 anno
709 5750 878 5804 tercio
917 5750 1030 5816 ipse
1071 5750 1239 5803 eciam
1272 5732 1354 5803 οο.

1793 5677 1862 5707 ³⁰³
1890 5677 1990 5732 llic
2014 5711 2079 5720 ——-
2109 5680 2305 5736 Sother
2333 5682 2516 5736 desunt
2548 5681 2630 5736 10.
2675 5683 2753 5737 11.
2864 5682 2929 5713 ³⁸⁵
2957 5681 3294 5736 boniensirii-

1461 5751 1524 5780 ³⁰⁷
1565 5765 1686 5804 cum
1717 5749 1817 5803 deo
1845 5752 1929 5806 9'.
