3876 6306
568 249 634 303 61'.
646 248 677 302 ῐΔ

1774 254 2152 320 ΕΚΚΕΗΑΒΠ

2253 254 2678 312 'RAUGlENSlS
3699 260 3771 316 ει

567 379 734 436 quam
766 365 1005 445 popqus
1026 366 1094 423 de
1120 366 1447 439 Bableniea
1479 368 1637 424 rediit
1657 369 1988 440 captivitate.
2022 370 2157 427 Fra-
2186 379 2229 433 Α
2262 369 2486 426 invenit.
2525 370 2694 443 lgitur
2723 368 3042 425 Numantini
3072 370 3165 427 diu
3190 370 3434 426 conclusi
3467 379 3517 426 ct
3543 370 3665 429 fame
3690 384 3771 432 ιη-

560 464 704 511 trem
734 456 1067 529 Antigonum
1090 473 1121 512 a
1145 447 1204 515 se
1245 460 1545 515 secundum
1574 468 1727 528 natu,
1746 478 1910 534 quem
1935 462 2158 535 diligere

565 549 874 616 videbatur,
930 551 987 605 in
1037 551 1244 607 honore
1291 553 1408 622 pari
1456 552 1810 625 producebat,
1845 556 1981 611 alios
2023 571 2154 611 vero

562 641 778 697 vinctos
798 642 1061 699 custodize
1084 644 1323 711 tradidit,
1348 654 1712 718 matremque,
1737 663 1927 705 ausam
1948 649 2155 720 aliquid

561 731 630 788 de
652 742 923 804 potestate
938 736 1265 793 contendere
1289 738 1379 803 ³³⁸,
1403 738 1589 794 itidem
1616 741 1888 812 colligavit
1904 739 2160 812 fameque

564 828 799 894 necavit,
848 828 942 883 sed
970 839 1027 883 et
1051 827 1383 902 Antigonum
1415 828 1637 887 fratrem
1675 841 1864 903 postea
1903 832 2150 903 peremit.

562 916 696 974 Post
720 935 909 976 necem
939 937 1071 976 vero
1097 923 1291 978 matris
1323 932 1370 977 (1
1404 922 1661 995 Antigoni
1705 919 1891 980 fratris
1917 926 2032 995 ipse
2067 925 2153 980 di-

562 1010 827 1080 gnissimo
852 1022 1016 1084 atque
1043 1014 1424 1070 crudelissimo
1448 1016 1719 1072 viscerum
1752 1017 1940 1072 dolore
1976 1023 2155 1071 tortus

562 1096 963 1157 detestabiliter~
993 1105 1245 1172 moritur,
1266 1117 1400 1159 'cum
1446 1122 1555 1163 non
1586 1108 1708 1177 plus
1733 1123 1844 1163 uno
1888 1124 2033 1162 anno
2062 1124 2153 1163 re-

562 1201 769 1263 gnaret.
805 1193 954 1251 Uxor
978 1207 1158 1252 autem
1186 1197 1306 1268 ejus
1330 1199 1421 1263 '°’,
1459 1196 1948 1256 fratrumivinculis
1974 1200 2153 1255 disso-

561 1284 713 1353 lutis,
759 1303 939 1358 regem
969 1290 1256 1344 constituit
1299 1290 1693 1356 Alexandrum,
1735 1290 1959 1346 fratrem
2009 1291 2151 1359 ejus,

559 1378 655 1447 qui
694 1387 851 1434 :etate
897 1380 1076 1451 major
1114 1389 1252 1449 erat,
1280 1390 1337 1436 et
1385 1381 1651 1437 modestia
1693 1391 1954 1452 praestare
1998 1383 2151 1436 vide-

565 1468 746 1526 batur.

619 1569 770 1620 Alex.
838 1569 952 1621 Jud.
1056 1571 1167 1634 Syr.

635 1652 702 1705 2-1
856 1651 925 1705 12
1109 1652 1133 1706 1
1284 1651 1615 1722 Demetrius,
1656 1651 1823 1712 frater
1871 1652 2161 1724 Antiochi,

560 1757 661 1813 per
709 1740 949 1796 fratremn
978 1756 1008 1797 a
1055 1744 1369 1813 captivitate
1412 1745 1981 1820 liberatus,.regnavit
2026 1757 2153 1820 post

562 1841 797 1890 mortem
826 1833 1014 1889 fratris
1048 1837 1206 1893 annis
1236 1836 1319 1892 12.

634 1926 706 1981 29
852 1926 922 1981 20
1102 1926 1136 1981 9

630 2017 731 2087 (Η.
761 2020 856 2087 m.)
888 2018 1048 2075 Anno
1075 2019 1143 2074 ab
1164 2017 1308 2075 Urbe
1344 2021 1563 2077 condita
1594 2022 2056 2093 sexingentesimo
2074 2023 2156 2077 vi-
2198 2093 2204 2099 _

561 2109 791 2175 oesimo,
820 2110 914 2179 qui
957 2119 1041 2166 est
1085 2111 1207 2165 ll“
1240 2110 1543 2167 Pthulomei
1580 2111 1856 2184 Evcrgetis
1906 2116 2151 2182 secundi,

564 2199 749 2271 Scipio
791 2200 1087 2258 Africanus
1111 2203 1300 2273 junior
1328 2219 1602 2260 consensu
1636 2207 1883 2262 omnium
1914 2208 2155 2263 secundo

559 2295 753 2350 consul
784 2303 868 2349 est
895 2304 1113 2351 creatus
1141 2303 1305 2366 atque
1343 2296 1411 2350 ad
1439 2297 1867 2367 obpugnandam
1904 2297 2155 2353 Numan-

558 2386 998 2459 tiam-Hispania:
1021 2388 1297 2444 civitatem
1323 2404 1448 2450 cum
1486 2390 1725 2445 exercitu
1759 2391 1984 2447 missus.
2028 2390 2155 2446 Haec

555 2495 656 2550 per
683 2495 860 2536 annos
885 2480 955 2535 ﬂ
975 2497 1102 2537 cum
1126 2481 1262 2536 solis
1304 2481 1337 2535 4
1376 2481 1603 2538 milibus
1645 2498 1871 2537 suorum
1896 2483 1965 2537 40
2001 2481 2152 2537 milia

557 2567 934 2628 Romanorum
976 2588 1089 2628 non
1134 2574 1312 2629 solum
1362 2574 1648 2637 sustinuit,
1686 2576 1776 2631 sed
1824 2576 1986 2630 etiam
2022 2575 2155 2632 vicit

556 2665 936 2739 pudendisque
965 2664 1267 2722 foederibus
1289 2666 1484 2722 affecit.
1527 2665 1709 2738 Scipio
1734 2669 1917 2739 itaque
1943 2670 2154 2741 ingres—

559 2771 658 2813 sus
686 2755 1027 2828 Hispaniam,
1068 2773 1179 2813 non
1206 2758 1390 2813 statim
1422 2773 1713 2829 aggressus
1738 2767 1823 2813 est
1858 2758 2153 2815 Numanti-

556 2865 662 2905 nos
695 2850 855 2921 quasi
892 2850 1164 2915 incautos,
1195 2865 1337 2921 quos
1380 2859 1607 2905 noverat
1645 2866 1859 2920 semper
1889 2866 2013 2906 esse
2050 2866 2151 2919 pa-

556 2942 855 3009 ratos,.sed
904 2941 1238 3012 aliquamdiu
1290 2941 1519 2996 militem
1572 2957 1755 3007 suum,
1786 2942 2057 2997 viciosum
2098 2949 2154 2996 et

558 3032 814 3103 ignavum
844 3049 943 3104 pro
968 3033 1142 3103 culpa
1165 3032 1366 3089 ducum
1393 3033 1665 3103 priorum,
1700 3033 2004 3088 exercendo
2029 3049 2150 3088 ma-

2264 460 2447 527 cidati,
2484 477 2608 516 cum
2648 459 2959 517 facultatem
2985 476 3182 532 pugna:
3216 476 3343 532 sepe
3382 460 3711 530 deposcerent,
3733 481 3773 522 ut

2256 552 2413 608 eis'"
2434 554 2574 607 mori
2604 562 2883 624 tamquam
2918 553 3052 611 \‘J'ris
3079 553 3289 619 liceret,
3315 568 3415 608 nec
3445 553 3773 623 impetrassent.

2256 646 2556 702 novissime
2607 647 2823 702 duabus
2872 647 3055 701 subito
3100 646 3276 719 portis
3324 654 3634 716 eruperunt,
3668 648 3774 719 larga

2255 740 2411 811 prius
2442 741 2662 811 potione
2698 741 2811 805 usi,
2835 756 2946 795 non
2966 740 3102 807 vini,
3132 738 3292 810 cujus
3316 737 3468 793 ferax
3489 737 3535 794 is
3554 738 3683 793 locus
3699 757 3774 795 non

2255 842 2362 902 est,
2382 836 2473 890 sed
2494 851 2628 890 suco
2650 835 2817 891 tritici
2843 852 2940 905 per
2967 842 3144 889 artem
3173 834 3447 899 confecto,
3467 850 3616 904 quem
3635 851 3772 890 sucum

2257 941 2286 980 a
2327 922 2695 981 ralefaeiendo
2722 927 2919 980 celiam
2951 934 3169 980 vocant.
3217 924 3331 980 Hac
3364 924 3776 995 igitur“'potieae

2256 1025 2380 1086 post
2413 1017 2631 1087 longam
2668 1015 2869 1073 famem
2901 1016 3325 1081 recalescentes,
3357 1015 3500 1070 bello
3539 1029 3592 1069 se
3622 1016 3775 1069 obtule-

2256 1115 2421 1175 runt,
2452 1109 2747 1178 subitoque
2792 1123 2959 1177 super
3003 1108 3280 1163 Romanos
3329 1106 3620 1161 irruerunt.
3658 1106 3775 1161 Atrox

2255 1198 2349 1253 diu
2390 1208 2666 1255 certamen
2699 1208 2751 1254 et
2790 1215 2967 1270 usque
3014 1201 3082 1254 ad
3129 1198 3436 1269 periculum
3478 1195 3775 1251 Romanorum

2256 1290 2386 1358 fuit;
2413 1291 2727 1362 iterumque
2749 1291 3066 1348 se'Bomani
3089 1292 3381 1347 adversum
3400 1290 3471 1321 ⁸⁸³
3490 1286 3778 1343 Numantinos

2254 1397 2499 1453 pugnare
2547 1379 3249 1454 fugiendo'probavissent,
3293 1380 3405 1436 nisi
3455 1380 3555 1435 sub
3591 1378 3778 1448 Scipione

2253 1484 2611 1545 pugnassent.
2656 1473 2998 1541 Numantini,
3039 1472 3346 1529 interfectis
3386 1488 3604 1529 suorum
3642 1471 3776 1525 fortis-

2254 1564 2432 1631 simis,
2466 1565 2606 1619 bello
2640 1566 2859 1632 cedunt,
2888 1564 3210 1636 compositis
3236 1574 3423 1619 tamen
3445 1562 3778 1618 ordinibusaec

2255 1656 2398 1712 sicut
2424 1642 2692 1727 fugientes
2730 1657 2783 1711 in
2825 1657 3020 1712 urbem
3066 1663 3458 1720 revertuntur;
3492 1669 3690 1724 corpora
3725 1652 3781 1707 is-

2254 1748 2607 1804 terfectorum
2649 1748 2717 1803 ad
2758 1748 3099 1818 sepulturam
3129 1746 3312 1801 oblata
3359 1745 3600 1815 accipere
3641 1745 3778 1798 nolue-

2253 1851 2405 1909 runt,
2430 1841 2733 1897 novissima
2761 1857 2857 1911 spe
2886 1840 3285 1910 desperationis
3310 1853 3510 1893 omnes
3530 1838 3580 1891 in
3610 1845 3778 1890 mortem

2252 1933 2530 2000 destinati,
2559 1935 2804 1989 clausam
2839 1931 3031 1986 urbem
3072 1930 3177 2000 ipsi
3214 1929 3522 1985 introrsum
3551 1928 3778 1982 succende-

2252 2033 2405 2091 runt,
2452 2024 2748 2096 cunctique
2794 2022 3002 2095 pariter
3047 2021 3213 2081 ferro.
3260 2035 3480 2075 veneno
3525 2028 3667 2089 atque
3697 2032 3779 2088 igne

2252 2117 2567 2189 consumpti
2598 2124 2761 2179 sunt;
2802 2113 3040 2170 Romani
3069 2113 3239 2168 nichil
3275 2128 3345 2166 ex
3377 2112 3468 2167 bis
3493 2112 3638 2166 vietis
3674 2112 3779 2178 peni

2252 2221 2342 2266 tus
2390 2211 2626 2265 habuere
2672 2208 2782 2264 nisi
2830 2207 3181 2263 securitatem
3227 2221 3427 2271 suam;
3475 2218 3637 2274 neque
3661 2202 3779 2266 enim,

2251 2320 2442 2359 eversa
2473 2301 2788 2366 Numantia,
2836 2301 3037 2355 vicisse
3087 2314 3145 2355 se
3187 2298 3368 2370 magis
3412 2313 3573 2368 quam
3605 2298 3780 2351 evasisse

2252 2393 2529 2449 dixerunt.
2580 2390 2763 2447 Unum
2810 2389 3211 2445 Numantinum
3259 2388 3493 2445 victoris
3523 2396 3781 2443 catenam

2253 2485 2449 2556 tetigit,
2484 2484 2629 2539 unde
2656 2482 3000 2553 triumphum
3047 2478 3288 2545 dederit;
3327 2477 3587 2549 quicquid
3614 2475 3781 2545 supelle-

2252 2577 2397 2632 ctilis
2425 2574 2549 2643 fuit,
2595 2574 2737 2646 ignis
2783 2571 3111 2643 absumpsit.
3159 2569 3316 2626 Tunc
3350 2567 3540 2639 Scipio
3567 2565 3781 2637 Tymium

2252 2667 2526 2739 quendam
2572 2665 2840 2722 Celticum
2885 2664 3189 2735 principem
3227 2661 3590 2733 interrogavit
3627 2673 3711 2728 qua
3738 2659 3781 2709 de

2252 2775 2421 2816 causa
2441 2758 2735 2815 Numantia
2762 2757 2917 2830 prius
2934 2757 3135 2811 invicta
3164 2756 3427 2810 durasset
3446 2761 3501 2808 et
3523 2760 3782 2823 posteros:

2253 2851 2467 2908 fuisset.
2519 2849 2823 2923 Respondit
2861 2849 3160 2922 Tyresius:
3200 2845 3507 2902 Concordia
3555 2843 3782 2899 rictorim.
3840 2900 3841 2909 χ

2252 2943 2524 2998 discordia
2558 2944 2829 2997 excidium
2858 2941 3087 3013 prebuit.
3122 2938 3279 3006 Quod
3308 2936 3549 2992 Romani
3568 2943 3780 3003 tamquam
3840 2948 3841 2953 ‘

2253 3034 2355 3090 sibi
2380 3051 2445 3090 ac
2471 3036 2539 3091 de
2567 3050 2626 3090 se
2642 3035 2857 3090 dictum
2874 3032 3110 3102 exempli
3137 3031 3257 3087 loco
3272 3034 3620 3099 acceperunt,
3638 3025 3785 3095 quippe
3840 3038 3841 3111 ξ

559 3126 645 3198 gis
673 3144 837 3198 quam
866 3126 1163 3197 puniendo.
1190 3126 1308 3181 sine
1338 3126 1519 3214 aliqua
1548 3125 1843 3181 acerbitate
1870 3126 1926 3181 in
1954 3127 2151 3183 castris
2179 3151 2221 3208 ο
2254 3127 2456 3197 quibus
2485 3126 2599 3196 jam
2621 3127 2689 3182 de
2712 3124 3072 3181 seditionibus
3093 3122 3469 3179 discordantis
3495 3120 3645 3175 totius
3667 3115 3780 3171 Urbis

558 3217 707 3273 velut
729 3218 785 3277 in
814 3218 980 3273 scolis
1006 3217 1272 3282 exercuit,
1297 3217 1494 3271 deinde
1519 3216 1705 3272 omnia
1743 3232 1866 3287 quze
1903 3218 2154 3288 volupta-
2256 3221 2638 3276 nunciabatur.

557 3308 633 3365 tis
675 3324 844 3365 causa
875 3308 1206 3363 haberentur
1251 3307 1307 3362 in
1350 3307 1552 3363 castris
1584 3322 1777 3362 severo
1819 3310 2153 3365 summoveri

555 3399 727 3471 jussit
773 3400 973 3457 edicto.
1026 3399 1273 3470 Denique
1319 3407 1629 3456 scortorum
1675 3398 1787 3455 duo
1830 3399 1977 3455 milia
2024 3415 2153 3456 cum

559 3486 689 3549 lixis
725 3507 756 3549 e
788 3491 1108 3565 procinctus
1136 3491 1257 3561 ejus
1284 3491 1404 3546 loco
1440 3491 1611 3561 ejecta
1641 3500 1798 3559 sunt,
1829 3500 2154 3563 tantumque

560 3586 746 3642 subito
799 3586 903 3643 sub
945 3584 1198 3641 districto
1236 3585 1422 3655 judice
1474 3584 1702 3657 profecit
1747 3586 2041 3653 exercitus,
2093 3594 2154 3641 ut

561 3677 940 3744 Numantiam,
975 3678 1068 3732 diu
1106 3677 1631 3749 perniciosissimam
1671 3677 1956 3745 Romanis,
1999 3679 2152 3735 brevi

557 3778 873 3841 exaequaret
919 3770 1058 3825 solo.
1107 3768 1277 3841 Igitur
1300 3785 1425 3825 cum
1458 3777 1668 3840 partem
1714 3772 1921 3826 uastatis
1960 3779 2157 3827 totam-

556 3875 667 3933 que
696 3861 975 3929 hiemern,
1009 3877 1079 3918 ne
1106 3869 1424 3932 attemptata
1466 3860 1690 3932 quidem
1720 3878 1922 3934 pugna,
1972 3871 2153 3919 trans-

557 3952 781 4025 egisset,
812 3970 1009 4025 parum
1037 3953 1432 4025 propemodum
1471 3954 1574 4010 hac
1596 3954 1830 4025 profecit
1857 3954 2146 4012 industria.

555 4041 695 4101 Nam
737 4045 834 4101 ubi
870 4046 1041 4117 copia
1071 4046 1346 4117 pugnandi
1397 4045 1539 4103 facta
1580 4055 1686 4114 est,
1733 4050 2007 4104 exercitus
2039 4048 2149 4106 Ro—

557 4154 755 4194 manus
788 4138 995 4209 impetu
1037 4137 1498 4195 Numantinorum
1532 4140 1849 4210 obpressus,
1882 4140 2025 4197 sicut
2057 4156 2155 4197 so-

553 4232 718 4298 ﬁebat,
756 4238 907 4303 terga
953 4232 1136 4299 vertit,
1163 4230 1256 4287 sed
1302 4230 1676 4303 increpatione
1715 4241 1771 4287 et
1798 4233 1963 4288 minis
1995 4233 2152 4302 obje-

556 4324 759 4380 ctantis
803 4338 864 4379 se
907 4324 1153 4379 consulis
1196 4338 1474 4395 manuque
1520 4323 1807 4379 retinentis
1829 4325 1896 4356 ³¹⁰
1928 4324 2149 4380 tandem

556 4416 895 4488 indignatus,
930 4415 987 4471 in
1020 4416 1235 4472 hostem
1268 4416 1449 4482 rediit,
1481 4424 1538 4472 et
1576 4432 1741 4487 quem
1789 4416 2030 4487 fugiebat
2063 4417 2150 4472 fu-

2327 3312 2401 3368 Ea
2432 3328 2669 3383 namque
2690 3317 3032 3381 tempestate,
3060 3324 3168 3379 qua
3199 3307 3318 3363 haec
3352 3306 3666 3378 gerebantur
3683 3298 3781 3369 apud

2252 3403 2627 3469 Numantiam,
2658 3402 3028 3459 Gracchorum
3063 3400 3134 3433 ³⁸⁸
3166 3399 3473 3456 seditiones
3509 3395 3781 3469 agitabantur

2254 3495 2397 3566 apud
2416 3494 2669 3549 Romam.
2688 3492 2984 3564 Kartagine
2994 3478 3195 3562 quippe
3208 3489 3611 3558 Numantiaque

2254 3584 2430 3637 oritur
2474 3582 2617 3653 apud
2658 3580 2939 3636 Romanos
2968 3580 3121 3635 utilis
3153 3580 3220 3635 de
3254 3578 3574 3649 provisione
3597 3570 3780 3631 collatio.

2256 3675 2351 3730 sed
2400 3673 2624 3729 infamis
2670 3673 2740 3729 de
2782 3672 3081 3727 ambitione
3126 3670 3433 3726 contentio.
3484 3662 3782 3724 Gracchus”

2252 3770 2439 3835 itaque
2461 3764 2719 3818 tribunus
2744 3762 2918 3833 plebis
2954 3761 3128 3816 iratus
3154 3759 3453 3824 nobilitati,
3476 3774 3573 3813 cur
3605 3769 3706 3809 eum
3725 3751 3781 3803 ia-

2252 3862 2333 3911 ter
2356 3863 2609 3910 auctores
2633 3852 2951 3909 Numantini
2977 3851 3217 3917 foederis,
3247 3850 3395 3921 quod
3419 3865 3519 3921 per
3538 3846 3780 3901 Mamilium

2252 3944 2537 4000 consulem
2567 3943 2798 4015 turpiter
2832 3941 3040 3998 factum
3070 3949 3176 4007 est,
3205 3950 3484 4002 notarent,
3510 3952 3676 4010 agrum
3695 3949 3720 3986 a
3742 3946 3779 3984 se
3838 3960 3839 3963 η

2252 4040 2505 4111 privatim
2557 4020 2789 4095 eatenus
2838 4037 3126 4092 obsessum
3172 4035 3373 4106 populo
3426 4034 3591 4089 dividi
3629 4027 3778 4085 statuit.
3838 4016 3839 4029 “

2252 4130 2551 4188 Octaviano
2598 4131 2820 4186 tribuno
2854 4128 3145 4185 obsistenti
3175 4128 3378 4182 ademit
3428 4123 3689 4195 imperium
3725 4117 3777 4169 εἰσ

2251 4239 2359 4294 que
2389 4237 2766 4279 successorem
2810 4221 2959 4277 dedit
2994 4219 3306 4274 Minutium.
3348 4216 3450 4272 His
3474 4216 3646 4273 causis
3665 4224 3778 4266 sena-

2250 4323 2367 4370 tum
2396 4314 2497 4382 ira,
2523 4314 2784 4385 populum
2813 4313 3070 4383 superbia
3120 4310 3341 4366 invasit.
3374 4308 3524 4364 Inter
3547 4308 3650 4362 bare
3676 4314 3774 4370 qm?

2251 4422 2359 4477 que
2379 4406 2591 4463 Attalus
2617 4422 2713 4462 rex
2736 4406 2903 4473 Asiae,
2936 4404 3104 4460 frater
3147 4402 3431 4468 Eumenis,
3459 4400 3686 4459 moritur,
3708 4406 3776 4461 ρο·

552 4484 702 4580 εει-θ’
727 4508 1011 4579 compulit.
1053 4506 1297 4564 Dillicilis
1336 4516 1470 4564 tunc
1517 4509 1571 4564 in
1594 4484 1789 4564 relatu
1824 4484 1988 4575 fides;
2031 4509 2147 4565 Nu—
2175 4492 2225 4554 Ῐ)
2251 4500 2440 4571 pulum
2493 4498 2805 4555 Romanum
2855 4498 3061 4567 scripto
3090 4495 3349 4552 heredem
3399 4491 3628 4562 reliquit.
3652 4496 3696 4541 ει
3727 4484 3775 4534 ευ

552 4598 835 4654 mantinos
883 4598 1189 4670 etl‘ugavere
1240 4607 1297 4656 et
1341 4597 1612 4671 fugientes
1650 4600 1835 4656 videre
1887 4600 2143 4657 Romani.

555 4688 713 4749 Unde
737 4692 997 4764 quamvis
1026 4690 1230 4761 Scipio,
1262 4691 1389 4762 quia
1420 4700 1599 4762 preter
1642 4707 1794 4763 spem
1839 4694 2155 4763 acciderat,

550 4785 710 4842 laatus
763 4792 931 4851 esset,
978 4793 1161 4838 tamen
1202 4784 1345 4839 bello
1380 4784 1523 4839 ultra
1571 4784 1863 4841 adversum
1904 4801 2001 4842 eos
2042 4803 2145 4842 au-

554 4879 794 4935 dendum
824 4894 935 4934 non
956 4892 1081 4933 esse
1123 4875 1404 4948 professus
1428 4886 1529 4934 est.
1577 4876 1764 4948 itaque
1802 4879 1994 4933 urbem
2041 4878 2135 4934 ob-

552 4969 766 5027 sidione
792 4970 1083 5036 conclusit,
1125 4969 1281 5025 fossa
1303 4969 1684 5036 circumdedit,
1714 4969 1873 5039 cujus
1911 4970 2144 5028 latitudo

549 5060 783 5131 pedibus
805 5062 1015 5127 decem,
1035 5061 1265 5117 altitudo
1280 5060 1470 5132 viginti
1496 5059 1620 5127 fuit,
1638 5061 1933 5132 ipsumque
1948 5062 2145 5119 deinde

552 5166 806 5223 aggerem
832 5154 1060 5209 sudibus
1082 5161 1452 5225 prestructum
1489 5152 1698 5209 crebris
1731 5152 1975 5210 turribus
1995 5168 2147 5210 com-

550 5244 807 5300 munivit.
854 5244 936 5301 Ad
977 5246 1081 5302 hoc
1114 5246 1317 5302 bellum
1366 5244 1593 5316 Micipsa
1639 5261 1732 5300 rex
1783 5242 2145 5302 Numidarum

547 5334 606 5393 in
656 5335 923 5392 auxilium
961 5336 1213 5409 Scipioni
1236 5335 1526 5410 Jugurtam
1570 5338 1742 5402 misit,
1788 5338 1885 5408 qui
1931 5337 2146 5394 fortiter

545 5443 737 5503 agens,
768 5430 998 5502 gloriam
1027 5430 1320 5501 acquisivit
1342 5438 1398 5486 et
1418 5430 1646 5502 gratiam
1674 5445 1861 5485 coram
1888 5428 2144 5501 Scipione

2245 4595 2498 4650 Romano
2524 4593 2756 4664 imperio
2783 4607 3012 4663 regnum
3039 4589 3183 4644 Asia:
3206 4603 3304 4658 per
3330 4593 3690 4642 testamentum
3715 4590 3777 4628 ιθ-

2244 4686 2431 4744 oessit.
2476 4685 2758 4741 Gracchus
2782 4685 2853 4716 ³⁸⁸
2879 4683 3066 4754 populi
3085 4682 3320 4753 gratiam
3353 4679 3536 4751 precio
3557 4681 3775 4746 appar“.

2244 4780 2419 4852 legem
2467 4779 2589 4833 tulit
2611 4789 2674 4833 ut
2698 4775 2929 4848 pecunia
2952 4790 3074 4846 qua:
3093 4773 3260 4830 Attali
3289 4772 3481 4829 fuisset
3508 4766 3686 4841 populo
3701 4761 3776 4814 ἀῧο

2243 4873 2593 4929 tribueretur.
2623 4871 2935 4927 Obsistente
2964 4867 3223 4939 Scipione
3246 4866 3444 4923 Nasica
3472 4865 3628 4921 etiam
3652 4857 3771 4951 PM:
3836 4920 3837 4943 η

2251 4967 2408 5038 peius
2434 4966 2729 5037 spopondit
2774 4981 2833 5020 se
2865 4963 3197 5028 Gracchum,
3239 4976 3369 5016 cum
3402 4957 3628 5029 primum

2248 5068 2422 5118 stratu
2453 5060 2647 5126 abiret,
2689 5065 3101 5115 accusaturum.
3146 5054 3430 5112 Gracchus
3457 5057 3628 5105 autem
3656 5053 3773 5096 πων

2246 5152 2461 5208 rebatur
2508 5159 2569 5205 ut
2600 5151 2717 5221 ipse
2746 5150 3002 5204 tribunus
3049 5146 3225 5219 plebis
3253 5142 3499 5216 sequenti
3540 5150 3670 5195 anno
3686 5143 3775 5226 pd:

2244 5253 2510 5302 maneret.
2543 5220 2764 5300 Etcum
2801 5242 3154 5298 comitiorum
3198 5240 3289 5296 die
3320 5236 3610 5295 seditiones
3634 5220 3773 5299 ροβε

2242 5338 2642 5405 accenderent,
2675 5345 2903 5393 auctore
2949 5333 3149 5389 Nasica
3186 5332 3444 5388 nobilitas
3475 5324 3771 5384 inflantia”.

2242 5429 2567 5501 fragmentis
2604 5430 2989 5485 subselliorum
3026 5425 3240 5496 plebem
3284 5422 3501 5495 fugavit.
3549 5407 3771 5472 Gracchi

1848 5522 2080 5577 VARle
2122 5522 2525 5579 LECTIONES.

616 5617 688 5651 ³⁸⁸
709 5616 960 5688 deest9ﬁ.
1038 5614 1108 5649 ³⁰⁹
1134 5631 1184 5671 c.
1232 5631 1340 5688 que
1375 5623 1519 5671 etate
1564 5623 1770 5688 creterra
1800 5613 2029 5688 curiosis
2055 5613 2140 5670 9°.
2216 5613 2289 5646 ³⁸⁸
2316 5613 2606 5669 renitentis
2640 5614 2693 5668 5.
2769 5613 2834 5644 ³¹¹
2875 5611 2954 5666 eis
2983 5618 3044 5665 ut
3076 5611 3129 5665 5.
3206 5609 3273 5640 ³⁸³
3301 5620 3429 5678 ergo
3450 5604 3497 5659 5.
3541 5601 3603 5632 ⁸⁸³
3628 5596 3750 5650 ad“?

552 5703 663 5745 Its
681 5688 736 5745 5.
804 5687 873 5720 ⁸⁸⁸
904 5683 1267 5754 Graecorum,
1297 5686 1543 5742 Graccus
1590 5684 1759 5741 Codd.
1790 5684 1871 5738 his
1903 5683 2049 5737 locis.
