3876 6306
123 249 203 308 633
979 239 1345 300 CIIRONZCA.
1386 270 1458 280 -—
1493 236 1885 299 CHRONICON
1927 229 2393 294 CNIVERSALE.
3229 242 3336 319 63}
3380 243 3392 252 “

124 380 197 437 per
224 359 399 434 gradus
426 357 522 428 qui
546 337 678 414 sunt
719 371 883 428 super
906 354 1188 426 Calpurnii
1231 355 1517 429 fornicem.
1558 353 1652 410 de-
1679 354 1725 411 A
1751 362 1967 409 vectum
1999 361 2101 410 est.
2128 351 2253 409 Haec
2275 361 2457 409 autem
2477 349 2730 411 Cornelia
2758 352 2987 425 majoris
3006 352 3253 414 Africani
3271 358 3336 414 ti—

124 464 262 513 tracto
301 450 625 507 adminiculo
684 446 931 520 fugiens,
986 448 1126 504 ictus
1162 446 1468 517 fragmento
1514 445 1649 501 sub-
1754 444 1824 499 lia
1852 443 1975 512 fuit,
1998 461 2122 516 qua:
2141 454 2265 517 post
2286 445 2488 518 prioris
2526 445 2622 498 ﬁlii
2653 444 2883 501 Gracchi
2914 456 3146 503 mortem
3174 447 3339 506 Mise-

124 546 228 604 sellii
256 541 466 609 corruit,
497 557 801 612 rursusqttc
847 554 1165 610 assurgens,
1194 540 1302 593 alio
1353 538 1463 595 ictu
1512 536 1649 593 clavi
1754 553 1884 592 num
1913 538 2158 593 secessit.
2189 537 2340 592 Bona
2363 536 2595 593 Gracchi
2624 538 2898 610 publicata
2923 548 3081 607 sunt;
3103 539 3337 598 Flaccus

121 633 301 690 cerebro
321 632 552 701 impacto
580 629 928 685 exanimatus
950 638 1051 685 est.
1075 627 1302 684 Ducenti
1326 636 1570 698 preterea
1596 626 1651 681 in
1753 629 2072 685 adolescens
2100 628 2153 683 in
2196 629 2394 684 robore
2418 638 2645 685 necatus
2672 638 2779 697 cst,
2801 647 2869 685 ex
2898 630 3134 689 factione
3168 632 3339 703 Grec:-

119 743 166 782 ca
192 725 428 781 seditione
460 722 755 791 interfecti,
787 737 1090 792 eorumque
1123 736 1353 791 corpora
1384 720 1440 774 in
1478 719 1654 791 Tybe-
1753 721 1843 777 chi
1873 720 2093 776 ducenti
2132 719 2188 774 in
2229 720 2497 775 Aventino
2526 730 2710 776 monte
2732 722 2860 776 caesi
2891 720 3063 778 fuisse
3087 722 3339 778 referun-

118 819 198 873 rim
219 816 438 888 projecta
483 824 633 880 sunt,
675 815 849 885 ipsius
890 829 1112 885 quoque
1147 812 1380 869 Gracchi
1424 813 1655 868 cadaver
1752 821 1862 869 tur.
1885 810 2134 883 Opimius
2155 820 2336 867 autem
2359 812 2574 879 consul,
2613 813 2754 868 sicut
2794 812 2851 867 in
2891 814 3031 869 bello
3054 813 3232 879 fortis,
3263 815 3338 869 ita

117 908 411 963 inhumatum
445 906 748 965 contabuit.
1755 904 1811 959 in
1835 904 2122 976 questione
2148 902 2255 959 fuit
2281 904 2552 971 crudelis;
2585 920 2710 959 nam
2740 906 2976 976 amplius
3019 923 3185 977 quam
3232 907 3338 963 tria

167 999 303 1054 Anno
323 998 521 1053 dehinc
564 998 806 1056 secundo
834 996 1090 1054 Publium
1135 995 1443 1067 Scipionem
1483 995 1656 1066 pridie
1755 997 1905 1051 milia
1943 994 2228 1051 hominum
2274 996 2557 1067 suppliciis
2603 996 2782 1052 necati
2824 1007 2973 1063 sunt,
3022 1014 3089 1053 ex
3138 1000 3339 1069 quibus

115 1091 156 1143 in
178 1089 417 1145 concione
444 1089 513 1120 ³¹⁸
559 1089 626 1144 de
652 1089 897 1158 periculo
923 1089 1117 1143 salutis
1140 1104 1253 1143 suae
1268 1095 1650 1142 contestatum.
1755 1087 1998 1159 plurimi,
2049 1102 2119 1141 ne
2147 1086 2291 1141 dicta
2336 1086 2556 1158 quidem
2600 1102 2788 1153 causa,
2819 1087 3140 1143 innocentes
3171 1088 3341 1145 occisi

114 1181 227 1251 quod
253 1180 347 1236 sibi
371 1196 471 1250 pro
493 1180 670 1250 patria
689 1179 958 1234 laboranti
982 1179 1051 1234 ab
1072 1177 1334 1248 improbis
1356 1184 1410 1232 et
1430 1175 1656 1247 ingratis
1756 1186 1904 1235 sunt.
1940 1176 2067 1233 Ilaec
2096 1178 2470 1233 Gracchorum
2503 1178 2721 1245 seditio,
2746 1179 2838 1233 hic
2859 1179 2984 1235 finis
3014 1179 3137 1234 fuit.

112 1273 385 1328 denunciari
438 1273 809 1344 cognovisset,
837 1274 946 1328 alio
976 1289 1137 1328 mane
1164 1271 1469 1326 exanimem
1497 1283 1655 1339 repe-
1825 1270 1984 1325 Anno
2021 1271 2088 1325 ab
2118 1271 2252 1325 urbe
2281 1270 2497 1325 condita
2531 1269 2991 1341 sexingentesimo
3023 1271 3112 1336 '57,
3142 1272 3235 1342 qui
3258 1279 3345 1327 est

110 1373 280 1431 rerunt,
303 1364 462 1435 idque
489 1365 635 1420 inter
663 1365 903 1420 maxima
928 1363 1301 1419 Romanorum
1334 1363 1474 1418 mala
1521 1377 1655 1417 cen—
1754 1362 1882 1417 28M
1915 1361 2217 1417 Ptholomei
2263 1360 2541 1432 Evergetis
2568 1361 2815 1428 secundi,
2847 1360 3042 1416 Publio
3091 1361 3348 1432 Scipione

110 1466 299 1512 suerunt
338 1456 428 1523 ³⁸⁸,
477 1458 780 1527 praesertim
835 1473 962 1513 cum
1014 1466 1224 1513 tantum
1276 1457 1330 1511 in
1381 1456 1516 1511 urbe
1563 1454 1654 1509 illa
1755 1453 1951 1510 Nasica
1979 1462 2034 1509 et
2062 1452 2231 1509 Lucio
2259 1452 2555 1524 Calpurnio
2585 1452 2763 1508 Bestia
2786 1452 3349 1524 eonsulibus,Jugur—

108 1547 308 1603 Africani
329 1548 485 1618 vigor
509 1556 565 1602 et
586 1548 854 1604 modestia
879 1549 1102 1613 valeret,
1130 1558 1191 1603 ut
1220 1546 1398 1603 facille
1420 1547 1510 1600 illo
1530 1545 1654 1600 vivo
1756 1555 1844 1615 tze,
1890 1546 2249 1602 Numidarum
2309 1561 2538 1617 regnum
2592 1544 2869 1600 invadenti
2927 1544 3018 1610 ³³⁸,
3073 1560 3348 1599 consensu

110 1656 255 1709 neque
297 1624 496 1694 sociale
535 1655 711 1710 neque
761 1639 919 1695 civile
966 1638 1169 1695 bellum
1220 1638 1453 1693 existere
1492 1651 1654 1707 posse
1688 1707 1711 1710 ι
1757 1638 1989 1695 Romani
2023 1638 2209 1708 populi
2250 1638 2453 1693 bellum
2478 1647 2701 1693 senatus
2738 1635 2954 1704 indixit,
2994 1636 3062 1691 de
3096 1650 3208 1706 quo
3244 1633 3351 1693 Sa-

108 1707 396 1787 rreiietetur.
440 1730 601 1787 Hunc
620 1707 841 1802 quidem
873 1740 1125 1789 necatum
1156 1730 1338 1787 ferunt
1362 1731 1489 1785 dolo
1514 1744 1651 1784 uxo—
1683 1707 1727 1766 Β
1757 1731 1956 1786 lustius
1982 1707 2211 1801 Crispus
2241 1730 2556 1800 plenissime
2580 1728 2765 1785 scribi.

105 1821 165 1875 ri;
192 1837 289 1877 suae
313 1822 657 1893 Simpronize,
683 1838 805 1892 quae
830 1839 988 1877 soror
1014 1830 1132 1878 erat
1152 1821 1552 1885 Gracchorum,
1581 1835 1652 1875 ne
1822 1823 1920 1880 His
1948 1823 2287 1893 temporibus
2312 1821 2615 1876 Ptbolomei
2661 1819 2941 1891 Evergetis
2980 1819 3206 1875 secundi
3241 1819 3353 1874 mi-

104 1915 350 1981 scelerata,
399 1922 464 1969 ut
496 1914 685 1980 credo,
739 1913 947 1968 familia
983 1913 1049 1969 ad
1101 1913 1400 1985 perniciem
1464 1912 1657 1983 patriae
1754 1931 1876 1972 sera
1903 1916 2017 1970 vita
2047 1913 2499 1970 miserabiliorem
2535 1911 2660 1967 vitze
2684 1911 2889 1966 exitum
2922 1910 3089 1965 dedit.
3118 1908 3170 1966 Is
3202 1911 3350 1965 enim

102 2019 195 2060 suae
248 2006 383 2060 inter
433 2006 634 2076 impias
684 1996 979 2062 seditiones
1032 2006 1279 2059 virorum
1332 2020 1441 2059 non
1490 2003 1653 2057 etiam
1756 2022 2000 2063 sororem
2024 2021 2203 2072 suam,
2237 2012 2427 2073 stupro
2460 2003 2735 2073 cognitam
2765 2016 2831 2059 ac
2855 2001 3049 2059 deinde
3077 2000 3131 2055 in
3162 2001 3358 2055 matri-

104 2096 360 2153 sccleribus
421 2097 715 2152 mulierum
759 2105 904 2152 esset
945 2097 1257 2162 immanior.
1307 2095 1484 2151 Causa
1527 2110 1657 2151 vero
1756 2099 1944 2154 monio
1970 2106 2269 2168 receptam,
2299 2093 2596 2149 novissime
2619 2093 2834 2163 turpius
2865 2107 3030 2163 quam
3066 2091 3226 2146 duxit
3252 2091 3352 2145 ab—

103 2185 318 2244 intzritus
345 2189 468 2259 ejus
498 2189 616 2244 haec
648 2187 770 2243 fuit.
802 2188 972 2243 Gaius
994 2187 1176 2243 Carbo
1200 2187 1454 2243 tribunus
1484 2187 1660 2256 plebis

104 2280 294 2348 capiens
338 2296 529 2336 necem
580 2280 861 2336 vindicare
895 2279 1290 2335 Graccbianam
1318 2287 1374 2334 et
1417 2279 1658 2334 excitare

103 2367 382 2423 seditionem
408 2369 668 2439 sopitam,
697 2368 951 2425 Publium
978 2368 1291 2440 Scipionem
1313 2368 1656 2435 Africanum,

102 2466 227 2512 emta
256 2457 549 2515 Numantia
598 2469 958 2515 revertentem
1001 2461 1359 2531 interrogavit
1425 2460 1557 2531 quid
1593 2461 1660 2515 de

104 2546 297 2604 Gracchi
332 2561 511 2607 morte
539 2551 785 2607 sentiret.
819 2550 919 2607 Cui
950 2551 1242 2609 Africanus
1281 2554 1376 2620 ait,
1401 2553 1526 2623 jure
1566 2567 1661 2608 oc-

101 2640 248 2695 cisum
269 2642 370 2698 sibi
397 2643 595 2698 videri.

1750 2191 1911 2263 jecit;
1944 2190 2252 2261 privignam
2306 2202 2496 2252 suam,
2534 2186 2639 2240 hoc
2684 2194 2771 2239 est
2822 2184 2991 2238 filiam
3053 2182 3258 2238 sororis
3300 2188 3363 2237 et

1756 2282 2028 2354 conjugis,
2062 2280 2353 2353 coniugem
2390 2277 2654 2344 asscivit;
2681 2276 2852 2331 filium
2883 2290 3045 2347 quem
3073 2290 3139 2330 ex
3167 2288 3364 2329 sorore

1758 2382 2095 2445 susceperat,
2110 2388 2322 2429 necnon
2350 2379 2404 2427 ct
2445 2370 2618 2425 filium
2661 2367 2846 2424 fratris
2891 2368 3111 2423 occidit.
3152 2365 3360 2432 Quam-

1759 2468 1945 2521 obrem
1973 2505 1989 2533 ,
2037 2464 2205 2520 tantis
2269 2463 2495 2518 incestis
2546 2460 2964 2531 parricidiisque
3008 2457 3355 2524 execrabilis,

1760 2573 1905 2612 anno
1949 2556 2101 2628 regni
2149 2553 2236 2611 sui
2276 2554 2370 2609 29°
2421 2553 2491 2608 ab
2529 2551 2916 2607 Alexandrinis
2959 2563 3132 2622 regno
3159 2549 3359 2621 pulsus

1759 2657 1862 2703 cst.

156 2730 270 2787 Post
286 2733 399 2789 hzec
430 2733 605 2791 Gaius
620 2734 892 2802 Gracbus,
916 2734 1149 2791 Gracchi
1176 2736 1325 2791 illius
1349 2736 1444 2807 qui
1464 2737 1577 2806 jam
1604 2737 1659 2791 in
1834 2737 2040 2811 (illam)
2079 2737 2176 2793 llis
2221 2736 2566 2807 temporibus
2610 2734 2805 2791 Cicero
2853 2733 3046 2804 Arpini
3086 2733 3360 2800 nascitur,

102 2822 333 2879 seditione
357 2825 580 2880 occisus
612 2824 793 2881 fuerat
841 2825 1030 2893 frater,
1064 2827 1320 2882 tribunus
1348 2828 1533 2901 plebis
1568 2843 1664 2897 per
1762 2840 1937 2886 matre
1960 2829 2164 2884 Ilelwia
2194 2828 2437 2895 nomine,
2462 2842 2529 2881 ex
2575 2826 2727 2897 regio
2777 2824 3103 2882 Vulscorum
3139 2837 3358 2896 genere,

102 2915 357 2971 mmultum
385 2925 631 2984 creatus,
662 2934 861 2989 magna
876 2919 955 2973 rei
980 2919 1213 2988 publica:
1241 2919 1509 2989 pernicies
1537 2920 1659 2974 luit.
1764 2931 1917 2992 patre
1936 2935 2066 2976 vero
2087 2919 2360 2991 equestris
2385 2918 2615 2975 ordinis.
2672 2917 2890 2974 Marcus
2918 2932 3137 2988 quoque
3160 2915 3362 2972 Furius

99 3004 212 3063 Nam
231 3025 352 3065 cum
376 3026 511 3081 sepe
536 3011 799 3082 populum
815 3010 1123 3067 Romanum
1140 3012 1519 3086 largitionibus
1541 3027 1664 3082 pro-
1691 3064 1730 3086 η
1763 3018 1943 3081 poeta,
1969 3016 2337 3080 cognomento
2360 3007 2673 3075 Bibaculus,
2698 3006 2983 3062 Cremonae
3012 3005 3277 3062 nascitur.

244 3064 252 3065 ,
326 3064 499 3081 ,-,,-
536 3064 559 3081 τ
1715 3064 1819 3081 ,Γ
1931 3064 1987 3075 ,κ
2037 3064 2068 3080 υ
2128 3064 2131 3065 ν

101 3097 362 3172 missisque
388 3102 583 3158 nimiis
604 3103 659 3157 in
690 3102 1078 3159 acerbissimas
1100 3103 1397 3159 seditiones
1423 3064 1733 3160 excitas-C
1797 3102 1943 3153 Aiex.
2024 3100 2139 3150 Jud.
2200 3101 2377 3162 Syria-

98 3201 184 3259 set,
202 3194 413 3251 tandem
436 3210 469 3249 a
497 3194 1038 3261 tribunatuJIinutio
1060 3182 1396 3262 successore,
1410 3194 1660 3251 decessit.

1872 3205 1896 3259 l
2047 3204 2111 3259 2t
2172 3256 2175 3261 .
2265 3204 2333 3258 10
2442 3202 2819 3270 Ptholomeus,
2870 3201 2966 3273 qui
3020 3209 3075 3257 et
3119 3198 3362 3257 Phiscon

102 3280 188 3349 Οιιὶ
234 3286 502 3344 Uinulius
531 3303 659 3343 cum
700 3288 1011 3343 decessoris
1051 3286 1137 3343 sui
1186 3286 1420 3343 Graccbi
1462 3295 1664 3347 Siatula
1763 3295 1847 3350 vel
1877 3294 2096 3361 Sother,
2126 3293 2377 3366 regnavit
2414 3291 2758 3348 Alexandriae
2786 3291 2947 3346 annis
2979 3291 3066 3358 I7,
3089 3307 3120 3346 a
3141 3299 3363 3346 restau-

98 3379 438 3436 eonvulsisset
489 3380 746 3450 legesque
793 3380 1130 3451 abrogasset,
1175 3378 1347 3434 Gaius
1386 3378 1667 3434 Gracchus
1763 3388 1976 3443 ratione
2010 3386 2200 3458 templi
2249 3400 2396 3441 anno
2425 3384 2573 3440 507°.
2609 3382 2709 3440 Hic
2746 3391 2937 3455 postea
2984 3399 3082 3454 per
3110 3390 3363 3449 matrem

99 3484 203 3525 cum
225 3470 412 3527 Fulvio
438 3471 662 3539 Flacco,
693 3471 900 3544 ingenti
921 3472 1153 3542 stipatus
1176 3470 1414 3542 agmine,
1441 3469 1665 3541 Capito-
1766 3468 2113 3550 Cleopatram
2142 3478 2210 3534 de
2232 3492 2402 3550 regno
2421 3477 2637 3549 pulsus,
2675 3474 2918 3548 Cyprum
2969 3475 3217 3544 secessit,
3262 3475 3365 3533 ite-

98 3560 232 3634 lium,
258 3565 347 3621 ubi
372 3565 565 3623 contio
593 3565 922 3638 agitabatur,
954 3564 1219 3632 ascendit,
1252 3563 1437 3635 ibique
1455 3578 1580 3620 cum
1600 3578 1667 3620 eo

97 3653 395 3727 duobusque
432 3657 567 3713 filiis
592 3658 709 3713 suis
745 3657 974 3714 armatis
1022 3657 1325 3712 maximum
1371 3657 1663 3712 tumultum

94 3746 355 3817 excitarit;
397 3750 499 3805 sed
528 3758 749 3805 econtra
792 3748 992 3806 Decius
1021 3748 1222 3805 Brutus
1251 3749 1337 3804 vir
1362 3748 1670 3805 consularis

96 3849 149 3890 ac
172 3836 368 3896 Lucius
396 3840 686 3896 Publicius
714 3840 862 3911 (2l'5)
893 3855 1019 3896 cum
1040 3840 1247 3913 ingenti
1267 3840 1564 3896 certamine
1583 3840 1670 3894 in-

93 3926 291 3984 sistunt.
336 3930 419 3986 lbi
463 3929 696 3987 Flaccus
730 3932 1041 3987 diutiésime
1079 3933 1362 4004 pugnavit,
1388 3930 1670 3987 Gracchus

90 4030 205 4074 Vero
228 4020 281 4075 in
316 4023 589 4092 templum
634 4021 889 4079 Minervae
933 4025 1215 4089 secedens,
1241 4024 1669 4096 gladioincumé

91 4106 201 4166 bere
227 4113 421 4181 voluit,
452 4114 553 4170 sed
604 4115 912 4171 interventu
956 4114 1160 4171 Letorii
1183 4117 1249 4147 ³¹⁷
1273 4125 1518 4172 retentus
1562 4124 1665 4172 est.

90 4197 319 4273 Cumque
348 4205 450 4260 diu
483 4220 688 4276 anceps
712 4206 915 4262 bellum
946 4216 1219 4278 ageretur,
1253 4208 1471 4264 tandem
1501 4208 1670 4280 sagit-

92 4292 198 4349 tarii
220 4296 290 4350 ab
317 4294 545 4368 Opimio
568 4297 743 4365 missi,
767 4308 1077 4355 consertam
1118 4299 1523 4356 multitudinem
1550 4300 1669 4356 dis-

89 4387 451 4446 turbaverant.
504 4388 622 4446 Duo
664 4390 846 4449 Flacci
894 4401 1052 4462 pater
1090 4401 1146 4447 et
1184 4391 1361 4459 ﬁlius,
1401 4407 1526 4448 cum
1572 4407 1671 4463 per
1702 4421 1748 4475 Β
1845 4395 1912 4451 I2
2095 4394 2122 4449 1

1766 3586 2001 3642 rumque
2037 3578 2163 3641 post
2187 3584 2365 3625 annos
2394 3568 2602 3639 aliquot
2629 3567 2686 3622 in
2713 3582 2941 3638 regnum
2965 3565 3144 3622 rediit.

1877 3664 1899 3717 I
2052 3662 2125 3717 24
2272 3661 2298 3716 1
2412 3660 2748 3726 Antiochus,
2778 3659 2875 3730 qui
2907 3666 2962 3715 et
2988 3657 3262 3732 Gryphus,
3296 3658 3364 3714 fi-

1768 3754 1877 3811 lius
1897 3753 2176 3821 Demetrii,
2206 3753 2455 3825 regnavit
2491 3751 2690 3824 Syrias;
2722 3753 2819 3807 sed
2870 3751 3039 3808 frater
3080 3751 3203 3823 ejus
3248 3752 3364 3806 An-

1766 3845 1987 3902 tiochus
2030 3844 2342 3911 Cizicenus,
2389 3843 2535 3899 filius
2564 3842 2842 3912 Antiochi,
2874 3842 3065 3898 fratris
3106 3841 3366 3899 Demetrii
3406 3910 3407 3913 η

1767 3952 1834 3993 ex
1856 3937 2049 3992 eadem
2075 3936 2305 3991 muliere
2330 3935 2641 4007 Cleopatra,
2686 3935 2862 4005 ejecto
2903 3934 3094 4002 fratre,
3117 3933 3367 4004 regnavit

1769 4026 1913 4097 ipse;
1938 4036 2245 4096 rursusque
2273 4022 2462 4091 frater,
2494 4025 2602 4079 hoc
2652 4023 2901 4093 depulso,
2932 4037 3160 4094 regnum
3211 4028 3366 4077 recc-'-

1768 4119 1879 4190 pit;
1909 4118 2099 4190 sicque
2124 4117 2531 4174 contendebant
2554 4116 2698 4172 inter
2747 4131 2807 4170 se
2835 4130 2932 4185 per
2956 4130 3133 4170 annos
3182 4115 3271 4181 19,
3312 4122 3370 4171 et
3429 4112 3432 4116 Α

1768 4228 1837 4268 ex
1859 4213 1967 4267 hoc
1990 4226 2220 4282 regnum
2246 4209 2379 4265 illud
2417 4224 2517 4279 per
2541 4223 2600 4264 se
2634 4222 2745 4263 non
2771 4206 2982 4274 habuit,
3008 4207 3107 4262 sed
3155 4206 3210 4260 in
3254 4204 3366 4260 Ilo-

1770 4319 2061 4360 manorum
2084 4302 2349 4359 ditionem
2381 4300 2568 4357 cessit.

2313 4393 2348 4449 9
2452 4391 2836 4459 Aristobolus,
2890 4391 3039 4448 ﬁlius
3100 4389 3367 4471 Johannis

88 4478 239 4536 edem
260 4481 438 4539 Lunae
460 4483 520 4538 in
554 4483 821 4553 privatam
849 4484 1073 4541 domum
1105 4484 1458 4541 desiluissent
1495 4482 1672 4540 fores—
1702 4470 1737 4475 ”
1776 4486 2036 4561 Hyrcani,
2066 4486 2435 4558 principatum
2480 4483 2795 4541 «Iudaeorum
2842 4491 2969 4556 post
3014 4490 3223 4555 patrem
3274 4470 3368 4536 su;

86 4586 182 4639 que
208 4575 574 4649 obiecissent,
596 4576 820 4632 areticio
861 4577 1092 4649 graticio
1118 4577 1186 4610 ³¹⁸
1208 4578 1407 4648 parieti
1430 4578 1497 4610 ⁸¹⁹
1524 4577 1669 4634 allixi
1775 4579 1967 4650 scepit,
1996 4580 2339 4650 primusque,
2370 4578 2629 4649 imposita
2672 4576 2778 4633 sibi
2813 4584 3038 4644 cortina,
3079 4589 3226 4630 anno
3253 4587 3375 4627 uno

85 4671 218 4719 sunt.
244 4665 572 4737 Gracchus,
609 4666 705 4724 diu
746 4684 846 4738 pro
877 4683 936 4724 se
978 4669 1350 4740 pugnantibus
1384 4670 1580 4727 amicis
1605 4686 1673 4726 ac
1775 4671 2043 4742 regnavit.

84 4759 457 4827 pereuntibus,
490 4775 634 4831 aegre
655 4761 720 4815 ad
744 4769 966 4832 pontem
1007 4760 1361 4817 Subsilicium
1399 4764 1667 4832 pervenit,
1844 4762 1913 4816 15
2090 4761 2116 4816 ι
2267 4759 2335 4816 10
2449 4758 2585 4832 (Ios.
2642 4758 2722 4813 De
2773 4757 2895 4813 bell.
2957 4755 3124 4822 Jud.,
3186 4771 3225 4809 t.
3285 4752 3371 4825 5.)

81 4841 276 4915 ibique,
312 4863 387 4904 ne
410 4848 578 4905 vivus
607 4831 912 4920 caperetur,
940 4850 1210 4907 cervicem
1233 4831 1670 4924 servoisuo-pre-
1772 4853 2099 4920 Alexander,
2126 4852 2224 4924 qui
2265 4860 2322 4909 et
2362 4831 2628 4918 Janneus,
2679 4850 2851 4905 frater
2889 4846 3209 4915 Aristoboli,
3244 4851 3372 4916 post
3420 4898 3427 4903 .

82 4930 204 4993 bnit.
260 4939 447 5012 Cujus
496 4948 661 5012 caput
699 4943 979 4999 abscisum
1024 4944 1235 4999 consuli
1289 4944 1516 5000 allatum
1562 4955 1668 5014 est,
1774 4956 2005 5001 mortem
2032 4944 2221 5003 fratris
2243 4940 2621 5016 pentiﬂcat'um
2649 4941 2962 4998 Iudaeorum
2996 4939 3201 5012 pariter
3242 4953 3369 4994 cum

79 5038 270 5101 corpus
293 5031 367 5087 ad
399 5029 718 5087 Corneliam
746 5040 975 5088 matrem
1016 5031 1289 5089 Misenum
1312 5034 1536 5105 opidum
1570 5036 1669 5092 de-
1775 5053 1960 5109 regno
1996 5038 2257 5109 suscepit,
2308 5044 2365 5093 et
2403 5050 2502 5107 per
2530 5034 2724 5107 viginti
2779 5042 2989 5106 septem
3018 5047 3195 5089 annos
3218 5029 3288 5063 ³¹⁸
3312 5029 3371 5084 in

1364 5194 1597 5252 ΥΑΒΙᾸΞ
1636 5194 2038 5254 LECTIONES.

2036 5309 2105 5342 ιιι
2135 5310 2214 5364 ita
2246 5307 2306 5378 (ε.
2340 5325 2386 5364 ε.
2433 5324 2464 5365 a
2489 5307 2701 5364 Reticio
2722 5305 3018 5372 Graticio?)
3040 5319 3217 5378 omne!
3238 5299 3379 5378 qusi

140 5303 208 5341 ⁸³⁸
233 5304 599 5365 contentione
618 5307 673 5371 4,
707 5306 759 5362 5.
834 5306 904 5338 ³³⁸
927 5317 1325 5371 recensuerunt
1358 5308 1418 5364 9c
1515 5309 1583 5342 ³³⁷
1625 5309 1835 5366 lictoris
1872 5311 1956 5365 ll.
2036 5309 2105 5342 ³¹⁸
2135 5310 2214 5364 ita
2246 5307 2306 5378 (ἱ.
2340 5325 2386 5364 e.
2433 5324 2464 5365 a
2489 5307 2701 5364 Reticio
2722 5305 3018 5372 Graticio?)
3040 5319 3217 5360 omnes
3238 5303 3377 5373 quod

140 5374 178 5428 fi
196 5379 438 5444 codices,
464 5393 624 5447 quum
647 5378 704 5431 in
729 5376 872 5431 Hist.
902 5377 1142 5432 miscella
1162 5387 1211 5433 et
1241 5380 1325 5433 lt.
1359 5380 1606 5447 legatur:
1638 5383 1876 5438 rescisso
1919 5380 2148 5437 craticio
2185 5380 2394 5447 pariete
2427 5379 2665 5436 confossi
2702 5389 2848 5437 sunt.
2991 5377 3058 5411 ³¹⁹
3086 5372 3377 5447 parietes.

80 5374 624 5451 ridieodices,_guuni
647 5378 704 5451 in
729 5376 872 5451 Hist.
902 5377 1332 5451 miscellqetji.
1359 5380 1606 5451 legatur:
1638 5383 1876 5438 rescisso
1919 5380 2148 5437 craticio
2185 5374 2394 5450 pariete
2427 5379 2665 5436 confossi
2702 5389 2848 5437 sunt.

83 5442 146 5476 ³⁸⁸
170 5442 489 5506 invadendi
505 5445 557 5503 4.
585 5447 639 5504 5.
672 5448 758 5504 9°.
786 5447 871 5503 10.
947 5449 1016 5479 ⁸²¹
1045 5457 1101 5503 et
1117 5447 1334 5504 XXVIII
1363 5442 1522 5507 annis
1552 5452 1637 5507 9°.

146 5671 297 5749 (213)
343 5670 487 5730 Haec
524 5671 877 5732 Ekkcbardus
902 5690 969 5730 ex
996 5674 1176 5732 verbis
1223 5671 1287 5729 II.
1322 5690 1394 5729 m.
1428 5692 1438 5729 :
1474 5691 1505 5729 a
1544 5581 1955 5729 rlﬁgTPflilirio
1987 5673 2333 5732 deformavit.
