3876 6306
484 324 660 399 'oxs

1756 319 2154 379 nummum
2192 312 2658 372 UliAUGlENSlS
3684 282 3771 360 απ·

512 423 516 426 ⁴
553 470 706 511 cives
733 468 867 509 suos
889 446 1269 508 crudelissime
1294 442 1563 516 regnavit.
1596 439 1717 496 Non
1765 438 1912 496 enim
1958 437 2143 492 minus
2171 436 2218 493 A
2313 431 2475 485 Anno
2499 429 2702 499 quippe
2727 424 2891 516 Urbis
2924 418 3572 516 conditaeésexcentcsimo
3590 416 3750 516 sane

554 547 747 623 [quam
774 541 869 617 ³¹¹]
899 537 1295 612 quinquaginta
1325 534 1477 590 milia
1518 533 1586 589 de
1610 530 1831 604 propria
1867 535 2026 601 gente
2051 526 2147 582 de-

551 622 808 695 bellanda
828 649 925 705 per
970 647 1066 687 sex
1097 644 1272 685 annos
1303 623 1593 692 interfecit,
1644 622 1896 695 proprios
1929 634 2148 691 quoque

555 727 755 783 fratres
787 723 855 756 ⁸²⁸
879 722 1110 777 alterum
1148 717 1367 783 occidit,
1414 715 1648 771 alterum
1702 713 1868 768 rebus
1891 709 2148 766 omnibus

557 819 823 874 nudatum
858 810 1254 882 contemptibili
1278 809 1391 865 vita
1437 822 1627 863 secum
1664 804 1875 861 habuit.
1906 802 2013 881 Qui
2052 800 2146 856 27°

556 924 704 965 anno
727 906 991 970 moriens,
1014 901 1234 974 conjugi
1255 902 1388 968 fsuae
1412 897 1776 963 Alexandrm,.
1791 910 1915 966 quae
1963 901 2018 949 et
2046 891 2147 947 Sa-

557 1001 671 1056 lina
698 998 1017 1063 vocabatur,
1039 994 1196 1066 regni
1224 990 1596 1065 gubernacula
1619 1004 1745 1045 cum
1773 986 1991 1043 duobus
2020 983 2147 1040 ﬁliis

554 1090 802 1161 parvulis
827 1088 1067 1158 reliquit.
1121 1084 1295 1156 Cujus
1346 1092 1502 1139 actus
1531 1083 1625 1153 qui
1661 1081 1828 1136 latius
1882 1080 2024 1136 scire
2050 1092 2146 1132 vo-

555 1182 738 1248 luerit,
763 1179 993 1236 tercium
1017 1177 1292 1233 decimum
1313 1173 1538 1245 Iosephi
1574 1173 1778 1229 librum
1805 1169 2147 1242 antiquitatis

557 1272 817 1346 hystorize
835 1271 1014 1341 legere
1035 1276 1210 1325 curet.

606 1373 755 1425 Alex.
837 1370 948 1421 Jud.
1045 1370 1152 1432 Syr.

664 1456 691 1510 l
875 1453 910 1509 6
1059 1453 1126 1508 15
1237 1450 1443 1522 (ΗιΕιι.)
1496 1448 1889 1516 Ptholomeus,
1942 1448 2035 1518 qui
2093 1457 2149 1503 et

555 1547 882 1614 Alexander,
905 1546 1067 1617 pulso
1091 1545 1171 1600 'de
1198 1559 1367 1615 regno
1406 1542 1729 1597 Ptholomeo
1757 1540 2027 1595 Phiscone
2051 1555 2149 1610 per

557 1648 786 1695 matrem
823 1639 1189 1708 Cleopatram,
1221 1636 1471 1706 regnavit
1493 1633 1835 1689 Alexandria:
1869 1633 2030 1688 annis
2055 1648 2149 1687 no-

557 1744 704 1795 vem,
732 1743 764 1782 a
792 1727 1191 1783 restauratione
1219 1725 1404 1795 templi
1432 1737 1576 1779 anno
1602 1722 1749 1778 424°.

663 1819 703 1872 3
880 1818 911 1869 7
1056 1816 1191 1871 16‘

665 1911 700 1964 3
880 1910 914 1965 8
1060 1909 1126 1962 l7

680 2001 716 2057 4
891 2001 925 2054 9
1070 1998 1136 2053 18

667 2093 701 2148 5
845 2092 914 2147 l0
1058 2091 1129 2146 l9

663 2182 697 2236 6
848 2183 901 2236 Η

664 2274 696 2325 7
841 2273 909 2326 Η
992 2269 1189 2326 defecit

666 2363 701 2416 8
848 2364 916 2417 13
966 2341 1209 2428 ’νεεηιῖιιι

671 2454 705 2507 9
849 2452 917 2507 Μ
999 2451 1190 2524 Syriae.

633 2542 742 2614 (11.
775 2560 846 2598 m.
881 2552 934 2599 et
964 2541 1034 2597 Η.
1074 2541 1167 2613 Β.)
1198 2541 1356 2597 Anno
1383 2543 1843 2612 sexingentesimo
1871 2541 2150 2613 quinqua-

511 2696 514 2700 ,
554 2633 766 2704 gesimo
792 2648 958 2701 nono,
986 2633 1186 2704 quiest
1228 2641 1458 2703 quartus
1491 2632 1799 2687 Ptholomei
1832 2629 2146 2698 Alexandri,

555 2740 680 2779 cum
707 2739 874 2794 prope
905 2724 1092 2779 omnia
1134 2722 1274 2779 bella
1309 2733 1571 2780 extranea
1614 2733 1949 2791 cessassent,
1979 2737 2146 2792 supe-

552 2823 674 2871 rato
700 2816 756 2871 in
783 2815 1039 2871 Numidia
1067 2832 1165 2884 per
1193 2815 1468 2873 Metellum
1509 2816 1774 2888 primum,
1828 2815 2024 2872 deinde
2054 2832 2150 2887 per

517 2906 786 2963 ~Marium
825 2916 881 2964 et
921 2906 1129 2979 Syllam
1177 2906 1429 2980 Jugurta,
1478 2917 1604 2979 post
1647 2908 1764 2963 hate
1814 2907 2052 2965 Cimbris
2097 2916 2152 2962 et

551 2997 898 3054 ‘Teutonibus
934 3014 1031 3069 per
1069 2998 1301 3054 Marium
1329 3008 1386 3056 et
1423 2998 1686 3066 Quintum
1726 2998 2002 3064 Catulum,
2028 3013 2152 3069 gra-

2248 520 2375 576 ciali
2406 498 2572 586 bello,
2606 515 2795 571 multis
2843 498 3279 583 repugnantibus
3306 523 3402 578 per
3422 517 3578 563 totam
3601 504 3751 562 Italian

2246 611 2533 676 suscitato,
2567 606 2887 663 intestinum
2934 603 3137 659 bellum
3183 600 3493 670 adjunctum
3518 599 3755 661 est,multi-

2245 703 2525 775 plicesque
2554 698 2895 755 calamitates
2932 694 3390 766 perturbaverunt
3425 689 3652 760 populum
3681 687 3755 742 lio-

2246 806 2492 858 manum,
2519 786 2906 861 quamvisjam
2930 783 3166 841 Romani
3192 781 3488 836 multarum
3512 778 3681 833 domini
3700 793 3759 832 ro-

2246 889 2506 940 carentur
2534 880 2802 952 gentium.
2835 877 3074 932 Causam
3102 889 3232 929 vero
3263 871 3439 928 civilis
3457 869 3573 925 belli
3598 868 3758 935 Marius,

2239 976 2356 1046 jam
2387 972 2566 1030 sexies
2605 970 2820 1038 consul,
2879 969 3049 1024 dedit.
3101 965 3239 1021 Nam
3293 979 3420 1019 cum
3451 960 3583 1032 Sylla
3608 962 3758 1019 consul.

2245 1075 2499 1140 gesturus
2524 1064 2727 1120 bellum
2778 1069 2973 1117 contra
3033 1056 3403 1120 Metridatem,
3466 1052 3552 1122 qui
3572 1052 3762 1104 Asiana

2246 1159 2511 1214 Achaiam
2544 1158 2844 1222 invaserat,
2873 1153 3202 1215 mitteretur,
3228 1147 3324 1202 sed
3345 1144 3624 1199 exercitum
3642 1143 3763 1196 adhuc

2247 1249 2531 1322 paulisper
2597 1249 2654 1303 in
2685 1245 2983 1317 Campania
3048 1250 3280 1306 teneret,
3326 1247 3390 1292 ut
3433 1236 3550 1291 belli
3592 1234 3762 1297 socialis,

2251 1346 2418 1413 quod,
2460 1349 2523 1395 ut
2548 1354 2716 1410 supra
2742 1337 3007 1404 diximus,
3038 1335 3094 1390 in
3116 1333 3270 1387 ltalia
3298 1338 3514 1402 gestum
3555 1337 3642 1390 est,
3681 1325 3763 1378 reli-

2249 1434 2392 1506 quim
2416 1432 2757 1496 tollerentur,
2789 1426 2998 1483 Marius
3049 1422 3319 1481 aﬁectavit
3354 1430 3433 1485 ut,
3465 1418 3766 1488 septimocon-

2198 1517 2200 1520 ’
2250 1526 2434 1581 sulatu
2469 1522 2574 1579 sibi
2598 1520 2918 1586 commisso,
2944 1518 3062 1588 ipse
3097 1516 3164 1571 ad
3192 1513 3402 1568 bellum
3451 1506 3765 1563 Metridaticum

2232 1618 2578 1673 mitteretur.
2613 1613 2733 1680 Qua
2772 1626 2833 1667 re
2877 1610 3025 1683 Sylla
3059 1615 3395 1668 commotus,
3436 1616 3554 1655 cum
3593 1598 3765 1652 exercitu

2249 1710 2317 1767 ad
2353 1707 2555 1764 Urbem
2572 1706 2744 1773 venit,
2768 1712 2824 1761 et
2843 1713 2971 1759 ante
2994 1701 3197 1757 Urbem
3225 1699 3470 1770 legatum
3493 1693 3631 1748 Marii
3661 1692 3767 1762 quasi
3828 1722 3829 1735 η

2249 1800 2482 1871 primam
2505 1798 2785 1853 victimam
2831 1794 2961 1850 belli
3006 1792 3186 1849 civilis
3219 1788 3449 1853 occidit,
3479 1800 3593 1840 mox
3629 1781 3768 1836 Urbem

2249 1890 2466 1961 irrupit,
2512 1897 2568 1945 et
2591 1897 2784 1944 contra
2824 1883 3058 1940 Marium
3110 1898 3175 1937 ac
3215 1879 3523 1950 Sulpicium
3553 1875 3768 1931 dimicans.

2251 1981 2557 2053 Sulpicium
2580 1978 2800 2046 occidit,
2827 1975 3061 2032 Marium
3092 1972 3322 2045 fugavit,
3382 1981 3543 2040 atque
3569 1968 3630 2021 ita
3666 1964 3768 2019 ordi-

2247 2073 2394 2129 natis
2429 2073 2485 2128 in
2509 2071 2757 2126 futurum
2790 2082 2998 2124 annum
3029 2064 3355 2122 consulibus
3381 2062 3532 2117 Gneo
3552 2056 3772 2114 Octaviae:
3828 2068 3829 2085 ι

2247 2163 2506 2219 Cornelio
2528 2160 2726 2228 Cinna,
2753 2159 2821 2215 ad
2844 2157 3033 2212 Asiam
3063 2144 3350 2227 profectus
3372 2160 3476 2208 est.
3492 2148 3667 2204 Marius
3686 2160 3771 2200 vero
3828 2216 3829 2219 η

2250 2271 2377 2312 cum
2421 2246 2740 2325 permovere
2796 2249 3160 2315 nobilitatem,
3208 2244 3552 2301 inflammare
3597 2239 3763 2311 plebem.
3828 2242 3829 2281 ἓ

2246 2360 2560 2418 perarmare
2581 2344 2835 2400 ordinem
2848 2349 3156 2413 equestrem
3203 2337 3473 2392 adversus
3496 2334 3672 2403 Syllam
3697 2329 3769 2382 lru-
3828 2332 3829 2369 ἰ

2248 2447 2361 2494 stra
2386 2444 2707 2508 temptasset
2744 2435 2835 2501 ³³⁸,
2890 2433 3109 2488 tandem
3159 2429 3218 2484 in
3269 2425 3596 2499 Capitolium
3632 2420 3769 2481 cessit;
3828 2428 3829 2451 ‘

2250 2530 2346 2586 sed
2374 2546 2405 2584 a
2433 2528 2685 2600 partibus
2716 2525 2955 2599 Syllanis
2982 2523 3217 2596 graviter
3228 2520 3521 2583 contritus,
3555 2516 3615 2571 ab
3636 2528 3687 2569 eo
3704 2510 3757 2565 dif
3828 2516 3829 2523 ‘

2252 2617 2413 2693 fugit,
2437 2630 2491 2676 et
2533 2617 2980 2692 persequentium
3023 2613 3285 2670 instantia
3327 2613 3707 2678 circumseptus.
3740 2603 3774 2655 in
3828 2626 3829 2661 ι

2249 2711 2712 2767 Minturnensium
2755 2708 3050 2781 paludibus
3080 2720 3205 2761 sese
3265 2703 3499 2769 abdidit,
3558 2716 3586 2754 e
3637 2697 3774 2768 quibus
3828 2760 3829 2779 χ

2248 2803 2542 2860 infeliciter
2583 2804 2702 2858 luto
2740 2801 2946 2856 oblitus
2983 2796 3469 2870 ignominioseque
3520 2796 3773 2863 protractus,
3828 2790 3829 2831 ἓ

2249 2896 2397 2966 turpi
2425 2909 2648 2966 quoque
2689 2891 3004 2963 spectaculo
3051 2887 3368 2943 Minturnas
3402 2884 3666 2945 deductus,
3684 2893 3772 2932 ωη-
3828 2882 3829 2887 ‘

2248 2978 2548 3057 trususque
2586 2985 2644 3040 in
2694 2972 2992 3048 carcerem,
3058 2991 3453 3050 percussorem
3506 2973 3567 3027 ad
3607 2987 3656 3025 se
3684 2967 3771 3021 mis-
3828 2992 3829 3005 ς

555 3089 844 3146 vissimum
867 3062 1109 3145 in-ltalia
1138 3090 1344 3146 bellum
1384 3062 1643 3146 Picenses
1669 3090 1741 3122 m
1774 3098 1830 3145 et
1855 3062 2147 3145 Marsi'l’e—
2187 3139 2221 3146 _
2252 3094 2377 3133 sum
2408 3078 2478 3110 "'
2502 3074 2621 3132 solo
2639 3075 2767 3130 visu
2796 3071 3124 3130 conterruit.
3154 3069 3363 3124 Deinde
3395 3069 3577 3137 lapsus
3602 3062 3776 3118 erim-

556 3180 800 3251 lignique
821 3190 1132 3247 moverunt,
1155 3181 1248 3251 qui
1272 3181 1432 3236 annis
1459 3181 1772 3236 numerosis
1793 3180 1907 3250 jam
1950 3180 2150 3235 Roma-
2176 3139 2223 3217 ο
2254 3169 2342 3236 lis,
2374 3169 2429 3224 in
2464 3166 2707 3222 Africam
2761 3163 3075 3235 transfugit,
3136 3160 3545 3251 sollicitamque
3578 3171 3633 3210 ει
3673 3150 3776 3205 “in
3828 3148 3829 3167 ¹

558 3270 649 3326 nis
668 3270 1081 3341 subiacuerunt.
1105 3270 1310 3327 Contra
1355 3287 1497 3341 quos
1529 3288 1558 3327 a
1590 3271 1853 3330 Romanis
1887 3272 2024 3328 bene
2046 3288 2151 3343 pu-

556 3370 785 3433 gnatum
842 3371 928 3417 est
963 3378 994 3416 a
1034 3361 1172 3418 Gaio
1217 3361 1410 3431 Mario,
1444 3364 1536 3433 qui
1557 3363 1673 3434 jam
1731 3364 1910 3420 sexies
1960 3363 2153 3419 consul

558 3453 757 3521 fuerat,
779 3461 885 3508 eta
907 3452 1061 3509 Gneo
1102 3452 1382 3524 Pompeio,
1433 3455 1671 3511 maxime
1698 3464 1878 3510 tamen
1903 3471 1932 3508 a
1983 3453 2155 3510 Lucio

559 3545 817 3602 Cornelio
844 3543 1012 3617 Sylla,
1043 3546 1137 3617 qui
1160 3546 1303 3601 inter
1323 3546 1429 3602 alia
1466 3547 1684 3619 egregia
1709 3545 2021 3602 Cluentium
2048 3546 2139 3601 du-

559 3652 679 3692 cem
735 3636 979 3691 hostium
1015 3637 1089 3692 ita
1116 3653 1240 3693 cum
1292 3637 1507 3709 magnis
1546 3637 1721 3715 copiis
1770 3636 1944 3703 fudit,
1980 3645 2041 3692 ut
2087 3652 2153 3692 ex

559 3728 680 3784 suis
704 3732 877 3781 unum
926 3728 997 3760 ⁸²¹
1037 3728 1330 3784 amitteret.
1370 3726 1487 3783 Hoc
1538 3727 1741 3782 bellum
1791 3727 2155 3799 quadriennio

560 3831 687 3871 cum
720 3817 870 3896 gravi
897 3817 1209 3873 calamitate
1254 3826 1510 3884 tractum,
1539 3818 1733 3890 quinto
1755 3818 1974 3872 demum
2009 3833 2155 3873 anno

560 3906 725 3960 ﬁnem
762 3907 974 3978 accepit
1020 3923 1117 3979 per
1151 3907 1377 3964 Lucium
1416 3909 1731 3965 Cornelium
1775 3909 2013 3981 Syllam,
2037 3918 2153 3965 tum

562 3995 868 4063 consulem,
900 4012 1025 4053 cum
1055 4006 1212 4054 antea
1253 4000 1307 4054 in
1331 4000 1520 4056 eodem
1556 4001 1698 4057 bello
1734 4002 1904 4057 multa
1932 4011 2155 4059 strenue

561 4096 763 4157 praetor
782 4088 1001 4160 egisset.
1054 4088 1178 4161 Ipso
1221 4092 1274 4146 in
1310 4101 1557 4163 tempore
1592 4094 1711 4150 dira
1748 4096 1993 4168 prodigia
2037 4096 2153 4153 visa

561 4186 711 4232 sunt.
735 4174 871 4233 Nam
899 4180 1003 4235 sub
1026 4190 1150 4236 ortu
1173 4182 1307 4237 solis
1328 4182 1523 4254 globus
1557 4184 1700 4256 ignis
1729 4200 1759 4240 a
1786 4186 2155 4256 septentrione

560 4282 685 4322 cum
717 4268 959 4325 maximo
979 4270 1103 4326 (ιωιί
1137 4270 1356 4344 fragore
1383 4273 1577 4329 micuit
1609 4275 1787 4346 ;apud
1816 4275 2072 4331 Aretinos
2098 4276 2152 4330 in

560 4359 815 4414 convivio
839 4375 871 4415 e
912 4362 1147 4432 panibus
1168 4379 1334 4419 cruor
1364 4366 1529 4435 quasi
1550 4380 1582 4421 e
1608 4367 1930 4423 vulneribus
1958 4381 2155 4438 corpoo

561 4463 687 4551 rum
714 4448 899 4551 ﬂuxit,
937 4468 1035 4523 per
1064 4463 1274 4524 septem
1305 4456 1601 4512 continuos
1628 4458 1747 4513 dies
1776 4458 1984 4528 grando
2011 4458 2119 4529 lapi
2137 4488 2153 4498 -
2185 4496 2231 4551 Β

559 4537 714 4606 dum,
745 4540 1010 4599 immixtis
1045 4545 1208 4601 etiam
1243 4554 1505 4602 testarum
1558 4546 1902 4619 fragmentis,
1950 4557 2150 4604 terram

560 4631 829 4688 latissime
864 4635 1201 4706 verberavit;
1241 4638 1295 4693 in
1329 4637 1567 4695 Samnia:
1599 4640 1853 4710 partibus
1885 4654 1916 4695 e
1956 4640 2155 4695 vastis-

563 4724 706 4779 simo
737 4733 896 4781 terrae
924 4727 1073 4783 hiatu
1110 4728 1330 4787 ﬂamma
1364 4732 1617 4803 prorupit
1642 4743 1696 4788 et
1739 4748 1916 4804 usque
1953 4733 2021 4788 ad
2045 4748 2153 4789 cte-

562 4812 678 4868 lum
701 4816 921 4872 extendi
951 4818 1068 4874 visa
1089 4829 1194 4876 est.
1224 4819 1380 4878 Tunc
1408 4822 1575 4878 etiam
1612 4822 1860 4878 omnium
1892 4838 2154 4894 generum

560 4901 843 4973 animalia,
884 4921 1008 4976 qua:
1029 4907 1172 4964 inter
1206 4909 1458 4966 homines
1509 4910 1691 4967 vivere
1729 4911 1925 4979 solent,
1950 4912 2155 4968 relictis

561 4993 793 5052 stabulis
818 5000 1169 5072 pascuisque,
1193 5016 1320 5058 cum
1356 5001 1565 5070 balatu,
1596 5002 1810 5059 hinnitu
1840 5003 2156 5076 gemituque

562 5084 862 5144 miserabili
913 5091 983 5147 ad
1039 5092 1206 5149 siivas
1253 5084 1906 5166 montesque‘fugerunt;
1965 5110 2154 5162 canes,

560 5192 796 5253 quorum
833 5193 1027 5240 natura
1049 5194 1135 5241 cst
1159 5197 1311 5243 extra
1352 5187 1606 5242 homines
1653 5202 1778 5243 esse
1822 5203 1931 5242 non
1967 5203 2152 5259 posse,

560 5268 872 5330 lacrimosis
903 5276 1200 5333 ululatibus
1257 5279 1377 5349 vagi
1420 5279 1674 5350 luporum
1716 5279 1822 5333 ritu
1861 5279 2152 5335 oberrave-

561 5370 708 5416 runt.
739 5361 851 5421 Nec
888 5382 1063 5435 mora,
1101 5379 1228 5440 post
1259 5370 1378 5426 haec
1417 5379 1526 5425 tam
1564 5369 1752 5442 gravia
1786 5370 2030 5441 prodigia
2069 5371 2150 5425 ci-

561 5451 691 5509 vilia
713 5454 853 5512 bella
874 5468 1060 5515 secuta
1096 5472 1244 5517 sunt.

2253 3260 2366 3315 filio
2392 3275 2495 3316 suo
2517 3257 2723 3325 Mario,
2762 3257 2857 3314 ubi
2902 3256 2951 3312 is
2978 3254 3228 3311 custodia
3268 3250 3665 3312 observabatur,
3689 3256 3778 3298 cono
3828 3300 3829 3327 ι

2252 3353 2413 3407 tinuo
2442 3349 2675 3406 Romam
2706 3361 2998 3421 regressus
3033 3352 3139 3413 est,
3166 3342 3478 3412 Cinnaque
3514 3335 3692 3395 consuli
3718 3344 3777 3385 εο-
3828 3362 3829 3375 ι

2254 3443 2450 3499 cietate
2508 3441 2779 3498 scelerum
2839 3437 3170 3509 coniunctus
3206 3442 3332 3498 est;
3399 3432 3585 3503 sicque
3622 3424 3779 3482 ωιιεςω
3828 3462 3829 3487 ξ

2254 3534 2519 3602 exercitu,
2554 3532 2787 3588 Romam
2809 3529 3066 3602 ingressi,
3102 3526 3498 3594 nobilissimos
3533 3524 3777 3577 eseaatuet
3828 3508 3829 3565 \

2255 3626 2580 3683 consulares
2616 3624 2767 3679 viros
2806 3620 3221 3685 interfecerunt,
3273 3617 3487 3673 multos
3511 3608 3777 3686 proscripsc'
3828 3618 3829 3669 ἶ

2255 3729 2416 3787 runt;
2446 3716 2621 3788 ipsius
2657 3714 2819 3788 Syllae
2851 3714 3017 3770 domo
3055 3726 3265 3791 eversa,
3290 3724 3525 3765 uxorem
3544 3705 3647 3774 ejus
3667 3708 3708 3754 et
3736 3696 3778 3749 5ο
3828 3730 3829 3743 ι

2254 3809 2359 3865 lios
2388 3809 2455 3864 ad
2478 3806 2666 3879 fugam
2714 3805 3129 3877 compulerunt;
3162 3802 3465 3858 universus
3506 3797 3763 3879 reliquussr

2256 3907 2420 3955 natus
2444 3913 2512 3953 ex
2552 3878 2700 3952 Urbe
2721 3894 2959 3966 fugiens,
2991 3894 3059 3948 ad
3083 3891 3287 3964 Syllam
3328 3891 3386 3944 in
3408 3888 3641 3945 Greciam
3661 3878 3775 3935 venit.
3828 3940 3829 3957 η

2255 4008 2424 4050 orans
2480 4002 2542 4048 ut
2576 3991 2767 4063 patriae
2805 3989 3144 4046 subveniret.
3174 3985 3279 4054 Qui
3316 3985 3509 4041 statim
3551 3982 3600 4036 in
3630 3974 3777 4032 italiam

2255 4083 2488 4155 trajecit.
2530 4081 2738 4137 Marius
2773 4089 2956 4136 autem
3002 4094 3126 4135 cum
3162 4076 3461 4147 septimum
3510 4068 3777 4129 consumtum

2256 4178 2569 4245 invasisset,
2621 4176 2797 4234 Cinna
2830 4220 2834 4224 .
2844 4176 2958 4247 jam
3009 4177 3180 4230 tercio
3229 4170 3484 4236 consule,
3530 4167 3583 4222 in
3620 4157 3778 4219 exonﬁo

2256 4271 2576 4329 consulatus
2601 4268 2821 4340 septimi
2838 4283 2959 4323 sera
2980 4265 3202 4321 tandem
3226 4273 3406 4318 morte
3431 4266 3687 4332 prereptus
3700 4256 3773 4307 est;
3828 4288 3829 4303 ξ

2255 4363 2433 4421 Cinna
2453 4379 2586 4419 vero
2607 4362 2677 4418 ab
2714 4360 2958 4417 exercitu
2988 4372 3091 4414 suo
3148 4353 3477 4411 interfectus
3504 4360 3599 4407 est.
3635 4345 3777 4400 Ἄδα·
3828 4364 3829 4419 j

2255 4464 2376 4510 tens
2414 4462 2596 4509 autem
2641 4450 2811 4524 Sylla,
2860 4464 2985 4505 cum
3004 4448 3121 4519 jam
3162 4444 3355 4500 Romae
3384 4428 3777 4524 consulesnnltfti
3828 4466 3829 4517 χ

2258 4554 2465 4612 essent,
2498 4553 2554 4599 et
2587 4520 2817 4611 Marius,
2871 4539 3030 4594 Marii
3079 4538 3245 4605 filius,
3285 4550 3351 4591 ac
3389 4531 3629 4603 Papirius
3655 4520 3778 4579 Caril0
3828 4564 3829 4567 η

2254 4636 2605 4693 consulatum
2650 4633 2994 4703 accepissent
3054 4637 3247 4685 contra
3296 4625 3529 4681 Marium
3570 4619 3777 4692 iuniori!

2253 4727 2548 4794 dimicans,
2575 4726 2645 4782 15
2671 4725 2825 4780 milia
2856 4721 3074 4788 occidit,
3106 4720 3175 4776 de
3216 4716 3336 4775 suis
3363 4715 3471 4772 400
3496 4711 3677 4769 amisit.
3695 4703 3777 4759 lor

2254 4821 2422 4877 etiam
2445 4817 2650 4873 Urbem
2689 4817 2996 4888 ingressus,
3031 4812 3134 4867 tria
3152 4796 3318 4866 'milia
3346 4807 3619 4864 hominum
3644 4806 3775 4856 contu
3828 4850 3829 4855 η

2255 4914 2438 4970 datam
2461 4910 2625 4967 fidem
2653 4908 2891 4964 inermes
2919 4904 3169 4978 peremit.
3218 4902 3472 4970 Cumque
3494 4909 3667 4967 magna
3689 4903 3775 4945 απ-
3828 4888 3829 4931 ί

2256 5003 2479 5060 delitate
2498 5009 2691 5057 contra
2716 5007 2906 5055 sontes
2938 4997 3301 5064 insontesque
3338 4992 3553 5056 seviret,
3604 4985 3776 5052 Quintis
3828 5036 3829 5041 η

2255 5095 2487 5151 Catulus
2507 5093 2688 5164 palam
2709 5089 2873 5163 Syllae
2897 5089 3035 5144 dixit
3071 5108 3084 5143 :
3110 5087 3247 5144 Cum
3293 5084 3480 5156 quibus
3507 5080 3689 5134 tandem
3722 5072 3775 5126 ri-

2256 5188 2399 5241 cturi
2419 5202 2623 5251 sumus,
2655 5183 2704 5238 si
2735 5184 2789 5236 in
2805 5180 2940 5236 bello
2958 5188 3215 5246 armatos,
3269 5178 3326 5230 in
3359 5190 3483 5246 pace
3510 5174 3776 5226 inerma“-
3828 5236 3829 5247 χ

2256 5279 2525 5333 cidimus?
2562 5276 2709 5348 Sylla
2739 5275 2924 5345 itaque
2975 5271 3234 5338 Marium,
3282 5266 3436 5322 Marii
3468 5264 3647 5327 filium,
3828 5304 3829 5313 ξ

2256 5376 2419 5427 neste'
2445 5347 2790 5441 persecutus,
2834 5364 3051 5421 obsedit
3089 5373 3144 5427 et
3186 5362 3256 5418 ad
3293 5364 3521 5417 mortem
3556 5347 3774 5441 compulit.

2254 5473 2378 5533 post
2400 5438 2515 5517 haec
2544 5461 2611 5516 de
2660 5457 2944 5515 Metridate
2988 5454 3198 5527 ingenti
3253 5454 3422 5528 gloria
3468 5438 3759 5516 triumphavit
3828 5474 3829 5519 ι

1863 5571 2096 5628 VARUE
2130 5570 2538 5627 LECTIONES.

560 5655 701 5782 9""
730 5657 1125 5783 ξξῗῐῐὲἒὲοάὲεδι
1157 5663 1207 5718 4.
1259 5664 1310 5718 5.
1344 5660 1425 5716 l0.
1461 5663 1542 5715 Η.

1625 5663 1692 5694 ³³⁸
1718 5663 1858 5717 deest
1891 5664 1940 5718 5.

2022 5663 2089 5694 "1’
2124 5662 2360 5733 picensis
2400 5662 2451 5717 5.

2557 5662 2625 5691 “3
2660 5677 2828 5717 unum
2857 5676 2966 5716 non
2991 5660 3042 5713 ι.
3078 5675 3188 5713 non
3215 5675 3385 5714 unum
3444 5656 3526 5709 ll.
3589 5648 3763 5697 "’dmt
3828 5678 3829 5693 η
