3876 6306
80 322 172 379 657

992 321 1360 379 CHRONICA.
1401 350 1470 364 -—-
1512 322 1908 381 CHRONICON
1950 325 2406 388 UNIVERSALE.

3252 340 3365 397 658.

80 430 162 503 (Il.
189 430 283 503 ιη.)
318 428 509 489 Gneus
552 440 735 487 autem
780 432 1093 506 Pompeius,
1126 435 1273 506 quod
1304 436 1438 492 nulli
1471 435 1667 492 Roma-
1693 442 1740 498 Α
1765 453 1889 494 cum
1919 440 2046 496 filiis
2078 440 2310 498 includit
2335 444 2389 497 in
2448 445 2672 502 castello
2701 448 2971 517 quodam;
3003 460 3131 508 ante
3167 461 3353 510 tamen

78 537 255 577 uorum
308 523 578 579 tributum
612 533 751 593 erat,
802 525 1126 582 vicesimum
1165 535 1426 598 quartum
1457 544 1663 584 annum

78 613 237 668 aetatis
256 629 455 685 agens,
477 616 547 672 de
574 615 760 673 Africa
788 618 1129 688 trimpbavit.
1170 619 1516 692 Syllaitaque
1539 630 1665 692 post

78 706 230 760 multa
265 705 489 778 flagicia
526 708 765 764 dictator
800 718 1020 766 creatus
1049 717 1152 779 est,
1176 722 1237 767 ut
1271 713 1663 770 dominationis

76 806 121 852 et
148 798 490 854 crudelitatis
525 800 694 856 libido
726 802 941 858 honesti
963 804 1206 860 nominis
1239 806 1542 861 reverentia
1569 821 1664 862 ve-

76 890 285 945 laretur.
311 889 625 947 Novissime
678 902 863 949 tamen
902 903 1173 964 potestate
1207 895 1454 966 privatus
1491 896 1662 952 mori-

77 991 171 1046 tur,
190 980 529 1052 tandemque
572 984 833 1041 conclusa
865 995 994 1041 sunt
1017 987 1129 1043 duo
1160 982 1302 1043 bella
1343 987 1660 1044 funestissi-

76 1088 171 1137 ma,
199 1072 413 1128 sociale
436 1072 681 1129 Italicum
707 1085 762 1130 et
791 1076 951 1132 civile
978 1075 1421 1149 Syllanum,qu:e
1441 1094 1540 1148 per
1560 1094 1663 1134 an-

77 1180 165 1218 nos
184 1164 381 1220 decem
407 1174 704 1236 protracta,
736 1167 861 1237 plus
901 1184 1069 1237 quam
1125 1179 1347 1224 centum
1383 1170 1658 1241 quinqua-

76 1255 208 1325 ginta
230 1256 390 1311 milia
416 1256 788 1313 Romanorum
820 1270 1303 1330 consumpserunt.
1332 1259 1540 1334 (Hii-2R.)
1564 1260 1661 1318 His

77 1348 408 1418 temporibus
454 1348 776 1406 Torrentius
810 1349 982 1407 Varro
1025 1351 1362 1408 tricesimum
1405 1354 1658 1425 quintum

76 1456 265 1495 annum
293 1441 474 1497 astatis
507 1458 700 1513 agens,
730 1442 943 1499 litteras
973 1459 1190 1501 summo
1228 1445 1414 1501 studio
1448 1446 1655 1502 didicit.

75 1534 274 1601 Cicero,
337 1532 565 1590 defenso
617 1544 809 1591 contra
853 1534 1256 1609 Chrisdgonum
1307 1538 1535 1595 Rustico
1565 1540 1657 1605 ³³⁸,

76 1628 307 1683 Athenas
351 1627 514 1695 cedit,
565 1627 763 1684 deinde
792 1639 916 1699 post
954 1630 1250 1686 triennium
1302 1630 1534 1689 Romam
1573 1648 1657 1687 re-

74 1734 307 1789 gressus,
333 1718 426 1775 26³³
451 1721 629 1777 anatis
670 1737 786 1777 sua:
820 1737 968 1779 anno
1008 1722 1174 1778 etiam
1223 1722 1508 1790 Quintium
1559 1723 1656 1779 de-

77 1810 252 1865 fendit.
274 1810 400 1878 Quo
422 1813 475 1867 in
499 1821 746 1883 tempore
759 1811 970 1870 Plotius
991 1813 1385 1873 GallusRomat
1408 1815 1659 1871 Latinam

77 1904 395 1959 rcthoricam
439 1905 650 1975 primus
695 1905 903 1972 docuit,
931 1906 1091 1976 cujus
1133 1906 1297 1961 etiam
1323 1907 1518 1963 Cicero
1541 1922 1661 1963 mc-

77 1996 239 2050 minit.
265 1995 473 2053 Lucius
499 1996 841 2068 Pomponius
858 1999 1226 2057 Bononiensis
1262 2002 1664 2057 catillarunt’"

76 2088 303 2157 scriptor
333 2095 465 2144 tunc
508 2088 725 2144 claruit.
755 2088 1048 2146 Lucretius
1080 2091 1244 2146 etiam
1286 2101 1444 2162 poeta
1478 2093 1661 2149 nasci-

75 2186 173 2243 tur,
194 2177 297 2248 qui
323 2178 594 2234 amatorio
616 2178 817 2249 poculo.
840 2180 1042 2236 hausto
1076 2179 1132 2235 iu
1188 2181 1487 2237 amentiam
1535 2196 1660 2237 ver-

75 2284 180 2331 sus,
209 2268 430 2338 aliquos
455 2270 628 2325 libros
682 2287 781 2341 per
824 2271 1108 2328 intervalla
1145 2273 1386 2328 vesania:
1422 2272 1664 2343 scripsit,

77 2372 208 2426 quos
229 2356 420 2414 Cicero
443 2368 631 2429 postea
665 2361 998 2416 emendavit.
1039 2358 1271 2432 Crispus
1302 2376 1524 2432 quoque
1559 2360 1663 2418 Sa-

76 2448 263 2506 lustius
300 2450 793 2523 hystoriographus
817 2452 1084 2509 nascitur.
1121 2451 1384 2525 Virgilius
1417 2452 1572 2510 hlaro
1603 2455 1660 2509 iu

78 2556 209 2612 pago
227 2540 321 2612 qui
345 2542 531 2599 Andes
550 2543 755 2600 dicitur
777 2545 911 2601 haut
949 2547 1140 2617 procul
1167 2563 1198 2602 a
1236 2545 1457 2623 Mantua
1478 2548 1630 2604 nasci
1645 2578 1664 2587 -

78 2639 177 2686 tur.
220 2630 436 2687 Portius
459 2633 599 2689 Cato
627 2632 848 2691 Stoicus
870 2635 1244 2707 phylosophus
1290 2639 1660 2709 cognoscitur.

78 2722 166 2779 His
218 2725 557 2796 temporibus
611 2726 977 2797 Apollodorus
1030 2727 1404 2801 Pergamenus
1456 2731 1665 2788 Greeus

78 2826 278 2884 emtor,
298 2827 586 2888 preceptor
601 2816 819 2876 Callidii
843 2830 898 2876 et
921 2821 1178 2893 Augusti,
1203 2822 1387 2879 clarus
1410 2823 1661 2880 habetur.

80 2906 329 2965 lloratius
365 2908 598 2967 Flaccus
642 2910 901 2968 libertino
938 2923 1092 2985 patre
1136 2913 1361 2971 venusii
1398 2916 1664 2985 nascitur,

81 3000 339 3071 satyricus
361 3011 551 3072 postea
589 3010 645 3058 et
680 3003 886 3075 lyricus
928 3015 1111 3075 poeta.
1148 3005 1408 3077 Virgilius
1436 3008 1666 3063 Cremo-

1766 534 2019 599 moritur,
2042 549 2210 605 quam
2233 534 2463 606 injurias
2492 534 2725 609 Hyrcani
2753 539 2823 594 ad
2873 540 3096 609 plenum
3123 543 3354 601 ulcisce-

1765 631 1934 680 retur.

1813 729 1959 780 Alex.
2024 729 2137 779 Jud.

1837 815 1906 869 t5
2086 814 2113 867 1
2226 813 2532 886 Hyrcanus,
2573 815 2867 872 Alexandri
2906 816 3103 875 Jannei
3129 812 3184 876 et
3222 819 3353 875 Ale-

1763 905 1986 960 xandra:
2018 904 2220 961 Salinae
2252 905 2418 974 tiiius,
2443 915 2572 977 post
2616 906 2828 963 obitum
2872 910 3068 966 matris
3113 912 3354 981 suscepit

1737 1013 1994 1067 .regnum
2030 995 2368 1065 Iudaeorum,
2405 1015 2436 1053 a
2470 1008 2645 1055 matre
2682 1000 2789 1056 sibi
2841 1002 3229 1068 commissum;
3256 1003 3352 1059 sed

1762 1088 1932 1145 frater
1959 1088 2080 1158 ejus
2102 1089 2447 1147 Aristobolus
2483 1092 2600 1146 zelo
2625 1092 2845 1160 ductus,
2908 1093 3249 1165 impugnavit
3297 1105 3354 1152 et

1760 1181 1970 1252 eXpulit
1991 1180 2167 1236 illum.
2219 1181 2337 1248 Qua
2364 1181 2710 1245 dissensione
2742 1194 2925 1240 actum
2961 1194 3130 1241 estut
3158 1185 3355 1241 Roma-

1762 1273 1817 1326 ni
1867 1273 2123 1328 ductores
2170 1271 2415 1329 Judacam
2461 1273 2765 1343 intrarent;
2829 1276 3020 1347 sicque
3075 1287 3355 1334 annuente

1760 1363 2021 1435 Pompeio
2039 1364 2323 1437 Hyrcanus
2344 1366 2711 1437 principatum
2746 1369 2970 1438 recepit.
3022 1368 3195 1437 Quem
3222 1385 3351 1426 cum

1761 1473 1859 1527 per
1880 1459 1952 1513 55
1978 1474 2154 1513 annos
2198 1458 2627 1526 administraret,
2659 1461 2892 1516 consilio
2924 1461 3205 1534 Antigoni,
3253 1464 3351 1517 lilii

1759 1548 1949 1614 fratris
1969 1549 2076 1616 sui,
2114 1566 2146 1604 a
2193 1549 2412 1605 Parthis
2441 1560 2634 1621 captus
2676 1560 2780 1617 est,
2827 1561 2882 1607 et
2921 1552 2996 1607 ita
3044 1569 3272 1624 regnum
3298 1563 3355 1610 et

1761 1641 2130 1697 sacerdotium
2153 1639 2469 1697 Judatorum
2506 1640 2725 1699 defecit.
2777 1642 2915 1699 Nam
2961 1644 3105 1699 idem
3127 1644 3355 1716 Antigo-

1762 1748 1868 1788 nus
1894 1749 1927 1787 a
1948 1730 2167 1788 Parthis
2195 1733 2561 1804 principatum
2590 1735 2884 1805 accipiens,
2916 1750 2948 1791 a
2977 1734 3242 1791 Romanis
3265 1736 3353 1790 iu-

1763 1822 2023 1879 terfectus
2039 1833 2145 1891 est,
2173 1832 2229 1880 et
2258 1823 2597 1895 principatus
2636 1825 2704 1880 ad
2743 1826 3078 1897 aiienigenas
3121 1827 3355 1881 transla-

1763 1926 1853 1972 tus
1873 1925 1958 1971 est
1988 1916 2078 1969 ³³⁰.

1832 2007 1898 2062 18
1924 2022 1927 2025 ·
2071 2009 2107 2064 ι
2214 2008 2359 2064 Anni
2380 2008 2450 2065 ab
2472 2007 2638 2064 inicio
2664 2007 2828 2064 3900.

1832 2098 2228 2155 3016‘
2544 2086 2546 2088 ’

1834 2190 1933 2262 (Η.
1963 2208 2035 2246 m.
2069 2200 2125 2246 et
2154 2190 2228 2246 ΙΙ.
2258 2191 2349 2261 R.)
2384 2191 2546 2246 Anno
2567 2189 2798 2247 abUrbe
2822 2191 3041 2247 condita
3068 2206 3361 2261 sexmgen-

1765 2283 1960 2340 tesimo
1986 2284 2099 2349 81°,
2129 2284 2226 2354 qui
2262 2292 2348 2341 est
2394 2300 2575 2340 nonus
2611 2282 2921 2339 Ptbolomei
2964 2282 3219 2349 Dionisii,
3249 2283 3361 2339 duo

1763 2383 1975 2430 tantum
2011 2376 2197 2446 gravia
2221 2375 2361 2431 bella
2403 2375 2458 2431 in
2497 2375 2730 2446 imperio
2779 2375 2846 2407 ³³³
2895 2384 3054 2431 erant
3087 2373 3359 2439 Romano,

1763 2465 2161 2523 Metridaticum
2176 2477 2231 2522 et
2254 2466 2686 2523 Macedonicum.
2714 2465 2842 2522 Ilaec
2867 2467 2978 2523 duo
2996 2465 3207 2522 Luculli
3232 2480 3360 2536 age—

1764 2559 1916 2623 bant,
1940 2557 2144 2613 Lucius
2166 2557 2426 2613 Lucullus
2463 2556 2887 2624 M'etridaticum,
2913 2566 2967 2612 et
2994 2556 3363 2615 consobrinus

1764 2650 1886 2721 ejus
1914 2649 2130 2704 Marcus
2152 2648 2417 2704 Lucullus
2438 2647 2872 2703 Macedonicum.
2903 2648 2972 2703 At
3002 2647 3209 2702 Lucius
3251 2646 3363 2701 Lu-

1766 2740 1945 2795 cullus
1982 2747 2362 2809 transgressus
2382 2736 2646 2793 Eufraten
2672 2746 2728 2791 et
2754 2737 2976 2809 'l‘ygrin,
3018 2750 3147 2791 cum
3178 2735 3364 2790 Metri-

1766 2833 1892 2888 date
1912 2846 2248 2903 congressus
2298 2840 2402 2894 est,
2441 2838 2497 2884 ει
2531 2844 2657 2885 cum
2719 2844 2885 2899 parva
2909 2842 3135 2883 suorum
3195 2842 3361 2883 manu

1769 2923 1951 2980 30000
2003 2922 2247 2978 hostium
2298 2922 2534 2987 occidit;
2599 2920 2929 2985 Metridates,
2988 2918 3078 2974 vix
3143 2927 3361 2974 centum

1768 3017 2166 3090 quinquaginta
2217 3015 2632 3080 comitantibus,
2680 3012 2932 3083 aufugit,
2987 3011 3291 3067 diademate
3309 3020 3366 3067 et

82 3109 159 3147 na-
186 3094 380 3149 studiis
403 3094 695 3163 eruditur;
733 3094 935 3151 dehinc
963 3108 1182 3169 sumpta
1229 3108 1376 3170 toga,
1408 3098 1667 3156 Mediola-
1694 3147 1737 3204 C
1773 3114 1962 3184 thyma
1995 3111 2085 3177 asa.
2129 3125 2201 3165 ne
2250 3115 2661 3180 agnosceretur,
2698 3105 2960 3174 apicem;
3005 3111 3186 3159 castra
3244 3103 3366 3175 eiu.

82 3200 207 3240 num
251 3186 674 3256 transgreditur,
715 3198 770 3243 et
814 3197 941 3258 post
980 3189 1145 3246 breve
1184 3200 1400 3261 tempus
1436 3191 1667 3249 Romam

82 3278 266 3348 pergit.

81 3389 309 3440 Alexand.
342 3390 460 3442 Iud.

180 3473 205 3527 1
352 3474 422 3529 15
534 3473 746 3547 (liram)
822 3475 1179 3534 Ptholomeus
1247 3477 1517 3545 Phiscon,
1575 3482 1668 3552 qui

83 3563 280 3634 eiectus
309 3562 488 3623 fuerat
512 3584 542 3623 a
568 3577 775 3635 matre,
813 3584 1100 3640 regressus
1138 3570 1207 3627 de
1246 3572 1395 3645 fuga,
1442 3590 1670 3645 regnum

83 3658 298 3729 recepit,
320 3660 583 3730 quoniam
623 3660 1018 3729 Alexandrum,
1047 3664 1141 3742 qui
1169 3679 1235 3720 eo
1274 3665 1437 3735 pulso
1472 3683 1670 3739 regna-

83 3747 174 3812 vit,
196 3749 266 3803 ob
286 3748 723 3805 interfectionem
748 3751 949 3805 matris
988 3751 1110 3822 ejus
1136 3752 1284 3808 cives
1319 3756 1667 3826 expulerunt.

85 3837 341 3910 Regnavit
367 3850 549 3897 autem
573 3842 662 3898 hic
688 3852 879 3914 postea
922 3843 1082 3898 annis
1119 3843 1173 3911 8,
1199 3860 1228 3899 a
1270 3847 1672 3902 restauratiouc

87 3931 268 4001 templi
290 3948 434 3987 anno
460 3933 1001 4005 quadringentesimo
1026 3934 1305 3991 tricesimo
1328 3936 1518 3990 tercio.

186 4024 213 4077 i
354 4025 427 4080 25
535 4025 886 4082 Ptholomeus
942 4026 1257 4091 Dionisius,
1312 4026 1478 4082 frater
1513 4027 1672 4082 Cleo-

84 4126 269 4185 patiar,
313 4119 563 4189 regnavit
607 4118 953 4174 Alexandriae
979 4120 1139 4174 annis
1183 4119 1272 4186 50,
1316 4136 1347 4174 a
1403 4130 1674 4175 restaura—

88 4206 234 4262 tione
254 4207 439 4277 templi
472 4223 618 4262 anno
640 4208 785 4262 441°.
830 4228 833 4231 ·

193 4317 224 4372 6
400 4319 425 4372 ι
539 4313 756 4373 Mortuo
809 4318 1120 4375 Alexandro
1171 4317 1486 4376 Juda‘orum
1516 4321 1672 4393 prin-

89 4411 222 4481 cipe,
249 4425 387 4465 uxor
416 4409 536 4480 ejus
556 4408 885 4476 Alexandra,
909 4427 1033 4482 qua!
1053 4421 1107 4466 et
1134 4412 1320 4468 Salina
1372 4412 1517 4469 dicta
1566 4424 1670 4480 est,

1771 3205 1980 3274 direpta
2003 3211 2166 3267 sunt;
2194 3198 2451 3254 Armenia
2481 3211 2702 3267 quoque
2733 3194 2934 3262 minor,
2966 3208 3132 3264 quam
3169 3192 3364 3250 tenuit.

1771 3296 1821 3350 ei
1845 3295 2022 3349 ablata
2070 3301 2173 3347 est.
2199 3289 2302 3357 Qui
2336 3288 2574 3359 fugiens,
2605 3294 2894 3357 susceptus
2952 3294 3037 3341 est
3057 3301 3089 3340 a
3119 3285 3369 3357 Tygrane

1771 3400 1896 3456 rege
1923 3384 2214 3449 Armenias,
2247 3381 2340 3452 qui
2366 3389 2481 3435 tum
2519 3396 2645 3435 cum
2683 3378 2884 3450 ingenti
2911 3379 3083 3450 gloria
3134 3377 3370 3448 impera—

1772 3476 1886 3540 bat,
1919 3474 2180 3531 Lucullus
2207 3487 2336 3526 vcro
2358 3478 2611 3542 repetens
2637 3470 2850 3524 hostem
2881 3468 3155 3540 fugatum,
3195 3466 3365 3521 etiam

1774 3566 2042 3639 Tygrauis
2062 3566 2343 3638 ingressus
2371 3572 2457 3619 est
2495 3577 2748 3633 regnum,
2778 3561 3071 3629 ipsumque
3100 3557 3381 3613 rebellane

1775 3669 1879 3715 tem
1908 3660 1982 3714 ita
2006 3657 2227 3722 devicit,
2255 3665 2314 3711 ut
2367 3669 2623 3725 magnam
2652 3662 2862 3722 partem
2893 3649 3168 3703 Armenia:
3219 3647 3370 3703 dele-

1774 3753 1929 3809 verit.
1966 3750 2117 3806 Alter
2143 3757 2324 3803 autem
2352 3746 2633 3811 Lucullus,
2655 3744 2751 3815 qui
2791 3741 3163 3798 Macedoniam
3196 3739 3372 3795 adtul-

1774 3845 2059 3909 nistrabat,
2093 3841 2279 3897 Bessis
2302 3839 2515 3910 primus
2535 3837 2909 3892 Romanorum
2932 3834 3115 3890 intulit
3148 3832 3370 3898 bellum,

1774 3938 1969 4008 hisque
2000 3950 2125 3991 cum
2148 3932 2402 4004 pluribus
2430 3930 2555 3986 aliis
2578 3928 2832 4001 gentibus
2871 3925 3164 3997 superatis,
3203 3923 3378 3979 Mace-

1773 4029 1992 4083 doniam
2013 4034 2182 4081 totam
2213 4024 2430 4091 devicit,
2455 4032 2510 4077 et
2532 4022 2707 4076 victor
2762 4020 2943 4075 rediit.
2980 4018 3184 4072 Eodem
3234 4024 3373 4071 tent-

1776 4136 1903 4190 porc
1930 4119 2152 4174 Cretam
2180 4116 2420 4171 insulam
2452 4113 2702 4169 Metellus
2739 4126 2836 4181 per
2861 4110 3144 4164 biennium
3189 4107 3375 4163 debel-

1774 4210 1915 4274 lans,
1958 4209 2013 4264 in
2041 4213 2367 4278 potestatem
2415 4203 2793 4257 Romanorum
2824 4198 3028 4268 redegit
3059 4239 3073 4263 ,
3120 4197 3375 4267 legesque

1776 4302 1987 4357 Minoas
2019 4299 2287 4355 Romanis
2331 4297 2542 4369 legibus
2582 4290 2952 4366 permutavit;
2992 4290 3137 4345 unde
3161 4297 3217 4344 et
3242 4288 3376 4358 Cres

1776 4396 1919 4452 ticus
1962 4393 2144 4448 dictus
2164 4399 2249 4447 est
2269 4407 2299 4445 a
2321 4390 2506 4445 Creta.
2635 4394 2639 4398 '

88 4518 308 4573 regnum
337 4499 652 4556 Iudaeorum
685 4518 783 4573 per
802 4518 979 4559 annos
1002 4520 1195 4559 novem
1246 4504 1504 4561 obtinuit.
1535 4503 1666 4576 (Jos.

1850 4488 1972 4556 Quo
2002 4494 2245 4557 tempore
2274 4482 2445 4555 Lybia
2465 4494 2689 4552 quoque
2719 4493 2816 4549 per
2840 4483 3232 4576 testamentum
3265 4472 3377 4542 Ap-

90 4593 169 4648 De
192 4594 237 4647 b.
259 4593 338 4661 1.,
369 4609 407 4660 ι,
434 4593 513 4664 4.)
550 4592 684 4661 Qua:
720 4610 846 4650 cum
877 4595 1019 4652 duos
1055 4596 1196 4653 filios
1247 4597 1317 4652 ab
1362 4597 1672 4653 Alexandro

90 4676 367 4756 generatos
395 4685 641 4753 haberet,
674 4684 987 4758 Hyrcanum
1010 4696 1140 4742 natu
1166 4689 1673 4761 majorenrpropter

90 4784 289 4831 aztatem
314 4776 616 4832 declaravit
635 4777 948 4847 pontificem
992 4787 1045 4833 et
1080 4789 1302 4850 prepter
1345 4781 1670 4837 modestiam

94 4880 263 4935 regem
291 4874 417 4936 post
444 4882 505 4921 se
526 4865 831 4933 constituit,
858 4866 1131 4922 minorem
1173 4877 1356 4923 autem
1388 4853 1673 4926 Aristobo-

88 4956 198 5011 lum
222 4959 493 5028 privatum
530 4957 725 5031 vivere,
755 4959 962 5023 voluit,
1019 4958 1149 5030 quia
1182 4959 1525 5018 ferventioris
1560 4972 1679 5018 erat

94 5046 305 5117 ingenii.
344 5049 654 5104 Alexandra
687 5064 816 5104 vero
844 5049 981 5104 dum
998 5064 1229 5120 regnum
1276 5040 1489 5106 novem'
1519 5053 1678 5109 annis

95 5138 511 5205 administraret,
539 5139 734 5195 morbo
774 5138 1061 5196 laboravit.
1097 5139 1252 5196 Tunc
1301 5140 1485 5196 minor
1531 5141 1678 5199 ﬁlius

95 5230 208 5299 ejus
231 5231 584 5288 Aristobolus
615 5247 741 5287 cum
791 5232 964 5289 servis
991 5234 1128 5299 suis,
1168 5248 1311 5304 quos
1350 5234 1554 5291 multos
1582 5235 1681 5290 ba-

95 5319 246 5377 l-ebat
271 5337 575 5392 omnesque
603 5337 702 5392 pre
729 5322 904 5378 aetatis
952 5322 1169 5381 fervore
1208 5318 1529 5389 fidissimos,
1557 5325 1682 5381 uni--

98 5399 243 5468 versa
268 5413 493 5470 castella
514 5413 779 5481 obtinuit,
818 5425 873 5471 et
893 5416 1180 5473 conductis
1209 5417 1435 5475 auxiliis
1453 5417 1685 5490 pecunia

100 5516 251 5570 quam
280 5504 355 5559 ibi
376 5502 602 5574 reperit,
632 5519 819 5575 regem
863 5521 925 5562 se
956 5506 1273 5564 declaravit.
1311 5508 1395 5564 0b
1424 5508 1542 5564 haec
1580 5509 1686 5563 mi-

1778 4582 1981 4654 pionis,
2006 4578 2101 4651 qui
2141 4587 2272 4634 tunc
2298 4592 2391 4631 rex
2424 4574 2547 4644 ejus
2575 4579 2714 4638 erat,
2748 4569 2998 4625 Romano
3035 4566 3263 4636 imperio
3285 4576 3378 4619 ac—

1778 4675 2025 4737 cedebat,
2050 4671 2106 4726 in
2133 4684 2240 4742 qua
2272 4668 2474 4723 inclita:
2499 4665 2667 4719 urbes
2691 4670 2851 4717 erant
2901 4657 3186 4721 Berenice,
3217 4655 3381 4710 Ptho-

1778 4767 1994 4832 Iomais,
2024 4764 2252 4834 Cyrene.
2297 4759 2438 4815 Dum
2500 4758 2618 4812 hate
2656 4760 2914 4826 aguntur,
2942 4759 3147 4821 pyram
3187 4747 3256 4778 ³³³
3286 4761 3380 4815 per

1783 4859 1966 4914 omnia
1991 4854 2169 4927 sparsi
2193 4852 2391 4920 maria,
2414 4866 2523 4907 non
2550 4848 2753 4922 jsolum
2776 4843 2997 4899 navium
3041 4848 3379 4896 commeatus

1786 4950 2223 5021 intercipiebant,
2249 4946 2345 5002 sed
2387 4943 2553 5001 etiam
2594 4938 2804 4996 insulas
2831 4932 3253 5021 provinciasque
3288 4945 3382 4985 va—

1787 5043 2027 5098 stabant.
2053 5039 2205 5107 Quos
2240 5036 2427 5093 (lucus
2446 5023 3074 5102 Pompeius,commisso
3085 5020 3189 5077 sibi
3216 5020 3379 5085 bello,

1789 5134 1935 5187 intra
1960 5146 2168 5202 paucos
2197 5142 2419 5184 menses
2468 5122 2673 5194 ingenti
2720 5118 2982 5176 felicitate
3024 5114 3273 5183 miraque
3294 5128 3383 5168 cc-

1788 5226 2002 5281 leritate
2035 5219 2379 5293 compressit.
2394 5217 2590 5272 Postea
2612 5226 2900 5270 successor
2934 5207 3145 5264 Luculli
3182 5204 3382 5269 factus,

1769 5317 2127 5374 Metridatem
2180 5308 2590 5382 impugnatione
2614 5302 2885 5374 frequenti
2925 5300 3277 5355 vehementer
3300 5292 3386 5349 af-

1786 5411 1943 5468 flixit.
1976 5408 2340 5475 Eo.tempore
2364 5401 2584 5465 Castor,
2626 5393 2933 5453 Metridatis
2957 5391 3253 5463 prefectus,
3290 5387 3387 5457 qui

1786 5502 2099 5577 Panagorio
2120 5503 2359 5572 preerat,
2419 5490 2722 5549 interfectis
2767 5487 2961 5545 amicis
2987 5484 3163 5577 regis,

100 5602 265 5649 serata
291 5572 551 5667 querelas
571 5572 808 5668 Hyrcani
851 5605 1046 5666 mater,
1075 5599 1364 5670 conjugem
1384 5597 1684 5655 Aristoboli
1789 5572 1973 5668 coepit,
2006 5603 2062 5652 et
2105 5601 2342 5664 quatuor
2397 5588 2540 5645 filios
2593 5581 2895 5641 Metridatis
2918 5578 2984 5635 ad
3021 5574 3261 5684 presidia
3286 5572 3387 5629 lio-

1412 5687 1646 5745 νΑιυΑῑ
1687 5686 2097 5743 LECTIONES.

164 5756 333 5831 mito
366 5776 464 5830 pro
494 5759 863 5814 Rosciocoa‘d.
944 5760 1111 5813 “951a
1169 5777 1262 5831 pro
1310 5761 1694 5816 attellanarum
1747 5758 1901 5811 codd.

106 5823 183 5880 9‘.
259 5830 326 5861 ⁸⁸³
356 5823 535 5899 pyrati
568 5831 619 5885 5.
668 5837 674 5843 ’

1985 5738 2295 5812 ἧδίηιιεὶὶι
2334 5757 2385 5811 5.
2465 5753 2711 5805 merant
2754 5749 2808 5802 in
2853 5746 2890 5800 i.
2936 5743 2988 5797 5.
3068 5740 3134 5811 ³ἦ²
3161 5738 3385 5809 cythara
