3876 6306
573 343 678 401 639
1779 335 2175 405 extenuans:
2216 333 2681 393 unaucmnms
3712 345 3789 399 ειη

575 475 742 516 mana
764 459 1088 518 transmisit.
1122 457 1435 515 Metridates
1460 471 1726 515 accensus
1751 456 1853 523 ira,
1877 453 2081 510 exarsit
2114 452 2169 506 in
2201 455 2241 513 Α
2273 465 2460 504 mense
2485 448 2632 504 illam
2670 463 3010 519 expugnans,
3064 448 3239 507 16000
3285 447 3589 507 Judreorum
3622 456 3786 509 occidit.

576 553 780 609 scelera
807 572 821 616 ς
853 571 980 610 nam
1001 556 1185 626 ptum;
1217 554 1425 609 amicos
1473 565 1605 607 suos
1634 548 1985 613 interficiens,
2030 546 2163 601 Exi-
2265 549 2446 594 Cetera
2470 539 2759 594 multitudo
2788 539 2844 592 in
2865 538 3028 593 ﬁdem
3040 540 3410 604 verit,muros
3434 539 3652 597 civitatis
3664 552 3785 602 everti

574 648 800 709 podram
825 640 995 697 ﬁlium
1032 658 1194 697 suum
1222 639 1515 707 interfecit,
1537 655 1661 695 cum
1679 639 1792 710 jam
1834 646 1960 692 ante
1993 636 2162 692 alium
2266 632 2494 702 soloque
2534 631 2740 701 mquari
2791 631 3069 700 precepil;
3126 631 3287 701 CUjus
3326 632 3584 689 circuitus
3618 635 3647 688 ι
3679 639 3785 693 milia

574 730 746 787 filium
780 734 848 766 ⁸³⁸
896 733 1185 789 Mocharen
1215 733 1559 789 trucidasset.
1607 730 1919 786 Pharnaces
1958 737 2159 793 autem,
2264 737 2527 792 passuum
2574 719 2744 777 fuisse
2774 722 3001 777 dieitur-
3052 721 3190 792 (105-
3217 723 3296 778 De
3333 724 3384 778 ὁ.
3431 723 3556 790 Ι-,ι
3587 725 3786 795 1.)Pom-

572 823 720 879 ﬁlius
738 824 880 893 ejus,
918 826 1167 896 exemplo
1210 824 1440 880 fratrum
1478 824 1722 890 territus,
1764 822 2065 877 exercitum
2094 820 2161 875 ad
2262 812 2418 883 peius
2446 829 2570 869 cum
2607 815 2723 869 suis
2747 814 3041 870 comitibus
3063 817 3327 886 templum
3353 816 3623 888 ingressus
3646 839 3787 890 —pro

573 928 634 968 se
656 917 1148 986 persequenduma
1189 927 1342 987 patre
1396 917 1627 972 missum
1671 914 1774 970 sibi
1827 914 2148 976 conciliavit,

2262 920 2374 973 quo
2399 914 2583 960 tamen
2606 904 2780 961 Judazi
2802 907 3041 961 maxime
3066 907 3362 962 doluerunt
3397 939 3490 974 —,
3514 912 3677 965 omnia
3702 930 3787 983 qua

571 1005 867 1077 statimque
888 1009 1152 1065 adversus
1177 1019 1386 1079 patrem
1439 1008 1593 1063 duxit
1612 1008 1763 1078 justo
1780 1007 2007 1076 judicio,
2031 1008 2148 1076 quia

2262 995 2596 1053 intrinsecus
2630 1007 2787 1053 erant
2817 998 3117 1069 perspexit,
3163 1014 3297 1054 vasa
3335 1015 3493 1054 sacra
3522 1010 3572 1056 et
3596 1006 3784 1058 candela

570 1106 626 1151 et
654 1098 743 1152 ille
765 1099 1030 1156 adversus
1061 1109 1268 1171 patrem
1292 1116 1454 1155 suum
1486 1101 1554 1155 de
1588 1114 1754 1171 regno
1779 1099 1846 1131 ⁸³⁸
1876 1108 2148 1155 concerta-

2261 1087 2359 1142 bra
2409 1098 2462 1143 et
2498 1098 2811 1159 congestam
2854 1091 3054 1144 molem
3085 1091 3492 1161 pigmentorum
3529 1104 3579 1148 et
3603 1099 3788 1164 pecuni:

568 1188 667 1244 vit.
698 1189 912 1247 Interea
936 1191 1253 1248 Metridates
1304 1193 1398 1249 diu
1415 1208 1479 1248 ex
1512 1192 1780 1247 altissimo
1801 1206 1960 1247 muro
1984 1191 2148 1246 ﬁlium

2260 1195 2453 1247 sacrae,
2475 1182 2744 1252 prope'ad
2778 1182 2889 1237 duo
2934 1183 3083 1237 milia
3122 1184 3490 1251 talentorum;
3524 1203 3618 1241 nec
3655 1198 3788 1245 tam

538 1276 772 1337 .frustra
796 1283 1138 1352 deprecatus,
1161 1284 1253 1339 ubi
1279 1301 1405 1339 eum
1453 1284 1843 1338 inexorabilem
1866 1283 2018 1347 vidit,
2041 1299 2148 1336 mn-

2259 1273 2346 1327 vel
2371 1272 2490 1327 haec
2508 1273 2594 1327 vel
2618 1272 2766 1327 aliud
2791 1274 3086 1344 quicquam
3127 1275 3196 1329 de
3226 1276 3400 1331 sacris
3443 1278 3693 1349 attigerat,
3725 1284 3788 1336 sed

567 1370 775 1428 riturus
797 1370 1135 1430 exclamasse
1149 1375 1323 1430 fertur
1348 1393 1362 1429 :
1390 1374 1654 1439 Quoniam
1694 1373 2018 1440 Pharnaces,
2070 1373 2157 1428 in-
2258 1374 2477 1435 Postera
2522 1365 2612 1421 die
2650 1373 2776 1435 Ροει
2816 1367 3090 1421 Θιοίάίιιῐη
3125 1366 3292 1436 jussu
3324 1369 3562 1423 ἱὲἀίῐιιος
3587 1374 3787 1441 multum

566 1465 707 1534 quit,
746 1468 883 1520 mori
907 1466 1080 1537 jubet,
1134 1484 1243 1533 vos,
1267 1468 1314 1523 si
1349 1468 1474 1522 estis
1511 1467 1590 1520 dii
1631 1467 1818 1537 patrii,
1848 1481 2049 1535 precor,
2101 1475 2148 1519 ut

2259 1471 2476 1523 curare,
2503 1472 2573 1511 ne
2601 1457 2734 1527 quid
2788 1458 3033 1514 sordium
3068 1459 3316 1525 haberet,
3351 1469 3406 1513 et
3446 1469 3508 1515 ut
3533 1463 3787 1535 sollemniis

565 1555 1002 1627 quandocumque
1027 1567 1078 1611 et
1115 1558 1225 1628 ipse
1274 1558 1413 1613 hanc
1446 1574 1619 1612 uocem
1648 1574 1680 1610 α
1727 1556 1908 1617 liberis
1922 1557 2033 1610 suis
2062 1572 2159 1610 Im—
2259 1565 2417 1605 sacra
2443 1548 2804 1605 celebrarent
2840 1547 2963 1621 Ξρεθ
2999 1559 3180 1606 autem
3204 1568 3301 1607 eos
3349 1554 3448 1623 qui
3471 1555 3789 1610 maximebdﬁ

566 1647 706 1701 dial.
735 1646 1040 1719 Statimque
1061 1650 1400 1706 descendens
1440 1650 1509 1705 ad
1549 1664 1751 1704 uxores
1773 1657 1827 1703 et
1864 1649 2061 1719 pelices
2090 1663 2159 1703 ac
2259 1657 2429 1697 causa
2471 1641 2688 1698 fuerant
2714 1643 2893 1707 securi
2923 1645 3214 1714 percussit,
3253 1642 3351 1699 eos
3376 1661 3512 1700 vero
3539 1647 3627 1716 qui
3653 1662 3788 1701 serum

568 1737 710 1792 ﬁlias
739 1754 890 1804 suas,
923 1755 1190 1795 venenum
1216 1741 1473 1796 omnibus
1501 1741 1664 1796 dedit.
1691 1739 1846 1807 Quod
1890 1756 2015 1795 cum
2041 1739 2157 1809 ipse
2189 1793 2229 1809 η
2261 1732 2475 1789 fortiter
2501 1741 2727 1804 egerant
2750 1768 2751 1771 η
2771 1734 3038 1804 preclaris
3065 1735 3292 1805 prcmiis
3339 1735 3587 1801 donavit,
3625 1745 3672 1791 et
3690 1735 3790 1807 Ηξτο

566 1830 905 1886 novissimus
936 1832 1183 1886 omnium
1209 1833 1502 1898 hausisset,
1545 1848 1648 1889 nec
1692 1841 1896 1900 tamen,
1933 1840 2156 1903 propter
2188 1824 2231 1850 υ
2257 1841 2457 1881 canum
2480 1824 2790 1896 pontiﬁcem
2821 1827 3128 1895 declarans,
3151 1826 3569 1883 ceterisJudteis
3586 1829 3787 1883 tributum

564 1921 806 1976 remedia
855 1923 1056 1993 quibus
1100 1924 1283 1979 vitalia
1333 1940 1432 1979 sua
1471 1923 1734 1979 adversus
1773 1924 1968 1980 noxios
1992 1939 2155 1980 sucos

563 2027 695 2083 sepe
723 2013 1086 2081 obstruxerat,
1120 2032 1331 2072 veneno
1360 2018 1556 2072 conﬁci
1594 2025 1800 2087 posset,
1843 2013 2156 2086 frustraque

563 2104 922 2174 spaciaretur,
950 2106 997 2161 si
1029 2123 1140 2177 quo
1162 2109 1379 2162 tandem
1408 2109 1571 2163 modo
1605 2107 1782 2164 infusa
1844 2108 2012 2178 pestis
2057 2123 2155 2178 per

521 2244 525 2247 τ
561 2192 730 2251 venas
751 2200 1090 2268 vegetatione
1120 2202 1368 2272 corporis
1415 2209 1536 2257 acta
1558 2202 1909 2268 discurreret,
1937 2201 2151 2256 Gallum

558 2288 837 2357 quendam
862 2290 1113 2358 militem,
1147 2293 1263 2363 jam
1316 2292 1488 2349 fracto
1534 2310 1695 2348 muro
1730 2295 2150 2362 discurrentem,

2188 1793 2231 1850 Β

2257 1916 2472 1972 indixit.
2501 1917 2633 1974 Post
2659 1919 2775 1973 hate
2815 1918 3027 1975 Scauro
3061 1919 3414 1975 committens
3465 1921 3640 1975 omnia
3669 1936 3783 1991 negt-

2255 2008 2329 2063 tia
2353 2024 2385 2063 a
2415 2008 2641 2066 ﬂumine
2657 2007 2880 2065 Eufrate
2900 2024 3079 2080 usque
3101 2010 3169 2065 ad
3193 2009 3334 2064 ﬁnes
3356 2008 3598 2081 .Egypti,
3615 2008 3788 2065 Romam
3848 2002 3849 2025 ‘

2252 2099 2369 2170 ipse
2397 2101 2693 2167 contendit,
2716 2101 2923 2157 ducens
2945 2116 3131 2157 secum
3175 2101 3558 2157 Aristobolum
3578 2104 3791 2173 captivum

2252 2210 2380 2249 cum
2403 2195 2617 2250 duabus
2640 2195 2857 2250 ﬁliabus
2892 2195 3227 2264 totidemque
3254 2194 3405 2261 ﬁliis,
3441 2211 3667 2265 quorum
3689 2211 3791 2247 unus

2252 2284 2557 2340 Alexander
2578 2300 2645 2339 ex
2669 2285 2862 2339 itinere
2888 2284 3046 2355 fugit,
3097 2284 3281 2339 minor
3320 2294 3514 2339 autem
3550 2286 3791 2355 Antigonus
3848 2328 3849 2331 η

559 2372 812 2433 invitavit
860 2378 953 2445 ³³⁸,
1004 2381 1164 2452 eique
1201 2383 1454 2454 jugulum
1477 2385 1713 2455 prebuit.
1762 2383 1919 2439 Hunc
1944 2385 2150 2440 exitum

557 2465 685 2521 vitae
708 2465 1017 2527 Metridates
1066 2473 1279 2539 habuit,
1332 2475 1519 2541 homo,
1546 2485 1608 2530 ut
1644 2477 1845 2543 terunt,
1903 2476 2150 2532 omnium

559 2557 1176 2629 supersticiosissimus,
1229 2564 1325 2634 qui
1375 2565 1564 2636 viginti
1611 2567 1845 2621 duarum
1908 2568 2147 2638 gentium

556 2644 781 2718 linguis,
805 2666 945 2720 quas
976 2655 1079 2709 sub
1109 2670 1278 2727 regno
1302 2672 1405 2712 suo
1440 2658 1651 2722 habuit,
1680 2659 1755 2713 ita
1797 2659 2014 2715 locutus
2040 2669 2145 2729 est,

557 2747 620 2794 ut
645 2756 948 2814 numquam
977 2746 1280 2818 legationes
1327 2750 1431 2805 sub
1481 2750 1869 2821 interpretibus
1912 2754 2142 2808 audiret.

2252 2391 2377 2430 cum
2401 2375 2686 2432 sororibus
2716 2385 2771 2431 et
2796 2385 2950 2445 patre
2980 2375 3210 2430 Romam
3253 2376 3559 2445 perductus
3593 2386 3678 2431 est.
3713 2374 3788 2445 (It.
3848 2386 3849 2391 ‘

2251 2483 2298 2522 c.
2330 2468 2409 2537 6.)
2442 2467 2746 2522 Alexander
2763 2466 2967 2538 itaque,
3001 2476 3329 2538 congregata
3357 2483 3535 2523 manu
3578 2469 3637 2522 ad
3652 2468 3787 2521 decen

2251 2558 2398 2613 milia
2426 2559 2668 2628 peditum
2694 2569 2747 2614 et
2771 2560 2919 2614 mille
2951 2560 3283 2630 quingentos
3305 2562 3553 2630 equites,
3592 2558 3787 2630 Hyrcano

2246 2652 2469 2722 gravius
2499 2650 3191 2722 imminebat,.ludeamque
3218 2652 3612 2722 populabatur.
3632 2648 3788 2705 [atem

2247 2743 2514 2801 Gabinius
2548 2744 2605 2799 in
2634 2742 2848 2816 Syriam
2896 2744 3100 2800 missus
3129 2759 3428 2799 successor
3470 2743 3682 2809 Scauro,
3720 2742 3788 2794 νι-

553 2824 727 2884 Periit
748 2840 928 2886 autem
952 2836 1096 2905 apud
1118 2835 1485 2908 Bosphorum,
1530 2841 1612 2894 vir
1654 2841 1891 2912 ingentis
1933 2843 2146 2898 consilii
2247 2848 2440 2890 versus
2458 2832 2829 2889 Alexandrum
2859 2849 2983 2889 cum
3009 2833 3187 2889 valida
3217 2848 3387 2888 manu
3413 2834 3683 2891 ἀίωίεπίῑ
3714 2848 3790 2902 Ψ
3848 2902 3849 2915 χ

550 2918 934 2979 etindustriaa.
984 2924 1253 2998 Regnavit
1286 2930 1445 2987 annis
1491 2931 1581 2997 40,
1642 2932 1884 2999 vixit72,
1933 2948 2147 3005 semper

2248 2925 2433 2996 praelia
2468 2925 2777 2981 Alexander
2822 2941 2918 2981 sex
2962 2926 3185 2981 milibus
3235 2926 3490 2993 amissis,
3520 2927 3573 2980 in
3611 2926 3789 2980 Alem-
3848 2938 3849 2951 π

552 3007 766 3067 habens
788 3026 973 3070 secum
1006 3016 1379 3089 phylosoplios
1416 3021 1772 3092 omniumque
1827 3024 2025 3077 artium
2051 3039 2145 3094 pe.
2244 3017 2426 3071 drium
2448 3017 2731 3072 castellum
2766 3017 3031 3088 confugit.
3055 3015 3158 3072 Ubi
3181 3017 3480 3073 obsidione
3499 3018 3707 3078 cinctus,
3725 3031 3789 3070 ve-

547 3101 879 3195 ritissimos.
895 3105 1098 3163 Contra
1122 3109 1400 3169 Romanos
1429 3112 1620 3169 habuit
1644 3115 1846 3171 bellum
1876 3116 2037 3172 annis
2049 3115 2139 3184 40,
2170 3136 2212 3195 C
2246 3108 2393 3162 niam
2421 3122 2616 3180 rogare
2629 3117 2854 3164 coactus
2874 3117 2961 3163 est
2990 3117 3046 3163 et
3075 3109 3362 3164 castellum
3401 3110 3636 3165 tradere.
3664 3109 3789 3164 Gabi-

549 3192 690 3257 sive,
716 3202 776 3247 ut
793 3194 888 3248 alii
910 3195 1121 3264 dicunt,
1154 3201 1242 3255 50.
1526 3230 1531 3235 -
2184 3192 2210 3195 ”
2246 3199 2374 3255 nius
2404 3215 2555 3266 vero,
2583 3201 2824 3256 castellis
2838 3201 3097 3256 omnibus
3125 3201 3367 3269 dirutis,
3388 3202 3625 3279 consilio
3646 3196 3791 3256 matris

625 3280 922 3354 Pompeius
961 3281 1111 3355 vero,
1142 3289 1444 3349 Metridatis
1468 3295 1634 3350 occisi
1662 3298 1866 3352 nuncio
1895 3306 2139 3368 accepto,
2244 3290 2538 3347 Alexandri
2555 3291 2864 3364 Hyrcanum
2896 3290 3320 3347 “ierosolimam
3351 3294 3626 3363 perducit,
3672 3293 3790 3360 eique
3848 3302 3849 3311 ‘

500 3377 506 3389 ν
551 3373 795 3447 Tygrani
820 3379 1022 3435 bellum
1053 3383 1265 3453 intulit;
1302 3388 1396 3442 sed
1444 3388 1533 3444 ille
1566 3391 1615 3445 ei
1640 3407 1698 3447 se
1720 3394 1788 3431 δι’
1828 3395 2053 3460 dedidit,
2078 3410 2143 3450 ac
2245 3383 2431 3453 templi
2465 3399 2654 3438 curam
2677 3384 2947 3454 permisit.
2995 3384 3195 3440 ceteris
3226 3385 3306 3439 rei
3333 3386 3577 3455 publica:
3598 3383 3789 3456 μηίιιιε

547 3466 805 3524 diadema
853 3487 1038 3540 suum,
1097 3491 1223 3531 cum
1266 3481 1646 3548 procubuisset
1692 3486 1756 3540 ad
1778 3502 1952 3556 genua
1978 3486 2142 3542 Pom-

2248 3477 2531 3547 optimates
2557 3476 2805 3548 prefecit,
2826 3490 3155 3548 omnemque
3192 3475 3522 3534 Judaeorum
3542 3486 3726 3549 gentem
3750 3477 3786 3527 ia

548 3559 662 3629 peii
689 3560 778 3627 ³³⁸,
813 3562 868 3617 in
891 3580 1057 3620 manu
1089 3565 1207 3634 ejus
1257 3571 1564 3641 collocavit,
1605 3578 1751 3646 quod
1774 3578 1824 3633 ei
1847 3577 2141 3650 Pompeius

2248 3569 2487 3640 quinque
2508 3577 2814 3633 conventus
2824 3568 3011 3624 divisit
3027 3587 3039 3622 :
3056 3584 3228 3623 unum
3242 3566 3646 3633 Hierosolimis,
3664 3567 3787 3621 alium

551 3654 817 3722 reposuit,
875 3656 1284 3730 bonoriﬁceque
1327 3679 1454 3719 eum
1494 3666 1703 3734 habuit,
1748 3672 1904 3741 regni
1956 3681 2138 3728 tamen
2243 3660 2424 3729 Doris.
2451 3662 2681 3718 ῑθΐείιιπι
2711 3662 2852 3732 almd
2877 3661 3236 3728 Αιηθῑιιυηην
3292 3669 3562 3731 quanam
3606 3659 3786 3714 mem“

536 3751 707 3833 parte
737 3746 973 3813 sublata,
1019 3751 1212 3820 grandi
1245 3769 1372 3809 eum
1414 3758 1644 3826 pecunia
1693 3761 1963 3829 multavit,
2010 3764 2139 3833 quia

2248 3753 2497 3824 quintum
2523 3752 2718 3809 Seﬁ‘ori
2740 3752 2960 3808 Galileze
2983 3751 3205 3807 civitate
3250 3752 3539 3822 deposuit.
3571 3750 3788 3822 Singulari

548 3832 753 3890 bellum
779 3837 899 3893 sine
920 3854 1086 3897 causa
1114 3840 1379 3901 Romanis
1424 3846 1626 3902 intulit.
1657 3847 1792 3919 (Jos.
1844 3849 1926 3904 De
1978 3832 2137 3920 b.J.,
2241 3853 2422 3901 autem
2445 3844 2609 3900 unius
2637 3844 3011 3904 dominatione
3040 3842 3215 3899 «Ῑιιάἱεί
3254 3843 3503 3913 liberali.
3530 3845 3728 3899 lim
3742 3840 3790 3893 ³⁵

551 3938 593 3991 ι,
626 3925 705 3997 5.)
736 3925 883 3985 Inter
903 3930 1019 3987 haec
1040 3942 1222 3990 autem
1257 3934 1525 3993 Scaurum
1556 3940 1794 4011 legatum
1838 3944 1895 3997 in
1922 3942 2135 4016 Syriam
2239 3937 2598 4008 optimatibus
2616 3937 2964 4009 regebantur.
3340 3964 3344 3971 ι

549 4016 703 4073 misit
731 4019 892 4091 eique
919 4026 1102 4080 omnia
1125 4029 1352 4100 negocia
1381 4031 1454 4085 ibi
1472 4033 1686 4104 agenda
1707 4036 2001 4092 commisit.
2030 4035 2135 4105 Qui

2312 4024 2409 4097 (Η.
2470 4024 2563 4097 R.)
2602 4025 2764 4080 Anno
2811 4026 2881 4080 ab
2931 4023 3076 4081 Urbe
3118 4024 3338 4081 condita
3376 4023 3788 4096 sexingeutesiteo

547 4123 675 4164 cum
709 4110 1038 4171 Damascum
1059 4120 1289 4187 veniret,
1313 4122 1543 4179 audiens
1565 4139 1689 4195 qua:
1712 4125 1768 4180 in
1788 4124 1974 4182 Iudaea
1997 4129 2138 4185 inter

2248 4117 2359 4185 39°,
2398 4118 2494 4189 qui
2522 4126 2606 4174 est
2646 4116 2953 4173 Ptholomei
2986 4115 3223 4172 Dionisii
3254 4116 3383 4171 i7“!
3406 4159 3425 4185 ,
3459 4116 3638 4173 Marco
3654 4112 3788 4167 Tullio

544 4197 860 4273 Hyrcanum
892 4216 947 4264 et
1006 4208 1379 4268 Aristobolum
1430 4212 1628 4271 fratres
1678 4217 2007 4288 gerebantur
2043 4220 2133 4287 "9,
2237 4207 2502 4266 Cicerone
2542 4218 2760 4265 01⁸³ῐοῐο
2813 4217 2869 4264 ει
2914 4207 3068 4263 3360
3114 4209 3356 4264 Αηιουίο
3394 4208 3786 4271 consumtus,“
3848 4238 3849 4243 π

543 4291 675 4351 illuc
699 4299 945 4355 tetendit.
970 4300 1053 4356 Ad
1073 4319 1235 4373 quem
1260 4321 1388 4373 cum
1418 4307 1711 4383 utriusque
1739 4307 1927 4366 fratris
1973 4310 2136 4383 legati
2237 4317 2361 4373 quae
2387 4302 2455 4357 de
2479 4300 2714 4356 Catilina
2740 4309 2795 4357 et
2814 4300 2981 4357 εοείίε
3001 4300 3123 4373 eius
3150 4300 3435 4358 Salustius
3454 4300 3671 4371 Crispus
3688 4296 3788 4353 κί’

542 4388 816 4455 venirent,
845 4393 1190 4464 acceptisque
1217 4396 1286 4451 ab
1320 4382 1635 4456 Aristobolo
1663 4402 1924 4458 trecentis
1957 4382 2135 4459 talen-
2237 4396 2316 4452 bil
2338 4403 2457 4452 acta
2501 4403 2650 4451 Sunt-

540 4478 636 4546 tis,
666 4482 810 4551 parti
838 4483 961 4554 ejus
984 4483 1374 4557 favit,justicia
1402 4491 1649 4560 pecuniae
1690 4494 2003 4562 posthabita
2037 4494 2126 4550 “°.

2310 4487 2405 4554 (H.
2463 4487 2560 4558 nt.)
2601 4487 2761 4543 Anno
2798 4487 3068 4558 sequenti,
3119 4485 3215 4557 qui
3261 4494 3349 4542 est
3397 4484 3567 4542 Urbis
3607 4482 3787 4540 condit:

541 4573 756 4632 Interea
797 4576 1110 4649 Pompeius,
1158 4581 1415 4639 Armenia
1473 4596 1727 4655 superata
1772 4596 1827 4644 et
1874 4589 2132 4646 omnibus
2236 4580 2432 4648 690‘“.
2459 4579 2683 4635 Πθοὶηιο
2720 4580 2787 4612 ³⁸⁸
2830 4579 2995 4634 «Iunio
3035 4579 3264 4657 Syllano
3307 4588 3361 4634 εἰ
3390 4578 3568 4634 Lucio
3612 4576 3785 4631 3‘3"“

540 4667 797 4738 partibus
823 4669 952 4738 illis,
984 4673 1312 4744 cunctisque
1351 4691 1452 4746 pro
1478 4680 1905 4745 votoordinatis,
1944 4682 2001 4736 in
2024 4681 2129 4755 Sy-
2234 4674 2575 4740 consulibus,
2607 4671 2856 4728 Metellus
2901 4672 3259 4746 triumphavit
3310 4672 3380 4727 de
3440 4672 3621 4735 (lt-tua,
3660 4667 3783 4721 Pom-

538 4758 950 4829 riam'divertit,
974 4763 1505 4824 deindeDamascum
1531 4771 1700 4837 venit,
1723 4771 2004 4842 Antipater
2026 4790 2129 4829 au-
2235 4766 2393 4838 peius
2440 4765 2508 4821 de
2527 4765 2672 4821 bello
2714 4764 2962 4836 pyratico
3006 4771 3061 4818 (εἰ
3091 4762 3459 4819 Μθῑτίάειιῖοοο
3508 4761 3660 4816 Nu“:
3694 4772 3785 4812 ων

535 4861 653 4910 tem
672 4855 895 4926 quidam
922 4872 1120 4930 genere
1164 4860 1439 4931 ldumeus,
1482 4864 1688 4921 divitiis
1715 4875 1769 4921 et
1788 4866 2019 4922 aliarum
2045 4883 2131 4923 re-

538 4960 669 5041 rum
694 4949 851 5019 copia
874 4951 1055 5022 gentis
1075 4968 1189 5009 suae
1216 4954 1495 5027 princeps,
1526 4956 1641 5025 jam
1672 4956 1880 5013 dudum
1921 4958 2133 5015 invisus
2228 4968 2461 5008 currum
2481 4950 2726 5022 Pompeii
2766 4950 2861 5005 ﬁlii
2891 4949 3196 5005 Metridatis
3215 4958 3271 5005 et
3303 4949 3452 5005 ﬁlius
3488 4949 3757 5041 Tygranist

538 5036 872 5108 Aristobulo,
919 5041 1239 5100 hortabatur
1287 5044 1599 5119 Hyrcanum
1641 5056 1701 5102 ut
1740 5064 1800 5103 se
1862 5047 2135 5104 conterret
2234 5044 2585 5101 Aristobolus
2632 5059 2699 5100 ex
2739 5041 2950 5109 Judaea,
2977 5042 3185 5112 prelata
3227 5050 3315 5097 est
3365 5041 3562 5112 ingens
3600 5036 3780 5109 pecuni-1

534 5128 960 5203 adPompeium.
985 5135 1067 5191 Ad
1083 5153 1245 5207 quem
1268 5138 1514 5204 veniens,
1544 5141 1759 5212 magnis
1781 5139 1832 5195 ei
1853 5140 1994 5196 datis
2010 5158 2133 5198 mu-
2235 5136 2357 5193 auri
2381 5145 2544 5207 atque
2581 5137 2795 5208 argenti
2852 5135 3086 5190 inﬁnita.
3123 5131 3270 5189 "Hoc
3314 5142 3565 5203 tempore
3616 5128 3782 5185 nullum

539 5218 788 5286 nerib‘us,
814 5222 918 5279 sibi
944 5241 1075 5282 eum
1116 5229 1447 5285 conciliavit.
1478 5229 1576 5299 (H.
1611 5231 1708 5301 m.)
1752 5230 1858 5298 Qui
1902 5232 2130 5289 tendens
2234 5246 2400 5303 grave
2431 5230 2636 5286 bellum
2676 5237 2814 5284 erat.

542 5309 989 5386 “ierosolimam,
1021 5334 1147 5376 cum
1175 5321 1277 5378 sibi
1309 5338 1341 5377 a
1368 5323 1615 5394 partibus
1651 5324 1948 5380 Aristoboli
1988 5324 2128 5380 resi-
2306 5323 2466 5379 Auno
2495 5324 2565 5379 ab
2593 5321 2741 5379 Urbe
2770 5321 2988 5377 condita
3021 5320 3154 5376 695°
3193 5319 3365 5375 Gaius
3403 5317 3584 5373 Julius
3616 5314 3779 5370 Caesar.

537 5414 799 5475 aleretur,
860 5410 1317 5483 obpugnationem
1386 5415 1640 5482 intendit,
1697 5414 1896 5487 vixque
1956 5417 2127 5472 tercio
2235 5416 2330 5487 qui
2352 5424 2542 5487 postea
2575 5414 2885 5486 imperavit,
2929 5429 3057 5471 cum
3093 5410 3266 5468 Lucio
3293 5410 3489 5468 Bibulo
3520 5402 3778 5466 consuli:-
3848 5478 3849 5487 χ

2235 4875 2403 4930 quam
2433 4872 2637 4930 pompa
2664 4857 2928 4928 triumphi
2958 4856 3157 4913 similis
3191 4854 3314 4910 fuit.
3344 4854 3510 4911 Ducti
3538 4862 3658 4909 sunt
3690 4860 3782 4905 ante

2228 4968 2461 5008 currum
2481 4950 2726 5022 Pompeii
2766 4950 2861 5005 ﬁlii
2891 4949 3196 5005 Metridatis
3215 4958 3271 5005 et
3303 4949 3452 5005 ﬁlius
3488 4945 3784 5019 Tygraniset

1826 5578 1909 5633 VA
1920 5576 2054 5632 RHS
2097 5575 2500 5633 LECTiONES.

613 5681 684 5715 ³³⁸
711 5680 851 5736 deest
880 5678 963 5738 9C.
999 5694 1157 5739 Suum
1186 5685 1236 5738 4.
1314 5685 1380 5716 ⁸³⁵
1410 5686 1476 5739 de
1518 5702 1560 5739 r.
1616 5687 1725 5740 des.
1753 5688 1836 5741 9‘.
1914 5690 1980 5722 ³³⁸
2020 5690 2143 5745 inva

2256 5690 2344 5745 9η.
2427 5691 2492 5721 ⁸³⁷
2520 5705 2576 5743 sc
2625 5689 2674 5743 ci
2711 5688 2761 5743 5.

535 5752 610 5787 ⁸⁸⁸
647 5754 952 5825 postpOsita
996 5756 1049 5822 ὃ,
1146 5756 1210 5787 ³³¹
1250 5755 1407 5813 decio
1446 5757 1494 5809 4.
1535 5758 1617 5831 i0.
1674 5759 1756 5813 ll.

2872 5687 2938 5719 ³³⁸
2973 5686 3188 5758 pompei
3214 5696 3299 5757 9".
3403 5686 3468 5717 ⁸⁸⁵
3496 5683 3771 5757 agebantur-
