3888 6306
79 316 152 374 δΠ

961 305 1332 367 CHRONICA.
1375 336 1442 344 —
1480 305 1876 365 CHRONiCON
1915 310 2370 370 UNlVERSALE.

3217 327 3323 390 642.

77 440 176 486 ctus
191 433 283 482 est.
313 421 547 480 Decreta
579 429 663 479 est
687 419 738 476 ei
765 418 941 476 Gallia
980 419 1342 492 Transalpina
1373 430 1424 475 et
1445 417 1626 476 Cisal-
1659 439 1702 487 ελ
1732 423 1939 490 urebat,
1970 443 2180 482 aurum.
2207 427 2287 483 Eo
2312 442 2574 486 successu
2612 429 2686 486 Pa
2720 431 2801 487 thi
2829 433 3087 493 elatiores
3117 438 3318 508 (λῆθε-ιε,

75 529 179 599 pina
198 519 534 590 etlllyricum
571 533 694 574 cum
715 517 1024 587 legionibus
1047 517 1203 572 denis
1225 517 1278 570 in
1309 516 1626 586 quinquen-

73 619 200 673 nium
226 611 394 676 datis;
426 608 660 665 Galliam
698 615 971 663 comatam
993 615 1182 677 postea
1223 614 1448 661 senatus
1476 605 1625 676 adje-

74 711 149 764 cit.
169 705 336 761 Caesar
359 703 546 773 itaque
567 701 622 754 in
647 700 877 754 Galliam
905 697 1206 769 profectus,
1231 699 1404 752 multa
1440 698 1626 766 praelia

74 815 174 857 cum
201 795 357 852 Gallis
383 792 782 863 Germanisque
824 790 1122 857 commisit,
1149 805 1386 860 sepeque
1423 789 1622 855 victus,

74 890 328 963 sepiusque
347 885 596 951 vincens,
637 883 869 939 Galliam
900 890 1069 938 totam
1112 891 1166 938 et
1213 880 1447 948 Suevos,
1495 896 1626 952 gen-

73 991 161 1038 tem
189 977 597 1043 ferocissimam,
630 990 868 1047 quorum
894 986 1114 1032 centum
1137 990 1306 1044 pagos
1328 988 1449 1030 esse
1469 973 1625 1028 multi

72 1074 407 1146 prodiderunt,
445 1083 780 1138 omnemque
827 1067 1180 1124 Germaniam
1210 1066 1458 1121 Romano
1490 1067 1623 1122 sub-

72 1168 184 1224 didit
219 1163 459 1235 imperio.
491 1161 714 1216 Domuit
759 1168 943 1216 autem
986 1176 1182 1215 novem
1211 1161 1374 1215 annis
1403 1174 1624 1214 omnem

70 1260 162 1314 fere
181 1256 418 1322 Galliam,
452 1269 576 1324 quae
604 1253 746 1308 inter
770 1250 936 1322 Alpes
963 1260 1018 1306 et
1041 1252 1243 1306 ﬂumen
1293 1249 1624 1305 Rhodanum

70 1350 392 1418 Rhenumque
435 1345 508 1378 ³⁸³
538 1354 593 1400 et
624 1359 892 1400 oceanum
935 1351 1019 1398 est
1045 1352 1098 1397 et
1125 1342 1359 1397 circuitu
1384 1349 1532 1412 patet
1555 1341 1625 1395 ab

44 1442 140 1514 ,his
171 1439 342 1494 tricies
374 1445 605 1493 centena
647 1436 800 1491 milia
858 1450 1144 1506 passuum.
1184 1433 1314 1488 lude
1347 1433 1416 1488 ad
1455 1431 1623 1486 Mari-

69 1531 150 1589 nos
183 1532 244 1564 ³³³
277 1531 476 1597 venit,
523 1529 674 1585 unde
711 1529 767 1582 in
818 1526 1158 1582 Brithaniam
1219 1525 1288 1558 3“
1339 1525 1624 1595 proximus

67 1635 111 1679 et
132 1622 466 1678 brevissimus
513 1621 782 1676 transitus
829 1628 932 1686 est,
988 1617 1376 1687 Britannisque
1419 1616 1620 1671 bellum

67 1715 238 1782 intulit,
279 1715 478 1786 quibus
509 1723 636 1768 ante
677 1728 746 1768 ne
789 1727 990 1767 nomen
1039 1711 1262 1782 quidem
1311 1710 1618 1764 Romanum

1727 515 1990 570 transsire
2011 517 2066 570 in
2105 515 2321 588 Syriam
2346 529 2698 574 censuerunt.
2719 519 2854 592 (Jos.
2881 522 2960 576 De
2991 524 3040 579 ὁ.
3067 525 3122 580 J.
3153 542 3206 594 ι,
3233 509 3316 598 6.)

1725 605 1875 672 Quos
1903 616 2124 663 strenue
2163 609 2380 664 insidiis
2415 612 2628 681 excepit
2669 612 2897 669 Cassius
2930 624 2985 670 et
3010 619 3323 675 commissae

1726 698 1832 753 sibi
1878 700 2174 768 provincia:
2205 703 2406 770 repulit
2452 703 2686 770 finibus;
2730 706 2926 760 deinde
2963 707 3018 762 in
3069 707 3320 765 Judaeam

1726 788 1906 855 irruit,
1952 799 2006 844 et
2055 790 2376 848 Tharicheis
2417 794 2630 862 deletis,
2678 795 2856 850 50000
2897 796 3213 855 Judaaorum
3263 801 3321 857 in

1726 880 2048 938 servitutem
2079 883 2343 940 vendidit.
2553 939 2562 944 .

1795 971 2082 1044 Antipater
2102 983 2307 1044 autem,
2340 977 2406 1032 de
2427 993 2537 1048 quo
2553 995 2719 1048 supra
2745 979 2860 1034 dixi
2881 982 3030 1050 quod
3065 980 3319 1054 Hyrcano

1725 1059 1953 1130 faveret,
1979 1063 2188 1133 accepit
2213 1079 2440 1120 uxorem
2488 1068 2578 1121 cui
2604 1084 2803 1123 nomen
2829 1068 3044 1140 Cypris,
3075 1072 3321 1140 splendi-

1725 1151 1958 1208 dissimo
2003 1153 2146 1208 inter
2179 1153 2394 1209 Arabia:
2426 1155 2494 1187 ³⁵⁸
2562 1155 2796 1213 feminas
2843 1159 2966 1224 loco
3013 1170 3218 1227 natam,
3250 1177 3318 1219 ex

1725 1257 1834 1312 qua
1865 1244 2108 1313 suscepit
2135 1243 2277 1305 filios
2299 1253 2556 1314 quatuor,
2586 1247 2861 1317 Faselum,
2899 1250 3188 1320 Herodem,
3215 1252 3314 1307 J0-

1725 1333 1980 1403 sephum,
2021 1333 2305 1401 Feroram,
2356 1344 2410 1390 et
2449 1337 2617 1391 tiliam
2668 1341 2889 1394 nomine
2926 1339 3160 1397 Salcme.
3211 1342 3316 1409 Qui

1725 1441 1851 1479 cum
1897 1425 2114 1480 Gab'nii
2167 1425 2411 1482 favorem
2463 1429 2785 1484 muneribus
2842 1439 3005 1501 atque
3039 1435 3318 1505 obsequiis

1724 1519 2140 1588 promeruisset,
2187 1521 2353 1578 etiam
2395 1520 2574 1577 Cassii
2620 1521 3044 1578 familiaritatem
3087 1527 3318 1596 adeptus

1721 1619 1822 1665 est.
1849 1610 2030 1684 Causa
2061 1612 2262 1683 quippe
2277 1622 2557 1669 tantorum
2584 1615 2820 1669 filiorum
2845 1615 2930 1670 vir
2954 1619 3207 1688 egregius
3231 1629 3314 1675 est

1722 1702 1902 1759 factus
1937 1705 2004 1759 ad
2039 1708 2457 1774 promerendam
2505 1709 2829 1762 muneribus
2861 1709 3174 1764 societatem
3215 1726 3317 1780 po-

66 1807 320 1880 cognitum-
351 1805 472 1861 fuit.
513 1805 593 1860 lbi
625 1805 820 1862 acerba
849 1805 1085 1876 primum
1123 1818 1302 1874 pugna
1338 1801 1615 1874 fatigatus,
1651 1791 1690 1847 Β
1721 1797 1974 1852 tentium.
2015 1797 2106 1852 Sic
2159 1797 2432 1868 Josephus
2481 1800 2548 1854 de
2598 1815 2664 1853 co
2715 1807 2976 1867 testatur;
3025 1799 3320 1855 Africanus

65 1915 154 1954 non
175 1899 283 1954 sine
307 1914 508 1969 magno
528 1913 758 1953 suorum
783 1896 1106 1952 discrimine
1127 1895 1347 1950 tandem
1359 1910 1454 1949 eos
1467 1893 1616 1958 vicit,

65 2007 184 2046 anno
207 2000 325 2045 ante
357 1989 702 2046 Dominicam
739 1989 1192 2053 incarnationem,
1223 1996 1284 2041 ut
1311 1985 1454 2042 Beda
1479 1983 1608 2040 scri-

63 2085 141 2150 bit,
177 2083 626 2154 quinquagesimo
651 2083 726 2152 (Ιι.
765 2098 814 2136 e.
839 2080 903 2135 A.
935 2082 985 2134 1.
1018 2079 1119 2151 2.).
1148 2078 1300 2134 Hanc
1331 2078 1617 2132 historiam

63 2174 324 2230 Suetonius
353 2173 712 2244 Tranquillus
745 2172 1006 2244 explicuit
1027 2171 1366 2243 planissime.

117 2268 254 2321 Anno
299 2267 370 2321 ab
407 2265 554 2321 Urbe
588 2266 809 2320 condita
868 2264 996 2330 697,
1049 2263 1146 2334 qui
1183 2271 1269 2317 est
1311 2259 1616 2315 Ptholomei

69 2358 258 2413 Dionisii
305 2359 468 2422 25'",
518 2356 740 2412 Marcus
790 2355 1038 2410 Licinius
1094 2353 1351 2419 Csassus,
1409 2353 1616 2422 collega

62 2449 170 2502 Gnei
180 2447 412 2517 Pompeii
425 2446 604 2518 Magni
625 2447 678 2500 in
702 2445 988 2500 consulatu
1001 2444 1263 2505 secundo,
1278 2442 1614 2512 provinciam

63 2538 252 2592 sortitus
294 2536 350 2590 in
382 2537 638 2600 Parthos,
689 2535 856 2588 homo
895 2533 1235 2604 inexplebilis
1277 2532 1612 2602 cupiditatis,

59 2628 211 2682 audita
249 2628 434 2698 templi
465 2627 542 2658 '"
585 2625 1052 2681 Hicrosolimitani
1099 2624 1398 2693 opulentia,
1446 2640 1613 2694 quam

60 2719 310 2790 Pompeius
334 2721 598 2776 intactam
627 2718 944 2788 reliquerat,
983 2717 1037 2770 in
1066 2714 1402 2771 Palestinam
1430 2715 1610 2773 diver-

59 2811 124 2875 tit,
151 2809 552 2864 Hierosolimam
583 2808 716 2874 adit,
755 2807 1017 2876 templum
1048 2805 1315 2875 pervadit,
1359 2820 1490 2876 opes
1524 2805 1610 2860 di-

59 2900 179 2970 ripit.
200 2900 322 2955 Inde
348 2917 446 2971 per
481 2899 934 2969 Mesopotamiam
959 2898 1189 2952 tendens
1223 2897 1278 2950 in
1307 2895 1609 2965 Par-titiam,

57 3009 369 3064 quacumque
419 2994 526 3047 iter
576 2991 788 3058 habuit,
835 2989 1002 3046 sociis
1047 2987 1363 3044 civitatibus
1406 2989 1610 3044 avxilia

60 3085 234 3149 indixit,
263 3084 448 3156 precia
477 3083 688 3154 exegit;
721 3097 961 3152 moxque
989 3089 1049 3136 ut
1072 3080 1332 3136 Eufraten
1367 3081 1608 3146 transiit,

59 3145 530 3248 Bajasen-legatum
557 3145 627 3229 ab
651 3145 966 3229 Herodem
1008 3189 1136 3244 rege
1175 3171 1504 3228 Parthorum
1543 3175 1609 3228 ad
1639 3145 1678 3199 δ

55 3285 104 3323 se
122 3270 331 3330 missum
361 3268 584 3324 obviam
615 3267 828 3332 habuit,
856 3282 889 3322 a
923 3281 1035 3336 quo
1058 3265 1408 3320 vehementer
1435 3265 1612 3319 incre-

56 3370 186 3430 patus
213 3370 292 3416 est
332 3377 436 3416 cur
483 3368 676 3416 contra
726 3357 908 3414 foedus
955 3357 1169 3415 Luculli
1223 3364 1278 3411 et
1340 3356 1607 3428 Pompeii,

55 3453 254 3508 avaricia
284 3453 566 3518 inductus,
600 3449 860 3506 Eufraten
893 3449 1194 3514 transierit,
1250 3447 1608 3519 quamobrem

53 3540 261 3598 futurum
313 3543 437 3599 sine
483 3559 637 3598 mora
694 3551 754 3597 ut
817 3557 918 3612 pro
977 3557 1114 3596 auro
1172 3539 1428 3614 Parthico
1464 3540 1611 3596 ferro

54 3643 334 3690 oneraretur
378 3634 572 3690 Serico
615 3634 706 3688 “7.
753 3633 940 3704 Itaque
987 3649 1113 3688 cum
1159 3648 1327 3702 prope
1371 3632 1611 3689 Charras
1647 3685 1653 3690 .

51 3736 239 3782 ventum
265 3736 435 3793 esset,
481 3725 672 3781 Parthi
707 3726 890 3781 subito
931 3725 1203 3778 irruentes
1239 3741 1365 3780 cum
1399 3724 1609 3780 Surena

49 3826 100 3898 et.
125 3817 329 3877 Salacca
365 3819 647 3890 prefectis,
690 3819 1013 3888 obpresserc
1043 3817 1322 3872 Romanos
1369 3819 1606 3888 sagittis.

50 3907 343 3978 Ceciderunt
368 3912 445 3967 ibi
474 3911 698 3982 plurimi
722 3919 1024 3975 senatores,
1046 3909 1256 3980 aliquot
1287 3909 1451 3963 etiam
1475 3925 1608 3964 con-

50 4003 230 4060 sulares
251 4011 304 4060 et
330 4004 558 4077 pretorii
593 4004 714 4058 viri.
739 4001 976 4060 Crassus
1004 4017 1244 4073 quoque,
1270 3999 1415 4057 filius
1441 3998 1607 4056 Cras-

49 4097 115 4162 si,
137 4098 496 4155 electissimus
511 4096 750 4168 juvenis,
779 4097 834 4150 in
865 4097 984 4152 acie
1027 4095 1246 4151 occisus
1275 4103 1394 4162 est;
1437 4104 1611 4165 prete-

47 4202 123 4242 rea
155 4199 386 4259 quatuor
422 4190 679 4245 cohortes
711 4204 838 4244 cum
867 4183 1230 4259 Wargunteio
1272 4187 1453 4258 legato
1492 4202 1608 4252 me—

47 4273 133 4330 diis
153 4278 503 4348 deprehensae
539 4277 768 4346 camms,
821 4275 1119 4332 interfectae
1148 4283 1297 4333 sunt.
1345 4273 1605 4344 Surenas,

47 4377 175 4436 rapto
198 4370 470 4439 equitatu,
502 4367 765 4424 Crassum
797 4369 1052 4438 persequi
1089 4367 1345 4434 intendit,
1369 4371 1618 4438 eumque'

47 4461 474 4528 circumventum,
515 4476 580 4516 ac
617 4459 825 4516 frustra
871 4461 1208 4531 colloquium
1241 4461 1362 4530 ejus
1411 4469 1602 4530 petcn-
1633 4521 1641 4530 η

45 4560 153 4620 tein,
181 4555 478 4621 interfecit,
523 4553 777 4624 quamvis
816 4553 998 4607 vivum
1034 4553 1250 4608 auferre
1280 4554 1603 4620 maluisset;

43 4645 174 4712 pauci
207 4646 472 4702 beneﬁcio
498 4646 676 4700 noctis
706 4645 943 4710 liberati,
971 4642 1209 4698 Ciiarras
1243 4645 1608 4716 confugerunt

44 4735 128 4806 (Cf.
154 4737 312 4795 Osos.
355 4755 436 4807 vr,
465 4739 551 4793 15.
602 4767 672 4778 --
703 4736 788 4791 Cf.
815 4735 974 4792 Joao.
1011 4736 1135 4800 Der.
1202 4737 1296 4807 3.).
1347 4736 1606 4793 Avaricia

41 4830 160 4884 enim
182 4832 344 4887 unius
376 4830 448 4885 ad
476 4839 691 4886 tantum
715 4828 872 4884 nefas
896 4829 1151 4896 exolevit,
1184 4839 1246 4883 ut
1272 4829 1339 4884 12
1360 4829 1604 4901 legiones

41 4918 389 4979 Romanorum
430 4933 526 4979 aut
569 4931 762 4992 captae,
796 4921 988 4998 paucis
1039 4921 1266 4992 elapsis,
1311 4930 1406 4977 aut
1447 4937 1602 4996 caesa:

38 5027 140 5066 cum
173 5015 409 5071 ducibus
437 5014 691 5070 fuissent.
721 5012 906 5090 Caput
939 5029 1070 5068 vero
1095 5011 1284 5070 Crassi
1309 5029 1435 5069 cum
1463 5014 1598 5070 dex-

37 5114 127 5159 tera
154 5108 218 5161 ad
243 5124 428 5180 regem
451 5107 716 5174 delatum,
749 5105 1123 5176 spectantibus
1153 5103 1257 5161 fuit
1281 5106 1596 5166 ludibrium.

37 5194 128 5252 Rex
183 5201 377 5272 itaque
439 5217 638 5256 aurum
693 5201 749 5254 in
791 5200 904 5255 oris
944 5200 1285 5270 ejuszictum
1317 5201 1484 5270 jussit
1515 5202 1601 5256 in-

32 5285 253 5358 fundere,
275 5294 470 5349 dicens
498 5313 510 5347 :
549 5291 594 5347 U
601 5301 682 5347 rat
713 5301 760 5346 te
797 5291 1132 5356 Parthicum,
1171 5293 1310 5364 quod
1340 5300 1388 5346 te
1425 5293 1596 5347 vivum

1315 5443 1550 5503 νΑΒῑᾸῑ
1588 5446 1991 5506 LECTlONES.

91 5583 150 5659 ’ξ’
187 5601 460 5659 renumqu

33 5651 86 5726 Ὗ
120 5653 314 5715 herode
347 5651 423 5713 4.’
449 5659 536 5714 9ε.
570 5658 658 5726 10.

33 5725 84 5755 ⁸⁸¹
121 5729 375 5785 nonanisi
406 5730 461 5786 d.
501 5731 587 5787 9°.
691 5731 758 5763 ³η
799 5725 1124 5786 arriminum
1155 5732 1208 5786 ὕ.

463 5602 495 5660 e
540 5587 727 5660 4.49m
767 5589 856 5643 lo.
897 5604 1099 5659 semper
1131 5589 1239 5660 fere
1329 5587 1397 5621 “'
1437 5589 1681 5647 morinos
1714 5591 1766 5646 4.
1819 5591 2065 5647 marinas
2099 5588 2185 5644 10.
2221 5591 2308 5645 Η.

754 5660 819 5742 1⁵⁷
862 5660 1043 5742 syrico
1079 5661 1137 5716 9·
1158 5677 1316 5742 __corr.
1364 5662 1530 5718 sirico
1573 5661 1651 5718 vel
1674 5663 1855 5719 serico
1879 5664 1930 5719 5.

1720 1905 1852 1944 vero
1897 1889 2377 1960 historiographus
2418 1892 2713 1961 precipuus
2762 1892 2940 1963 (Eos,
2989 1892 3134 1946 Hist.
3185 1893 3315 1947 eccl.

1720 1997 1772 2047 ι,
1807 1980 1863 2050 4)
1893 1999 1906 2036 :
1940 1999 1958 2032 ι
1997 1981 2185 2048 Aiunt,
2212 1982 2411 2052 inquit,
2436 1985 2532 2052 qui
2559 1985 2626 2038 de
2655 2000 2721 2039 eo
2748 1986 3038 2056 diligenter
3059 1986 3316 2056 explora-

1717 2081 1867 2135 runt,
1912 2071 2260 2141 Antipatrum
2289 2075 2564 2143 quendam
2612 2085 2822 2145 patrem
2873 2076 3048 2132 fuisse
3083 2076 3318 2132 Herodis

1716 2161 2066 2229 Ascaloniae,
2117 2164 2211 2234 qui
2257 2172 2311 2218 et
2366 2164 2481 2234 ipse
2525 2165 2689 2222 fuerit
2739 2165 2970 2224 Herodis
3027 2167 3316 2238 cujusdam

1716 2254 1883 2320 ﬁlius,
1913 2255 2100 2324 templi
2139 2254 2408 2324 Apollinis
2437 2256 2630 2312 editui.
2661 2255 2762 2313 llic
2787 2257 3072 2328 Antipater
3094 2259 3164 2312 ab
3189 2256 3317 2312 ldu-

1715 2348 1854 2407 meis
1885 2347 2196 2403 latronibus
2241 2357 2438 2419 captus
2476 2349 2772 2406 admodum
2816 2368 2974 2421 puer,
3013 2351 3316 2422 permansit

1715 2454 1841 2494 cum
1869 2440 2222 2510 predonibus,
2247 2454 2347 2511 pro
2373 2457 2440 2498 eo
2465 2443 2612 2513 quod
2635 2453 2789 2513 pater
2811 2444 2932 2514 ejus
2971 2444 3050 2498 rei
3075 2443 3316 2498 familia-

1713 2530 1794 2585 ris
1825 2529 2010 2600 inopia
2044 2529 2218 2585 tilium
2243 2531 2520 2587 redimere
2559 2549 2668 2587 non
2706 2542 2912 2603 posset.
2948 2531 3149 2588 Verum
3177 2549 3315 2604 puer

1712 2621 1988 2680 latronum
2011 2622 2119 2678 vita
2141 2632 2195 2678 et
2225 2623 2471 2679 moribus
2494 2622 2798 2691 institutus,
2821 2624 3074 2696 Hyrcano
3095 2624 3312 2679 cuidam

1711 2713 2026 2770 Judaeoruzn
2065 2699 2310 2784 pontiﬁci
2340 2713 2624 2769 familiaris
2659 2715 2911 2770 efﬁcitur.
2959 2715 3036 2770 Ex
3065 2732 3178 2786 quo
3210 2733 3310 2771 na-

1711 2813 1802 2862 tus
1835 2787 1919 2860 est
1949 2803 2212 2871 Herodes,
2247 2806 2337 2861 hic
2379 2807 2444 2836 “9
2477 2807 2572 2876 qui
2625 2806 2926 2862 Salvator-is
2971 2809 3313 2879 temporibus

1711 2894 1834 2954 fuit.
1882 2917 1900 2950 ι
1935 2897 2063 2954 Hzec
2097 2897 2412 2954 Africanus.

1783 2986 1879 3056 (II.
1917 3005 1988 3042 m.
2013 2999 2069 3044 et
2096 2988 2168 3043 Η.
2211 2989 2302 3060 R.)
2378 2989 2540 3044 Anno
2570 2989 2640 3044 ab
2666 2988 2812 3044 Urbe
2841 2991 3062 3046 condita
3105 2991 3312 3062 septin-

1712 3075 2034 3150 gentesimo,
2063 3083 2159 3153 qui
2201 3091 2287 3138 est
2318 3081 2626 3137 Ptholomei
2653 3081 2885 3136 Dionisii
2927 3083 3055 3136 28“!
3078 3125 3093 3150 ,
3125 3084 3307 3139 incero-

1715 3183 1830 3229 tum
1864 3175 2007 3229 unde
2035 3184 2326 3230 concretus
2354 3175 2649 3244 plurimam
2697 3173 2863 3230 Urbis
2909 3183 3121 3244 partem
3166 3174 3311 3244 ignis

1714 3265 1955 3332 invasit;
1990 3281 2092 3320 nec
2138 3281 2401 3336 umquam
2429 3274 2590 3319 antea
2623 3273 2774 3334 tanto
2821 3265 3076 3318 incendio
3111 3279 3312 3335 corre-

1711 3364 1862 3426 ptam
1907 3364 1963 3410 et
2001 3364 2272 3411 vastatam
2310 3356 2587 3410 civitatem
2628 3354 2831 3410 ferunt.
2877 3353 3014 3409 Nam
3043 3364 3314 3426 quatuor-

1711 3449 1888 3505 decim
1929 3449 2082 3504 vicos
2111 3449 2232 3518 ejus
2256 3458 2620 3518 consumptos
2641 3449 2851 3504 dicunt.
2888 3447 3028 3503 Hinc
3053 3448 3170 3518 jam
3195 3449 3312 3502 hel-

1711 3543 1825 3597 lum
1873 3540 2030 3597 civile
2075 3543 2345 3598 successit
2396 3541 2765 3596 execrandum
2807 3557 2873 3596 ac
2935 3541 3307 3610 lamentabile,

1711 3633 1858 3704 quod
1885 3633 2062 3704 magis
2091 3633 2206 3704 jam
2249 3633 2456 3688 dudum
2487 3633 2928 3690 dissensionibus
2967 3649 3034 3690 ac
3064 3634 3308 3689 molitio-

1711 3726 1877 3781 nibus
1905 3726 2223 3796 parabatur,
2249 3742 2360 3796 quo
2379 3735 2564 3796 preter
2587 3725 2930 3780 calamitates
2959 3740 3084 3796 quae
3113 3725 3170 3779 in
3191 3725 3310 3782 bel-

1710 3817 1778 3873 lis
1804 3817 2144 3884 acciderunt,
2173 3819 2339 3872 etiam
2369 3816 2590 3872 fortuna
2619 3817 2805 3887 populi
2842 3815 3077 3872 Romani
3097 3825 3308 3872 mutata

1709 3917 1822 3964 est.
1845 3907 1982 3963 Nam
2015 3909 2233 3964 rediens
2281 3908 2468 3964 Ctesar
2509 3910 2687 3978 victor
2713 3925 2782 3964 ex
2823 3909 3038 3978 Gallia,
3086 3910 3308 3966 decerni

1707 3999 1815 4060 sibi
1840 3999 2058 4054 absenti
2089 4002 2287 4072 iterum
2333 4001 2684 4072 consulatum
2726 4002 3009 4072 poposcit;
3045 4002 3140 4057 sed
3170 3985 3308 4057 con-

1709 4092 2002 4148 tradictum
2027 4099 2113 4147 est
2135 4093 2187 4146 ei
2206 4109 2238 4146 a
2262 4091 2517 4146 Marcello
2551 4093 2799 4159 consule,
2831 4094 3112 4147 annitente
3138 4092 3306 4146 Pom-

1710 4183 1833 4256 peio
1858 4193 1912 4238 et
1940 4183 2149 4239 Catone
2175 4184 2276 4249 πο,
2303 4183 2607 4254 jussusque
2641 4193 2726 4238 est
2753 4183 2937 4238 Caesar
2962 4184 3209 4258 dimissis
3237 4183 3304 4215 ³⁸⁸

1708 4276 2042 4332 exercitibus
2074 4275 2305 4330 Romam
2331 4275 2557 4348 venire;
2588 4283 2642 4329 et
2669 4291 2737 4328 ex
2781 4274 3022 4329 Marcelli
3059 4275 3307 4331 consulis

1709 4369 2035 4425 auctoritate
2063 4370 2131 4424 ad
2179 4369 2421 4440 legiones
2456 4385 2580 4439 quae
2617 4369 2760 4438 apud
2804 4365 3090 4423 Luceriam
3146 4377 3306 4422 erant

1711 4461 1897 4518 Gneus
1937 4461 2232 4532 Pompeius
2271 4478 2398 4517 cum
2437 4461 2668 4532 imperio
2693 4461 2901 4517 missus
2943 4468 3048 4517 est.
3074 4459 3308 4530 Propter

1708 4570 1874 4627 quam
1907 4555 2165 4624 injuriam
2191 4553 2377 4609 Cmsar
2411 4571 2471 4609 se
2496 4554 2728 4610 contulit.
2752 4551 3102 4626 ,Ravenuam.
3154 4551 3303 4606 Mar-

1707 4663 1806 4702 cus
1829 4645 1940 4700 Ant
1961 4647 2103 4701 .nius
2131 4655 2188 4702 et
2210 4645 2439 4702 Publius
2466 4645 2714 4713 Cassius,
2745 4645 2952 4702 tribuni
2979 4646 3177 4717 plebis,
3200 4661 3302 4716 pro

1704 4739 1919 4795 Caesare
1953 4739 2370 4806 intercedentes,
2408 4755 2440 4794 a
2457 4737 2692 4796 Lentulo
2719 4735 2946 4794 consule
2967 4739 3119 4794 curia
3144 4737 3300 4792 foro-

1705 4850 1811 4905 que
1836 4834 2116 4905 prohibiti,
2165 4835 2233 4891 ad
2262 4833 2538 4890 Caesarem
2585 4833 2817 4905 profecti
2863 4842 3014 4898 sunt,
3055 4831 3300 4888 Curione

1705 4927 1872 4982 simul
1896 4925 2174 4997 Czelioque
2197 4928 2610 4984 comitantibus.
2643 4925 2830 4982 Caesar
2865 4942 2989 4982 cum
3027 4925 3298 4982 militibus

1705 5035 1847 5090 quos
1889 5015 2124 5075 habebat
2165 5030 2358 5076 contra
2399 5019 2632 5090 patriam
2693 5018 2862 5084 venit,
2913 5026 2968 5073 et
3015 5017 3295 5076 Rubicone

1705 5109 2322 5183 ﬂuminetransmeato,
2371 5124 2500 5165 mox
2544 5119 2602 5165 ut
2643 5109 2954 5164 Ariminum
3006 5111 3074 5141 ³⁸³
3122 5111 3289 5174 venit.

1705 5202 1950 5276 quinque
1979 5204 2236 5259 cohortes
2257 5217 2396 5274 quas
2421 5210 2553 5257 tunc
2582 5201 2728 5257 solas
2752 5201 3003 5270 habebat,
3027 5219 3151 5258 cum
3175 5203 3293 5274 qui-

1702 5295 1828 5364 bus,
1868 5303 1927 5351 ut
1973 5294 2162 5352 Livius
2208 5296 2303 5362 ait,
2353 5295 2539 5362 orbem
2594 5305 2863 5350 terrarum
2915 5295 3140 5351 adortus
3183 5298 3290 5348 est

3293 5452 3330 5492 \

2917 5589 2986 5622 ’λδ
3020 5590 3163 5644 deest
3199 5589 3286 5648 9°.

2883 5662 2953 5692 ³⁸⁸
2991 5669 3207 5716 cattone
3231 5662 3284 5716 5.

2414 5591 2483 5624 ⁸⁸⁵
2521 5593 2598 5644 ita
2639 5591 2793 5646 codd.

2041 5663 2108 5695 “3
2149 5663 2367 5732 ara-hius
2390 5662 2477 5717 9c.
2513 5662 2579 5694 “9
2617 5663 2664 5717 is
2695 5663 2781 5717 9°.
