3876 6306
624 311 726 367 663

1836 298 2234 354 EKKEliARDi
2273 298 2738 356 URAUCIENSIS
3716 319 3788 371 ω

624 423 758 495 quid
795 421 940 475 facto
963 434 1101 489 opus
1132 426 1300 481 esset,
1355 414 1596 479 edocuit,
1649 413 1941 482 deplorans
1986 412 2217 481 injurias
2246 420 2291 475 Α
2317 427 2424 481 que
2457 412 2667 482 direpta
2700 422 2847 467 sunt.
2874 411 3028 467 Caesa
3052 423 3182 467 sunt
3206 413 3261 466 in
3297 429 3364 468 eo
3403 417 3565 484 praelia
3592 417 3790 492 Pompeia.

625 530 778 580 suas,
804 527 1031 568 causam
1053 509 1179 564 belli
1199 507 1377 562 civilis
1399 522 1500 576 pro
1523 504 1876 559 restituendis
1899 503 1952 557 in
1981 505 2216 572 patriam

623 605 862 661 tribunis
906 618 1028 658 esse
1060 608 1293 656 testatus
1339 607 1442 652 est.
1483 596 1611 651 inde
1645 611 1743 666 per
1785 595 2088 650 Antonium
2125 611 2213 650 se-

625 707 771 770 ptem
795 696 1049 752 cohortes
1071 707 1194 764 qua:
1215 691 1359 761 apud
1391 688 1710 744 Sulmonem
1741 689 1811 720 ³⁵³
1836 690 2214 754 morabantur,

627 788 942 862 a.Lucretio
967 786 1192 856 accepit,
1225 794 1336 839 tres
1373 783 1636 854 legiones,
1661 797 1786 851 quae
1818 797 1944 836 cum
1970 780 2218 836 Domicio

626 881 769 952 apud
791 877 1144 934 Cornificium
1177 877 1552 940 morabantur,
1578 875 1644 928 ad
1671 889 1802 928 suas
1834 882 2017 943 partes
2040 883 2218 928 trans—

625 971 794 1026 misit.
825 968 1094 1024 Consules
1133 982 1265 1022 vero
1313 982 1437 1022 cum
1476 966 1629 1020 Gneo
1670 965 1950 1035 Pompeio,
1997 973 2218 1020 senatus

624 1062 805 1116 omnis
829 1071 991 1130 atque
1030 1060 1284 1114 universa
1322 1058 1582 1112 nobilitas
1605 1074 1670 1111 ex
1724 1056 1868 1112 Urbe
1913 1058 2130 1129 fugiens
2165 1067 2218 1112 et

624 1153 678 1206 in
733 1152 985 1207 Greciam
1046 1151 1344 1214 transiens,
1397 1150 1541 1219 apud
1598 1149 1959 1219 Dyrrachium
2016 1149 2216 1203 bellum

623 1253 813 1299 contra
857 1244 1132 1298 Cmsarern
1174 1242 1463 1311 parabant,
1500 1257 1611 1310 quo
1642 1240 1800 1295 multi
1849 1241 2077 1296 orientis
2128 1259 2215 1296 re-

621 1353 716 1408 ges
755 1337 825 1368 ³⁸⁵
854 1353 980 1390 cum
1027 1335 1248 1389 auxiliis
1296 1334 1714 1389 conveniebant.
1759 1333 1944 1389 Caesar
1989 1350 2216 1388 vacuam

622 1426 822 1483 Urbem
853 1429 1155 1498 ingressus,
1187 1427 1506 1481 dictatorem
1551 1442 1610 1480 se
1652 1426 1800 1493 fecit,
1854 1436 2217 1497 negatamque

620 1520 726 1575 siii
784 1537 850 1575 ex
915 1521 1111 1575 arrario
1157 1519 1446 1589 pecuniam
1484 1517 1672 1574 fractis
1725 1519 1938 1573 foribus
1992 1519 2213 1585 invasit,

621 1611 848 1680 protulit
871 1627 940 1665 ex
966 1626 1032 1664 eo
1055 1611 1172 1664 auri
1200 1611 1380 1680 pondo
1410 1603 1578 1675 4155,
1609 1610 1816 1679 argenti
1844 1609 2026 1679 pondo
2048 1626 2217 1680 prope

621 1711 896 1772 nongenta
932 1703 1101 1756 milia.
1135 1701 1264 1756 inde
1286 1703 1434 1757 venit
1465 1701 1788 1768 Massiliam,
1819 1703 1886 1756 ad
1910 1718 2076 1772 quam
2111 1703 2213 1758 ob-

2320 518 2518 557 norum
2569 503 2765 569 15000,
2799 502 3153 558 cenutriones
3199 504 3289 557 33.
3335 503 3595 576 Pompeius
3634 512 3791 582 fugam,

2320 595 2374 649 in
2405 595 2549 649 ostio
2591 595 2758 650 Penei
2815 596 2996 651 amnis
3029 596 3340 650 onerariam
3389 600 3552 653 navim
3579 615 3737 669 nactus,
3761 610 3793 660 ig.

2318 686 2506 766 Asiam
2531 687 2768 752 transiit,
2794 687 2921 742 inde
2945 703 3042 757 per
3055 685 3297 758 Cyprum
3324 689 3661 747 Alexandriam
3684 698 3793 764 petiit,

2320 789 2433 833 uta
2484 794 2611 850 rege
2645 778 2895 850 Aﬁgypti,
2944 779 3034 833 cui
3077 788 3235 834 tutor
3283 780 3394 848 ipse
3435 797 3463 834 a
3508 795 3665 836 senatu
3695 788 3794 839 diu.

2319 868 2498 924 fuerat
2525 880 2746 940 propter
2765 869 3067 939 juvenilem
3099 870 3221 940 ejus
3249 880 3478 938 aetatem,
3509 875 3722 944 acciperet
3737 893 3794 930 au-

2319 962 2467 1017 xilia.
2502 962 2607 1029 Qui
2639 961 2917 1017 fortunam
2949 963 3124 1033 magis
3147 979 3312 1032 quam
3339 964 3616 1020 amiciciam
3635 981 3793 1028 secutus.

2319 1052 2519 1108 occidit
2542 1052 2886 1121 Pompeium,
2913 1060 3190 1121 caputque
3214 1053 3333 1121 ejus
3366 1063 3418 1107 et
3449 1054 3644 1107 anulum
3664 1055 3792 1110 Casam

2319 1141 2489 1196 misit.
2525 1141 2737 1207 Quibus
2777 1141 3111 1210 conspectis,
3143 1140 3328 1195 Caesar
3352 1142 3505 1196 etiam
3535 1143 3731 1198 lacrimas
3751 1155 3794 1196 lu-

2317 1233 2466 1288 disse
2489 1233 2708 1299 dicitur,
2739 1233 2876 1287 tanti
2899 1233 3005 1287 viri
3053 1232 3272 1286 intuens
3315 1242 3490 1303 caput,
3521 1237 3796 1305 generique-s-

2317 1326 2444 1379 dam
2480 1326 2589 1391 sui,
2621 1334 2677 1379 et
2707 1325 3033 1380 inundatum
3059 1325 3323 1382 odoribus
3350 1326 3795 1394 imperavitcretuin.

2319 1419 2563 1490 Pompeii
2605 1435 2745 1474 uxor
2789 1420 3000 1490 filiique
3034 1419 3312 1490 fugerunt,
3359 1430 3531 1475 cetera
3567 1420 3796 1490 Pompeiam

2319 1510 2515 1567 classis
2558 1510 2768 1580 direpta
2795 1521 2900 1576 est,
2937 1509 3196 1564 omnibus
3238 1509 3332 1579 qui
3365 1510 3418 1563 in
3446 1526 3508 1564 ea
3528 1520 3660 1566 erant
3679 1513 3799 1565 επιεικ-

2315 1605 2526 1680 lissime
2555 1604 2859 1660 trucidatis.
2889 1603 2966 1657 lbi
2990 1613 3042 1657 et
3068 1602 3362 1673 Pompeius
3380 1603 3642 1675 Bytbinius
3661 1609 3799 1659 occisis

2318 1707 2423 1764 est,
2469 1697 2733 1753 Lentulus
2779 1712 2910 1752 vero
2959 1697 3043 1752 vir
3086 1697 3396 1752 consularis
3437 1698 3571 1768 apud
3613 1696 3798 1753 Pelusium

621 1793 970 1862 pugnandam
998 1793 1331 1848 Trebonium
1359 1809 1484 1848 cum
1513 1793 1690 1847 tribus
1717 1793 2023 1864 legionibus
2054 1795 2220 1849 relin-
2251 1773 2294 1830 Β
2325 1792 2642 1849 interfectus
2663 1801 2766 1848 est.
2795 1792 3002 1859 Caesar,
3026 1792 3350 1863 compositis
3382 1792 3524 1862 apud
3560 1790 3798 1845 Thessalian

621 1899 816 1954 quens,
845 1887 911 1939 ad
957 1884 1250 1955 Hispanias
1300 1886 1601 1950 contendit,
1651 1901 1790 1954 quas
1823 1869 2028 1939 Lucius
2054 1884 2219 1940 Afra-

620 1978 748 2032 nius
773 1989 826 2031 et
848 1976 1064 2032 Marcus
1093 1977 1339 2032 Petreius
1359 1987 1412 2032 et
1435 1977 1653 2034 Marcus
1682 1977 1874 2043 Varro,
1900 1978 2218 2048 Pompeiani

619 2075 808 2139 duces,
847 2074 1185 2139 obtinebant,
1235 2073 1420 2143 ibique
1467 2073 1658 2128 multis
1698 2073 1902 2143 praeliis
1943 2073 2219 2129 Petreium

619 2175 673 2220 et
696 2164 978 2220 Afranium
1015 2174 1326 2235 superatos,
1353 2165 1658 2235 composita
1684 2166 1959 2235 pactione,
1987 2167 2216 2231 dimisit,

620 2257 674 2310 in
698 2258 1113 2320 ulteriore,vero
1156 2255 1423 2326 Hispania
1465 2257 1605 2312 duas
1658 2257 1902 2327 legiones
1956 2273 1986 2313 a
2033 2256 2219 2312 Marco

621 2347 869 2403 Varrone
894 2349 1158 2419 suscepit.
1191 2347 1456 2404 Similiter
1484 2359 1538 2403 et
1559 2349 1728 2404 duces
1762 2349 1883 2418 ejus
1915 2349 2084 2404 Curio
2109 2349 2217 2404 Ca-

618 2451 803 2496 tonem
855 2439 1040 2495 Sicilia
1087 2441 1316 2511 expulit,
1373 2439 1622 2496 Valerius
1669 2441 1885 2496 Cottam
1945 2440 2215 2508 Sardinia,

620 2531 828 2587 Varrus
862 2531 1206 2587 Tuberonem
1238 2532 1421 2587 Africa
1453 2533 1632 2602 ejecit.
1661 2532 1866 2598 Caesar,
1898 2535 2218 2604 compositis

618 2623 782 2678 rebus
811 2622 948 2687 suis,
983 2622 1342 2694 Dyrrachium
1382 2623 1550 2688 venit,
1577 2632 1630 2678 ct
1661 2621 1979 2694 Pompeium
2015 2624 2218 2679 frustra

617 2713 906 2768 obsidione
933 2715 1122 2780 cinxit,
1154 2729 1280 2769 cum
1311 2715 1390 2768 illi
1413 2715 1587 2770 maria
1619 2723 1887 2784 paterent.
1925 2714 2218 2788 Pompeius

617 2805 903 2862 castellum
937 2807 1214 2876 quoddam
1247 2807 1385 2861 mari
1432 2807 1824 2878 propinquum,
1856 2808 1948 2862 ubi
1978 2809 2216 2878 presidia

615 2896 851 2955 Ctesaris
884 2908 1063 2966 erant,
1084 2900 1302 2965 evertit,
1339 2909 1394 2955 et
1425 2900 1623 2955 milites
1649 2901 1868 2956 occidit.
1895 2901 2081 2956 Caesar
2113 2917 2215 2955 au-

617 2998 747 3055 tem,
797 2989 1006 3044 omissa
1060 2989 1367 3057 obsidione,
1412 2991 1480 3044 ad
1525 2989 1847 3060 Pompeium
1903 2991 2211 3058 convertit;

616 3079 932 3152 Torquatus
953 3097 1084 3137 vero
1120 3098 1486 3154 prorumpens
1526 3099 1781 3139 aversum
1819 3084 1888 3115 ³⁸⁸
1925 3100 1956 3138 e
1985 3084 2214 3154 vestigio
2243 3120 2283 3176 α

619 3173 902 3228 insecutus
931 3183 1034 3228 est.
1061 3172 1137 3228 lta
1179 3173 1415 3230 Caesaris
1457 3175 1660 3230 milites
1703 3175 1929 3245 ancipiti
1971 3175 2216 3246 periculo

617 3263 818 3331 territi,
871 3264 992 3334 ipso
1037 3263 1255 3320 Caesare
1303 3265 1507 3322 frustra
1557 3267 1878 3334 obsistente,
1928 3267 2213 3339 fugerunt;

617 3356 793 3412 evasit
811 3365 1009 3412 tamen
1039 3356 1246 3425 Caesar,
1274 3359 1405 3429 quia
1429 3367 1588 3415 nocte
1627 3361 2020 3418 interveniente
2055 3363 2217 3418 Pom-

620 3449 943 3519 peiussequi
966 3450 1162 3505 noluit.
1188 3449 1334 3506 Dixit
1354 3461 1535 3506 autem
1562 3452 1767 3519 Caesar,
1785 3469 1884 3509 nec
1897 3454 2216 3526 Pompeium

617 3540 762 3596 scire
801 3543 1039 3608 vincere,
1078 3553 1132 3598 et
1174 3544 1266 3598 illa
1295 3553 1510 3598 tantum
1551 3545 1639 3600 die
1681 3560 1739 3601 se
1771 3546 1916 3601 vinci
1948 3547 2212 3618 potuisse.

617 3632 771 3688 Ctesa
793 3642 922 3688 sunt
951 3635 1008 3690 in
1029 3649 1095 3690 eo
1140 3637 1326 3705 praelia
1361 3636 1502 3691 £000
1532 3637 1766 3692 militum
1809 3637 2064 3704 Cazsaris,
2097 3655 2220 3694 cen-

621 3724 866 3781 turiones
897 3725 989 3793 23,
1022 3728 1235 3796 equites
1267 3727 1501 3782 Romani
1531 3729 1878 3798 complures;
1925 3744 2101 3784 caesus
2133 3741 2218 3785 est

619 3815 695 3870 ibi
735 3815 926 3883 Sceva,
955 3817 1192 3874 Caesaris
1215 3820 1372 3875 miles
1407 3820 1766 3886 fortissimus,
1805 3821 1963 3891 cujus
1999 3831 2215 3877 scutum

619 3915 842 3962 centum
878 3909 1069 3980 viginti
1101 3910 1301 3967 ictibus
1347 3912 1577 3981 petitum
1622 3911 1793 3967 fuisse
1837 3913 2056 3968 dicitur.
2090 3913 2217 3970 inde

621 4003 787 4056 citato
809 4004 1024 4075 agmine
1060 4005 1246 4062 Caesar
1269 4023 1366 4076 per
1395 4006 1634 4078 Epyrum
1656 4008 1710 4062 in
1733 4007 2074 4065 Thessaliam
2101 4026 2217 4080 per-

621 4094 782 4160 rexit,
810 4093 1104 4167 Pompeius
1128 4113 1260 4154 vero
1299 4115 1425 4155 cum
1470 4099 1728 4155 maximis
1767 4101 1943 4171 copiis
1989 4111 2214 4158 secutus

618 4197 723 4253 est,
747 4187 1059 4259 bellumque
1089 4191 1448 4246 commissum
1471 4201 1572 4248 est.
1604 4191 1800 4248 Videre
1830 4194 1902 4248 ibi
1926 4202 1980 4248 et
2001 4209 2215 4264 gemere

617 4290 755 4346 erat,
789 4291 1102 4338 contractas
1130 4282 1506 4340 Romanorum
1533 4286 1678 4341 vires
1718 4287 1771 4341 in
1799 4289 2008 4359 campis
2037 4288 2212 4344 Phar-

619 4373 803 4428 salicis
833 4374 900 4429 ad
943 4377 1277 4431 occisionem
1297 4378 1567 4446 [mutuam
1605 4381 1940 4448 constitisse,
1967 4397 2128 4452 quas,
2166 4383 2213 4438 si

2324 1885 2509 1949 rebus,
2551 1885 2943 1940 Alexandriam
2997 1884 3168 1948 venit,
3225 1884 3320 1938 ubi
3368 1883 3595 1940 Achillas
3639 1884 3719 1937 dux
3751 1899 3799 1935 rr-

2322 1977 2445 2047 gius
2471 1977 2571 2042 "3,
2605 1977 2775 2031 semel
2799 1976 3045 2031 imbutus
3077 1974 3322 2045 Pompeii
3351 1975 3618 2045 sanguine,
3652 1973 3800 2027 Cauni

2320 2085 2541 2140 quoque
2563 2085 2750 2125 necem
2787 2068 3172 2124 meditabatur.
3212 2065 3349 2121 Nam
3383 2068 3567 2138 jussus
3598 2066 3800 2120 exercitum

2321 2161 2410 2216 cui
2438 2169 2656 2231 preerat
2689 2160 2963 2215 dimittere
2985 2174 3158 2230 prope
3196 2158 3374 2213 20000
3415 2167 3722 2220 armatorum,
3741 2173 3801 2208 una

2321 2251 2485 2305 modo
2517 2252 2742 2320 sprevit,
2769 2267 2959 2306 verum
2986 2251 3151 2305 etiam
3195 2251 3368 2306 aciem
3407 2250 3611 2305 direxit.
3658 2248 3700 2302 lu
3737 2249 3803 2317 ipso

2321 2342 2510 2412 praelia
2537 2342 2685 2413 regia
2710 2342 2908 2398 classis
2948 2342 3016 2397 ad
3045 2351 3246 2398 terram
3275 2342 3539 2397 subducta
3571 2341 3801 2410 jubeturin-

2319 2435 2497 2490 cendi.
2525 2433 2600 2489 Ea
2635 2435 2856 2490 flamma
2897 2451 3023 2490 cum
3069 2443 3280 2505 partem
3323 2449 3538 2504 quoque
3561 2433 3685 2488 urbis
3715 2435 3802 2484 inrt-

2320 2527 2504 2593 sisset,
2529 2525 2764 2592 400,000
2787 2526 3052 2581 librorum
3077 2526 3342 2595 proximis
3380 2525 3523 2580 forte
3541 2525 3710 2579 aedibus
3725 2538 3802 2576 con-

2318 2620 2428 2674 dita
2456 2619 2689 2685 exussit,
2715 2619 2994 2690 singulare
3031 2619 3280 2688 profecto
3317 2618 3681 2672 monimentum
3703 2617 3802 2669 stuiii

2319 2727 2574 2782 curaaque
2607 2712 2906 2782 majorum,
2943 2711 3038 2782 qui
3071 2720 3152 2766 tot
3193 2691 3459 2782 tantaque
3492 2711 3732 2765 illustrium
3757 2710 3804 2758 in-

2318 2805 2601 2876 geniorum
2627 2820 2791 2876 opera
2833 2813 3246 2874 congesserant.
3301 2802 3500 2859 Postea
3541 2805 3691 2858 Carsar
3713 2802 3804 2854 i115!-

2317 2909 2425 2962 1am
2465 2896 2560 2952 ubi
2605 2896 2822 2952 Pharus
2843 2906 2928 2951 est
2982 2896 3158 2966 cepit;
3205 2911 3274 2951 eo
3315 2895 3553 2953 Achillas
3577 2911 3679 2950 curn
3701 2893 3802 2947 Galu-

2318 2990 2498 3045 niaais
2529 2991 2795 3045 militibus
2819 2989 2970 3044 venit
2999 3007 3012 3056 ;
3045 2990 3239 3060 ingens
3272 3005 3454 3059 pugna
3493 2987 3729 3044 commissa
3746 2994 3803 3038 est.

2317 3097 2513 3153 magna
2545 3082 2619 3139 ibi
2651 3082 3093 3138 starianorum
3136 3081 3373 3135 militum
3426 3080 3684 3135 multitudo
3716 3077 3803 3129 crci-

2319 3176 2428 3242 dit,
2476 3191 2669 3231 omnes
2710 3176 2879 3230 etiam
2924 3173 3301 3230 interfecwres
3341 3173 3580 3243 Pompeii
3633 3165 3806 3223 inmtmi

2320 3281 2469 3322 sunt.
2513 3267 2701 3323 Caesar
2735 3283 2956 3338 quoque
2993 3267 3048 3321 vi
3088 3265 3462 3321 insistentium
3495 3264 3694 3320 hostium
3723 3275 3808 3328 pus

2320 3379 2436 3428 sus,
2476 3362 2736 3432 scapham
2765 3360 3033 3416 ascendit.
3087 3361 3205 3426 Qua
3251 3374 3380 3414 mox
3436 3358 3653 3430 pondere
3690 3353 3806 3408 salse

2318 3456 2604 3528 quentium
2641 3465 2862 3527 gravata
2891 3448 2960 3509 ac
3004 3469 3207 3519 mersa,
3253 3469 3352 3523 per
3413 3453 3656 3507 ducentos
3689 3460 3806 3516 passus

2319 3551 2384 3604 ad
2424 3549 2630 3612 aavim,
2678 3563 2786 3602 una
2839 3563 3005 3602 manu
3041 3546 3270 3609 elevata,
3316 3560 3427 3616 qua
3469 3538 3804 3600 cartastcnelnt

2319 3642 2557 3697 natando
2598 3640 2863 3710 pervenit.
2905 3638 3030 3694 Mox
3081 3638 3259 3692 navali
3308 3637 3600 3692 certamine
3631 3631 3804 3703 pulsatus

2319 3748 2517 3801 magna
2544 3731 2804 3786 felicitate
2845 3729 3084 3784 classem
3129 3728 3336 3800 regiam
3365 3736 3466 3780 aut
3511 3719 3726 3794 depressit
3756 3727 3806 3766 ενι

2318 3826 2479 3895 cepit.
2522 3823 2908 3879 Alexandrinis
2935 3821 3246 3892 petentibus
3281 3835 3470 3890 regem
3507 3814 3713 3872 reddidit,
3741 3822 3807 3861 me

2319 3918 2494 3973 nitum
2541 3927 2600 3971 ut
2653 3915 2828 3987 magis
2862 3914 3172 3970 amiciciam
3228 3911 3533 3968 Romanam
3567 3914 3806 3977 quamam

2317 4009 2554 4082 experiri
2577 4008 2822 4064 studeret
2840 4009 2928 4062 ⁸⁵⁸.
2963 4006 3069 4074 Qui
3118 4016 3327 4072 tamen,
3367 4005 3504 4060 ilico
3522 4010 3577 4056 ut
3601 3999 3706 4054 liber
3736 3990 3807 4045 τιεὶί-

2317 4104 2520 4159 bellum
2555 4101 2759 4167 intulit,
2799 4101 2894 4155 sed
2922 4099 3190 4155 continuo
3215 4113 3344 4152 cum
3385 4105 3504 4151 toto
3538 4090 3806 4149 exercitumI

2316 4205 2368 4251 et
2400 4195 2516 4265 ipse
2544 4194 2758 4248 deletus
2803 4201 2908 4248 est.
2938 4190 3074 4246 Nam
3119 4199 3174 4245 et
3214 4187 3398 4243 20000
3430 4187 3681 4243 hominum
3712 4180 3746 4232 in
3770 4190 3805 4226 α’

2316 4288 2458 4343 bello
2489 4285 2805 4341 referuntur
2832 4299 2996 4350 caesa,
3024 4281 3200 4336 {2000
3232 4296 3363 4336 cum
3394 4279 3464 4332 70
3487 4277 3644 4347 longis
3661 4269 3806 4326 ﬂatile.-

2316 4380 2516 4436 dedita.
2552 4377 2848 4448 Quingenti
2890 4391 2955 4431 ex
2983 4373 3288 4430 victoribus
3330 4370 3589 4427 cecidisse
3622 4366 3802 4420 dicuntu'.

619 4467 907 4522 concordia
934 4469 1187 4534 rexisset,
1215 4469 1348 4523 nulli
1374 4470 1580 4541 populi,
1614 4471 1747 4525 nulli
1791 4488 1947 4544 reges
1970 4471 2113 4528 ferre
2142 4473 2212 4505 ⁸⁸⁸
2241 4463 2290 4523 D
2317 4474 2434 4530 Rex
2475 4474 2591 4544 ipse
2623 4472 2945 4526 adolescens
2990 4467 3196 4538 scapha
3247 4475 3533 4536 exceptus,
3573 4471 3622 4514 ut
3661 4457 3804 4523 iuret“-

617 4558 943 4626 potuissent.
994 4558 1237 4615 Fuerunt
1280 4562 1426 4616 enim
1459 4578 1526 4617 ex
1561 4572 1714 4632 parte
1764 4563 2006 4635 Pompeii
2053 4576 2208 4621 octo-

619 4649 768 4719 ginta
797 4659 922 4705 octo
947 4651 1224 4719 cohortes,
1267 4653 1509 4723 peditum
1543 4655 1667 4724 plus
1694 4671 1860 4725 quam
1899 4656 2077 4711 40000
2105 4659 2170 4690 ³³⁷
2195 4702 2208 4726 ,

618 4742 830 4812 equites
859 4742 913 4797 in
946 4743 1174 4799 sinistro
1213 4760 1384 4800 cornu
1425 4746 1550 4812 600,
1591 4747 1645 4800 in
1679 4749 1873 4804 dextro
1901 4749 2025 4815 500,
2059 4765 2213 4822 reges

618 4845 673 4888 et
696 4844 978 4891 senatores
999 4845 1052 4891 et
1079 4835 1312 4892 Romani
1335 4839 1546 4907 equites
1578 4840 1818 4908 plurimi,
1845 4857 1910 4895 ex
1936 4852 2087 4911 parte
2112 4858 2212 4896 au-

621 4937 726 4981 tem
749 4926 983 4983 Caesaris
1012 4929 1197 4984 minus
1235 4945 1405 4999 quam
1433 4929 1502 4986 40
1531 4931 1680 4985 milia
1715 4931 1977 5002 peditum,
2003 4933 2214 5002 equites

623 5021 785 5076 mille.
817 5022 1064 5093 Cumque
1094 5023 1187 5078 diu
1219 5024 1497 5094 utrimque
1521 5025 1625 5080 sub
1663 5025 1831 5080 dubia
1863 5035 2010 5082 sorte
2036 5028 2210 5083 carde—

623 5121 831 5179 rentur,
862 5127 1024 5185 atque
1050 5133 1114 5170 et.-
1147 5117 1250 5172 alia
1279 5127 1431 5187 parte
1454 5114 1749 5186 Pompeius
1773 5119 1978 5174 diceret
2003 5139 2014 5174 :
2041 5119 2214 5177 Parce

621 5203 842 5271 civibus,
881 5221 979 5261 nec
1021 5216 1203 5262 tamen
1249 5207 1472 5276 faceret,
1513 5224 1580 5264 ex
1609 5211 1714 5265 alia
1745 5225 1874 5266 vero
1899 5211 2082 5269 Caesar
2110 5213 2215 5269 hoc

621 5294 826 5348 faceret
863 5297 1007 5366 quod
1049 5308 1288 5369 urgeret,
1333 5299 1562 5355 dicens:
1610 5300 1784 5367 Miles,
1837 5303 2031 5372 faciem
2079 5305 2212 5373 feri,

621 5385 841 5440 tandem
873 5387 1161 5444 universus
1204 5388 1446 5460 Pompeii
1489 5389 1631 5462 fugit
1657 5394 1952 5462 exercitus,
1998 5403 2210 5450 castra-

2319 4567 2510 4622 multis
2539 4563 2929 4628 insilientibus,
2959 4574 3176 4615 mersus
3204 4569 3541 4628 necatusque
3571 4561 3665 4616 cst;
3684 4557 3806 4610 ίοηνξε

2319 4661 2439 4732 ejus
2469 4660 2535 4714 ad
2568 4659 2701 4713 litus
2731 4657 3068 4718 devolutum,
3114 4652 3324 4706 indicio
3365 4651 3548 4704 loricze
3590 4655 3725 4700 aurea
3753 4649 3806 4686 or

2321 4755 2530 4824 gnitum
2554 4751 2674 4805 fuit.
2701 4750 2820 4817 Qua
2848 4747 3033 4802 Cresar
3055 4744 3451 4800 Alexandriam
3480 4738 3716 4812 promissa.
3737 4741 3806 4778 σιω·

2319 4861 2415 4899 nes
2445 4842 2844 4897 Alcxandrinos
2875 4841 2942 4897 ad
2967 4837 3304 4894 deditionem
3344 4833 3687 4905 desperatione
3713 4837 3806 4910 Mr

2318 4934 2474 5004 pulit,
2537 4946 2879 5002 regnumque
2941 4926 3163 5000 Egypti
3218 4925 3541 4995 Cleopatrae,
3602 4915 3802 4973 Pthobmc:

2319 5024 2518 5091 sorori,
2545 5024 2714 5090 dedit,
2764 5038 2888 5078 cum
2941 5035 3048 5092 qua
3085 5018 3262 5088 stupri
3311 5013 3716 5072 consuetudinem
3747 5005 3802 5052 tr

2321 5119 2440 5174 buit
2475 5137 2489 5186 ;
2521 5133 2644 5188 qua:
2689 5123 2875 5187 postea
2931 5113 3084 5186 regio
3140 5110 3408 5166 comitatu
3445 5108 3626 5164 Urbem
3648 5103 3802 5169 in,qu

2321 5221 2422 5268 est.

2389 5302 2679 5374 Cleopatra
2703 5302 2910 5372 itaque.
2959 5313 3118 5354 soror
3151 5295 3464 5351 Ptholomei
3508 5286 3707 5362 regnavit

2322 5396 2566 5451 xandriu:
2596 5395 2758 5451 annis
2787 5393 2879 5462 Ξῖ,
2906 5404 2970 5448 ut
3005 5390 3261 5448 .lordanis
3307 5389 3590 5458 episcopus
3625 5378 3720 5435 dicit
3749 5366 3806 5424 ειν

1918 5532 2150 5608 vitam
2185 5550 2588 5609 LEC'flONES.

692 5671 762 5701 ³⁵³
788 5671 1188 5726 ὃπιηιοηῡῐιιθε.
1305 5671 1373 5702 ³³³
1411 5688 1456 5724 r.
1487 5685 1537 5724 0.
1575 5671 1626 5724 5.

618 5744 701 5798 9".
797 5744 864 5773 ""”
906 5745 1048 5814 regis
1077 5745 1127 5799 5.
1199 5743 1265 5774 ³⁸9
1305 5742 1583 5797 studerent
1621 5743 1669 5795 5.

1713 5669 1780 5701 ⁸³⁸
1810 5684 2034 5724 aversus
2080 5670 2131 5724 5.
2175 5670 2460 5727 adversum
2493 5672 2553 5725 9c

2657 5672 2726 5704 πο
2767 5673 2844 5725 ita
2884 5673 2970 5726 9c.
3009 5671 3165 5727 finire
3206 5673 3258 5726 .t.
3305 5672 3356 5726 5.
3394 5669 3476 5724 to.
3521 5667 3595 5720 li.
3735 5649 3774 5702 Χῖ
