3876 6306
87 278 166 335 με
959 260 1323 321 CHRONICA.
1362 292 1384 301 ~

87 410 120 446 r.
162 389 251 457 3.);
284 383 371 442 sed
422 381 792 439 Tertullianus
827 378 1020 436 scribit
1069 378 1214 448 (adu.
1265 375 1483 431 Judwos
1527 375 1615 430 ed.
1649 379 1700 438 Α

86 480 251 539 Semler
272 477 340 544 il,
376 492 427 547 p.
452 474 581 544 296)
635 471 786 543 quod
822 479 1076 542 regnaret
1103 469 1263 525 annis
1285 475 1502 523 tantum
1523 464 1615 533 20,

85 574 231 631 dicens
256 584 367 626 eam
420 579 787 637 conregnasse
817 562 1068 633 Augusto
1090 560 1252 618 annis
1275 559 1365 625 15,
1403 558 1617 628 ipsum-

85 680 166 738 que
183 670 349 735 postea
367 671 624 730 regnasse
644 656 771 712 aliis
797 655 887 722 4⁸5,
915 653 1013 724 qui
1035 660 1166 710 sunt
1185 652 1255 708 56
1278 651 1513 724 Augusti
1523 650 1615 704 "°.

86 755 218 827 Regni
252 760 422 808 autem
448 749 753 819 Cleopatra:
777 747 907 803 licet
937 753 1021 802 tot
1058 744 1191 800 anni
1227 742 1402 799 fuisse
1430 742 1621 798 dican-

87 856 169 913 tur,
193 845 240 901 in
273 843 454 900 ordine
499 849 685 897 tamen
727 853 920 911 regum
958 853 1070 893 non
1122 836 1248 906 plus
1293 849 1462 905 quam
1509 832 1621 889 duo

88 943 435 1008 computantur,
475 932 607 1004 quia
653 930 829 987 tereio
855 930 999 1008 gejus
1035 942 1184 984 anno
1223 926 1395 982 Gaius
1441 925 1621 983 Julius

86 1028 229 1085 Czsar
270 1024 572 1101 Romanum
615 1022 852 1093 arripuit
901 1020 1212 1092 imperium.
1263 1017 1441 1090 (Jonn.
1485 1018 1524 1072 ι.
1554 1018 1620 1091 Ι.)

87 1118 202 1175 Hanc
218 1116 468 1189 siquidem
503 1114 852 1185 Cleopatram
892 1124 1081 1184 postea
1111 1110 1398 1168 Romanus
1427 1110 1622 1167 ductor

88 1210 305 1266 Antonius
358 1207 663 1277 suscipiens
715 1220 927 1276 suoque
970 1204 1151 1270 lateri,
1202 1213 1386 1275 spreta
1434 1218 1623 1259 sorore

88 1299 354 1365 Octaviani,
384 1295 736 1369 consocians,
765 1304 960 1350 contra
986 1282 1136 1349 cives
1171 1293 1428 1363 proprios
1458 1292 1622 1373 dimi-

87 1391 210 1447 cavit.
233 1388 393 1456 Quem
426 1386 763 1443 Octavianus
803 1387 1090 1458 Augustus
1110 1386 1410 1442 certamine
1456 1400 1621 1456 supc—

85 1499 183 1538 rans
200 1482 247 1535 in
277 1479 493 1536 Actiaco
513 1480 695 1547 litore,
736 1488 1000 1548 utrosque
1025 1479 1242 1550 jugales
1274 1479 1454 1549 coegit
1476 1485 1536 1533 ut
1563 1491 1623 1532 se

86 1574 202 1643 ipsos
222 1571 539 1641 perimerent
574 1587 590 1638 ;
624 1570 816 1641 sicque
854 1586 1083 1641 regnum
1108 1586 1302 1626 eorum
1346 1571 1403 1625 in
1427 1570 1622 1626 Roma-

86 1679 238 1718 norum
264 1663 322 1694 ³⁶¹
346 1662 636 1733 imperium
666 1661 906 1728 devenit,
935 1662 1027 1716 ubi
1065 1671 1122 1717 et
1148 1677 1325 1733 usque
1356 1662 1622 1719 hactenus

86 1765 127 1809 ct
162 1771 310 1825 usque
354 1754 410 1809 in
461 1756 633 1809 linem
684 1753 875 1809 mundi
928 1753 1233 1809 secundum
1277 1754 1621 1825 prophetiam

86 1843 276 1901 Danielis
304 1846 455 1917 regni
478 1844 710 1901 debetur
739 1845 1043 1902 successio.

106 1936 224 1988 Alex.
293 1937 406 1988 Rom
417 1974 431 1988 .

1657 1724 1698 1778 Β

166 2019 187 2073 1

164 2109 195 2162 2

165 2200 193 2254 5
346 2202 370 2257 ι
488 2200 798 2257 Romanum
821 2202 985 2273 erepit
1006 2201 1294 2272 imperium
1307 2219 1406 2275 per
1430 2204 1625 2259 Caium

87 2289 245 2348 iulium
262 2293 552 2351 Caesarem.

168 2384 197 2441 8
348 2388 374 2442 l
492 2386 702 2459 (HlER.)
758 2384 1095 2443 Octavianus
1134 2386 1204 2419 ³⁶¹
1237 2428 1252 2455 ,
1294 2387 1390 2458 qui
1437 2396 1625 2458 postea

84 2478 336 2548 appellatus
368 2486 452 2536 est
478 2478 767 2551 Augustus
792 2522 809 2547 ,
853 2479 1002 2537 filius
1030 2476 1200 2537 Actia:
1242 2483 1452 2539 sororis
1494 2480 1626 2538 Julii

88 2566 292 2639 Cesaris,
310 2571 562 2643 regnavit
586 2580 712 2643 post
751 2571 959 2629 Julium
983 2574 1146 2629 annis
1174 2573 1265 2642 56,
1302 2589 1335 2629 a
1358 2589 1470 2647 quo
1510 2574 1625 2631 Ro—

88 2661 201 2715 mani
220 2663 479 2735 principes
505 2664 761 2734 appellati
785 2668 916 2721 sunt
937 2665 1178 2737 augusti.

145 2752 195 2806 l7
320 2754 385 2810 10
497 2752 579 2810 Ex
608 2755 676 2788 ³⁸⁸
707 2757 812 2812 hoc
841 2765 1108 2827 tempore,
1150 2755 1403 2813 videlicet
1435 2773 1500 2814 ex
1529 2758 1627 2814 de-

90 2844 199 2899 cimo
224 2861 354 2903 anno
383 2846 645 2919 Augusti,
672 2863 904 2920 regnum
933 2856 989 2904 et
1016 2849 1387 2905 sacerdotium
1412 2848 1629 2906 Judan-

91 2950 183 2990 rum
219 2946 266 2992 et
307 2939 567 3007 christus,
621 2939 677 2995 id
722 2949 807 2996 est
850 2950 1073 3008 unctus,
1107 2934 1282 3013 usque
1316 2941 1371 2995 in
1402 2956 1628 3011 presens

89 3035 259 3098 tempus
280 3030 489 3099 defecit,
522 3028 778 3104 Hyrcano
814 3033 1072 3103 pontifice
1100 3032 1343 3089 consilio
1369 3033 1628 3106 Antigoni

90 3116 236 3179 fratris
260 3123 379 3191 sui,
419 3124 726 3180 Aristoboli
751 3125 869 3193 lilii,
900 3141 933 3181 a
971 3125 1191 3182 Parthis
1236 3110 1419 3197 capto,
1446 3135 1502 3182 et
1531 3142 1628 3182 eo-

90 3210 181 3267 dem
217 3214 473 3287 Antigono
494 3232 528 3271 a
575 3215 841 3273 Romanis
883 3219 1088 3285 occiso,
1115 3227 1171 3273 et
1194 3216 1408 3275 Herode
1437 3218 1630 3274 alieni-

90 3317 195 3372 gena
217 3321 327 3379 rege
347 3310 669 3366 constituto.

143 3395 197 3449 l2
320 3400 386 3456 l5
493 3401 773 3456 Antonius
826 3410 882 3457 et
926 3400 1215 3472 Cleopatra
1262 3412 1434 3459 semet
1480 3404 1631 3475 ipsos

91 3482 256 3542 Deiecit
328 3491 393 3546 16
575 3493 935 3560 interﬁciunt,
968 3484 1040 3548 ἐι
1085 3493 1355 3566 IEgyptus
1406 3498 1462 3553 in
1503 3515 1631 3569 pro-

109 3591 231 3648 regn.
330 3582 395 3637 l7
577 3584 817 3641 vinciam
867 3586 1090 3641 redacta
1132 3585 1450 3643 Cornelium
1503 3589 1631 3645 Gal-

102 3665 225 3724 Alex.
327 3675 407 3749 18.
573 3676 687 3731 lum
719 3678 961 3748 primum
1008 3678 1201 3734 habuit
1229 3680 1472 3751 judicem
1515 3682 1629 3739 Ro-

139 3757 195 3790 ⁸⁸³
328 3764 395 3821 56
579 3782 827 3823 manum.
858 3793 862 3796 ~

143 3847 318 3927 (ῐιιειι.)
351 3856 522 3914 Caius
548 3857 730 3915 Julius
759 3860 964 3928 Caesar,
998 3877 1030 3917 a
1061 3878 1173 3933 quo
1208 3862 1442 3920 Romani
1474 3867 1629 3936 priu-

89 3936 205 4009 Cipes
226 3959 442 4004 cessares
468 3950 816 4020 appellantur
843 3994 858 4020 ,
910 3952 1124 4024 primus
1172 3955 1315 4025 apud
1353 3954 1631 4014 Romanos

90 4026 319 4100 singulare
370 4039 606 4109 arripuit
671 4039 963 4111 imperium
990 4085 1005 4109 ,
1061 4045 1419 4115 regnavitque
1470 4047 1632 4103 annis

89 4120 306 4195 Quinque,
332 4130 400 4184 ab
423 4128 571 4187 Urbe
597 4133 814 4188 condita
847 4133 974 4190 705°
1004 4135 1094 4189 ⁸⁸⁵.
1133 4136 1231 4208 (Η.
1266 4138 1364 4208 m.)
1391 4136 1491 4194 Hic
1528 4139 1630 4195 ita-

91 4222 171 4276 que
194 4229 430 4275 reversus
473 4222 548 4277 ab
572 4221 900 4280 Alexandria
931 4241 1030 4296 per
1068 4225 1283 4303 Syriam
1307 4271 1322 4296 ,
1378 4229 1629 4286 Pharna-

90 4313 197 4371 cem,
225 4305 515 4368 Metridatis
544 4312 723 4386 Magni
753 4315 947 4383 lilium,
979 4317 1132 4385 vicit,
1170 4317 1511 4391 Romamque
1544 4336 1631 4376 re-

91 4408 287 4467 gressus,
318 4406 487 4461 tercio
522 4421 583 4462 se
607 4407 929 4465 dictatorem
956 4420 1014 4465 et
1040 4412 1319 4467 consulem
1347 4411 1475 4468 fecit
1505 4430 1631 4470 cum
1662 4403 1711 4461 Ι)

89 4481 236 4545 Marco
276 4493 499 4552 IEmilio
551 4496 777 4569 Lepido,
834 4501 933 4571 qui
977 4505 1239 4573 magister
1293 4505 1530 4562 militum
1580 4506 1632 4562 ei

90 4592 222 4639 causa
244 4587 524 4646 dictaturae
554 4599 680 4647 ante
708 4607 916 4648 annum
947 4591 1145 4651 fuerat.
1169 4593 1377 4652 Deinde
1399 4597 1455 4652 in
1485 4596 1633 4653 Afri-

90 4686 182 4728 cam
204 4680 468 4747 profectus
495 4699 600 4751 εει,
632 4684 727 4739 ubi
761 4685 972 4742 infinita
1025 4686 1399 4747 Romanorum
1431 4693 1630 4748 nobili-

89 4770 156 4854 tas
176 4773 429 4831 cumJuba
443 4791 571 4848 rege
581 4775 925 4834 Mauritaniae
940 4781 1084 4849 apud
1096 4777 1377 4854 Thapsum
1399 4766 1504 4840 sibi
1518 4785 1633 4842 bel—

91 4852 177 4912 lum
190 4876 538 4932 reparaverat.
567 4867 746 4926 Duces
762 4880 946 4926 autem
969 4852 1387 4929 Romanierant
1406 4873 1633 4933 Publius
1659 4923 1661 4925 .

93 4946 333 5037 Cornelius
361 4956 570 5029 Scipio,
603 4976 670 5017 ex
697 4962 1085 5033 antiquissimo
1135 4981 1332 5036 genere
1360 4965 1633 5037 Scipionis

90 5036 310 5129 Mricani,
361 5052 458 5121 qui
502 5053 670 5110 etiam
722 5069 880 5111 socer
930 5054 1099 5113 Marci
1144 5056 1388 5129 Pompeii
1420 5036 1630 5127 fuerat,

91 5128 264 5219 Marcus
291 5140 540 5200 Petreius
568 5145 774 5204 Varrus
808 5148 899 5216 ³⁸⁵,
954 5148 1171 5206 Marcus
1221 5128 1438 5209 Pettius
1472 5152 1630 5219 Cato,

92 5218 257 5285 Lucius
296 5230 582 5294 Cornelius
632 5238 869 5297 Faustus
893 5283 908 5308 ,
960 5240 1121 5312 Syllae
1150 5241 1436 5299 dictatoris
1466 5218 1630 5300 illius.

90 5315 257 5378 Contra
284 5325 382 5384 hzs
412 5332 713 5389 commisso
739 5334 943 5404 praelio,
973 5344 1098 5405 post
1127 5320 1327 5396 multas
1348 5337 1630 5392 hominum

1472 257 1867 316 CIIRONICON
1911 258 2369 316 UNIVERSALE.

3212 256 3319 315 διο
3336 339 3341 345 η

1725 375 1903 432 caedes
1926 375 2105 430 victor
2137 374 2351 432 exstitit
2377 372 2594 441 Caesar;
2647 383 2828 431 castra
2878 389 3072 431 eorum
3099 376 3312 448 direpta

1720 477 1871 533 sunt,
1902 467 2184 539 sexaginta
2206 466 2483 537 elephanti
2507 467 2672 537 capti.
2702 465 2841 523 Cato
2868 483 2992 525 sese
3019 470 3162 540 apud
3189 469 3314 526 Uti-

1720 572 1843 614 cam
1872 573 2085 616 veneno
2113 558 2348 626 occidit;
2379 557 2520 615 Juba
2568 561 2881 630 percussori
2902 559 3158 633 jugulum
3181 563 3314 620 dato

1719 654 1906 726 precio
1932 652 2182 723 prebuit;
2212 652 2459 709 Petreius
2488 652 2670 723 gladio
2704 666 2765 708 se
2786 652 2856 686 ³⁸⁸
2882 648 3150 724 perfodit;
3187 654 3313 712 Sci-

1720 745 1815 815 pio
1841 744 1895 798 in
1931 743 2077 809 navi,
2109 758 2219 813 qua
2248 744 2316 799 ad
2362 742 2659 814 Hispanias
2705 741 2922 816 fugiens
2945 785 2962 812 ,
2988 754 3160 801 vento
3213 761 3311 803 eo-

1720 847 1898 905 aetus,
1927 837 1985 893 in
2011 837 2255 895 Africam
2288 838 2482 906 rediit,
2504 846 2677 894 semet
2703 839 2884 908 ipsum
2922 838 3211 910 iugulavit.
3252 838 3314 894 In

1720 931 1911 987 eadem
1942 931 2069 986 navi
2104 931 2272 986 etiam
2323 929 2661 1012 Torquatus.
2686 931 2904 987 occisus
2962 939 3065 986 est.
3129 931 3315 986 Caesar

1721 1022 1968 1093 Pompeii
1994 1020 2176 1093 Magni
2204 1030 2433 1092 nepotes
2458 1021 2738 1092 liliamque
2765 1023 2833 1055 ³⁸⁷
2864 1021 3205 1093 Pompeiam,
3237 1023 3315 1079 si-

1722 1115 1949 1184 mulque
1972 1129 2097 1170 cum
2119 1113 2207 1169 his
2231 1112 2519 1179 Faustum,
2544 1111 2705 1185 Syllae
2734 1113 2928 1181 lilium,
2957 1123 3012 1169 et
3038 1113 3314 1170 Petreium

1723 1219 1790 1259 ac
1814 1202 2103 1260 Afranium
2124 1202 2293 1274 jussit
2314 1204 2508 1260 occidi.
2542 1200 2675 1259 Post
2699 1220 2906 1260 annum
2933 1203 3164 1265 Romam
3185 1222 3313 1262 cum

1722 1303 1961 1366 quatuor
2009 1294 2306 1365 triumphis
2353 1294 2635 1365 ingressus
2663 1335 2677 1361 ,
2730 1304 2928 1365 quarto
2977 1296 3213 1352 dictator
3260 1306 3319 1353 et

1722 1383 1917 1440 consul
1944 1391 2161 1438 creatus
2190 1390 2296 1449 est,
2320 1382 2600 1453 totiusque
2637 1383 2789 1454 regni
2818 1384 3197 1440 monarchiam
3224 1401 3318 1443 so-

1723 1478 1811 1535 lus
1837 1478 2156 1547 assumpsit,
2184 1492 2251 1532 ex
2280 1491 2393 1547 quo
2428 1476 2687 1532 continua
2719 1475 2984 1532 Romanis
3010 1485 3318 1531 nascuntur

1724 1569 1971 1639 imperia.
2012 1567 2290 1640 Disposito
2317 1568 2502 1637 itaque
2530 1583 2598 1623 ac
2624 1575 2946 1636 recuperato
2978 1568 3058 1623 rei
3086 1568 3319 1636 publieae

1725 1669 1892 1727 statu,
1923 1659 2184 1716 continuo
2213 1659 2274 1713 in
2324 1657 2644 1729 Hispaniam
2673 1668 2864 1715 contra
2913 1657 3124 1713 Gneum
3156 1657 3320 1713 Pom-

1725 1752 1909 1822 peium
1938 1760 1994 1806 et
2024 1749 2253 1806 Sextum
2282 1748 2626 1820 Pompeium,
2656 1749 2801 1805 filios
2833 1748 3078 1830 Pompeii
3113 1748 3317 1821 Magni,

1724 1840 2024 1912 profectus,
2058 1841 2229 1896 multa
2254 1841 2395 1896 bella
2424 1848 2571 1897 sorte
2600 1840 2753 1895 varia
2804 1841 2995 1911 gessit.
3054 1839 3319 1907 Ultimum

1723 1932 1928 1989 bellum
1955 1932 2101 2003 apud
2128 1927 2388 1987 Mundam
2419 1930 2624 1987 ﬂumen
2656 1940 2872 2002 gestum
2898 1940 3003 1999 est,
3026 1931 3121 1987 ubi
3149 1932 3320 1987 tantis

1723 2025 1938 2082 viribus
1966 2024 2285 2081 dimicatum
2317 2032 2404 2080 est
2429 2032 2691 2094 tantaque
2730 2023 2907 2079 caedes
2933 2032 3076 2090 acta,
3108 2034 3169 2079 ut
3200 2024 3321 2080 Ca2-

1725 2133 1819 2175 sar
1845 2133 2087 2188 quoque,
2113 2117 2384 2173 veteranis
2405 2117 2571 2173 etiam
2600 2116 2718 2173 suis
2747 2116 2942 2172 cedere
2973 2131 3085 2171 non
3115 2117 3318 2197 erube—

1725 2210 2026 2275 scentibus,
2058 2224 2117 2263 se
2146 2208 2379 2264 voluerit
2420 2208 2693 2275 occidere,
2740 2222 2810 2263 ne
2835 2215 2962 2278 post
2999 2216 3211 2263 tantam
3236 2211 3320 2264 rei

1725 2302 1982 2358 militaris
2010 2301 2241 2373 gloriam
2271 2302 2328 2355 in
2355 2309 2682 2371 potestatem
2716 2300 3127 2358 adulescentum
3155 2306 3320 2356 natus

1726 2409 1901 2449 annos
1929 2392 1999 2447 66
2031 2393 2256 2448 veniret.
2288 2391 2533 2463 Denique
2579 2394 2851 2463 reparatis
2895 2393 3033 2459 suis,
3074 2403 3189 2448 tum
3220 2406 3320 2448 su-

1726 2485 1842 2540 bito
1870 2484 1928 2539 in
1974 2482 2163 2554 fugam
2216 2498 2409 2539 versus
2452 2492 2538 2539 est
2585 2485 2862 2540 exercitus
2888 2484 3316 2555 Pompeiorum;

1729 2574 1887 2633 Titus
1914 2574 2189 2630 Labienus
2214 2585 2268 2629 et
2293 2573 2484 2629 Actius
2516 2572 2694 2631 Varus
2728 2576 2782 2630 in
2812 2576 2929 2631 acie
2971 2578 3100 2645 caesi
3148 2584 3316 2643 sunt;

1727 2665 1913 2723 Gneus
1957 2663 2252 2735 Pompeius
2299 2679 2426 2720 cum
2476 2671 2697 2720 centum
2747 2665 3027 2735 equitibus
3064 2664 3318 2737 aufugit;

1730 2753 1929 2810 Sextus
1975 2753 2289 2824 Pompeius,
2330 2751 2503 2809 frater
2546 2754 2687 2824 ejus,
2737 2763 3021 2813 contracta
3073 2755 3323 2813 celeriter

1728 2862 1838 2902 non
1868 2846 2035 2917 parva
2062 2845 2450 2901 Lusitanorum
2480 2861 2670 2913 manu,
2699 2862 3031 2918 congressus
3057 2863 3186 2903 cum
3214 2846 3322 2903 Ce-

1729 2937 1909 3003 sonio,
1938 2937 2118 2992 victus
2147 2933 2472 3007 fugiensque
2500 2936 2818 2993 interfectus
2842 2945 2946 2994 est.
2975 2936 3092 2993 Hoc
3118 2936 3323 2993 bellum

1730 3043 1797 3082 eo
1824 3028 1912 3084 die
1942 3037 2125 3084 actum
2152 3037 2240 3085 est
2291 3043 2404 3099 quo
2453 3037 2609 3099 pater
2659 3044 2852 3085 eorum
2904 3028 3198 3099 Pompeius
3254 3028 3326 3084 ab

1734 3116 1899 3183 Urbe,
1924 3117 2129 3173 bellum
2157 3127 2436 3191 gesturus,
2467 3128 2629 3179 antea
2648 3119 2960 3192 aufugerat,
2979 3129 3329 3193 quatuorque

1731 3209 1893 3265 annis
1938 3210 2046 3266 hoc
2090 3210 2295 3295 bellum
2324 3212 2486 3268 civile
2522 3220 2636 3291 toto
2676 3214 2809 3269 orbe
2852 3213 3111 3269 intonuit.
3141 3212 3362 3295 Cmar‘

1732 3303 1937 3374 itaque,
1971 3302 2127 3359 bellis
2152 3291 2407 3361 civilibus
2433 3313 2547 3379 toto
2568 3306 2702 3362 orbe
2722 3306 3063 3376 compositis,
3094 3306 3329 3365 Romam

1731 3399 1970 3464 rediens,
2002 3413 2164 3470 agere
2211 3398 2539 3456 insolentius
2558 3402 2627 3434 ³⁸⁸
2654 3401 2820 3472 coepit
2863 3411 3057 3458 contra
3089 3417 3329 3459 consue—

1732 3489 1977 3545 tudinem
2009 3489 2273 3547 Romana:
2318 3492 2608 3549 libertatis.
2641 3494 2781 3549 Cum
2830 3509 2962 3566 ergo
2992 3495 3233 3551 honores
3260 3509 3330 3551 ex

1733 3597 1834 3636 sua
1865 3582 2144 3638 voluntate
2176 3592 2468 3653 prestaret,
2497 3585 2591 3654 qui
2622 3594 2785 3641 antea
2817 3584 3139 3642 ferebantur
3163 3602 3196 3641 a
3224 3600 3328 3656 po-

1732 3674 1881 3743 pulo,
1912 3690 2014 3730 ncc
2040 3676 2255 3730 senatui
2283 3676 2351 3732 ad
2396 3692 2457 3733 se
2481 3678 2720 3733 venienti
2750 3687 3082 3751 assurgeret,
3113 3679 3331 3749 aliaque

1733 3766 1881 3836 regia
1911 3776 1966 3821 et
1990 3782 2129 3837 pene
2158 3768 2441 3839 tyrannica
2485 3768 2708 3837 faceret,
2742 3771 3091 3841 conjuratum
3140 3779 3226 3826 est
3274 3772 3328 3826 in

1731 3873 1859 3913 eum
1888 3874 1921 3913 a
1948 3859 2199 3915 ducentis
2230 3869 2287 3916 et
2313 3859 2383 3915 60
2414 3862 2497 3917 vel
2527 3863 2763 3933 amplius
2794 3864 3144 3920 senatoribus
3172 3864 3332 3934 equi-

1730 3952 1989 4022 tibusque
2017 3951 2301 4009 Romanis.
2334 3953 2589 4025 Precipui
2634 3956 2777 4011 inter
2803 3957 3181 4027 conjuratores
3212 3956 3333 4013 fuc-

1733 4056 1865 4100 runt
1889 4046 1999 4100 duo
2051 4039 2227 4111 Bruti,
2257 4061 2324 4100 ex
2372 4062 2571 4117 genere
2617 4048 2765 4105 illius
2797 4047 2952 4103 Bruti
2994 4050 3090 4120 qui
3116 4051 3332 4119 primus

1732 4139 1925 4194 consul
1951 4136 2133 4193 fuerat
2158 4137 2348 4193 Romae
2371 4153 2638 4211 regesque
2685 4141 2989 4211 expulerat,
3023 4151 3081 4198 et
3123 4142 3330 4197 Cneius

1732 4229 1959 4285 Cassius
1987 4238 2044 4286 et
2074 4228 2338 4286 Servilius
2382 4229 2577 4287 Casca.
2626 4232 2875 4300 Quadam
2926 4234 3093 4306 igitur
3121 4235 3210 4290 die
3237 4250 3325 4290 se-

1733 4331 1863 4377 natu
1882 4321 1938 4376 in
1955 4321 2110 4378 curia
2137 4330 2486 4393 congregato,
2514 4338 2640 4379 eum
2670 4323 2857 4380 Caesar
2880 4325 3207 4393 advenisset,
3240 4327 3327 4382 vi-

1736 4413 1870 4486 ginti
1892 4414 2067 4471 tribus
2094 4414 2289 4475 cultris
2319 4414 2610 4471 senatoriis
2640 4415 2934 4474 confossus
2959 4425 3062 4483 est,
3091 4433 3329 4489 moxque

1738 4515 1992 4562 auctores
2019 4507 2185 4571 aedis
2211 4506 2421 4565 strictis
2446 4508 2779 4579 pugionibus
2807 4509 2864 4564 in
2889 4508 3223 4581 Capitolium
3249 4526 3331 4567 se—

1737 4608 2039 4655 cesserunt.
2092 4598 2335 4679 Turbato
2383 4602 2626 4672 populo,
2695 4603 2790 4659 diu
2840 4603 3194 4659 deliberatum
3244 4613 3329 4660 εει

1738 4700 1923 4748 utrum
1971 4689 2301 4763 Capitolium
2347 4708 2474 4749 cum
2503 4693 2821 4749 auctoribus
2865 4693 3029 4750 caedis
3056 4704 3331 4764 oporteret

1740 4784 1986 4851 incendi,
2036 4800 2239 4855 corpus
2275 4784 2396 4856 ejus
2448 4794 2670 4859 raptum
2717 4787 2972 4857 populus,
3008 4787 3196 4844 dolore
3224 4788 3327 4843 sti-

1740 4878 2001 4944 mulatus,
2027 4877 2083 4932 in
2118 4877 2237 4935 foro
2284 4877 2605 4951 fragmentis
2632 4879 2990 4935 tribunalium
3019 4896 3084 4935 ac
3111 4881 3326 4936 subsel-

1738 4969 1941 5025 liorum
1993 4970 2275 5026 cremavit.
2327 4969 2529 5029 Eadem
2574 4986 2706 5027 vero
2761 4980 2922 5028 nocte
2966 4986 3089 5042 quae
3125 4972 3324 5029 (aedem

1738 5060 1859 5131 ejus
1885 5062 2171 5132 precessit,
2201 5061 2518 5132 Calpurnia,
2548 5078 2689 5117 uxor
2713 5062 2853 5133 ejus,
2886 5064 3094 5119 viditin
3116 5066 3328 5121 somnis

1740 5170 1867 5209 eum
1897 5154 2215 5210 confossum
2242 5155 2562 5213 vulneribus
2590 5156 2647 5210 in
2672 5156 2795 5212 sinu
2825 5172 2929 5213 suo
2952 5158 3168 5229 jacere;
3203 5175 3329 5215 ora-

1742 5248 1927 5319 vitquc
1941 5264 2068 5304 eum
2087 5264 2156 5304 ne
2171 5264 2331 5304 mane
2354 5250 2530 5305 abiret
2545 5249 2601 5305 in
2616 5262 2865 5307 senatum
2884 5270 2898 5321 ;
2924 5254 3020 5311 sed
3043 5259 3132 5309 me
3148 5271 3327 5326 auspi-
3352 5232 3365 5309 ί

1741 5341 1953 5396 ciorum
1980 5342 2146 5397 verba
2175 5357 2316 5412 smpe
2338 5343 2636 5415 negiigens,
2667 5347 2994 5418 contempsit
3026 5349 3324 5419 somnium,

1232 5600 1235 5603 η
1330 5519 1565 5581 vanu:
1604 5490 2009 5583 Lscriosss.

94 5642 464 5741 ιιδήλέείδέμᾶ
483 5628 881 5741 νθηῃὶεὲίιευδῆ
918 5656 975 5741 ’
1006 5654 1103 5741 ίριι
1145 5656 1230 5711 H’

171 5717 281 5771 add.
312 5736 455 5776 anno
479 5724 533 5778 5.
623 5724 691 5756 ³⁸⁸
715 5717 878 5780 Varus
907 5727 958 5780 4.
1036 5727 1104 5759 ⁸⁸⁸
1130 5742 1187 5782 se
1211 5744 1259 5799 g.
1290 5729 1341 5783 5.

1347 5655 1413 5688 ³⁸¹
1454 5674 1740 5714 romanum
1789 5661 1841 5715 5.

1435 5730 1501 5761 ³⁸⁷
1526 5730 1594 5784 Μ.
1627 5732 1790 5787 tiliam
1824 5750 1873 5809 p.
1911 5746 2243 5807 nepotesque
2270 5738 2321 5793 5.

1944 5662 2010 5694 ³⁸³
2052 5661 2182 5718 Πιιέ
2226 5677 2412 5720 desunt
2451 5668 2503 5721 ι.
2556 5668 2641 5723 Η.
2743 5670 2811 5701 ³⁸⁸
2850 5667 2911 5724 Ι).
2940 5688 2986 5726 1⁵.
3045 5688 3094 5726 ³-
3126 5650 3237 5725 dei-
3267 5674 3320 5728 5-

2412 5740 2480 5770 ³⁸⁸
2504 5739 2538 5792 i.
2567 5756 2616 5793 a.
2644 5741 2695 5796 5.
