3876 6306
576 316 688 373 4H7

1759 300 2159 369 EKKEHARDI
2199 308 2669 369 URAUGIENSIS

578 430 668 487 rei
693 438 885 486 autem.
929 426 1184 501 probavit
1227 436 1477 483 eventus.
1525 427 1667 481 Ante
1713 440 1921 495 paucos
1952 440 2177 496 quoque
2210 434 2363 492 Asta
2391 424 2538 480 caede
2557 420 2791 491 delevit;
2836 423 3172 480 Octavianus
3210 423 3399 481 Caesar
3431 416 3761 490 catenam
3824 398 3825 479 ἶ

3688 319 3760 380 ω

585 523 708 579 ὀίω
738 523 875 577 bove
898 537 965 576 ex
990 534 1144 575 more
1168 526 1429 585 mactata,
1463 533 1562 573 cor
1594 519 1649 572 in
1680 517 1824 573 extis
1852 532 1964 571 non
1992 527 2076 572 est
2098 533 2185 573 re-
2283 515 2598 573 custodlvit.
2645 512 2896 570 Secunda
2937 515 3205 572 adversus
3228 515 3510 571 Antonium
3531 534 3671 589 pugna
3688 538 3765 579 In.

587 622 825 684 penum.
850 613 1005 680 Quod
1036 626 1162 667 cum
1193 610 1469 681 Spurinna
1499 625 1736 680 aruspex
1763 610 2185 679 pronunciasset

588 707 644 761 ei
674 705 742 760 ad
773 706 898 759 vita:
924 703 1233 778 periculum
1263 702 1557 773 pertinere,
1586 700 1773 756 Caesar
1801 715 2015 763 memor
2042 717 2181 756 con-

581 797 808 852 stantiae
831 796 909 849 ait
942 812 955 849 :
990 793 1230 859 Miraris,
1269 795 1315 847 si
1343 793 1432 847 bos
1455 809 1559 847 non
1589 809 1682 847 cor
1708 792 1884 848 habet.
1921 793 2026 850 Sed
2055 810 2184 849 mox

589 887 719 942 vitae
749 886 870 956 ejus
900 885 1026 957 linis
1056 883 1177 939 fuit.
1213 883 1358 938 Idem
1393 883 1669 953 Spurinna
1695 891 1821 938 ante
1844 885 2051 954 paucos
2073 884 2187 939 fere

581 994 767 1033 annos
791 977 967 1032 eidem
1018 976 1226 1031 Caesari
1255 976 1491 1041 dixerat,
1532 976 1804 1031 cavendas
1833 975 1884 1031 ei
1910 991 2032 1031 esse
2052 975 2184 1031 Idus

580 1068 832 1124 Martias.
864 1067 987 1135 Quo
1016 1069 1105 1123 die
1152 1068 1294 1134 viso,
1332 1069 1409 1122 ait
1451 1066 1743 1138 Spurinna:
1788 1067 1974 1124 Caesar
2004 1086 2018 1123 :
2051 1068 2183 1122 ldus

592 1160 781 1216 Martii
806 1169 1075 1215 venerunt.
1117 1159 1213 1214 Ille
1240 1160 1528 1231 respondit
1560 1179 1573 1214 :
1604 1158 1709 1215 Sed
1741 1161 1974 1214 nondum
2005 1170 2187 1215 trans-

581 1254 784 1309 ierunt.
810 1251 1012 1308 Eodem
1041 1253 1128 1308 die
1150 1251 1338 1308 Caesar
1362 1252 1654 1307 coi‘tfossus
1682 1253 2025 1323 esurit-quo
2059 1254 2184 1308 nul-

584 1344 677 1398 lus
700 1359 964 1413 umquam
990 1344 1167 1416 magis
1194 1344 1350 1398 bellis
1370 1344 1589 1399 enituit.
1613 1343 1748 1413 Ejus
1780 1345 2047 1414 siquidem
2079 1347 2184 1400 du-

582 1444 682 1491 ctu
707 1436 970 1490 undecies
998 1445 1216 1489 centum
1253 1436 1549 1505 nonaginta
1577 1434 1689 1489 duo
1720 1434 2185 1506 miliabominum

587 1542 735 1582 caesa
780 1534 928 1582 sunt.
983 1524 1117 1580 Nam
1159 1522 1428 1596 quantum
1461 1526 1619 1587 bellis
1646 1527 1917 1582 civilibus
1963 1526 2183 1594 fuderit,

584 1628 859 1674 amotare
885 1618 1079 1673 noluit.
1114 1617 1298 1689 Signis
1342 1619 1555 1673 collatis
1604 1619 1970 1690 quinquagies
2020 1620 2184 1674 dimi-

584 1711 757 1776 cavit,
780 1709 1023 1765 Marcum
1047 1709 1361 1764 Marcellum
1389 1710 1540 1765 solus
1566 1725 1974 1780 supergressus,
2000 1711 2092 1781 qui
2115 1712 2184 1767 59

591 1802 807 1856 vicibus
854 1799 1033 1856 fuerat
1073 1803 1370 1872 prmliatus.
1443 1803 1524 1857 Ad
1576 1804 1681 1858 hoc
1728 1804 1912 1859 nullus
1955 1806 2187 1860 celerius

592 1891 835 1962 scripsit,
860 1907 1021 1947 nemo
1049 1892 1291 1948 velocius
1332 1893 1481 1965 legit,
1527 1903 1826 1963 quaternas
1860 1893 2025 1948 etiam
2073 1895 2190 1965 epi-

588 1985 766 2040 stolas
795 1984 960 2039 simul
986 1985 1231 2040 dictavit.
1264 1984 1454 2041 Tanta:
1480 1984 1583 2039 fuit
1626 1985 1910 2052 bonitatis,
1956 1994 2018 2040 ut
2048 2002 2188 2056 quos

592 2076 766 2132 armis
787 2077 1095 2148 subegerat,
1125 2078 1414 2133 clementia
1446 2077 1621 2148 magis
1648 2077 1843 2132 vicerit
1861 2078 1951 2132 “9.
1984 2078 2187 2133 Eodem

590 2177 842 2239 tempore
871 2168 1060 2224 Roma:
1082 2179 1197 2224 tres
1223 2170 1391 2225 simul
1422 2170 1601 2224 exorti
1645 2168 1789 2225 sules
1814 2171 2089 2240 paulatim
2134 2171 2189 2225 in

593 2261 832 2316 eundem
852 2261 1043 2316 orbem
1081 2261 1353 2331 cojerunt.
1387 2261 1533 2316 Inter
1573 2269 1754 2317 cetera
1791 2278 2011 2333 quoque
2058 2277 2188 2333 por-

588 2360 745 2407 tenta
791 2368 914 2422 qua:
932 2360 1050 2408 toto
1072 2354 1141 2386 "°
1168 2355 1301 2409 orbe
1326 2352 1465 2408 facta
1495 2361 1643 2421 sunt,
1675 2354 1774 2409 bos
1796 2354 1852 2408 in
1875 2355 2191 2409 suburbano

599 2443 794 2499 Romae
842 2445 911 2500 ad
955 2455 1200 2501 arantem
1248 2446 1465 2503 locutus
1504 2453 1613 2512 est,
1658 2444 1863 2501 frustra
1903 2462 1962 2502 se
1986 2448 2189 2518 urgeri,

595 2551 710 2591 non
756 2536 904 2592 enim
973 2535 1245 2593 frumenta
1270 2578 1286 2605 ,
1348 2538 1444 2594 sed
1512 2537 1767 2593 homines
1824 2538 1975 2594 brevi
2031 2539 2189 2596 defu-

593 2637 776 2683 turos.

584 2772 585 2775 η
664 2718 997 2776 Octavianus
1016 2720 1221 2789 Caesar,
1245 2721 1338 2792 qui
1368 2731 1557 2792 postea
1586 2723 1867 2795 Augustus
1895 2733 1978 2779 est
2008 2724 2192 2794 appel-

590 2812 760 2879 latus,
783 2829 813 2867 a
841 2829 954 2883 quo
978 2821 1034 2869 et
1058 2814 1318 2885 deinceps
1341 2816 1702 2885 imperatores
1723 2815 2098 2871 Romanorum
2121 2815 2190 2847 ⁸⁷¹

595 2905 814 2976 augusti
837 2906 969 2961 dicti
992 2915 1141 2973 sunt,
1164 2908 1414 2978 regnavit
1439 2910 1602 2964 annis
1626 2909 1715 2974 δῦ,
1766 2910 1829 2963 l2
1870 2925 1997 2965 cum
2020 2910 2193 2964 Anto-

595 2995 692 3049 ttio
713 3003 771 3049 et
792 2994 1015 3066 Lepido,
1041 2996 1196 3052 solus
1218 3010 1352 3052 vero
1373 2997 1444 3052 44
1467 2997 1573 3068 (Cf.
1604 2997 1810 3069 Ηιειι.).
1847 2996 1943 3070 (Η.
1971 3000 2066 3070 m.)
2093 2997 2193 3054 Hic

592 3084 824 3144 Octavio
847 3098 1000 3159 patre
1026 3098 1277 3144 senatore
1301 3090 1536 3160 genitus,
1576 3099 1884 3146 maternum
1929 3107 2100 3163 genus
2123 3091 2193 3146 ab

596 3179 775 3235 Enen
798 3195 896 3249 per
914 3170 1116 3236 Iuliam
1158 3179 1425 3235 familiam
1449 3182 1678 3237 sortitus
1703 3190 1807 3250 est,
1833 3183 1980 3238 ﬁlius
1998 3182 2188 3250 Acti-.e,

592 3272 810 3327 sororis
826 3270 960 3326 Julii
983 3269 1239 3339 Caesaris,
1265 3288 1431 3343 quem
1458 3273 1550 3327 ille
1592 3274 1872 3344 adoptavit
1912 3275 1970 3330 in
1996 3275 2189 3342 lilium,

598 3378 725 3419 cum
751 3378 863 3419 non
904 3362 1129 3419 haberet
1148 3366 1451 3435 proprium,
1497 3373 1552 3420 et
1576 3373 1915 3422 testamento
1938 3368 2193 3424 heredem

599 3456 822 3525 reliquit
844 3471 1154 3527 nomenque
1179 3472 1342 3511 suum
1388 3455 1530 3513 ferre
1551 3458 1739 3528 jussit.
1776 3457 2068 3516 Interfecto
2093 3460 2195 3533 igi-

598 3556 694 3603 tur
715 3546 932 3603 Cacsarc
943 3548 1013 3580 ³⁷⁸
1037 3549 1309 3604 avunculo
1331 3563 1455 3616 suo,
1480 3565 1604 3605 cum
1625 3551 1864 3621 primum
1887 3553 2105 3609 rediens
2126 3553 2196 3609 ab

599 3640 891 3710 Apollonia
932 3638 1147 3695 Urbem.
1183 3641 1581 3711 ingrederetur,
1607 3642 1743 3699 hora
1764 3643 1983 3700 circiter
2004 3645 2192 3713 tercia,

597 3738 826 3799 repente
860 3731 1072 3811 liquido
1111 3747 1178 3787 ac
1215 3747 1355 3802 puro
1378 3748 1574 3788 sereno
1608 3734 1677 3789 ad
1701 3737 1938 3805 speciem
1960 3736 2196 3793 caelestis

595 3838 767 3878 arcus
788 3823 974 3878 orbem
997 3824 1132 3880 solis
1155 3825 1351 3880 ambiit
1376 3825 1640 3893 circulus,
1668 3827 1828 3898 quasi
1857 3828 1985 3884 eum
2022 3830 2197 3898 potis-

603 3914 809 3970 simum
859 3915 916 3970 in
958 3917 1167 3971 mundo
1210 3917 1502 3988 solumque
1547 3919 1917 3975 clarissimum
1964 3921 2021 3975 in
2063 3921 2197 3976 orbe

583 4014 978 4087 monstraret,
1028 4008 1189 4078 cujus
1234 4016 1479 4080 tempore
1520 4011 1836 4066 nasciturus
1877 4021 2058 4080 esset,
2102 4014 2198 4084 qui

596 4098 787 4169 ipsum
811 4100 980 4155 solem
1015 4100 1165 4157 solus
1204 4102 1581 4174 mundumque
1602 4108 1778 4159 totum
1802 4113 1857 4160 et
1880 4104 2102 4162 fecisset
2145 4114 2201 4160 ct

601 4202 836 4264 regeret.

674 4285 833 4339 Anno
856 4285 1047 4356 itaque
1065 4284 1137 4341 ab
1160 4284 1306 4342 Urbe
1343 4286 1564 4343 condita
1588 4287 1693 4344 709
1727 4287 2015 4346 interfecto
2053 4288 2201 4345 Julio

588 4373 838 4443 Caesare,
861 4377 1003 4433 bella
1050 4378 1230 4434 civilia
1275 4388 1530 4450 reparata
1573 4390 1723 4436 sunt.
1775 4380 2202 4438 Percussoribus

597 4470 754 4525 enim
775 4469 1011 4526 Caesaris
1033 4469 1251 4526 favebat
1275 4481 1529 4539 senatus;
1567 4473 1840 4531 Antonius
1864 4485 2047 4530 autem
2067 4490 2202 4530 con-

600 4562 717 4629 sul,
743 4560 839 4632 qui
883 4570 1002 4616 erat
1045 4562 1283 4632 partium
1328 4562 1587 4631 Caesaris,
1609 4556 1881 4623 civilibus
1911 4568 2068 4623 bellLs
2100 4583 2197 4623 eos

598 4652 917 4724 obprimere
941 4652 1263 4707 conabatur.
1290 4652 1433 4726 Ergo
1454 4655 1670 4711 turbata
1698 4672 1757 4712 re
1799 4659 2035 4728 publica,
2062 4659 2202 4715 inter

603 4745 779 4801 multa
801 4745 1008 4801 scelera
1034 4760 1158 4816 quae
1194 4744 1468 4802 Antonius
1489 4747 1787 4815 commisit,
1813 4748 2036 4806 Decium
2064 4750 2202 4806 Bru-

592 4843 727 4892 tum
752 4837 895 4907 apud
919 4836 1180 4892 Mutinam
1204 4837 1490 4893 obsidione
1511 4839 1802 4897 conclusit.
1828 4841 1936 4897 Pro
1957 4859 2064 4915 qua
2086 4860 2146 4899 re
2167 4862 2199 4899 a

492 4982 505 5007 ,η
601 4937 803 4987 senatu
830 4930 1008 4985 hostis
1026 4929 1305 5000 judicatus
1325 4939 1429 4998 est,
1456 4931 1721 5004 missique
1765 4944 1896 4989 sunt
1921 4936 2006 4991 ad
2031 4951 2202 5006 expue

600 5021 888 5090 gnandum
913 5037 1040 5078 eum
1087 5021 1199 5077 duo
1244 5023 1520 5091 consules,
1567 5023 1746 5082 Pansa
1789 5036 1844 5082 et
1884 5025 2119 5096 Hircius,
2147 5037 2203 5084 et

602 5122 736 5164 cum
760 5111 848 5166 bis
868 5109 1201 5169 Octavianus
1244 5114 1585 5183 adolescens,
1628 5127 1792 5174 natus
1811 5135 1989 5176 annos
2016 5122 2084 5154 ³⁷³
2108 5122 2195 5177 l7.

603 5198 692 5256 Ex
712 5201 913 5272 quibus
931 5202 1109 5261 Pansa
1131 5206 1310 5276 primo
1331 5209 1579 5275 veniens,
1613 5211 1723 5281 pilo
1748 5214 1984 5283 graviter
2010 5216 2200 5271 vulne-

602 5302 788 5363 ratur,
828 5301 885 5349 et
924 5295 1259 5368 interpositis
1282 5299 1475 5357 diebus
1514 5303 1774 5371 moritur;
1822 5304 2039 5362 Ilircius
2072 5325 2200 5363 vero

604 5384 834 5458 collega:
851 5385 1119 5443 auxilium
1142 5386 1346 5459 ferens,
1371 5407 1599 5465 magnas
1640 5394 1865 5451 Antonii
1886 5398 2074 5467 copias
2099 5414 2196 5452 ra-

2221 1782 2261 1837 Β

2219 3131 2264 3192 C

2272 624 2404 680 gnte
2425 608 2703 679 utrimque
2723 614 2935 679 strages
2948 606 3113 661 facta
3144 615 3297 672 sunt,
3321 604 3521 663 Hircius
3539 611 3764 667 ωωιὶαρ

2274 676 2507 766 ciditur,
2527 676 2713 755 Caesar
2736 676 2966 755 victoria
2988 699 3230 768 potitur;
3256 699 3523 753 consulum
3543 702 3764 758 occiuraa

2284 786 2514 864 uterque
2533 791 2808 847 exercitus
2825 789 3128 846 Octaviano
3148 789 3356 846 Cesari
3390 790 3624 847 subditur.
3656 794 3769 849 Anto-
3824 782 3825 791 “

2284 887 2410 942 nius
2425 885 2671 957 fugatus,
2694 885 2902 939 amisso
2922 883 3192 949 exercitu,
3216 882 3455 954 confugit
3473 880 3535 939 ad
3563 883 3766 955 Lepidum,
3824 888 3825 957 ξ

2284 978 2380 1049 qui
2398 987 2535 1033 tunc
2564 977 2827 1049 magister
2842 975 3093 1046 equitum
3138 973 3377 1029 Caesaris
3417 971 3590 1040 fuerat,
3625 982 3671 1031 et
3692 987 3766 1034 tn

2286 1068 2521 1123 militum
2561 1067 2749 1137 copias
2790 1066 3025 1138 grandes
3066 1064 3320 1122 habebat.
3360 1063 3403 1117 A
3440 1079 3541 1134 quo
3566 1078 3769 1136 suscepta
3824 1068 3825 1115 ξ

2282 1170 2389 1228 est,
2436 1161 2665 1231 ipsoque
2705 1157 3132 1220 interveniente,
3177 1155 3362 1213 Caesar
3401 1155 3585 1225 recepit
3616 1171 3709 1210 extat
3734 1157 3768 1211 in

2284 1230 2538 1324 gratiam,
2563 1230 2728 1322 atque
2767 1251 2839 1306 ob
2882 1250 3046 1305 Iidem
3088 1248 3447 1305 reconciliata:
3477 1251 3639 1319 gratia
3662 1250 3768 1303 στω
3824 1230 3825 1303 Ῑ

2285 1346 2405 1415 ejus
2429 1346 2485 1399 in
2509 1343 2926 1399 matrimonium
2941 1340 3011 1374 ³⁷⁸
3052 1341 3280 1396 sortitus
3302 1348 3388 1395 est
3408 1358 3424 1407 ;
3463 1348 3514 1395 et
3533 1349 3586 1397 ut
3604 1343 3771 1396 vindica
3824 1340 3825 1415 ἦ

2286 1444 2445 1492 turus
2464 1448 2673 1507 patrem
2692 1435 2987 1502 Caesarem,
3008 1450 3038 1488 a
3064 1448 3176 1498 quo
3196 1449 3295 1503 per
3308 1441 3653 1488 testamentum
3669 1433 3769 1487 hem
3824 1454 3825 1495 ξ

2286 1530 2580 1598 adoptatus
2601 1528 2799 1593 fuerat,
2828 1526 3060 1581 Romam
3082 1541 3211 1580 cum
3244 1524 3482 1579 exercitu
3518 1524 3771 1589 tardebatrt

2286 1638 2410 1679 cum
2434 1621 2673 1689 Antonio
2695 1636 2759 1676 ac
2779 1619 2984 1690 Lepido
3002 1634 3116 1673 rem
3144 1617 3418 1688 publicam
3455 1616 3606 1670 armis
3630 1616 3772 1671 tendat

2287 1724 2344 1770 et
2363 1716 2432 1748 ⁸⁷⁸
2458 1721 2709 1770 senatum
2732 1712 3152 1782 proscripserat.
3191 1709 3441 1779 Cumque
3469 1709 3699 1764 rumorde
3716 1706 3771 1761 ει.

2289 1818 2411 1864 tura
2435 1806 2834 1878 proscriptione
2857 1804 2913 1859 in
2949 1802 3098 1859 Urbe
3140 1810 3299 1858 ortus
3318 1812 3480 1867 esset,
3503 1801 3647 1856 Caius
3665 1799 3774 1853 Ton-
3824 1799 3825 1859 ᾖ

2288 1918 2394 1957 nus
2410 1901 2478 1933 ³⁷⁸
2502 1900 2587 1954 vir
2608 1897 2882 1969 pretorius
2902 1896 3073 1952 nichil
3095 1896 3206 1951 tale
3228 1894 3531 1965 suspicans,
3569 1893 3773 1949 ἰιιαιτςιιο

2289 1995 2437 2049 tibus
2467 1991 2753 2056 militibus,
2778 1990 2836 2043 in
2860 1989 3025 2044 domo
3066 2003 3167 2043 sua
3206 1984 3625 2049 interfectusest,
3644 1982 3775 2050 aliique
3824 1984 3825 2056 ξ

2289 2085 2599 2156 complures
2613 2083 2681 2115 ³⁷⁷
2712 2079 2939 2135 nobiles
2982 2077 3239 2133 trucidati
3285 2085 3429 2131 sunt.
3482 2074 3579 2129 Sed
3602 2072 3776 2127 neincir
3824 2072 3825 2129 ἲ

2288 2176 2625 2246 cumscripta
2658 2174 2834 2229 caedes
2871 2169 3187 2226 effrenatius
3217 2177 3487 2244 ageretur,
3522 2164 3612 2219 132
3637 2173 3777 2218 senae

2288 2284 2412 2324 rum
2429 2266 2652 2321 nomina
2675 2265 2731 2319 in
2753 2263 2939 2318 tabula
2959 2261 3242 2332 proposita
3264 2267 3412 2324 sunt,
3430 2258 3641 2329 primum
3657 2252 3777 2323 lepidi

2290 2369 2548 2433 precepte
2574 2366 2628 2413 et
2659 2356 2898 2423 nomine,
2929 2351 3123 2409 deinde
3149 2352 3397 2415 Antonii,
3424 2349 3585 2404 teacio
3604 2344 3777 2401 Cesaris.

2289 2452 2367 2508 Ibi
2418 2450 2690 2506 Antonius
2739 2447 2979 2502 Tullium
3024 2443 3349 2500 Ciceronem
3388 2440 3644 2496 inimicum
3677 2450 3778 2491 suis

2289 2544 2708 2617 proscripserat,
2737 2539 2967 2595 Lucium
2994 2550 3214 2608 quoque
3240 2532 3514 2590 (ἔρδω-ειη
3541 2527 3777 2585 avunculus

2291 2653 2474 2704 suum,
2505 2644 2559 2691 et
2585 2634 2734 2705 quod
2760 2629 3137 2703 exaggerando
3164 2625 3356 2683 sceleri
3383 2623 3617 2687 accessit,
3637 2620 3780 2673 vidua

2290 2740 2522 2786 matrem
2569 2724 2933 2799 proscripsit;
2986 2722 3062 2777 ibi
3110 2719 3351 2790 Lepidus
3396 2711 3783 2773 Luciuml’auhm
3824 2711 3825 2781 ξ

2286 2823 2517 2879 fratrem
2544 2822 2599 2876 in
2626 2818 2857 2875 eundem
2890 2814 3323 2886 proscriptorum
3354 2825 3562 2883 gregem
3595 2802 3782 2874 coniecit;
3824 2860 3825 2886 ξ

2290 2914 2595 2986 adjectique
2624 2914 2754 2966 sunt
2781 2917 2968 2979 postea
2997 2905 3222 2976 triginta
3250 2901 3466 2972 equites
3493 2895 3685 2952 Romani
3717 2890 3783 2986 (ᾳ

2291 2981 2455 3062 Odos.
2489 2981 2565 3071 vt,
2597 3001 2678 3057 l8.
2712 3030 2784 3041 -
2811 2997 2884 3054 Η.
2918 2998 3034 3069 m.).
3093 2994 3276 3049 Multae
3303 3003 3359 3049 et
3386 2991 3549 3047 varia:
3570 2981 3783 3044 cladesdit

2294 3108 2431 3155 acta:
2457 3104 2605 3163 sunt,
2635 3095 2833 3150 domus
2870 3090 3323 3163 proscriptorum,
3353 3082 3572 3155 direptis
3594 3077 3784 3136 omnibus.
3824 3077 3825 3103 ³

2293 3193 2495 3248 diruta
2513 3198 2663 3245 sunt.
2717 3184 2928 3240 Interea
2960 3182 3163 3237 Brutus
3190 3188 3245 3235 et
3293 3177 3538 3243 Cassius,
3565 3168 3786 3228 interierin-

2295 3300 2384 3340 res
2413 3282 2531 3338 Gaii
2562 3277 2798 3337 Caesaris
2825 3319 2841 3345 ,
2871 3277 3065 3349 ingens
3114 3273 3321 3328 bellum
3369 3274 3656 3329 moverunt;
3688 3267 3788 3315 mal
3824 3298 3825 3349 ἐ

2293 3376 2440 3432 enim
2475 3389 2572 3444 per
2599 3369 2974 3427 Macedoniam
3021 3375 3077 3422 et
3130 3364 3400 3420 orientem
3432 3360 3579 3417 multi
3600 3352 3788 3411 exercita

2294 3482 2435 3539 quos
2470 3471 2891 3535 occupaverant.
2925 3459 3023 3532 (H.
3056 3457 3118 3513 Β.
3159 3466 3213 3513 et
3237 3455 3312 3511 Η.
3343 3452 3440 3525 in.)
3473 3449 3671 3508 Profecti
3710 3452 3787 3499 sunt
3824 3454 3825 3465 ‘

2295 3561 2462 3632 igitur
2487 3565 2677 3614 contra
2705 3571 2801 3611 eos
2828 3551 3160 3609 Octavianus
3179 3548 3367 3604 Caesar
3392 3557 3450 3603 et
3477 3545 3663 3600 Marcus
3679 3540 3787 3592 Anto-

2295 3651 2442 3716 nius,
2473 3647 2679 3718 Lepido
2704 3646 2773 3700 ad
2802 3641 3195 3701 defendendam
3226 3638 3441 3694 Italiam
3470 3633 3788 3691 remansit.“

2296 3732 2441 3812 apud
2467 3738 2748 3807 Philippos
2776 3732 3107 3789 Macedoniae
3129 3730 3410 3785 civitatem
3442 3734 3615 3783 contra
3635 3734 3706 3775 eos

2296 3805 2548 3905 gnantes,
2578 3805 2760 3900 primo
2787 3825 2976 3897 prmlio
3003 3823 3132 3879 victi
3170 3828 3336 3887 sunt;
3374 3817 3534 3889 periit
3557 3805 3788 3909 tamquam

2293 3901 2597 3979 nobilitatis
2633 3919 2896 3986 Cassius;
2945 3914 3187 3972 secundo
3234 3912 3470 3967 Brutum
3515 3918 3567 3962 et
3606 3901 3787 3959 inﬁnitam

2297 4015 2636 4070 nobilitatem
2661 4011 2864 4066 victam
2911 4005 3331 4070 interfecerunt;
3376 4020 3445 4059 ac
3492 4001 3568 4056 sic
3606 3997 3712 4052 inter
3733 4001 3789 4041 Μ

2296 4107 2469 4162 divisa
2503 4112 2589 4161 est
2615 4118 2706 4159 res
2730 4101 2969 4173 publica,
3002 4107 3064 4154 ut
3097 4097 3285 4153 Caesar
3314 4092 3630 4166 Ilyspaniam
3650 4094 3691 4141 et
3709 4077 3789 4135 Gil-

2298 4199 2402 4255 lias
2432 4206 2488 4254 et
2508 4197 2724 4252 Italiam
2770 4201 3001 4260 teneret,
3033 4190 3310 4247 Antonius
3338 4188 3544 4253 Asiam,
3564 4183 3740 4239 Pontum
3757 4180 3790 4225 ’³

2300 4290 2583 4346 orientem.
2618 4286 2723 4342 Sed
2754 4286 2808 4340 in
2831 4285 2985 4339 Italia
3011 4283 3215 4339 bellum
3240 4281 3400 4336 civile
3422 4282 3644 4335 moverat
3659 4267 3789 4326 Luci“

2300 4381 2570 4438 Antonius
2603 4378 2817 4444 consul,
2850 4377 3019 4431 frater
3071 4375 3192 4447 ejus
3219 4371 3314 4445 qui
3343 4388 3471 4428 cum
3502 4368 3683 4425 Casam
3710 4373 3791 4413 ω’

2235 4487 2277 4542 ί)
2304 4484 2386 4530 tra
2416 4474 2646 4528 Brutum
2667 4480 2722 4525 et
2745 4470 2997 4525 Cassium
3030 4466 3333 4523 dimicavit.
3350 4462 3414 4539 Is
3443 4460 3578 4536 apud
3594 4452 3788 4512 Perusina

2303 4567 2517 4623 Tusciae
2550 4565 2823 4620 civitatem
2854 4562 3029 4618 victus
3059 4569 3114 4616 et
3155 4566 3353 4630 captus
3382 4566 3487 4623 est,
3521 4557 3710 4610 seduno
3732 4556 3789 4595 df-

2300 4662 2468 4717 cisus.
2507 4660 2577 4712 At
2607 4655 2795 4712 Romae
2836 4654 3048 4721 Fulvia,
3078 4668 3221 4708 uxor
3269 4649 3515 4716 Antonii,
3549 4634 3789 4701 sacrifici“

2303 4752 2485 4817 saris,
2538 4750 2882 4806 dominatum
2928 4757 2991 4802 ut
3045 4745 3247 4800 mulier
3288 4741 3602 4805 exercebat,
3631 4729 3792 4789 ἱιιεοιεῦ

2303 4846 2469 4903 etiam
2498 4842 2554 4900 in
2575 4860 2671 4900 eos
2698 4859 2795 4914 per
2816 4858 2957 4914 quos
2981 4848 3043 4896 ut
3065 4840 3425 4897 insolesceret
3446 4834 3699 4909 agebatur;
3717 4821 3789 4876 (ἴτ’
3824 4821 3825 4889 ἶ

2304 4952 2483 4992 sarem
2513 4949 2733 5007 quoque
2761 4931 3111 4991 contumeliis
3135 4938 3191 4985 et
3219 4928 3435 4984 insidiis
3481 4920 3646 4997 petiit;
3683 4933 3705 4971 ³
3725 4923 3792 5015 ς

2304 5030 2619 5102 propulsata
2642 5070 2657 5093 ,
2705 5026 2774 5083 ad
2823 5025 3121 5081 Antonium
3191 5022 3248 5076 in
3305 5021 3551 5079 Greciam
3588 5014 3790 5105 60W

2304 5122 2575 5177 Antonius
2602 5133 2733 5176 vero
2758 5119 2923 5175 etiam
2973 5114 3253 5171 Octaviam
3283 5157 3299 5178 ,
3348 5128 3584 5170 sororem
3621 5107 3791 5163 Casam

2304 5213 2459 5269 duxit
2484 5212 2736 5267 uinctam.
2764 5207 2985 5263 Interim
3011 5221 3044 5260 a
3071 5203 3240 5260 Sexto
3266 5202 3541 5275 Pompeio,
3561 5198 3672 5257 Gud
3693 5193 3793 5247 Ροδ-
3824 5192 3825 5201 “

2291 5305 2413 5375 -peii
2447 5304 2580 5369 tilio,
2612 5302 2808 5375 ingens
2837 5297 3041 5355 bellum
3085 5294 3144 5352 in
3194 5294 3384 5351 Sicilia
3428 5286 3791 5351 commotumut
3824 5310 3825 5375 ί

2305 5398 2569 5452 adversus
2598 5407 2763 5465 quem
2794 5389 3129 5446 Octavianus
3167 5386 3357 5443 Caesar
3380 5396 3433 5443 ct
3468 5385 3657 5441 Marcus
3684 5378 3795 5431 λειω·

1924 5558 2153 5614 VARIIE
2192 5548 2603 5615 LEC‘I’IONES.

683 5652 753 5713 m
777 5678 1023 5737 vinceret
1046 5676 1131 5731 vel
1162 5675 1356 5732 vicerit
1382 5676 1435 5731 5.
1494 5674 1669 5746 ἔνεμε
1699 5688 1765 5729 eo
1792 5674 1883 5746 θεέ
1950 5674 2015 5705 ’τι
2036 5688 2087 5746 r.
2117 5675 2191 5730 im

2290 5675 2331 5730 5.
2360 5744 2369 5746 ᾗ
2403 5674 2472 5707 ⁸⁷⁸
2508 5672 2655 5746 Julio
2684 5673 2905 5732 Caesare
2928 5672 2985 5745 ὃς
3079 5668 3148 5705 ³⁷³
3175 5682 3352 5729 annos
3376 5686 3429 5727 n.
3460 5671 3512 5728 5.
3596 5650 3791 5715 πδωπί·

604 5752 799 5808 monio
827 5752 879 5807 5.
954 5749 1022 5782 "5
1058 5748 1201 5802 deest
1242 5749 1292 5803 .5.
1325 5748 1411 5804 9‘.
1486 5745 1556 5777 ³⁷⁸
1587 5743 1836 5800 Thurans
1867 5745 1951 5800 9°.
2029 5745 2095 5777 ³⁷⁷
2127 5743 2293 5817 quam
2320 5744 2506 5818 plures
2537 5745 2589 5801 5.
