3888 6306
63 336 141 392 lilii

934 322 1302 380 CRRONICA.
1343 353 1414 364 --
1449 319 1844 378 CHRONICON
1887 319 2340 376 UNWERSALE.

3190 326 3300 382 650

61 455 156 509 nius
180 451 553 518 pugnaverunt
580 460 595 508 ;
651 441 744 496 sed
791 455 894 509 pax
919 439 990 471 ³⁷⁸
1043 439 1184 493 inter
1207 451 1302 492 eos
1332 444 1609 506 postremo
1637 441 1682 498 Α
1709 451 1996 493 occurrere
2017 435 2295 508 imperans
2317 452 2544 494 uxorem
2591 437 2766 492 duxit.
2816 437 2939 493 Mox
2971 438 3164 511 ingens
3187 443 3304 496 bel-

59 539 283 601 convenit.
333 535 515 602 Quam
561 547 688 590 cum
727 540 914 603 postea
963 531 1254 602 Pompeius
1306 537 1601 599 rumperet,

57 634 250 706 Agrippa
291 629 452 699 jussu
499 625 733 682 Cassaris
782 639 910 679 cum
960 639 1026 679 eo
1052 623 1318 688 conflixit,
1352 631 1408 676 et
1437 621 1600 688 vicit;

56 734 232 785 centum
259 721 539 791 sexaginta
567 728 677 773 tres
701 733 868 772 naves
892 716 1012 787 ejus
1044 725 1139 770 aut
1163 715 1353 770 mersit
1385 723 1480 768 aut
1515 728 1604 768 ce-

55 822 142 892 pit;
181 815 466 884 Pompeius
513 826 639 868 cum
670 811 736 865 l7
761 810 852 864 vix
882 809 1072 879 lapsus
1117 808 1308 863 evasit.
1368 806 1603 876 Lepidus

55 923 232 982 quoque
255 921 449 975 magna
479 903 669 975 viginti
720 902 994 973 legionum
1043 899 1330 955 insolentia
1359 907 1618 964 tumens,

55 1018 152 1058 cum
178 998 473 1054 Messanam
503 994 771 1048 militibus
799 992 1122 1063 permissam
1148 990 1216 1022 ³⁷⁸
1263 989 1600 1059 diripuisset,

55 1097 200 1166 ipsum
226 1089 492 1144 Cmsarem
524 1088 590 1142 ad
619 1102 678 1141 se
698 1085 1006 1141 venientem
1034 1083 1203 1139 semel
1223 1091 1388 1152 atque
1406 1081 1602 1135 iterum

55 1184 239 1256 sprevit,
261 1195 324 1235 ac
347 1181 533 1250 potius
557 1179 681 1234 telis
709 1179 890 1249 appeti
930 1177 1127 1246 jussit;
1167 1191 1290 1244 quae
1320 1175 1408 1230 ille
1435 1175 1602 1229 colle-

53 1288 120 1332 cla
146 1277 191 1330 in
221 1276 406 1329 laevum
455 1271 741 1326 brachium
785 1271 1002 1325 lacerna
1053 1267 1362 1339 repellendo
1395 1267 1599 1321 vitavit.

53 1370 150 1424 Mox
176 1366 412 1422 immisso
443 1379 588 1434 equo
636 1363 706 1418 ad
752 1376 884 1417 suos
922 1375 1193 1425 reversus,
1225 1359 1604 1428 instructoque

52 1460 272 1522 exercitu,
303 1457 566 1512 azlverSus
617 1451 881 1524 Lepidum
937 1451 1184 1517 veniens,
1224 1450 1488 1521 plurimas
1527 1451 1602 1503 le-

53 1553 207 1624 giones
252 1549 367 1619 ejus
394 1590 409 1614 ,
463 1547 654 1619 paucis
705 1544 1004 1600 interfectis
1031 1585 1045 1608 ,
1099 1543 1154 1598 in
1204 1559 1360 1599 suam
1395 1550 1601 1613 partem

52 1644 249 1699 transire
276 1641 469 1713 coegit.
497 1639 734 1710 Lepidus
765 1638 984 1692 tandem
1013 1635 1339 1706 intelligens,
1367 1649 1476 1704 quo
1503 1647 1600 1688 sua

52 1735 230 1790 vanitas
276 1733 536 1798 tenderet,
568 1732 816 1802 deposito
847 1730 1255 1800 paludamento,
1287 1733 1600 1795 assumpta-

50 1843 137 1900 que
165 1833 306 1882 veste
352 1825 519 1895 pulla,
571 1824 798 1893 supplex
847 1821 1054 1877 Ctesari
1093 1819 1293 1885 factus,
1327 1819 1497 1873 vitam
1547 1824 1601 1870 et
1637 1804 1674 1857 Β

50 1921 162 1975 bona
187 1916 506 1988 impetravit,
531 1923 794 1986 perpetuo
821 1914 1042 1984 quidem
1071 1911 1394 1967 emendatus
1415 1909 1596 1964 exilio.

51 2008 134 2077 (Cf.
161 2003 315 2062 Osos.
346 2005 384 2060 Ι.
412 2005 455 2060 ι.
485 2003 556 2058 Η.
587 2005 684 2074 m.)
739 2002 834 2059 His
890 2001 1228 2073 temporibus
1279 2000 1514 2071 Agrippa
1543 2000 1599 2056 in

50 2099 300 2170 Aquitania
331 2113 440 2153 rem
472 2112 730 2167 prospere
759 2096 892 2168 egit,
922 2105 975 2150 et
1004 2093 1206 2149 Lucius
1231 2092 1614 2148 Ventidiusm'

51 2192 222 2246 Bassus
249 2191 612 2263 irrumpentes
640 2189 693 2242 in
723 2186 937 2260 Syriam
973 2186 1168 2243 Persas
1195 2186 1370 2242 tribus
1399 2185 1601 2256 prmliis

49 2282 169 2346 vicit,
195 2281 514 2336 Parthorum
568 2281 714 2351 regis
761 2277 958 2334 Orodis
1011 2279 1184 2333 filium
1216 2276 1505 2342 interfecit,
1535 2291 1602 2331 eo

52 2376 146 2444 ipso
168 2373 251 2428 die
277 2387 386 2444 quo
413 2373 544 2428 oiim
574 2369 782 2428 Orodes
812 2387 906 2441 per
929 2371 1122 2426 ducem
1149 2370 1416 2426 Surenam
1439 2368 1604 2424 Cras-

51 2482 148 2519 sum
175 2465 383 2520 occidit.
419 2463 639 2519 Taurus
693 2477 911 2534 quoque
953 2463 1188 2518 (kesaris
1218 2461 1489 2534 prefeetus
1519 2470 1602 2516 to-

48 2569 136 2610 tam
159 2573 286 2628 pene.
328 2553 569 2611 Siciliam
603 2556 748 2611 ferro
775 2564 1189 2626 pertemptatam
1237 2555 1292 2609 in
1321 2555 1480 2610 fidem
1517 2570 1602 2608 re-

47 2648 176 2719 cepit.
223 2648 588 2719 Quadraginta
657 2658 892 2719 quatuor
957 2649 1200 2719 legiones
1267 2648 1371 2702 sub
1439 2647 1602 2702 unius

48 2751 152 2794 tunc
169 2738 233 2772 ²¹¹
261 2739 488 2809 imperio
511 2739 750 2794 Caesaris
780 2748 956 2794 erant.
990 2735 1146 2793 Unde
1186 2738 1387 2793 milites
1418 2737 1602 2792 multi-

48 2833 201 2887 tudine
247 2831 455 2888 feroces
500 2833 768 2901 quosdam
816 2847 914 2902 pro
960 2830 1293 2900 accipiendis
1330 2830 1476 2900 agris
1515 2837 1604 2882 tn-

50 2923 218 2978 multus
259 2924 645 2978 excitaverant.
676 2922 780 2978 Sed
825 2923 1031 2990 Caesar,
1070 2923 1253 2976 animo
1289 2921 1499 2992 ingens,
1532 2919 1603 2975 20

48 3021 167 3075 milia
186 3021 416 3078 militum
439 3019 834 3087 exauctoravit,
860 3020 929 3074 50
953 3019 1100 3074 milia
1123 3033 1404 3074 servorum
1427 3019 1604 3074 domi-

49 3112 116 3167 nis
134 3113 375 3176 restituit,
401 3111 435 3166 (i
460 3113 628 3175 milia.
652 3127 888 3183 quorum
913 3111 1117 3167 domini
1144 3127 1252 3166 non
1291 3113 1597 3179 exstabant,
1627 3149 1672 3210 Ο

48 3204 308 3260 iacrucem
329 3204 460 3277 egit,
483 3204 599 3276 jam
636 3203 784 3276 (2H)
829 3213 948 3259 tum
972 3202 1040 3235 ³⁸³
1084 3204 1407 3275 pmsignans
1431 3245 1448 3268 ,
1497 3219 1600 3259 suo

45 3310 254 3370 tempore
276 3301 618 3358 nasciturum
641 3315 783 3366 esse,
805 3315 902 3370 per
923 3315 1085 3370 quem
1113 3299 1489 3368 superbientes
1517 3314 1600 3353 re-

47 3395 278 3462 primendi
300 3405 356 3450 et
376 3409 576 3449 omnes
594 3392 738 3448 servi
767 3407 870 3447 suo
904 3405 1032 3446 vero
1070 3391 1138 3424 ³⁸³
1168 3391 1392 3445 domino
1435 3391 1599 3446 resti-

46 3485 200 3539 tuendi
224 3497 428 3551 essent,
457 3483 552 3555 qui
591 3494 772 3538 tamen
803 3482 1087 3538 dominum
1128 3497 1288 3537 suum
1332 3496 1599 3552 recogno-

45 3583 250 3641 scereut;
294 3575 389 3646 qui
414 3589 543 3629 vero
564 3573 682 3629 sine
702 3573 927 3627 domino
973 3571 1368 3637 invenirentur,
1406 3571 1600 3626 mortis

46 3667 276 3736 supplicio
300 3667 646 3738 punirentur.
687 3663 820 3720 Post
857 3665 972 3720 hac
993 3663 1180 3718 Caesar
1201 3678 1371 3718 ovans
1397 3660 1597 3718 Urbem

45 3756 312 3830 ingressus,
340 3768 404 3816 ut
427 3759 484 3814 in
511 3768 835 3830 perpetuum
871 3756 1168 3812 tribunitiae
1197 3756 1485 3827 potestatis
1509 3770 1600 3810 es-

41 3860 126 3916 set,
153 3870 180 3908 a
205 3863 429 3910 senatus
450 3855 670 3909 decreto
699 3853 925 3923 accepit.

97 3944 182 4001 llis
201 3946 393 4004 diebus
414 3943 844 4027 transJI‘yberim
867 3961 898 4001 e
917 3946 1142 4000 taberna
1172 3942 1453 3997 meritoria
1479 3941 1602 3996 fons

43 4034 126 4090 olei
146 4037 207 4092 de
220 4048 369 4093 terra
389 4037 705 4102 exundavit,
723 4051 787 4090 ac
807 4051 903 4106 per
925 4043 1099 4090 totum
1123 4034 1267 4090 diem
1289 4031 1603 4103 largissime

43 4126 136 4181 rivo
155 4126 323 4194 ﬂuxit,
349 4127 667 4199 significans
688 4127 790 4183 sub
812 4135 1072 4197 perpetuo
1093 4125 1400 4196 principatu
1423 4123 1606 4177 nasci-

43 4219 131 4272 turi
151 4219 264 4289 ejus
289 4228 538 4290 tempore
557 4218 784 4286 Christi,
810 4227 925 4273 toto
944 4218 1053 4284 die,
1095 4217 1150 4272 id
1187 4223 1272 4272 est
1294 4214 1445 4270 omni
1467 4223 1606 4268 tem-

42 4321 164 4374 pore,
203 4307 438 4364 Romani
462 4309 676 4380 imperii
713 4309 781 4364 de
809 4308 1024 4379 hospita
1071 4308 1329 4377 largaque
1358 4303 1606 4360 ecclesia

41 4401 140 4456 oleo
163 4404 302 4458 sacri
331 4403 610 4458 crismatis
638 4409 834 4458 unctos
862 4400 1233 4456 indesinenter
1246 4409 1606 4470 processuros

40 4489 130 4556 (Cf.
157 4492 319 4551 Osos.
345 4512 422 4562 vi,
445 4495 561 4566 20).

99 4585 184 4655 (Il.
213 4589 310 4657 ηε.)
347 4587 624 4642 Antonius
667 4596 871 4654 autem,
899 4585 992 4658 qui
1018 4585 1206 4641 Asiam
1241 4591 1297 4640 et
1319 4581 1605 4638 Orientem

43 4679 249 4746 tenebat,
282 4679 618 4734 Artabanem
659 4677 933 4732 Armenias
971 4693 1153 4748 regem
1200 4673 1506 4746 proditione
1555 4679 1602 4728 et

5 4801 16 4846 ς
39 4769 143 4824 dolo
167 4773 350 4841 erepit,
380 4770 736 4840 vinctumque
780 4775 1036 4839 argentea
1074 4773 1268 4821 catena
1292 4765 1360 4820 ad
1387 4761 1608 4819 confes-

4 4847 17 4872 ’
41 4861 224 4919 donem
244 4866 636 4920 thesaurorum
660 4861 936 4932 regiorum
957 4860 1163 4930 coegit;
1191 4863 1610 4927 expugnatoque

39 4959 197 5027 opido,
237 4961 295 5016 in
341 4975 454 5030 quo
479 4967 636 5013 erant
657 4957 922 5022 thesauri,
949 4968 1204 5025 magnam
1246 4949 1472 5006 abstulit
1513 4963 1608 5003 co-

40 5049 164 5117 piam
181 5051 392 5122 argenti
418 5058 474 5105 et
494 5049 614 5104 auri
638 5049 727 5102 3“.
776 5047 882 5114 Qui
921 5046 1097 5101 elatus
1125 5042 1378 5116 pecunia,
1407 5040 1610 5096 bellum

39 5139 216 5197 Caesari
237 5143 457 5208 indixit,
482 5151 647 5211 atque
669 5139 924 5206 Octavia),
963 5137 1137 5194 sorori
1165 5135 1420 5201 Caesaris,
1449 5150 1610 5204 repu-

38 5233 168 5289 dium
187 5236 560 5302 denunciavit,
585 5246 640 5291 et
682 5235 1029 5306 Cleopatram
1055 5249 1122 5288 ex
1146 5229 1476 5285 Alexandria
1501 5227 1607 5283 sibi

1707 528 1821 583 lum
1845 528 2002 584 civile
2023 529 2340 596 commovit,
2365 538 2588 600 cogente
2608 528 2916 600 CleOpatra,
2937 530 3068 586 dum
3088 532 3302 603 cupidi-

1709 627 1817 674 tate
1841 619 2093 675 muliebri
2115 620 2266 691 cupit
2283 621 2448 678 etiam
2473 621 2528 674 in
2554 619 2702 676 Urbe
2739 637 2986 692 regnare.
3013 621 3304 684 Profectus

1705 719 1790 766 est
1815 712 1980 782 igitur
1997 711 2182 768 Caesar
2222 729 2255 767 a
2295 711 2606 768 Brundusio
2645 711 2912 768 Calabria:
2957 713 3010 768 in
3057 713 3297 787 Epyrum

1705 804 1967 860 adversus
1989 805 2307 871 Antonium,
2331 808 2424 876 qui
2444 807 2558 876 jam
2580 822 2743 863 omne
2763 807 2980 863 Actium
3003 809 3134 865 litus
3153 810 3298 864 clas-

1705 899 1858 954 sibus
1879 898 2180 954 obsidebat.
2226 899 2401 956 Navcs
2445 899 2680 956 Caesaris
2715 910 2872 956 erant
2901 903 3149 959 ducenta!
3191 905 3294 958 tri-

1703 990 1852 1059 ginta
1877 998 2130 1044 rostrata:
2149 998 2204 1044 et
2223 989 2294 1043 30
2315 989 2432 1044 sine
2454 991 2648 1046 rostris
2669 991 2945 1060 triremes,
2967 1001 3023 1048 et
3053 1002 3182 1050 octo
3215 995 3297 1050 le~

1703 1083 1892 1155 giones
1910 1083 2072 1137 classi
2095 1083 2453 1152 superposita:
2474 1085 2680 1154 absque
2701 1086 3020 1142 cohortibus
3039 1087 3298 1157 preloriis

1703 1175 1965 1244 quinque.
2015 1173 2225 1230 Classis
2265 1183 2447 1228 autem
2493 1174 2716 1230 Antonii
2760 1175 2862 1230 170
2901 1176 3123 1232 navium
3167 1175 3294 1243 fuit,

1702 1275 1968 1336 quantum
1995 1281 2226 1322 numero
2251 1266 2470 1332 cedens,
2509 1275 2722 1322 tantum
2749 1268 3126 1340 magnitudine
3157 1285 3291 1340 prc-

1702 1359 1940 1426 cellens;
1968 1374 2095 1414 nam
2129 1359 2315 1414 decem
2348 1358 2546 1428 pedum
2572 1359 2857 1414 altitudine
2882 1377 2912 1414 a
2945 1361 3085 1418 mari
3113 1361 3294 1417 excel-

1704 1449 1904 1504 lebant.
1934 1449 2228 1506 Famosum
2259 1449 2365 1504 hoc
2418 1449 2619 1503 bellum
2647 1444 2772 1516 fuit,
2805 1450 2876 1504 ab
2918 1451 3051 1507 hora
3099 1453 3294 1524 quinta

1703 1554 1878 1611 usque
1904 1541 2194 1611 septimam
2225 1542 2430 1597 incerta
2457 1540 2710 1596 vincendi
2743 1557 2858 1611 spe,
2892 1543 3162 1613 reliquum
3183 1545 3292 1600 diei

1701 1649 1827 1688 cum
1863 1636 2111 1704 sequenti
2145 1645 2302 1690 nocte
2335 1635 2391 1690 in
2440 1635 2725 1691 victoriam
2776 1633 3014 1690 Caesaris
3044 1636 3293 1692 declina-

1703 1724 1798 1779 vit.
1825 1723 1981 1779 Prior
2005 1724 2293 1796 Cleopatra
2335 1726 2522 1797 regina
2553 1741 2678 1782 cum
2710 1725 2780 1780 60
2805 1723 3168 1782 velocissimis
3194 1743 3296 1780 na-

1701 1817 1860 1871 vibus
1886 1816 2057 1887 fugit;
2087 1817 2358 1872 Antonius
2387 1831 2626 1887 quoque,
2659 1817 2907 1872 detracto
2946 1814 3146 1886 insigni
3169 1831 3297 1886 prc-

1703 1908 1856 1962 toria:
1881 1909 2058 1976 navis,
2091 1909 2386 1980 fugientem
2412 1909 2482 1940 ³⁸⁸
2508 1917 2732 1964 secutus
2764 1918 2850 1963 est
2877 1920 3126 1964 uxorem.
3166 1906 3296 1962 Illu-

1703 2007 1957 2055 cescente
1978 1999 2090 2069 jam
2123 2000 2252 2066 die,
2298 2001 2584 2055 victoriam
2633 1999 2819 2055 Caesar
2867 2001 3292 2057 consummavit.

1703 2091 1974 2146 Antonius
2001 2091 2168 2162 igitur
2193 2091 2373 2162 gladio
2409 2107 2472 2146 se
2502 2092 2991 2161 transverberavit,
3018 2107 3084 2148 ac
3127 2095 3296 2150 semi-

1702 2185 1901 2240 animis
1921 2185 1989 2240 ad
2003 2183 2348 2254 Cleopatram
2379 2184 2434 2238 in
2454 2185 2796 2240 mausoleum
2839 2184 3071 2257 regium,
3099 2186 3154 2240 in
3180 2199 3294 2256 quo

1703 2290 1760 2330 se
1793 2276 1883 2330 illa
1911 2277 2178 2331 moritura
2225 2275 2562 2341 condiderat,
2596 2277 2839 2347 perlatus
2869 2287 2971 2333 est.
3005 2277 3296 2347 Cleopatra

1701 2383 1832 2422 vero
1853 2377 2116 2424 exornata
2144 2369 2375 2424 diversis
2405 2371 2742 2424 ornamentis
2785 2370 2854 2424 ad
2902 2370 3177 2426 Caesarem
3203 2385 3301 2426 ve-

1703 2462 1804 2527 nit,
1834 2477 2065 2531 sperans
2093 2476 2220 2516 eum
2248 2469 2309 2516 ut
2336 2469 2549 2518 ceteros
2576 2478 2674 2518 sua
2707 2463 2888 2533 specie
2915 2463 2982 2517 ad
3013 2463 3298 2519 lidibinem

1703 2553 1927 2608 illicere.
1965 2551 2074 2608 Sed
2121 2552 2212 2608 ille
2239 2566 2300 2608 se
2330 2553 2473 2608 intra
2493 2554 2832 2631 .pudieiciam
2857 2563 3138 2622 coartans,
3171 2571 3296 2611 eam

1703 2644 1906 2715 sprevit
1933 2652 1990 2699 et
2014 2644 2276 2700 custodiri
2328 2645 2586 2715 precepit.
2637 2644 2815 2717 (Joan.
2848 2644 2928 2699 De
2956 2663 3000 2700 r.
3037 2647 3108 2716 ε.)
3162 2643 3300 2712 Qum

1702 2737 1798 2792 ubi
1827 2753 1886 2792 se
1913 2737 1980 2792 ad
2009 2737 2348 2808 triumphum
2393 2737 2600 2792 servari
2648 2737 2951 2805 intellexit,
2986 2754 3018 2794 e
3045 2737 3298 2794 custodia

1702 2830 1906 2900 elapsa,
1938 2829 1995 2886 in
2019 2829 2364 2885 mausoleum
2392 2843 2555 2885 suum
2581 2845 2641 2886 se
2659 2831 2883 2901 recepit,
2911 2829 3094 2904 ibique
3119 2823 3299 2886 maxi-

1704 2937 1846 2987 mos,
1881 2931 1941 2978 ut
1967 2922 2198 2988 solebat,
2227 2921 2417 2977 induta
2443 2922 2648 2989 cultus,
2681 2922 2737 2978 in
2785 2921 2989 2978 referto
3032 2922 3298 2978 odoribus

1705 3011 1843 3066 solio
1861 3012 2020 3081 juxta
2048 3027 2211 3067 suum
2225 3026 2286 3068 se
2297 3011 2586 3068 collocavit
2597 3011 2894 3067 Antonium
2909 3030 2923 3079 ;
2951 3011 3300 3084 admotisque

1703 3103 1772 3158 ad
1801 3118 1970 3158 venas
1999 3103 2364 3174 serpentibus,
2396 3103 2477 3159 sic
2505 3113 2680 3159 morte
2709 3104 2868 3174 quasi
2895 3119 3092 3161 somno
3117 3105 3297 3161 soluta

1701 3200 1788 3248 est
1812 3234 1828 3258 ,
1873 3191 2080 3248 frustra
2111 3192 2328 3248 Cresam
2371 3192 2535 3248 etiam
2586 3192 2778 3262 psillus
2819 3192 3168 3260 admovente,
3199 3194 3298 3263 qui

1701 3299 1908 3340 venena
1939 3285 2273 3354 serpentium
2301 3297 2333 3338 e
2355 3285 2674 3340 vulneribus
2719 3285 3003 3340 hominum
3028 3299 3299 3356 exsugere

1702 3378 1896 3433 solent.
1931 3376 2022 3434 Sic
2048 3377 2233 3434 Caesar
2253 3375 2588 3434 Octavianus
2615 3377 2944 3433 Alexandria
2977 3377 3112 3433 urbe
3157 3392 3298 3448 opu-

1701 3467 2010 3522 lentissima
2031 3483 2157 3522 cum
2181 3476 2292 3523 tota
2317 3467 2553 3540 Egypto
2579 3469 2785 3538 potitus
2824 3477 2940 3534 est;
2987 3469 3300 3538 preposuit-

1701 3577 1809 3632 que
1851 3560 2086 3632 Αἴθῃ)ιο
2127 3560 2445 3618 Cornelium
2493 3560 2708 3615 Gallum
2733 3603 2748 3625 ,
2791 3559 2860 3615 de
2900 3575 3010 3630 quo
3033 3559 3300 3631 Virgilius

1703 3652 1914 3708 scribit.
1941 3650 2124 3723 (HIEB.
2160 3681 2220 3690 —
2244 3650 2318 3705 Η.
2350 3651 2442 3722 R.)
2475 3649 2635 3706 Hunc
2657 3651 2898 3721 primum
2916 3650 3156 3722 iudicem
3179 3649 3298 3706 Bo-

1702 3760 1930 3800 manum
1959 3743 2230 3817 Egyptus
2254 3743 2466 3799 habuit.

1774 3837 1871 3909 (Η.
1895 3837 1960 3893 R.
1985 3847 2039 3893 et
2061 3838 2134 3892 H.
2163 3839 2259 3908 m.)
2281 3836 2440 3891 Anno
2461 3835 2532 3891 ab
2556 3830 2702 3891 Urbe
2721 3835 2938 3891 condita
2966 3833 3088 3892 725.
3111 3834 3302 3890 Caesar

1703 3930 1773 3985 ab
1799 3929 2010 3985 oriente
2029 3929 2204 3984 victor
2225 3927 2461 3994 rediens,
2475 3927 2520 3981 ‘8
2545 3925 2672 3982 Idus
2694 3925 2939 3981 Januarii
2964 3924 3166 3980 Urbem
3197 3925 3305 3978 tri-

1703 4021 1829 4092 plici
1855 4020 2131 4090 triumpho
2154 4019 2438 4089 ingressus
2457 4027 2560 4083 est,
2583 4017 2763 4072 ductis
2783 4025 2910 4071 ante
2928 4031 3152 4071 currum
3177 4015 3302 4085 ejus

1701 4111 2006 4182 Cleopatrae
2027 4110 2235 4176 liberis,
2273 4107 2398 4165 Sole
2414 4118 2468 4164 et
2491 4107 2668 4174 Luna,
2689 4123 2757 4162 ac
2773 4116 2890 4162 tum
2913 4107 3176 4176 primum,
3201 4121 3266 4162 so
3281 4136 3300 4146 -

1704 4202 1834 4273 pitis
1859 4201 2120 4256 omnibus
2161 4199 2416 4255 civilibus
2457 4198 2633 4264 bellis,
2682 4195 2804 4250 Jani
2853 4206 3040 4266 portas
3079 4197 3298 4251 clausit.

1706 4290 1822 4348 Hoc
1851 4291 1940 4347 die
1961 4290 2147 4345 Caesar
2167 4289 2546 4345 consalutatus
2583 4295 2670 4342 est
2713 4286 2996 4356 Augustus
3036 4285 3300 4354 primum,

1705 4400 1772 4440 eo
1793 4385 1942 4455 quod
1965 4383 2243 4454 publicam
2285 4395 2400 4436 rem
2441 4379 2675 4445 auxerit,
2707 4385 2873 4448 atque
2893 4392 2962 4433 ex
2983 4376 3176 4433 eadem
3213 4375 3306 4432 die

1633 4493 1683 4552 ι)
1707 4491 1922 4532 summa
1944 4490 2129 4530 rerum
2153 4489 2219 4529 ac
2250 4479 2582 4544 potestatum
2604 4484 2774 4540 penes
2796 4483 2970 4523 unum
2991 4479 3116 4524 esse
3136 4465 3306 4536 coepit

1705 4575 1763 4623 et
1781 4567 2018 4634 mansit;
2046 4564 2195 4637 quod
2217 4562 2375 4620 Greei
2408 4561 2781 4618 monarchiam
2805 4560 3016 4616 dicunt.

1777 4659 1938 4712 Anno
1959 4655 2208 4727 sequenti
2228 4653 2412 4710 Caesar
2432 4651 2712 4723 Augustus
2731 4663 2925 4720 parum
2949 4649 3003 4702 in
3029 4647 3305 4720 Hyspania

1708 4765 1805 4820 per
1828 4749 2094 4804 ducentos
2114 4760 2292 4802 annos
2314 4755 2498 4802 actum
2543 4743 2882 4813 intellegens,
2923 4741 2973 4796 si
2993 4737 3305 4795 Cantabros

1709 4853 1764 4899 et
1783 4843 2032 4907 Astures,
2055 4840 2195 4895 duas
2217 4836 2589 4894 ferocissimas
2615 4844 2816 4908 gentes
2848 4832 3158 4906 Hyspaniaa,
3186 4830 3304 4886 suis

1709 4939 1791 4995 uti
1814 4937 2027 5010 legibus
2047 4933 2408 5006 permisisset,
2435 4933 2634 4987 iterum
2674 4928 2798 4985 Jani
2840 4937 3027 5000 portas
3064 4925 3300 4998 aperuit,

1710 5038 1877 5100 atque
1903 5029 1961 5082 in
1995 5025 2304 5099 Hyspanias
2327 5025 2443 5095 ipse
2466 5039 2592 5080 cum
2632 5023 2873 5078 exercitu
2895 5019 3172 5092 profectus
3193 5029 3298 5076 est.

1713 5125 1792 5180 lbi
1837 5137 1964 5179 eum
2005 5119 2150 5191 apud
2189 5117 2556 5174 Tarraconem
2573 5115 2662 5182 ³⁸⁸,
2709 5114 2980 5170 citerioris
3013 5112 3305 5186 Hyspaniae

1713 5218 1926 5281 urbem,
1968 5213 2130 5285 legati
2167 5211 2425 5267 Indorum
2464 5217 2518 5263 et
2564 5207 2852 5279 Scytarum
2885 5208 2974 5274 ⁸⁸⁷,
3018 5215 3135 5262 toto
3169 5205 3302 5260 orbe

1293 5336 1528 5392 VARIAE
1566 5325 1968 5390 LECTIONES.

92 5435 157 5470 ³⁷⁸
177 5437 319 5492 deest
354 5437 408 5493 5.
439 5437 530 5492 9C.
567 5435 652 5490 10.
722 5435 791 5466 ³⁷³
821 5436 962 5489 deest
989 5435 1043 5490 5.

40 5506 97 5538 ⁸³⁸
117 5509 229 5568 auri
261 5517 320 5576 et,
349 5507 562 5579 argenti
589 5507 643 5562 5.

1140 5432 1210 5466 ³⁸⁸⁵
1234 5431 1502 5500 vendilius
1523 5431 1607 5485 9c.

729 5505 799 5537 ³⁸⁵
824 5505 966 5560 deest
993 5506 1076 5560 9ο.
1155 5503 1225 5536 ³⁸⁸
1256 5511 1604 5557 tarraconam
1633 5500 1685 5554 5.

1563 5655 1792 5712 NOTAE.

103 5753 242 5821 (2H)
277 5754 406 5808 lam
429 5777 500 5788 —
529 5745 844 5814 punirentur
863 5737 1168 5801 Eksehardi
1197 5739 1359 5801 verba
1393 5758 1539 5802 sunt.

391 5843 670 5901 PATBOL.
705 5838 916 5902 CLIV.

1713 5427 1779 5459 ³⁸¹
1817 5426 1957 5478 deest
2004 5421 2090 5476 9°.
2135 5422 2172 5476 i.
2210 5429 2251 5475 t.
2281 5420 2334 5475 5.
2451 5417 2518 5450 ³⁸¹
2569 5428 2698 5486 tunc.
2751 5418 2808 5476 εἰ.
2920 5417 2990 5449 ³⁸³
3039 5417 3181 5472 ἄειδε
3239 5413 3300 5472 5-

1768 5498 1834 5530 ³⁸⁷
1864 5493 2171 5549 scitharum
2197 5493 2250 5547 5.
3107 5503 3116 5510 ‘

2893 5823 2968 5880 21
