3876 6306
635 281 735 336 651

1799 274 2192 332 EKKEHARDI
2240 271 2704 331 unauereusrs
3702 282 3772 336 ei

637 397 966 453 transmisso
992 438 1005 463 ,
1054 396 1269 451 tandem
1313 393 1659 460 invenerunt,
1706 392 2130 466 refuderuntque
2163 396 2218 450 in
2248 400 2293 457 Α
2322 393 2478 460 ratis,
2499 392 2674 449 victos
2707 391 2775 448 ad
2799 391 3128 449 deditionem
3157 391 3631 466 coegit,Armeuiam
3649 392 3769 450 alar-

636 490 908 547 Caesarem
936 487 1226 543 Alexandri
1253 486 1431 557 Magni
1466 485 1724 557 gloriam;
1764 487 2046 556 quoniam,
2075 487 2219 543 sicut

638 583 792 637 illum
823 580 1200 653 ilyspanorum
1257 577 1650 646 Gallorumque
1692 577 1893 648 legatio
1939 577 1997 632 in
2036 578 2217 634 medio

637 673 842 728 oriente
861 672 1002 741 apud
1026 668 1375 741 Babyloniam
1401 668 1857 738 contemplatione
1880 668 2036 739 pacis
2062 668 2213 736 adiit,

636 765 709 819 ita
741 764 884 818 hunc
914 761 1054 832 apud
1077 759 1406 832 Hyspaniam
1452 758 1508 813 in
1542 757 1843 814 occidentis
1865 758 2059 813 ultimo
2086 773 2216 828 sup-

634 857 756 926 plex
786 854 952 908 Indus
990 862 1046 908 et
1082 850 1243 923 Scyta
1275 850 1479 906 Boreus
1500 864 1601 920 pro
1623 864 1758 919 pace
1784 849 1978 904 oravit.
2008 849 2213 906 Canta-

632 945 785 1000 brico
820 944 1003 1013 itaque
1025 942 1168 996 bello
1190 956 1287 1010 per
1314 940 1558 1010 quinque
1581 954 1757 995 annos
1775 938 2044 1008 conlecto,
2065 947 2213 996 tota-

632 1052 738 1107 que
772 1034 1048 1107 Hyspania
1084 1033 1139 1086 in
1169 1040 1427 1087 aeternam
1466 1022 1653 1101 pacem
1683 1032 2009 1101 composita,
2030 1032 2214 1087 Caesar

632 1126 864 1181 Romam
888 1124 1152 1189 rediit’",
1183 1132 1241 1177 et
1284 1121 1625 1178 Cantabricae
1648 1122 1890 1177 victoriae
1933 1122 2082 1179 hunc
2113 1121 2213 1177 ho-

630 1233 817 1275 norem
851 1216 1121 1283 contulit,
1175 1225 1237 1270 ut
1282 1224 1413 1270 tunc
1465 1229 1682 1285 quoque
1720 1222 1909 1285 portas
1957 1214 2212 1271 claustris

629 1310 924 1369 cohiberet.
976 1308 1054 1362 lta
1104 1318 1233 1362 tunc
1277 1306 1519 1361 secundo
1548 1322 1644 1376 per
1685 1304 1978 1374 Caesarem,
2015 1314 2211 1376 quarto

628 1411 749 1472 post
779 1400 979 1456 Urbem
1005 1399 1280 1455 conditam
1308 1400 1527 1454 clausus
1549 1407 1633 1454 est
1654 1397 1845 1453 Janus.
1873 1396 1990 1453 Non
2020 1398 2209 1453 υιιοιεθ

629 1506 810 1550 autem
844 1503 1085 1563 tempore
1113 1502 1238 1548 ante
1271 1508 1395 1546 eum
1422 1490 1673 1547 Romana
1695 1507 1783 1545 res
1812 1490 1987 1563 magis
2005 1491 2207 1558 ﬂoruit,

630 1588 831 1657 quippe
852 1586 939 1639 cui
963 1585 1080 1654 ipse
1105 1593 1158 1638 et
1188 1600 1283 1653 per
1302 1601 1367 1638 se
1388 1592 1441 1638 et
1461 1600 1558 1653 per
1578 1584 1742 1638 duces
1763 1599 1827 1637 ac
1848 1585 2055 1654 legatos
2080 1599 2208 1639 suos

2317 484 2428 540 this
2477 485 2701 554 recepit.
2749 483 2937 540 Parthi
2966 485 3158 555 quasi,
3185 494 3301 540 toto
3341 492 3579 540 terrarum
3602 483 3693 538 orbe
3719 486 3772 539 id

2315 577 2524 633 domito
2580 577 2664 632 vel
2738 585 2933 649 pacato
2954 619 2970 646 ,
3020 579 3269 634 omnium
3313 577 3478 634 oculis
3522 584 3773 641 notaretur,

2317 677 2483 740 atque
2519 669 2576 724 in
2603 684 2664 725 se
2698 670 2848 726 solos
2873 669 3054 726 clunis
3086 670 3243 741 vigor
3273 668 3494 724 Romani
3515 668 3677 739 imperii
3701 685 3774 723 γετ-
3822 678 3823 707 1

2313 759 2511 814 tendus
2534 766 2701 826 esset,
2733 759 2933 830 quippe
2961 775 3104 828 quos
3130 759 3367 830 pristina
3394 757 3662 814 ulciscenda
3677 757 3776 814 Cris-

2316 848 2483 905 sianae
2514 848 2680 905 caedis
2706 848 3043 906 conscientia
3064 849 3371 916 mordebat,
3399 850 3527 904 uitro
3551 849 3668 919 signa
3701 865 3776 918 qua
3822 888 3823 893 η

2314 938 2515 995 Crasso
2573 938 2861 997 interfecto
2890 941 3236 998 abstulerant
3264 941 3338 995 ad
3362 940 3602 995 Caesarem
3628 941 3773 993 τωιιὶςρ-
3822 980 3823 1007 1

2314 1040 2466 1099 runt,
2499 1032 2660 1102 eique
2708 1032 2995 1089 obsidibus
3046 1032 3215 1099 datis,
3245 1034 3461 1087 lirmum
3510 1030 3653 1086 {trdus
3689 1026 3773 1083 ﬁdeli
3822 1076 3823 1079 η

2321 1124 2719 1194 supplicatione
2744 1133 3064 1201 meruerunt
3084 1124 3173 1177 δ”.
3191 1122 3413 1178 Galatia'
3423 1136 3611 1194 quoque
3633 1121 3777 1176 subboc
3822 1160 3823 1171 η

2311 1214 2590 1282 provincia
2616 1212 2761 1270 facta
2783 1223 2889 1282 est,
2917 1229 3043 1272 cum
3073 1223 3232 1268 antea
3263 1229 3489 1286 regnum
3512 1211 3688 1274 fuisset,
3707 1213 3775 1280 pri.
3822 1230 3823 1283 ;

2313 1319 2546 1375 musque
2587 1321 2711 1360 eam
2747 1304 2965 1360 Marcus
3006 1303 3215 1359 Lollius
3250 1317 3349 1374 pro
3390 1312 3584 1373 pretore
3623 1299 3774 1354 admini-

2312 1400 2521 1461 stravit.
2558 1398 2734 1454 Tanto
2779 1406 2962 1455 autem
3015 1412 3200 1453 amore
3227 1397 3394 1452 etiam
3441 1394 3569 1467 apud
3605 1394 3777 1449 iarbam;

2309 1489 2491 1545 Caesar
2543 1490 2824 1561 Augustus
2858 1490 3182 1557 habebatur,
3212 1498 3275 1545 ut
3310 1504 3464 1561 reges
3508 1480 3774 1543 Romanorum

2310 1581 2472 1636 amici
2500 1582 2564 1636 in'
2586 1583 2849 1638 honorem
2880 1583 3001 1650 ejus
3022 1583 3273 1637 civitates
3303 1581 3581 1636 conderent
3596 1586 3639 1634 et
3651 1595 3697 1633 ex
3710 1579 3779 1647 ejus
3822 1632 3823 1647 η

629 1677 926 1745 plurimum
951 1675 1103 1730 bellis
1126 1675 1346 1729 addidit.
1372 1674 1490 1744 Ipse
1512 1691 1747 1745 namque
1766 1690 1862 1745 per
1880 1690 1938 1730 se
1959 1673 2209 1729 Romano
2241 1737 2274 1745 _
2309 1676 2530 1730 nomine
2554 1675 2834 1732 Caesareas
2860 1685 3141 1730 vocarent.
3182 1674 3333 1728 Multi
3365 1687 3569 1744 quoque
3608 1687 3719 1742 reges
3743 1686 3780 1723 (ιι

629 1768 827 1837 adjecit
874 1767 1103 1838 imperio
1148 1766 1462 1839 Egyptum,
1498 1765 2202 1833 Cantabriam,Asturiam,

626 1857 973 1925 Dalmatiam,
1020 1858 1379 1925 Pannoniam,
1423 1859 1808 1929 Aquitaniam;
1844 1857 2054 1915 Drusus
2074 1874 2205 1915 vero

623 1952 904 2021 privignus
928 1952 1065 2021 ejus,
1098 1951 1324 2006 Galliam
1348 1950 1708 2020 Rhetiamque
1744 1951 1989 2017 sortitus,
2032 1950 2206 2005 maxi-

622 2055 746 2095 mas
775 2040 1218 2110 fortissimasque
1239 2048 1426 2111 gentes
1447 2039 1617 2093 armis
1639 2038 1871 2110 subegit,
1895 2038 2202 2109 Susipeees,

623 2130 919 2186 'I‘hecteros
943 2141 996 2185 et
1023 2131 1250 2185 Chattos
1275 2130 1344 2162 ³⁹⁰
1392 2129 1727 2199 perdomuit,
1767 2138 1822 2184 et
1849 2138 1998 2185 trans
2025 2128 2204 2184 Albim

620 2222 870 2289 ﬂuvium,
915 2222 1011 2291 qui
1040 2221 1095 2275 in
1118 2220 1406 2276 barbarico
1439 2220 1598 2291 longe
1625 2221 1761 2274 ultra
1806 2219 2057 2275 Rhenum
2095 2228 2202 2288 est,

621 2314 917 2380 submovit,
940 2312 1356 2368 Marcomannes
1381 2327 1517 2382 pene
1538 2312 1605 2366 ad
1628 2312 1963 2367 interuiciem
1986 2313 2201 2380 delevit,

621 2418 810 2481 postea
841 2406 1171 2463 fortissimas
1209 2405 1482 2473 nationes,
1510 2404 1719 2475 quibus
1759 2413 1813 2459 et
1838 2411 2033 2460 natura
2060 2404 2204 2462 vires

619 2511 676 2560 et
700 2501 1039 2559 consuetudo
1062 2499 1453 2571 experientiam
1480 2497 1680 2554 virium
1712 2495 1900 2569 [dabat
1915 2496 2030 2570 ’9‘],
2052 2498 2201 2568 pari-

619 2604 702 2651 ter
753 2596 866 2650 uno
915 2592 1075 2658 bello,
1115 2592 1209 2648 sed
1257 2590 1374 2647 suis
1415 2604 1610 2661 aspero
1637 2631 1653 2657 ,
1699 2590 1992 2660 superavit,
2023 2591 2077 2645 id
2119 2601 2204 2647 est

616 2686 926 2740 Cheruscos
953 2724 968 2751 ,
1021 2681 1230 2738 Suevos
1273 2689 1330 2736 et
1370 2680 1703 2747 Sicambros,
1746 2695 1983 2751 quorum
2028 2681 2202 2737 virtus

616 2791 683 2829 ac
724 2773 912 2830 feritas
941 2788 1009 2828 ex
1056 2787 1125 2828 eo
1152 2770 1487 2827 considerari
1529 2778 1728 2840 potest,
1765 2770 1911 2840 quod
1945 2769 2202 2825 mulieres

617 2880 836 2938 quoque
904 2879 1095 2923 eorum
1128 2906 1143 2931 ,
1214 2863 1262 2919 si
1323 2861 1543 2933 quando
1607 2870 1866 2932 preveutu
1919 2860 2199 2917 Romano-

617 2978 739 3017 rum
773 2962 916 3016 inter
961 2961 1200 3031 plaustra
1242 2974 1344 3015 sua
1380 2956 1793 3023 collidebantur,
1825 2956 2201 3012 deﬁcientibus

581 3042 595 3065 ⁵
615 3052 738 3108 telis
765 3052 850 3106 vel
874 3050 1120 3142 qualibet
1143 3064 1207 3142 re
1229 3065 1350 3142 qua
1365 3048 1515 3142 velut
1544 3048 1670 3142 telo
1712 3048 1793 3142 uti
1822 3046 1974 3103 furor
2002 3048 2195 3142 possit,
2223 3086 2266 3142 Ο

578 3142 587 3154 ’
615 3142 873 3211 parvulos
893 3140 1054 3207 ﬂlios,
1085 3140 1307 3194 collisos
1337 3139 1515 3203 humi,
1543 3138 1599 3193 in
1624 3138 1866 3193 hostium
1892 3154 1988 3192 ora
2023 3138 2197 3208 jacic-

618 3233 768 3285 bant.
784 3229 1051 3302 Tyberius
1071 3237 1277 3293 autem,
1298 3226 1467 3283 frater
1487 3225 1673 3293 Drusi,
1697 3225 2030 3292 Pannonios,
2060 3241 2197 3281 novo

616 3332 771 3377 motu
846 3322 1299 3385 intumescentes,
1353 3318 1732 3375 cruentissima
1781 3318 1925 3373 caede
1963 3317 2194 3384 delevit,

616 3414 872 3482 idemque
897 3413 1155 3469 continuo
1172 3410 1473 3466 Germanos
1491 3410 1630 3465 bello
1657 3409 1915 3480 arripuit,
1941 3425 1972 3465 e
1996 3409 2197 3481 quibus

594 3495 688 3560 ’40
722 3505 871 3559 milia
924 3504 1261 3574 captivorum
1289 3502 1463 3557 victor
1504 3501 1756 3566 abduxit;
1810 3500 1956 3572 quod
2008 3517 2196 3556 revera

620 3599 822 3653 bellum
852 3596 1153 3653 maximum
1188 3605 1240 3650 et
1268 3593 1840 3651 formidolosissimum
1882 3594 2195 3664 quindecim

595 3688 925 3758 legionibus
946 3702 1044 3757 per
1073 3687 1368 3742 triennium
1395 3696 1605 3757 gestum
1625 3694 1732 3753 est,
1761 3702 1862 3741 nec
1890 3685 2001 3740 fere
2024 3687 2196 3741 ullum

620 3782 802 3852 majus
844 3781 1074 3848 bellum,
1099 3780 1242 3836 sicut
1268 3778 1563 3835 Suetonius
1594 3785 1844 3846 testatur,
1873 3788 1999 3850 post
2028 3779 2199 3836 Puni-

617 3889 744 3929 cum
798 3872 918 3930 fuit.
961 3871 1075 3928 Sub
1120 3871 1314 3929 eodem
1358 3886 1488 3927 vero
1530 3877 1775 3941 tempore
1828 3869 2198 3938 Quintilianus

622 3964 798 4022 Varus
839 3971 1127 4035 propretor
1152 3979 1280 4019 cum
1310 3962 1489 4019 tribus
1540 3962 1843 4034 legionibus
1867 3971 2019 4020 trans
2051 3963 2198 4020 Rhe-

616 4071 751 4111 num
779 4054 1004 4111 ﬂuvium
1030 4053 1167 4109 mira
1193 4054 1463 4125 superbia
1502 4061 1667 4126 atque
1689 4055 1932 4111 avaricia
1958 4056 2015 4110 in
2061 4057 2195 4112 sub-

611 4146 785 4217 jectos
811 4161 998 4218 agens,
1035 4162 1066 4201 a
1095 4145 1383 4201 Germanis
1399 4146 1785 4203 rebellantibus
1813 4163 1942 4203 cum
1962 4149 2196 4206 tribunis

603 4245 661 4291 et
695 4236 1000 4309 legionibus
1028 4235 1238 4292 deletus
1275 4245 1379 4313 est.
1408 4236 1584 4303 Quam
1618 4238 1696 4293 rei
1736 4239 1968 4308 publica:
1986 4239 2194 4295 cladem

603 4328 796 4384 Caesar
830 4327 1112 4398 Augustus
1132 4327 1268 4382 adeo
1293 4326 1531 4399 graviter
1550 4328 1694 4396 tulit,
1724 4337 1785 4383 ut
1805 4337 1953 4384 veste
1979 4330 2198 4400 capillo-

2306 1767 2488 1839 regnis
2519 1766 2635 1824 suis
2671 1775 2959 1834 venerunt,
2987 1774 3045 1819 ut
3065 1767 3113 1821 ei
3144 1766 3583 1835 obsequerentur,
3601 1772 3643 1816 et
3666 1761 3779 1814 hil-itu
3822 1761 3823 1835 ξ

2305 1856 2578 1925 Romano,
2604 1857 2814 1915 scilicet
2828 1857 3021 1928 togati,
3053 1858 3120 1914 ad
3148 1857 3460 1913 vehiculum
3478 1855 3540 1887 ³⁹⁸
3565 1850 3633 1908 vel
3650 1869 3776 1923 equum

2303 1949 2425 2020 ejus
2450 1958 2851 2006 .cueurrerunt.
2909 1948 3030 2021 Ipse
3063 1958 3244 2005 autem
3292 1949 3432 2003 adeo
3457 1954 3708 2003 exsecratus
3734 1948 3783 1995 et

2303 2040 2515 2110 “"‘baS,
2565 2042 2728 2109 bella,
2782 2042 3111 2110 simultates,
3138 2049 3201 2096 ut
3249 2041 3359 2096 nisi
3399 2040 3556 2110 justis
3581 2038 3636 2093 de
3669 2038 3783 2091 causis
3822 2048 3823 2109 γ

2302 2147 2603 2202 numquam
2637 2131 2784 2203 genti
2812 2131 2976 2187 alicui
3003 2131 3205 2187 bellum
3227 2125 3783 2207 indixerit,jactantisque
3822 2144 3823 2201 γ

2302 2240 2423 2281 esse
2445 2223 2651 2295 ingenii
2673 2231 2729 2280 ct
2750 2215 3015 2281 levissimi
3036 2225 3270 2291 dicebat,
3294 2222 3490 2278 ardore
3517 2216 3782 2289 triumphali

2301 2323 2358 2371 et
2407 2315 2478 2371 ob
2507 2315 2749 2375 lauream
2796 2331 3082 2384 coronam,
3115 2315 3168 2370 id
3220 2323 3305 2371 est
3366 2313 3492 2369 folia
3529 2310 3782 2366 infntctuesa.

2302 2408 2654 2478 securitatem
2689 2407 2894 2463 civium
2924 2408 2979 2463 in
3006 2408 3305 2464 discrimen
3340 2422 3440 2477 per
3471 2407 3670 2461 incertos
3683 2416 3783 2457 ereu-

2300 2506 2388 2552 tus
2417 2498 2774 2553 certaminum
2806 2499 3152 2570 precipitarc,
3184 2513 3368 2568 neque
3401 2496 3674 2569 imperatori
3692 2496 3781 2547 bene
3822 2504 3823 2565 ξ

2299 2584 2593 2657 quicquam
2622 2570 2805 2642 minus
2829 2602 2997 2661 quam
3023 2586 3388 2642 temeritatem
3419 2598 3689 2655 congruere,
3705 2582 3785 2635 satis
3822 2598 3823 2655 ἦ

2299 2676 2550 2732 celeriter
2595 2677 2713 2733 fieri
2743 2676 3007 2748 quicquid
3041 2693 3333 2733 commune
3372 2673 3440 2712 ³⁹⁹
3469 2684 3711 2749 gereretur,
3729 2689 3785 2724 ar-

2299 2782 2497 2838 maque
2544 2767 2653 2823 nisi
2703 2768 2931 2839 majoris
2988 2767 3345 2823 emolumenti
3400 2782 3492 2838 spe
3537 2778 3782 2836 nequaquam

2298 2859 2562 2914 movenda
2592 2874 2735 2925 esse,
2786 2874 2856 2914 ne
2905 2859 3228 2930 compendio
3278 2858 3455 2923 tenui,
3488 2858 3667 2929 jactura
3694 2854 3784 2923 grati

2297 2950 2466 3019 petita
2492 2950 2723 3005 victoria
2774 2946 2972 3006 similis
3013 2949 3083 3004 sit
3110 2949 3277 3004 hamo
3310 2963 3483 3003 aureo
3526 2943 3783 3017 piscantibus

2298 3032 2454 3112 cujus
2489 3041 2705 3111 abrupti
2729 3040 3033 3113 amissique
3065 3034 3463 3096 detrimentum
3484 3039 3615 3093 nullo
3630 3044 3787 3105 capture
3822 3064 3823 3113 η

2297 3133 2450 3187 lucro
2487 3132 2706 3201 pensari
2735 3120 2932 3204 potest.
2973 3128 3072 3188 Hic
3098 3132 3283 3203 itaque
3308 3132 3371 3187 in
3406 3131 3615 3202 imperio
3636 3127 3786 3199 positus

2295 3224 2642 3279 tribuniciam
2654 3236 2752 3296 per
2774 3236 2833 3282 se
2852 3226 3176 3298 potestatem
3203 3225 3476 3281 exercuit.
3496 3223 3695 3293 Denique
3709 3232 3787 3287 erg:

2296 3308 2445 3371 cives
2488 3315 2973 3386 clementissimus,
3006 3317 3060 3371 in
3094 3317 3305 3372 amicos
3346 3316 3523 3373 extitit
3560 3312 3786 3369 ﬁdissimus.

2295 3420 2530 3479 quorum
2572 3410 2815 3481 prccipui
2852 3419 3009 3466 erant
3048 3409 3301 3465 Mecenas
3343 3410 3419 3465 ob
3440 3406 3788 3465 taciturnitatem.

2295 3500 2532 3572 Agrippa
2578 3501 2649 3556 ob
2670 3502 2993 3557 modestiam
3027 3502 3345 3572 laborisque
3380 3500 3681 3572 patientiam.
3702 3494 3784 3547 Dili-

2296 3599 2455 3670 gebat
2480 3605 2720 3669 prcterca
2748 3592 3036 3665 Virgilium
3061 3592 3438 3665 Flaccumque
3452 3602 3640 3665 poetas,
3662 3588 3789 3644 libere

2307 3692 2454 3748 libus
2490 3692 2686 3748 studiis
2711 3691 2767 3746 in
2792 3698 3006 3761 tantum
3029 3685 3381 3758 incumbens,
3424 3698 3483 3744 ut
3503 3688 3657 3744 nullus
3682 3697 3729 3737 ne
3757 3680 3789 3731 it

2311 3785 2599 3856 procinctu
2624 3783 2844 3854 quidem
2879 3783 3153 3837 laberetur
3179 3782 3320 3848 dies,
3335 3782 3471 3852 quin
3500 3780 3684 3851 legeret,
3704 3772 3789 3829 sui

2305 3877 2478 3945 beret,
2511 3876 2762 3932 dictaret.
2788 3873 2959 3946 Leges
2991 3873 3125 3928 alias
3158 3882 3356 3940 notras,
3380 3873 3518 3928 alias
3542 3867 3715 3942 protulit
3731 3874 3791 3917 suo

2296 3967 2518 4023 nomine
2539 3975 2836 4022 correctas.
2866 3963 3381 4032 Auxitornavitque
3421 3961 3631 4016 Romam
3670 3952 3791 4011 mult‘s
3822 3952 3823 4023 ξ

2296 4058 2562 4125 aliﬁciis,
2590 4057 2695 4113 isto
2725 4046 2967 4127 glorians
3007 4056 3153 4110 dicto
3184 4074 3197 4108 :
3233 4050 3430 4107 Urbem
3463 4050 3710 4106 (clericilia
3741 4058 3789 4092 τε·

2296 4151 2429 4222 peri,
2463 4157 2813 4204 marmoream
2849 4147 3104 4220 relinquo.
3152 4146 3280 4202 Fuit
3325 4148 3480 4202 mitis
3518 4154 3568 4201 et
3598 4149 3735 4215 gratus
3761 4140 3791 4184 fl

2297 4242 2473 4303 civilis
2522 4230 2712 4305 animi,
2769 4248 2886 4295 toto
2943 4246 3173 4309 corpore
3222 4238 3478 4308 pulcher,
3510 4235 3594 4291 sed
3634 4229 3789 4287 multa

2298 4331 2496 4397 oculis,
2525 4338 2760 4401 quorum
2793 4328 2939 4384 acies
2970 4322 3414 4383 clarissimorum
3447 4323 3669 4398 syderum
3690 4313 3789 4371 ωαῖο

613 4432 720 4486 que
745 4432 811 4472 ac
832 4416 1060 4486 reliquis
1088 4416 1392 4489 lugentium
1421 4416 1639 4480 indiciis
1674 4415 1956 4485 deformis,
1979 4427 2035 4473 et
2067 4431 2196 4489 sepe
2231 4444 2277 4499 ι)
2298 4423 2570 4479 vibrabat.
2606 4422 2648 4475 Α
2696 4426 2855 4492 cujus
2902 4419 3040 4476 facie
3082 4420 3212 4475 dum
3258 4418 3489 4490 quidam
3519 4416 3653 4473 miles
3670 4408 3789 4463 male

557 4552 560 4559 λ
614 4524 711 4579 per
746 4510 855 4563 vim
883 4508 1091 4563 doloris
1123 4516 1288 4578 caput
1311 4508 1504 4578 parieti
1557 4508 1840 4577 collidens,
1886 4509 2189 4567 clamaret:

613 4596 844 4663 Quintili
875 4596 1221 4637 “Lm-""3"
1255 4595 1410 4665 Vare,
1464 4596 1618 4651 redde
1640 4595 1886 4668 legiones.
1921 4596 1981 4652 In
2007 4596 2191 4654 Africa

610 4685 1725 4759 quoqueCossusduxCtesarisMusolanos
1735 4686 2195 4745 etGetuloslatius

609 4787 871 4851 vagantes
885 4778 1077 4834 artatis
1087 4777 1286 4849 ﬁnibus
1301 4777 1561 4844 coercuit,
1587 4787 1748 4848 atque
1764 4795 1795 4834 a
1807 4777 2070 4836 Romanis
2089 4780 2193 4835 mi-

610 4870 801 4928 litibus
822 4871 892 4905 "‘
913 4870 1186 4926 sustinere
1232 4879 1377 4925 metu
1405 4869 1683 4939 compulit.
1721 4858 2046 4925 Piso‘etiam
2089 4871 2191 4926 ad-

613 4962 1128 5019 versusVindelicos
1153 4963 1355 5019 missus
1382 4972 1485 5030 est,
1514 4963 1715 5033 quibus
1742 4962 2193 5029 subactis,victor

614 5053 684 5108 ad
728 5053 993 5110 Caesarem
1041 5053 1365 5124 Lugdunum
1415 5053 1580 5108 venit.
1631 5052 2012 5123 Bosphoranos
2063 5067 2193 5108 vero

614 5143 835 5199 Marcus
859 5143 1094 5215 Agrippa
1123 5145 1419 5214 superavit,
1461 5153 1515 5200 et
1559 5143 1729 5216 signis
1751 5143 2043 5213 Romanis,
2070 5161 2193 5216 quae

615 5235 694 5289 illi
722 5234 996 5305 quondam
1032 5235 1135 5290 sub
1161 5232 1443 5290 Metridate
1465 5235 1817 5306 sustulerant,
1841 5237 1984 5293 bello
2029 5252 2191 5308 repa-

2299 4524 2601 4581 averteret,
2650 4522 2705 4569 et
2732 4514 3160 4585 interrogaretur
3197 4511 3267 4567 ab
3291 4527 3361 4568 eo
3392 4529 3493 4568 cur
3525 4512 3592 4566 ita
3634 4505 3789 4560 laurel.

2295 4605 2579 4676 respondit
2609 4624 2621 4660 :
2656 4603 2797 4669 Quia
2828 4602 3027 4673 fulmen
3052 4601 3329 4656 oculorum
3359 4610 3565 4655 tuorum
3598 4600 3703 4669 [errr
3728 4606 3789 4641 πίει

2295 4713 2527 4767 possum.
2564 4694 2675 4750 Nec
2700 4704 2880 4750 tamen
2905 4694 2994 4749 hic
3018 4702 3204 4749 tantus
3236 4694 3320 4748 vir
3353 4694 3504 4747 vitiis
3531 4687 3691 4747 caruit.
3712 4680 3789 4735 Filii

2297 4788 2444 4842 enim
2497 4786 2778 4856 paululum
2829 4784 3141 4855 impatiens,
3191 4784 3394 4840 leniter
3423 4781 3707 4841 iracundus,
3734 4788 3791 4825 οε·

2296 4879 2440 4935 culte
2502 4876 2749 4945 invidus,
2801 4877 2980 4947 palam
3027 4874 3326 4944 factiosus,
3379 4869 3671 4930 dominandi
3710 4869 3823 4955 iero}

2293 4984 2460 5039 supra
2496 4984 2660 5038 quam
2683 4967 2926 5023 estimari
2948 4967 3122 5039 possit
3145 4968 3400 5038 cupidus,
3432 4969 3559 5022 aleae
3579 4966 3698 5019 lusor
3715 4968 3770 5010 ⁵η

2293 5061 2500 5116 diosus.
2519 5059 2766 5131 Cumque
2783 5068 2929 5116 esset
2957 5062 3063 5116 cibi
3094 5076 3158 5118 ac
3179 5062 3291 5116 vini
3315 5062 3551 5117 multum
3568 5056 3787 5113 abstinens.

2296 5151 2640 5224 aliquatenus
2690 5167 2821 5207 vero
2875 5152 3077 5219 somni,
3110 5169 3283 5227 usque
3326 5154 3399 5208 ad
3426 5151 3645 5224 vulgaris
3670 5156 3789 5202 tam

2295 5238 2458 5300 fama:
2489 5242 2753 5319 probrum
2775 5244 3047 5301 serviebat
3071 5244 3317 5314 libidini;
3341 5259 3475 5301 nam
3502 5246 3630 5299 inter
3647 5233 3787 5294 duode-

1892 5410 2127 5470 VARIE
2162 5413 2568 5473 LECTIONES.

688 5515 757 5550 ⁸⁵⁸
787 5515 921 5571 adiit
944 5516 1033 5571 9ο.

1127 5515 1196 5550 ⁸⁸⁹
1214 5513 1488 5573 Nounullo
1516 5517 1569 5573 5.
1607 5516 1692 5575 9°.
1719 5530 1857 5575 corr.
1888 5534 1997 5577 non
2028 5524 2142 5579 ullo
2169 5525 2257 5580 l0.
2342 5524 2413 5558 ”°
2449 5525 2639 5581 cbatos
2666 5525 2753 5582 9°.
2782 5526 2995 5583 catthos
3022 5523 3075 5583 5.
3109 5525 3284 5585 cattus
3308 5529 3399 5585 l0.
3437 5531 3523 5586 ll.
3547 5540 3569 5584 t
3617 5526 3673 5561 ³⁹¹
3696 5524 3790 5577 de!“

610 5604 672 5663 gn
697 5586 935 5663 omuibus
964 5602 1093 5663 quos
1124 5588 1234 5663 vidi
1265 5587 1418 5663 codd.
1448 5588 1853 5663 _"’-”f-_"‘-'”
1888 5592 2214 5663 quintiliane
2235 5596 2321 5651 9C.
2347 5596 2418 5631 ³⁸⁸
2492 5596 2572 5649 ita
2597 5596 3033 5654 codd.limitibus
3046 5598 3317 5656 abstinere
3356 5602 3448 5656 Η.
3524 5601 3588 5633 ³η
3616 5598 3788 5653 inieriml

613 5661 699 5715 9ο.
777 5656 847 5692 ³⁹⁸
876 5656 1179 5730 vegiculum
1203 5658 1256 5713 5.
1335 5658 1402 5690 ³⁸⁸
1439 5660 1519 5712 ita
1547 5659 1699 5714 codd.
1731 5677 1826 5732 pro
1851 5656 2137 5721 commode
2162 5666 2301 5737 quod
2324 5666 2519 5735 legitur
2541 5666 2598 5720 in
2629 5664 2775 5722 Hist.
2801 5669 2950 5721 mire.
