3876 6306
80 288 165 346 655
962 274 1333 332 CHRONICA.
1373 303 1447 313 -——
1476 268 1872 341 CHBONICON
1912 264 2369 329 UNIVERSALE.

3210 265 3319 327 θει

79 404 166 458 cim
195 396 471 456 catamitos
500 393 837 463 totidemque
880 391 1091 463 puellas
1109 389 1378 447 accubare
1430 387 1625 444 solitus
1656 391 1704 451 Α
1731 384 1981 442 Romano
2007 400 2104 440 rex
2126 382 2439 440 Iudaeorum
2462 376 2833 444 constituitur,
2856 377 3207 450 regnavitquc
3225 394 3320 435 an-

77 502 201 559 erat;
252 487 458 560 abjecta
486 499 706 558 quoque
745 498 919 541 uxore
964 499 1067 538 sua
1096 472 1417 545 Scribonia,
1441 494 1630 535 amore

79 582 295 653 conjugis
349 579 541 634 aliena
587 591 900 648 possessus,
953 574 1186 642 Libiam,
1233 573 1388 644 quasi
1431 570 1631 628 marito

78 673 394 739 concedente,
450 670 555 726 sibi
584 669 901 740 conjunxit;
934 667 1094 739 cujus
1123 666 1291 723 Libize
1329 665 1443 737 jam
1476 676 1633 725 erant

79 768 156 823 ﬁlii
182 765 384 822 Drusus
404 773 459 820 et
488 762 775 835 Tyberius.
807 761 1057 832 Cumque
1085 760 1485 817 esset'luxurize
1524 775 1635 816 ser-

78 862 235 927 viens,
279 864 396 914 erat
423 866 605 912 tamen
632 855 880 926 Ejusdem
904 855 1022 911 vitii
1054 853 1438 911 severissimus
1465 853 1631 923 ultor,

80 968 205 1010 more
257 950 542 1006 hominum
615 946 967 1019 quorundam
1048 946 1145 1017 qui
1198 946 1635 1015 injulciseendis

79 1045 199 1100 vitiis
236 1043 434 1114 quibus
465 1040 571 1112 ipsi
600 1040 951 1095 vehementer
972 1037 1256 1110 indulgent
1300 1054 1456 1097 acres
1482 1047 1630 1096 sunt.

80 1137 187 1191 Nam
214 1148 424 1206 poetam
451 1130 725 1199 Ovidium,
749 1131 845 1202 qui
865 1138 920 1185 et
937 1129 1104 1198 Naso,
1139 1145 1240 1202 pro
1263 1144 1331 1188 eo
1358 1131 1506 1202 quod
1526 1141 1636 1188 tres

80 1230 222 1285 libros
248 1227 379 1282 artis
430 1225 713 1281 amatoria:
746 1225 1065 1295 scripserat,
1095 1224 1434 1281 irrevocabili
1477 1223 1635 1280 dam-

82 1321 203 1375 navit
226 1318 401 1375 exilio.
436 1314 824 1372 Oblectabatur
850 1315 1015 1371 etiam
1034 1317 1184 1371 omni
1202 1330 1398 1389 genere
1418 1324 1635 1386 specta-

82 1411 311 1477 culorum,
337 1409 596 1480 precipue
623 1406 863 1462 ferarum
899 1406 1175 1478 incognita
1204 1407 1402 1478 specie.
1426 1438 1429 1439 ν

138 1500 290 1571 Hujus
326 1500 665 1570 temporibus
690 1498 880 1556 Romae
909 1500 1189 1570 sapientes
1216 1500 1459 1572 insignes
1481 1509 1638 1557 erant

84 1592 326 1663 Virgilius,
356 1589 617 1646 Horatius
647 1590 897 1658 Flaccus,
930 1590 1141 1657 Livius,
1175 1589 1469 1659 Salustius,
1505 1588 1635 1646 Ovi-

82 1686 207 1752 dius,
250 1678 602 1752 Hoz'tensius,
656 1683 1043 1739 Athenodorus
1096 1681 1410 1751 Tharseus,
1495 1682 1636 1740 Sitio

89 1776 475 1832 Alexandrinus.

87 1870 190 1918 Anni
211 1867 432 1931 Augusti.

141 1973 183 2025 l.
217 1972 365 2027 Anno
397 1971 567 2043 igitur
613 1971 1097 2044 septingentesimo
1148 1972 1363 2029 decimo
1387 1989 1419 2028 a
1447 1974 1637 2030 condi-

87 2065 205 2121 tione
226 2063 379 2120 Urbis
402 2064 738 2121 Octavianus
762 2065 949 2122 Caasar
970 2081 1199 2138 regnare
1227 2067 1411 2137 coepit,
1443 2082 1639 2138 regna-

88 2157 238 2227 vitque
268 2173 390 2213 cum
417 2156 660 2213 Antonio
682 2166 736 2213 et
754 2157 958 2228 Lepido
980 2158 1141 2213 annis
1159 2158 1245 2224 ΡΞ,
1273 2168 1460 2228 postea
1487 2160 1638 2216 solus

88 2248 159 2315 ll,
185 2249 269 2319 qui
312 2258 442 2305 sunt
471 2250 873 2321 quinquaginta
920 2265 1036 2306 sex.
1067 2249 1255 2307 Primo
1279 2261 1460 2306 autem
1492 2266 1638 2307 anno

87 2339 214 2406 jussu
260 2349 484 2397 senatus
528 2342 729 2397 bellum
760 2342 1053 2398 adversum
1099 2342 1397 2399 Antonium
1448 2346 1637 2413 movit,

90 2448 286 2504 eumque
315 2433 535 2490 devicit.
570 2432 772 2507 (Hisn).
801 2434 1004 2491 Eodem
1038 2450 1185 2490 anno
1221 2451 1346 2492 cum
1390 2438 1546 2492 multi
1581 2439 1640 2493 in

92 2525 310 2581 ultionem
337 2525 575 2583 Caesaris
606 2528 1002 2595 occiderentur,
1025 2527 1218 2584 Cicero
1238 2530 1292 2584 in
1308 2529 1641 2586 Phormiano

92 2629 173 2671 suo
192 2618 253 2673 ab
278 2616 553 2674 Herennio
583 2627 638 2673 et
674 2618 872 2674 Publio
893 2619 1112 2675 occisus
1139 2630 1247 2685 est,
1283 2635 1431 2677 armo
1463 2622 1641 2678 aetatis

93 2724 183 2763 sua:
207 2709 285 2765 64.
309 2708 515 2766 Eodem
541 2724 761 2781 quoque
790 2725 937 2765 anno
958 2708 1187 2768 Ovidius
1226 2711 1373 2769 Naso
1396 2713 1643 2769 nascitur

95 2799 135 2854 in
158 2799 372 2873 Peligne.

147 2892 193 2945 2.
227 2891 443 2950 Curtius
477 2893 732 2950 Salassus
760 2895 816 2950 in
855 2895 1035 2950 insula
1059 2895 1229 2952 Arato
1253 2910 1379 2952 cum
1406 2904 1643 2968 quatuor

95 2982 371 3041 cohortibus
419 2995 654 3043 exustus
691 2995 778 3043 est
808 2986 989 3055 vivus,
1017 3001 1087 3043 eo
1120 2987 1270 3058 quod
1295 2989 1495 3044 tributa
1519 3005 1644 3063 gra-

95 3074 191 3130 vius
208 3076 457 3148 exigeret.

149 3163 193 3218 5.
225 3163 574 3235 Octavianus,
599 3168 992 3225 interveniente
1012 3179 1227 3239 senatu,
1251 3168 1308 3225 in
1337 3170 1644 3227 amiciciam

96 3256 356 3325 regreditur
387 3274 518 3314 cum
545 3259 804 3316 Antonio.

149 3348 195 3401 4.
228 3348 549 3407 Comiﬁcius
577 3359 737 3421 poeta
780 3352 1029 3409 desertus
1055 3370 1087 3408 a
1133 3354 1396 3412 militibus
1417 3356 1641 3426 interiit,

94 3454 209 3509 quos
263 3457 387 3514 sepe
450 3442 724 3514 fugientes
778 3444 1018 3515 galeatos
1071 3447 1283 3517 lepores
1334 3450 1641 3520 appellavit.

98 3526 241 3600 Hujus
283 3549 443 3589 soror
474 3542 593 3589 erat
638 3533 953 3603 Corniﬁcia,
988 3535 1148 3607 cujus
1178 3537 1414 3609 insignia
1459 3548 1646 3595 extant

95 3630 474 3689 t‘plgrammata.

150 3709 195 3765 5.
229 3710 473 3772 Secunda
502 3715 744 3773 secessio
772 3702 1007 3773 Casaris
1027 3725 1094 3774 et
1109 3716 1355 3775 Antonii.

150 3803 194 3857 ﬁ.
228 3803 514 3864 Cornelius
580 3805 762 3879 Nepos
827 3809 1062 3882 scriptor
1103 3811 1413 3884 hystoricus
1461 3814 1645 3871 clarus

96 3891 311 3952 habetur.

154 3984 196 4041 7.
232 3987 483 4047 Formias
522 4006 649 4047 cum
686 3991 799 4048 ﬁlio
844 3992 1068 4049 Formio
1094 3993 1314 4064 claruit,
1358 3995 1456 4053 sed
1497 3996 1644 4054 ﬁlius

94 4079 363 4139 consularis
386 4092 515 4140 ante
539 4092 749 4155 patrem
774 4084 911 4142 obiit
929 4086 1019 4142 m.

149 4171 195 4227 8.
228 4174 425 4234 Brutus
449 4186 506 4234 et
531 4177 779 4247 Cassius,
808 4182 1023 4253 magnis
1050 4182 1384 4240 exercitibus
1417 4198 1645 4256 compa-

99 4264 223 4333 ratis,
236 4270 372 4338 apud
393 4270 642 4326 Athenas
667 4280 1062 4342 convenerunt,
1082 4281 1367 4346 totamque
1393 4274 1645 4332 Greciam

94 4351 368 4425 depopulati
390 4367 541 4415 sunt.
566 4358 717 4427 Quos
740 4359 926 4417 Caesar
959 4368 1016 4417 et
1040 4360 1333 4431 Antonius,
1353 4363 1535 4420 denuo
1558 4379 1648 4421 re-

1598 1814 1607 1820 _
1663 1747 1711 1808 B

1666 3092 1713 3157 C

1732 479 1821 535 nis
1855 478 1925 534 47
1945 478 2036 533 δυ’.
2061 475 2169 545 Qui
2198 485 2257 532 ut
2282 472 2565 533 seJudzeis
2585 471 2656 504 ‘°‘
2682 470 2857 544 magis
2880 471 3315 539 commendaret,

1733 587 1961 629 uxorem
2007 586 2187 639 suam,
2230 584 2353 641 quae
2379 566 2541 623 Dosis
2568 566 2885 632 vocabatur,
2910 565 2979 621 de
3007 580 3115 637 qua
3143 565 3314 621 ﬁlium

1733 665 1955 721 nomine
1995 664 2344 735 Antipatrum
2365 660 2578 728 habuit,
2605 659 2825 732 abjecit,
2851 668 2906 715 et
2937 660 3088 730 regio
3119 658 3318 715 semini

1734 772 1795 814 se
1839 757 2144 828 conjunxit,
2172 755 2448 826 accipiens
2468 752 2845 819 Mariamnem,
2876 751 3046 807 ﬁliam
3079 750 3318 807 Alexan—

1702 902 1706 906 Α
1733 849 1839 917 dri,
1875 849 1971 905 ﬁlii
1993 848 2317 915 Aristoboli,
2344 845 2530 902 fratris
2554 843 2792 917 Hyrcani
2814 842 3017 901 summi
3044 842 3320 913 pontiﬁcis

1734 952 1789 999 et
1819 942 1982 1014 regis,
2018 957 2184 1012 quam
2205 946 2587 1011 procreaverat
2620 938 2763 994 idem
2790 936 3095 995 Alexander
3119 950 3187 991 ex
3209 935 3320 989 ﬁlia

1735 1036 1971 1109 Hyrcani
1999 1035 2182 1108 patrui
2205 1036 2291 1093 sui
2319 1032 2425 1107 (Cf.
2451 1031 2609 1088 Htsn.
2635 1062 2707 1073 —-
2727 1031 2839 1087 Jos.
2869 1029 2945 1086 De
2976 1030 3028 1084 b.
3053 1028 3110 1085 Ι.
3138 1046 3178 1097 ι,
3204 1028 3316 1098 ll).

1805 1131 2012 1203 (Hum)
2052 1130 2137 1186 Ab
2159 1129 2266 1185 hoc
2298 1129 2468 1200 igitur
2507 1142 2673 1193 anno,
2704 1126 2800 1197 qui
2828 1133 2914 1181 est
2941 1125 3188 1181 decimus
3215 1120 3321 1178 Oc-

1736 1226 1941 1282 taviani
1970 1224 2205 1281 Caesaris
2230 1232 2285 1279 et
2304 1221 2465 1278 718ιιι
2497 1237 2529 1276 a
2557 1220 2873 1277 conditione
2901 1217 3085 1285 Urbis,
3108 1218 3178 1273 ab
3203 1217 3320 1272 ori-

1737 1319 1863 1390 gine
1919 1332 2052 1375 vero
2122 1315 2314 1372 mundi
2362 1322 2448 1395 ter
2498 1312 2824 1371 millesimus
2876 1310 3322 1383 nongentesimus

1735 1410 1887 1477 22M,
1933 1424 2163 1481 regnum
2196 1416 2251 1463 et
2293 1405 2662 1464 sacerdotium
2690 1402 3002 1460 Iudaeorum
3041 1418 3215 1473 usque
3264 1402 3322 1456 in

1737 1516 1964 1572 presens
2007 1510 2222 1572 tempus
2253 1498 2471 1566 defecit,
2514 1507 2570 1554 et
2605 1496 2868 1563 ehristus,
2901 1495 2953 1551 id
2980 1503 3066 1551 est
3095 1503 3319 1560 unctus,

1738 1609 1899 1665 quem
1945 1591 2229 1664 Scriptura
2274 1586 2527 1659 Dariielis,
2545 1587 2848 1661 signiﬁcat,
2881 1586 3043 1643 ﬁnem
3090 1585 3319 1657 accepit.

1741 1683 1891 1753 (Eus.
1919 1682 1993 1738 Η.
2017 1700 2064 1738 e.
2098 1700 2137 1750 ι,
2166 1684 2218 1739 5.
2241 1714 2313 1723 —
2332 1681 2491 1737 Hum.
2521 1680 2580 1737 in
2605 1680 2749 1736 Dan.
2781 1695 2830 1736 c.
2859 1679 2959 1750 ιχ.)
2982 1676 3119 1734 Nam
3147 1693 3325 1747 usque

1737 1775 1807 1833 ad
1835 1774 2171 1848 Hyrcanum,
2205 1773 2499 1830 Alexandri
2518 1771 2731 1828 Jamnei
2759 1771 2953 1838 ﬁlium,
2977 1769 3212 1841 iudices,
3235 1784 3324 1826 sa-

1735 1868 2007 1936 cerdotes,
2035 1883 2191 1939 reges
2217 1882 2314 1937 per
2350 1865 2731 1922 successiones
2760 1864 2963 1935 populo
3011 1862 3325 1920 Judaeorum

1736 1960 2088 2031 prefuerunt;
2120 1960 2218 2016 sed
2243 1959 2316 1993 ‘°'
2347 1957 2661 2030 Hyrcanum
2695 1956 2865 2013 frater
2909 1972 3044 2013 suus
3098 1956 3169 1989 ⁸⁰⁶
3197 1956 3325 2011 Ari-

1738 2053 1984 2109 stobolus
2008 2052 2075 2108 de
2096 2067 2268 2124 regno
2295 2051 2524 2122 expulit,
2539 2065 2704 2122 quem
2733 2049 3028 2120 Pompeius
3051 2048 3329 2104 Romano-

1738 2162 1862 2202 rum
1908 2145 2193 2217 princeps,
2246 2144 2464 2201 favente
2511 2144 2801 2214 Antipatro
2852 2142 3086 2199 Herodis
3143 2150 3325 2212 patre,

1739 2241 2001 2308 restituit,
2029 2238 2401 2297 Aristobolum
2426 2254 2556 2294 vero
2587 2238 2818 2294 Romam
2850 2237 3125 2308 captivum
3150 2236 3325 2292 duxit.

1726 2332 1992 2405 'Hyreano
2022 2342 2205 2388 autem
2234 2348 2331 2403 per
2351 2331 2644 2388 consilium
2691 2330 2970 2402 Antigoni,
3014 2329 3110 2384 ﬁlii
3142 2327 3331 2385 fratris

1741 2426 1826 2482 sui
1859 2425 2242 2493 Aristoboli,a
2273 2423 2493 2483 Parthis
2522 2432 2703 2496 capto,
2731 2423 3034 2493 eodemque
3072 2422 3142 2456 W
3168 2421 3332 2476 Anti-

1741 2533 1885 2590 gono
1922 2517 1979 2572 in
2024 2517 2147 2573 loco
2174 2518 2355 2588 patrui
2388 2518 2460 2573 ab
2501 2517 2708 2574 eisdem
2741 2515 2962 2572 Parthis
3009 2515 3328 2586 subrogato,

1741 2610 1838 2671 sed
1865 2622 1993 2664 mox
2013 2609 2205 2665 eodem
2232 2623 2265 2664 a
2287 2608 2552 2665 Romanis
2588 2623 2689 2664 seu
2725 2608 2795 2663 ab
2828 2606 3042 2664 Herode
3067 2616 3230 2678 capto
3276 2615 3333 2661 ct

1742 2698 2056 2767 interfecto,
2085 2699 2295 2772 (Ηιειι.)
2326 2699 2569 2756 Herodes
2590 2715 2779 2772 regum
2801 2700 3029 2770 accepit,
3059 2708 3114 2754 et
3133 2698 3332 2754 exinde

1741 2808 2087 2865 nequaquam
2119 2808 2218 2864 per
2269 2792 2674 2849 successionem
2708 2792 2926 2863 generis
2974 2790 3332 2848 sacerdotalis

1741 2885 2029 2955 pontiﬁces
2047 2885 2330 2941 constituti
2353 2893 2503 2953 sunt,
2517 2885 2613 2941 sed
2627 2884 2894 2957 ignobiles
2921 2883 3147 2955 quique,
3159 2891 3215 2939 et
3237 2883 3331 2938 alii

1741 2975 1853 3033 alio
1877 2985 2147 3048 tempore,
2171 2977 2421 3033 nonnulli
2445 2992 2576 3033 vero
2592 2991 2693 3048 per
2719 2977 2886 3032 unius
2925 2976 3057 3031 anni
3082 2976 3330 3046 spaciunt

1742 3067 1829 3122 vel
1889 3068 2164 3124 modicum
2226 3068 2463 3139 amplius
2529 3067 2898 3125 sacerdotium
2953 3077 3329 3124 emeruerunt.

1744 3157 1935 3230 Itaque
1967 3159 2211 3218 Herodes
2232 3161 2500 3218 Analeum
2522 3162 2820 3233 quendam,
2848 3161 2919 3217 de
2938 3160 3213 3234 Babylone
3244 3177 3334 3219 a3-

1742 3254 1917 3312 citum
1941 3297 1957 3324 ,
2007 3254 2322 3327 pontiﬁcem
2364 3255 2679 3322 constituit;
2725 3265 2851 3327 post
2892 3256 3153 3328 exiguum
3200 3272 3331 3312 vero

1744 3348 2011 3419 temporis
2037 3348 2435 3415 Aristobolum,
2464 3346 2688 3403 fratrem
2715 3348 2903 3404 uxoris
2928 3362 3044 3403 suae
3075 3346 3331 3403 Mariam--

1745 3441 1854 3508 nis,
1881 3450 2131 3513 nepotem
2160 3439 2397 3514 Hyrcani
2426 3458 2494 3498 ex
2523 3442 2655 3509 ﬁlia,
2687 3455 3064 3499 successorem
3083 3441 3138 3498 ei
3159 3439 3329 3498 dedit.

1744 3533 1869 3601 Quo
1887 3543 2011 3605 post
2036 3550 2243 3591 annum
2263 3534 2498 3591 consilio
2528 3534 2703 3606 ipsius
2724 3534 2957 3591 Herodis
2978 3534 3033 3590 in
3055 3549 3199 3606 aqua
3222 3534 3336 3591 suf-

1746 3623 1949 3693 focato,
1994 3642 2188 3683 rursus
2217 3626 2582 3683 sacerdotium
2609 3626 2842 3683 reddidit
2872 3624 3106 3693 Analeo;
3144 3626 3335 3697 sicque

1744 3732 1843 3788 per
1868 3718 2114 3775 diversas
2154 3718 2533 3776 successiones
2561 3727 2950 3775 extraneorum
2990 3719 3046 3773 in
3073 3718 3333 3775 sacerdo-

1743 3807 1872 3864 talis
1894 3809 2247 3866 successione
2270 3808 2484 3882 generis
2503 3808 2877 3869 sacerdotium
2900 3808 3101 3865 defecit
3118 3807 3336 3864 Judaeu—

1744 3914 1890 3955 rum.
1924 3898 2057 3967 Quae
2084 3899 2270 3955 omnia
2315 3901 2394 3956 ita
2422 3908 2654 3957 ventura
2684 3900 2914 3973 angelus
2962 3899 3172 3956 Danieli
3211 3915 3337 3971 pre-

1744 3990 1882 4048 dixit
1909 3990 1967 4046 in
1996 3992 2115 4048 haec
2133 3992 2301 4048 verba
2336 4010 2351 4047 :
2389 4012 2409 4045 ‹
2441 3991 2510 4049 Et
2537 3993 2679 4051 scies
2695 4002 2752 4049 et
2774 3992 3055 4063 intelleges
3077 3991 3149 4048 ab
3170 3991 3336 4048 inicio

1745 4083 2018 4142 sermonis
2038 4083 2404 4155 respondendi
2415 4094 2468 4141 et
2481 4084 2784 4141 aediﬁcandi
2804 4083 3142 4140 Hierusalem
3158 4099 3337 4155 usque

1746 4174 1816 4232 ad
1842 4174 2122 4231 Christum
2153 4175 2350 4232 ducem
2368 4176 2684 4232 ebdomada:
2703 4184 2912 4247 septem
2932 4184 2987 4231 et
3011 4175 3102 4243 62,
3131 4184 3187 4231 et
3211 4184 3339 4246 post

1746 4268 2078 4325 ebdomadas
2095 4276 2302 4339 septem
2325 4276 2382 4325 et
2405 4267 2476 4323 62
2497 4267 2741 4326 interibit
2762 4267 2985 4336 crisma,
3003 4276 3059 4324 et
3064 4267 3337 4340 judicium

1744 4376 1857 4419 non
1880 4361 2005 4429 erit,
2027 4369 2084 4418 et
2101 4362 2367 4434 templum
2390 4371 2447 4419 et
2465 4370 2718 4420 sanctum
2731 4369 3049 4433 corrumpet
3076 4360 3334 4432 populus,

94 4447 358 4517 conciliati,
382 4451 439 4505 in
460 4449 834 4507 Macedoniam
856 4453 1131 4523 persecuti
1163 4462 1295 4511 sunt
1316 4462 1374 4511 et
1396 4455 1467 4512 ad
1494 4471 1647 4513 mor-
1674 4440 1730 4505 Β
1750 4454 1891 4512 duce
1940 4454 2211 4512 veniente.
2251 4474 2271 4508 ι
2305 4454 2374 4512 Ει
2408 4454 2638 4527 reliqua.
2695 4455 2864 4528 Igitur
2906 4462 3113 4526 septem
3157 4461 3215 4509 et
3265 4452 3338 4508 62
3406 4442 3419 4452 ’

96 4542 184 4589 tetu
235 4542 642 4611 compulerunt;
690 4556 821 4596 nam
869 4543 927 4597 in
963 4541 1402 4614 desperationem
1434 4545 1647 4615 adacti,

1746 4547 2085 4617 ebdomadae,
2120 4563 2245 4620 qua:
2266 4548 2432 4606 simul
2460 4548 2601 4605 ﬁunt
2645 4547 2737 4616 69,
2762 4546 2973 4605 faciunt
2995 4561 3172 4604 annos
3206 4544 3336 4612 483,

96 4623 414 4688 immaturam
440 4632 548 4689 sibi
569 4640 799 4689 mortem
823 4642 951 4691 ante
976 4634 1105 4691 belli
1132 4636 1428 4693 terminum
1451 4637 1651 4695 intule-
1748 4642 1806 4698 in
1832 4641 2035 4713 quibus
2063 4641 2278 4710 christi,
2325 4642 2380 4699 id
2410 4650 2496 4699 est
2545 4641 2857 4699 sacerdotes
2884 4656 2984 4712 per
3018 4639 3335 4696 unctionem

97 4728 218 4775 runt.
230 4720 472 4782 Invitatis
485 4725 688 4797 quippe
700 4726 768 4759 ⁸⁸⁸
786 4727 1205 4796 percussoribus
1216 4726 1447 4787 Cassius
1459 4739 1644 4802 caput,

97 4804 305 4865 lat-5*
334 4813 807 4887 Βηωινηδιίι.

152 4902 199 4956 9.
234 4902 1655 4983 VWMMVWEWM

96 4984 142 5041 ίη
166 4988 457 5064 Capadocia
492 4998 744 5054 moritur.

154 5081 231 5138 10.
266 5084 505 5147 Herodes
556 5090 879 5163 alienigena,
923 5093 1070 5152 ﬁlius
1100 5094 1375 5168 Antipatri
1414 5096 1646 5155 Ydumei

97 5179 143 5224 et
176 5174 413 5250 Cypridis
454 5182 713 5252 Arabiae,
749 5185 1013 5243 suadente
1054 5188 1328 5259 Antonio,
1374 5205 1407 5245 a
1450 5201 1643 5247 senatu

463 5450 508 5495 ο.
602 5438 672 5474 ⁸⁸³
715 5442 858 5497 deest
880 5442 965 5498 9°.
1067 5441 1137 5475 ⁸⁰²
1172 5442 1315 5497 deest
1346 5443 1399 5497 5.

1746 4733 2074 4802 consecrati,
2099 4742 2467 4806 regnaverunt
2489 4734 2560 4790 ab
2580 4732 2980 4788 instauratione
3010 4729 3197 4801 templi
3231 4728 3337 4784 sub

1745 4823 1917 4882 Dario
1944 4839 2121 4897 usque
2144 4824 2212 4880 ad
2238 4822 2571 4896 Hyrcanum,
2593 4823 2651 4878 in
2681 4837 2793 4893 quo
2810 4820 3113 4879 novissimo
3133 4818 3336 4876 crisma

1706 4970 1709 4971 ν
1753 4918 2191 4975 etsacerdoeium
2200 4916 2739 4973 defecitJudaeorum.
2756 4913 2937 4987 (Ηιειι.
2952 4914 3008 4968 in
3019 4912 3161 4968 Dan.
3174 4909 3335 4981 cas.)

1749 5009 2289 5081 causamantea:
2311 5024 2344 5064 a
2369 5007 2702 5079 perfectione
2722 5006 2929 5077 templi,
2961 5007 3067 5062 hoc
3102 5013 3187 5061 est
3211 5002 3282 5035 ⁸⁰⁸
3304 5018 3336 5056 a

1753 5110 1911 5158 sexto
1960 5101 2115 5158 Darii
2160 5116 2329 5170 mne,
2366 5115 2542 5171 usque
2585 5099 2653 5155 ad
2694 5100 2768 5134 δυ’
2814 5099 3070 5156 decimun
3101 5095 3334 5169 Augusti

1750 5207 1956 5249 annum
2007 5202 2214 5264 septem
2248 5202 2304 5249 et
2349 5191 2421 5248 62
2463 5190 2797 5261 ebdomadae,
2844 5192 2899 5247 id
2925 5200 3011 5248 est
3041 5191 3170 5246 anni
3200 5189 3328 5256 485,

1393 5325 1629 5383 VARIIE
1658 5327 2062 5387 LECTIONES.

1516 5442 1586 5476 ιω
1619 5442 1883 5501 xxxv".
1928 5446 1985 5503 5.
2044 5446 2471 5504 xxxxvnnb.
2560 5446 2632 5479 κοί
2686 5446 2724 5501 i.
2758 5462 2815 5502 se
2844 5447 2895 5502 5.
3000 5446 3070 5478 κου
3100 5445 3242 5501 deest
3267 5440 3327 5501 9c

380 5550 394 5564 .
470 5510 539 5544 ⁸⁸⁷
562 5512 755 5568 eodem
801 5513 886 5568 9ο.
927 5513 1012 5567 ll.
1092 5511 1161 5544 ⁸⁰⁸
1191 5512 1295 5568 hoc
1327 5522 1411 5569 est
1466 5513 1574 5568 des.
1610 5515 1694 5568 9ο.

1772 5516 1841 5548 ’⁸³⁸
1867 5516 2010 5571 deest
2059 5519 2112 5574 5.

1580 5646 1809 5706 ΝΟΤΙΕ.

158 5726 293 5801 (ἓιὸ)
326 5732 409 5789 Cf.
439 5737 626 5795 eadem
655 5738 822 5795 verba
863 5754 1028 5810 supra
1056 5737 1159 5793 col.
1201 5739 1326 5794 554.
1392 5788 1395 5791 .
