3876 6306
582 264 689 321 655

1752 262 2147 323 EKKEHARDI
2187 270 2649 333 URAUGIENSIS
3659 273 3727 331 στοϐ

581 387 988 451 computentur,
1014 380 1094 436 sic
1116 394 1412 450 possumus
1446 377 1766 449 approbare.
1802 378 2166 451 Sexagesima
2192 388 2238 447 Α
2268 388 2546 444 sedentem
2571 430 2586 453 ,
2637 402 2668 441 a
2717 379 3092 439 fundamentis
3136 377 3430 446 suscitans.
3461 381 3508 436 in
3547 384 3728 444 δωαει

579 482 748 530 sexta
767 471 1093 544 Olympiadis
1121 487 1267 527 anno
1296 472 1494 542 primo,
1536 471 1640 525 hoc
1671 484 1756 525 est
1798 469 1946 526 Darii
1986 480 2160 540 sexto,

579 565 848 637 completa
878 572 984 620 est
1028 564 1214 636 templi
1241 562 1551 629 adiﬁcatio,
1581 572 1636 618 et
1683 562 1786 616 186
1842 562 2165 643 olympiadis

580 667 729 712 anno
772 656 1033 723 secunde,
1078 654 1130 711 id
1171 662 1255 711 est
1280 655 1509 727 Augusti
1531 655 1764 719 decimo,
1795 653 2035 711 Herodes
2073 672 2163 711 re-

564 766 752 822 gnum
781 751 1019 821 suscepit
1041 749 1373 814 Judaorum,
1408 750 1462 803 in
1488 749 1690 819 quibus
1710 748 1847 802 fiunt
1872 749 2002 802 anni
2035 748 2162 817 485,

580 857 673 914 per
711 843 955 915 singulas
987 843 1321 915 olympiades
1347 841 1709 912 quadriennio
1740 840 2052 910 subputato.

643 945 768 995 Anni
795 945 1005 995 Herodis
1023 947 1177 1007 regis.

598 1045 604 1053 λ
652 1027 740 1081 11.
782 1027 831 1081 1.
877 1025 1083 1098 (Ηιειι.)
1117 1020 1390 1081 Salustius
1436 1024 1574 1079 obiit
1626 1023 1987 1093 quadnennio
2039 1030 2167 1077 ante

580 1118 781 1174 bellum
808 1119 1109 1174 Actiacum.
1137 1117 1307 1172 Luna
1328 1131 1526 1171 cursus
1549 1114 1851 1170 secundum
1885 1112 2163 1169 Romanos

580 1213 686 1269 hoc
713 1227 859 1267 anno
880 1210 1133 1265 inventus
1159 1217 1263 1263 est.

651 1302 740 1358 l2.
779 1302 834 1355 2.
877 1300 1149 1355 Antonius
1174 1297 1474 1369 Cleopatra
1496 1296 1741 1366 junctus,
1791 1296 1870 1349 illi
1903 1295 2163 1351 Arabiam

570 1393 747 1448 dedit.

651 1485 739 1539 15.
783 1485 836 1538 5.
877 1482 1159 1539 Octaviani
1207 1491 1263 1537 et
1308 1481 1528 1537 Antonii
1580 1480 1762 1535 tercia
1799 1479 2163 1535 dissensionis

579 1575 886 1641 exurdium,
928 1589 996 1629 eo
1024 1575 1171 1644 quod
1193 1574 1483 1639 Antonius,
1515 1573 1793 1643 repudiata
1822 1585 2013 1627 sorore
2044 1570 2163 1625 Ca-

581 1668 746 1734 saris,
775 1665 1021 1723 duxisset
1046 1666 1409 1737 Cleopatram.

2264 480 2495 552 Augusti
2520 478 2850 543 Sebastiam,
2876 475 2929 531 id
2955 483 3039 529 est
3073 475 3395 544 Augustam,
3416 476 3660 545 appellavit

2333 572 2422 627 29.
2466 572 2553 627 19.
2595 570 2655 625 ln
2700 568 2880 641 Cypro
2927 566 3290 638 plurimarum
3333 565 3578 622 civitatum
3610 584 3731 639 partu

2255 671 2567 719 terremotu
2583 662 2916 718 ceciderunt.

2333 752 2423 811 50.
2462 754 2553 810 26.
2594 750 2774 809 Varus
2803 761 2858 809 et
2909 749 3110 816 Tucca,
3140 741 3349 821 Virgilii
3393 758 3443 804 et
3465 748 3732 807 Horatium-

2266 847 2596 914 tubcrnales,
2613 854 2786 917 poeta
2807 845 3078 899 habentur
3092 842 3351 907 illustres,
3371 842 3604 912 quilibros
3615 842 3734 899 diuti-

2263 940 2372 995 don
2422 946 2610 1009 postea"
2645 936 3019 994 emendandos
3067 943 3422 1004 susceperunt
3446 936 3517 990 ab
3547 935 3733 1006 Augusto,

2250 1048 2327 1086 ea
2358 1032 2475 1103 lege
2507 1039 2569 1086 ut
2592 1030 2762 1086 nichil
2783 1030 2851 1085 de
2878 1043 2982 1083 suo
3008 1026 3293 1082 adderent.

2334 1124 2421 1178 51.
2463 1123 2552 1179 21.
2591 1123 2828 1194 Agrippa
2854 1119 3201 1190 Bosphorum
3231 1117 3390 1188 cepit.

2334 1215 2422 1270 52.
2462 1216 2549 1269 22.
2591 1214 2872 1286 Augustus
2898 1228 2938 1267 ea
2963 1220 3155 1268 senatu
3182 1211 3452 1265 maximus
3464 1206 3736 1278 pontifex»

2264 1308 2525 1362 minatur.

2332 1400 2422 1453 55.
2463 1398 2554 1452 25.
2585 1390 2835 1452 Herodes
2859 1391 3168 1450 Casaream
3198 1392 3421 1447 nomine
3439 1389 3736 1447 Casariscnt-
3808 1390 3809 1393 “

2262 1488 2418 1556 didit,
2453 1502 2576 1559 qua
2604 1488 2756 1558 prius
2791 1487 2959 1542 turris
2986 1485 3259 1540 Stratonis
3279 1483 3569 1539 vocabatur.

2333 1583 2422 1637 54.
2458 1581 2547 1636 2-1.
2590 1577 2850 1635 Horatius
2903 1577 2995 1633 57°
3040 1576 3219 1632 atatis
3267 1589 3384 1629 sua
3426 1585 3556 1628 anno
3581 1572 3739 1627 moritur

2258 1671 2470 1727 Roma.

652 1760 744 1814 14.
781 1760 833 1813 4.
874 1757 1087 1814 Nicetes
1126 1767 1183 1814 et
1210 1758 1528 1814 Theodorus
1569 1759 1853 1816 re‘thorica:
1873 1760 2156 1830 artispre-
2184 1748 2235 1808 Β
2332 1762 2422 1817 55.
2461 1760 2553 1816 25.
2591 1757 2770 1816 Julius
2797 1750 3067 1832 Hyginus,
3111 1765 3470 1829 cognomento
3495 1756 3737 1828 polyhystor.

583 1857 830 1921 ceptores
864 1850 1149 1906 habentur.

653 1942 739 1998 15.
781 1943 834 1997 5.
873 1941 1142 1998 Antonius
1193 1952 1249 1998 et
1290 1943 1575 2013 Cleopatra
1597 1951 1771 1998 semet
1807 1944 2159 2011 interficiunt,

582 2037 638 2085 et
668 2029 934 2103 Egyptns
960 2032 1021 2085 fit
1048 2030 1298 2087 Romana
1349 2032 1653 2104 provincia,
1676 2033 1731 2087 in
1758 2048 1866 2103 qua
1890 2033 2164 2103 usquead

582 2123 651 2154 “°
679 2121 1024 2192 Cleopatram
1056 2133 1421 2195 regnaverunt
1450 2125 1545 2194 qui
1579 2125 1919 2179 vocabantur
1948 2124 2164 2195 Lagida

582 2214 743 2271 annis
771 2214 878 2269 275
898 2213 988 2283 ⁸η,
1010 2215 1129 2286 ipsa
1160 2230 1299 2271 vero
1327 2216 1575 2287 regnavit
1597 2216 1756 2272 annis
1782 2216 1875 2283 22,
1907 2217 2002 2286 qui
2027 2216 2166 2270 fiunt

581 2304 713 2358 anni
737 2304 955 2360 ducenti
982 2305 1281 2377 nonaginta
1321 2304 1589 2381 quinque.

654 2395 743 2450 16.
778 2395 831 2451 6.
871 2395 1148 2468 Nicopolis
1186 2398 1344 2469 juxta
1416 2399 1634 2454 Actium
1682 2398 2163 2468 promunctorium

581 2487 800 2544 condita
828 2495 933 2544 est.

652 2583 741 2639 17.
783 2584 835 2640 7.
872 2583 1494 2643 “'Gctavianusﬂasar
1512 2586 1864 2657 cum-ingenti
1887 2586 2167 2656 triumpho

591 2675 822 2732 Romam
844 2676 1127 2749 ingressus
1157 2688 1271 2747 est,
1305 2680 1485 2735 ductis
1513 2689 1638 2734 ante
1660 2694 1883 2734 currum
1904 2678 2025 2748 ejus
2043 2678 2170 2733 (iliis

587 2765 911 2838 Cleopatra,
941 2766 1068 2823 Sole
1086 2778 1142 2824 et
1164 2769 1343 2837 Luna,
1371 2769 1673 2840 eodemque
1692 2769 1781 2824 die
1797 2770 1884 2824 sui
1903 2768 2167 2839 triumphi

579 2870 781 2916 nomen
827 2860 1039 2930 accepit
1079 2862 1331 2935 Augusti.
1358 2860 1566 2918 Eodem
1603 2876 1752 2916 anno
1795 2859 2012 2915 Marcus
2036 2859 2167 2916 Ter-

577 2953 792 3009 rentius
844 2948 986 3008 Varo
1014 2952 1390 3026 pbylosophus
1416 2969 1593 3026 prope
1622 2953 2027 3025 nonagenarius
2049 2967 2169 3007 mo-

579 3046 737 3101 ritur.

652 3140 740 3195 18.
779 3140 834 3195 8.
867 3139 1155 3196 Cornelius
1177 3138 1365 3194 Gallus
1390 3138 1785 3208 Forejuliensis
1804 3146 1987 3209 poeta,
2004 3137 2164 3207 cujus

580 3226 849 3302 Virgilius
872 3231 1121 3287 meminit
1144 3231 1202 3286 in
1218 3231 1408 3302 egloga
1428 3230 1641 3297 ultima,
1670 3230 1765 3301 qui
1786 3239 1841 3285 et
1864 3228 2165 3300 JEgyptum

583 3322 639 3377 in
672 3322 1012 3394 provinciam
1034 3322 1310 3377 redactam
1333 3322 1544 3392 primus
1567 3323 1727 3389 rexit,
1748 3322 1842 3376 αμα
1855 3321 2032 3377 atatis
2051 3336 2168 3377 sua

573 3429 730 3469 anno
747 3414 972 3485 propria
994 3429 1159 3469 manu
1185 3429 1246 3470 se
1269 3412 1559 3469 interfecit.

655 3506 743 3561 l9.
785 3505 838 3561 9.
896 3506 1178 3576 Augustus
1216 3504 1527 3561 Calabriam
1564 3514 1619 3561 et
1653 3504 1836 3562 Gallos
1873 3505 2165 3576 vectigales

575 3596 736 3653 fecit.

653 3685 746 3741 20.
791 3686 878 3741 l0.
897 3685 1117 3743 Marcus
1145 3685 1374 3741 Guatius
1394 3684 1970 3753 Plaucius,Ciceronis
1998 3684 2166 3741 disci-

574 3778 772 3849 pulus,
829 3785 1018 3833 orator
1066 3778 1300 3849 insignis
1355 3778 1608 3846 habetur,
1640 3778 1735 3849 qui
1775 3793 1904 3833 cum
1936 3777 2165 3834 Galliam

580 3876 858 3925 comatum
900 3877 1132 3940 regeret,
1167 3868 1493 3942 Lugdunum
1520 3870 1787 3925 condidit.

2260 1853 2656 1925 grammaticus
2684 1853 2922 1908 habetur
2951 1851 3200 1907 illustris.
3588 1851 3596 1855 ’
3808 1854 3809 1915 1

2330 1946 2419 2001 56.
2460 1945 2550 2000 26.
2592 1943 2832 2000 Herodes
2857 1941 3194 2014 Hyrcanum,
3224 1937 3324 2012 qui
3350 1937 3476 1996 olim
3499 1938 3740 1996 saretdmu

2262 2055 2358 2094 rex
2411 2036 2726 2093 Judaorum
2773 2035 2982 2093 fuerat.
3023 2051 3192 2091 causa
3241 2034 3389 2089 illius
3431 2033 3648 2088 amicicia
3672 2031 3741 2100 pri-

2261 2132 2419 2187 stina
2449 2130 2570 2200 ipso
2593 2127 2906 2199 rogantem
2933 2128 3001 2183 de
3025 2127 3343 2198 captivitate
3379 2140 3639 2197 regressum
3659 2122 3743 2175 Par-

2262 2224 2432 2291 thica,
2459 2221 2680 2288 occidit,
2708 2230 2960 2276 metuens
2988 2234 3058 2275 ne
3082 2218 3355 2288 reciperet
3384 2232 3602 2288 regnum.

2334 2314 2423 2369 '57.
2461 2313 2551 2367 27.
2594 2310 2836 2367 Herodes
2905 2310 3313 2375 Aristobolum,
3379 2308 3577 2363 fratrem
3620 2304 3742 2359 uxoris

2262 2421 2378 2461 sua
2406 2404 2744 2470 Mariamuis,
2777 2402 3036 2459 sull‘ocari
3068 2402 3236 2473 jussit
3266 2400 3377 2470 (Cf.
3404 2399 3508 2455 Jos.
3533 2414 3603 2464 xv,
3624 2398 3679 2466 ὅ).

2335 2496 2425 2553 58.
2461 2495 2552 2551 28.
2595 2488 2803 2566 (illam)
2835 2493 3122 2566 Tyberius,
3161 2493 3398 2563 Augusti
3422 2486 3743 2564 privignus,scd
3808 2478 3809 2545 ἕ

2260 2589 2373 2659 jam
2403 2588 2460 2642 in
2486 2587 2655 2642 ﬁlium
2686 2587 2996 2657 adoptatus,
3020 2585 3215 2641 deletis
3238 2584 3541 2651 Vindelicis,
3808 2580 3809 2657 1

2264 2690 2317 2735 et
2338 2678 2658 2745 Pannoniis,
2680 2678 3058 2748 triumphavit.
3808 2684 3809 2748 ξ

2335 2771 2425 2826 59.
2463 2769 2553 2825 29.
2591 2770 2869 2840 Augustus
2897 2766 3094 2822 Juliam
3120 2767 3286 2821 tiliam
3320 2781 3470 2822 suam
3497 2765 3544 2819 in
3565 2760 3747 2819 adsiluit

2265 2862 2658 2933 deprehensam
2685 2861 2967 2916 damnavit
2989 2859 3172 2915 exilio.
3205 2858 3429 2914 Marcus
3447 2857 3622 2912 Tullius
3638 2853 3744 2924 Tm.

2259 2955 2549 3012 Ciceronis
2576 2954 2838 3021 libertus,
2869 2952 2967 3024 qui
3001 2952 3214 3024 primus
3254 2961 3421 3007 notas
3451 2953 3747 3005 commentam
3808 2952 3809 3005 ζ

2266 3058 2372 3116 est,
2397 3050 2452 3103 in
2466 3047 2767 3103 Puteolano
2786 3045 2980 3117 predie
2996 3058 3174 3116 usque
3195 3044 3264 3099 ad
3284 3052 3502 3098 centum
3517 3053 3657 3095 annos
3668 3051 3748 3090 con-

2265 3155 2583 3207 senescens,
2609 3137 2862 3194 moritur.

2332 3232 2422 3287 40.
2460 3230 2548 3286 50.
2593 3230 2816 3286 Portius
2857 3228 3023 3284 Latro
3044 3227 3275 3283 Latinus
3306 3227 3611 3283 declamator
3644 3218 3749 3273 talio

2262 3324 2497 3395 duplicis
2523 3331 2808 3394 quartana
2831 3337 2893 3378 se
2916 3320 3207 3383 interfecit.
3291 3333 3305 3342 °

2333 3417 2422 3471 41.
2463 3416 2552 3470 51.
2592 3414 2689 3487 (Η.
2716 3414 2816 3487 m.)
2867 3413 3090 3470 Cirinus
3137 3428 3208 3469 ex
3260 3410 3491 3468 consilio
3516 3400 3748 3465 suntsed
3808 3472 3809 3479 γ

2260 3502 2502 3564 Judaam
2526 3507 2753 3575 missus,
2779 3521 2981 3578 census
3009 3505 3298 3561 hominum
3331 3502 3749 3576 possessionuqu
3808 3510 3809 3575 ξ

2262 3600 2569 3671 descripsit.
2629 3598 2912 3672 Augustus
2946 3613 3098 3664 vero,
3143 3596 3537 3651 habitatoribus
3572 3590 3750 3644 Romani
3808 3584 3809 3629 ι

2262 3695 2415 3750 urbis
2436 3690 2716 3765 perfaoies
2735 3688 3579 3760 dinumeratisﬁnvenitvirerum
3594 3675 3750 3746 ISIN

2264 3785 2489 3858 triginta
2518 3792 2747 3854 septem.

2332 3879 2422 3934 42.
2463 3877 2553 3933 52.
2590 3876 2875 3948 Augustus
2911 3874 3099 3933 Casar
3150 3872 3244 3932 42°
3303 3874 3516 3947 itnperii
3546 3869 3615 3928 sui
3639 3876 3748 3921 an
3808 3892 3809 3909 ι

480 4416 495 4429 ’
583 4426 923 4481 Armeniam.

653 3963 744 4017 2i.
783 3963 871 4018 ll.
890 3961 1190 4029 Quintilius
1217 3961 1626 4031 Cremonensis,
1652 3961 1868 4035 Virgilii
1888 3970 1944 4019 et
1955 3961 2165 4019 Horatii

582 4055 654 4089 ⁸⁸³
677 4055 910 4122 amicus,
939 4055 1191 4111 moritur.

650 4148 741 4203 22.
787 4148 872 4202 l2.
910 4146 1138 4219 Pylades
1166 4147 1321 4202 Cilex
1333 4148 1711 4218 pantomimus
1738 4146 1952 4218 primus
1979 4145 2166 4202 Romae

580 4242 811 4297 chorum
836 4248 892 4296 et
924 4240 1166 4297 ﬁstulam
1200 4240 1304 4297 sibi
1334 4241 1615 4310 precinere
1640 4238 1787 4295 fecit.

572 4382 575 4389 ,
650 4334 742 4388 25.
786 4334 872 4389 15.
911 4327 1177 4406 Tyberius
1208 4334 1288 4389 ab
1330 4334 1582 4405 Auguste
1634 4334 1839 4390 missus
1878 4332 2167 4404 occupavit

2264 3969 2359 4042 qui
2402 3978 2487 4026 est
2512 3967 2757 4025 abUrbe
2786 3969 3010 4025 condita
3045 3967 3234 4035 750“,
3263 3968 3340 4025 ab
3367 3967 3564 4023 oriente
3584 3963 3629 4017 in
3653 3954 3749 4011 οεόο
3808 3990 3809 4007 η

2264 4064 2504 4129 dentem,
2548 4078 2579 4117 θ
2611 4061 2983 4132 septentrione
3012 4062 3070 4116 in
3107 4061 3418 4128 meridiem,
3451 4073 3511 4115 ac
3531 4070 3612 4127 per
3636 4058 3749 4105 tot!!!
3808 4082 3809 4085 η

2265 4155 2455 4211 oceani
2479 4155 2772 4222 circulum,
2802 4170 2915 4225 quo
2934 4152 3244 4210 Romanum
3266 4153 3511 4224 pervenit
3527 4143 3750 4217 impuiﬂ.

2264 4247 2483 4303 cunctis
2512 4246 2767 4317 gentibus
2798 4261 2911 4303 una
2942 4260 3077 4316 pace
3114 4245 3459 4315 compositis,
3498 4238 3601 4295 Jani
3628 4240 3751 4304 μηδ
3808 4242 3809 4301 ξ

2266 4338 2438 4395 tercio
2472 4338 2589 4408 ipse
2630 4337 2849 4403 clausit,
2875 4352 3017 4407 quas
3060 4343 3266 4391 extune
3316 4351 3416 4407 per
3444 4333 3506 4389 l2
3531 4330 3753 4386 lenm

1941 4476 1944 4481 .
2200 4451 2245 4505 υ
2264 4431 2614 4501 quietissime
2637 4443 2854 4500 semper
2875 4429 3161 4485 obseratas
3177 4428 3305 4483 ocio
3329 4429 3444 4498 ipsa
3465 4424 3607 4480 etiam
3625 4412 3755 4480 fuit“

653 4520 745 4574 24.
789 4520 876 4574 14.
930 4516 1172 4573 Herodes
1226 4517 1371 4588 apud
1407 4512 1826 4575 Hierosolimam
1869 4526 2073 4573 multas
2111 4527 2167 4573 et
2266 4523 2533 4594 signavit;
2569 4537 2673 4577 nec
2694 4536 2958 4592 umquam
2975 4528 3192 4590 postea,
3216 4520 3329 4576 nisi
3357 4519 3463 4575 sub
3482 4524 3675 4572 eum
3696 4516 3752 4558 κ’

583 4622 815 4683 magnas
835 4609 981 4666 πάθε
1001 4609 1329 4664 εοηδιτωιίι·
2268 4621 2487 4671 nectute
2536 4612 2799 4685 Augusti,
2832 4612 3086 4683 pulsante
3118 4610 3530 4667 Atheniensium
3569 4597 3755 4660 sedili”
3808 4610 3809 4679 Ῐ

649 4705 741 4759 25.
786 4704 869 4758 l5.
911 4700 1173 4774 Virgilius
1201 4701 1496 4758 Brundusii
1526 4702 1780 4772 moritur,
1802 4712 1858 4758 et
1883 4700 2164 4775 Neapolim
2267 4715 2321 4763 et
2347 4704 3011 4777 Dacorumcommotione
3038 4712 3353 4775 patuerunt.
3380 4700 3477 4775 (Η.
3508 4697 3592 4765 ιι.)
3610 4686 3754 4748 CW
3808 4756 3809 4767 χ

582 4794 935 4863 transfertur,
971 4794 1131 4865 cujus
1167 4794 1412 4850 tumulus
1451 4794 1523 4827 δίε
1567 4794 1882 4864 hujusmodi
1923 4803 2163 4862 notatur,
2273 4799 2439 4869 igitur
2486 4797 2610 4852 Jani
2658 4797 2730 4829 “⁸
2757 4797 2968 4868 portis,
2997 4812 3115 4852 rem
3160 4797 3469 4867 publicam,
3511 4779 3756 4863 quam”
3808 4788 3809 4855 ἰ

582 4902 748 4956 quem
771 4887 892 4958 ipse
913 4928 929 4955 ,
978 4895 1038 4942 ut
1077 4886 1265 4954 aiunt,
1298 4887 1540 4942 moriens
1573 4887 1801 4943 dictavit
1835 4907 1848 4942 :
2270 4888 2580 4957 quesierat',
2606 4896 2741 4958 pace
2774 4886 2989 4942 nutrire
3030 4893 3196 4956 atque
3235 4884 3558 4957 ampliﬁcare
3583 4872 3754 4935 sum

692 4978 915 5034 Mantua
940 4996 1021 5034 me
1042 4980 1240 5052 genuit,
1256 4978 1476 5035 Calabri
1498 4996 1737 5051 rapuere,
1764 4989 1897 5036 tenet
1923 4997 2061 5035 nunc
2270 4980 2418 5051 leges
2442 4979 2650 5050 primus
2670 4979 2881 5046 statuit,
2897 4994 3147 5050 perquas
3162 4993 3342 5050 genus
3360 4964 3755 5052 bumaan

764 5047 1133 5143 Parthenope;
1161 5073 1323 5127 ι·ρεὶκὶ
1346 5047 1568 5143 pascua,
1599 5089 1746 5139 rura,
1775 5073 1954 5128 duces.
2269 5047 2580 5129 reverentia
2609 5086 2819 5128 morem
2849 5047 3089 5143 gererem
3262 5083 3401 5125 vero
3426 5058 3612 5123 domini
3631 5047 3754 5124 φίλ’

653 5160 745 5217 26.
787 5162 874 5217 16.
912 5144 1154 5220 Herodes
1183 5165 1240 5219 in
1287 5163 1540 5220 Paneade
1567 5164 1622 5221 id
1647 5164 1794 5236 quod
1819 5165 2033 5223 Panum
2076 5180 2170 5220 vo-
2264 5162 2526 5219 lationem
2581 5173 2643 5220 ut
2688 5164 2855 5219 homo
2908 5163 3220 5220 declinavit.
3282 5161 3419 5219 Nam
3447 5159 3614 5216 eodem
3654 5144 3755 5203 1³⁸⁸⁵
3808 5154 3809 5236 ὲ

583 5261 745 5309 catur
774 5255 1065 5310 exstruxit.
2265 5265 2567 5328 spectante,
2605 5271 2731 5312 cum
2754 5255 2977 5327 quidam
3004 5258 3209 5312 mimus
3232 5254 3628 5328 pronunciaret:
3650 5238 3752 5297 οδ*

654 5348 746 5403 27.
788 5346 876 5402 17.
916 5347 1207 5431 Augustus.
1226 5346 1426 5405 Samiis
1448 5347 1755 5404 libertatem
1783 5348 1951 5405 dedit.
2265 5350 2468 5403 minam
2494 5366 2700 5420 a’quum
2724 5360 2774 5404 et
2800 5349 3028 5431 bonum!
3058 5350 3409 5420 universique
3438 5343 3583 5417 quasi
3600 5339 3657 5431 Vde

653 5438 745 5495 28.
789 5439 877 5496 18.
922 5439 1159 5497 Herodes
1178 5428 1505 5507 Samariam,
1523 5441 1653 5497 olim
1670 5441 1783 5513 jam
1808 5442 1861 5496 in
1890 5441 2167 5497 cineribus
2264 5441 2469 5496 dictum
2502 5428 2841 5497 exsultanter
2880 5441 3346 5513 approbavissent,
3384 5439 3472 5494 ille
3502 5430 3754 5492 statim!"

1872 5553 2101 5608 VARIAE
2143 5552 2550 5609 LECTIONES.

661 5647 734 5680 “°
771 5656 896 5704 ante
926 5648 1010 5703 9ο.
1087 5648 1152 5685 ⁴ι¹¹
1185 5644 1540 5702 CCLXXXHI
1574 5647 1653 5703 9'.
1732 5646 1801 5678 δι’
1831 5645 1918 5700 Vl.
1948 5647 2000 5700 4.
2047 5656 2097 5700 et
2126 5647 2203 5700 ita
2228 5646 2472 5717 deinceps
2505 5661 2705 5717 annum
2762 5647 3018 5700 minorem
3055 5652 3352 5717 numerat._
3405 5620 3752 5717 “f_9l_'aliif°:"

581 5717 656 5751 διδ
684 5695 1074 5793 ευίῖιῖἷγῐιιίιιε
1101 5719 1155 5774 b.
1190 5695 1612 5774 emeatuss
1632 5695 1807 5772 deesse
1838 5695 2068 5774 tua":
2080 5695 2092 5700 ⁷
2129 5695 2200 5749 ῖιῐ
2219 5695 3020 5788 gaiussatagimus};
3055 5695 3389 5789 Siéiiétm
3457 5695 3736 5779 “tua”
3808 5700 3809 5793 ᾗ
