3876 6306
563 379 669 438 659

565 495 995 566 Alexandrinus,
1023 508 1306 571 preceptor
1335 500 1576 573 Senecae,
1617 503 1831 559 claruit.

638 590 694 645 8.
732 590 823 646 55.
858 589 925 645 A.
964 590 1027 646 Ι).
1058 592 1145 647 11.
1186 592 1469 666 Augustus
1497 610 1624 651 cum
1661 593 1895 667 Tyberio
1917 609 2147 651 censum

567 680 757 737 Romae
795 681 1030 752 agitans,
1080 682 1285 740 invenit
1312 686 1573 758 nonagies
1602 694 1686 745 ter
1724 693 1955 744 centena
1982 693 2038 740 et
2080 683 2149 738 70

568 773 723 828 milia
743 773 1051 829 hominum.

634 867 690 922 9.
727 864 817 922 56.
855 864 921 921 A.
959 865 1024 921 D.
1069 867 1158 935 15,
1198 867 1295 939 qui
1333 876 1421 926 est
1461 868 1678 940 imperii
1721 868 1959 942 Augusti
1992 868 2144 937 56M,

562 958 867 1017 Archelaus
892 969 1183 1018 accusatus
1217 960 1288 1017 ob
1318 961 1686 1029 insolentiam,
1715 976 1865 1017 nono
1884 962 2036 1033 regni
2061 961 2146 1018 sui

564 1069 732 1122 anno,
756 1054 814 1110 in
840 1053 1107 1111 Viennam
1129 1054 1197 1112 ab
1215 1057 1459 1128 Augusto
1480 1057 1751 1131 relegatus
1767 1066 1854 1114 est
1868 1057 1960 1126 m,
1972 1066 2026 1114 et
2045 1056 2145 1113 Ju-

563 1147 680 1203 daea
703 1147 992 1204 tetrarchis
1032 1149 1413 1215 committitur,
1459 1147 1682 1217 Herodi,
1710 1147 2016 1220 Antipatro,
2042 1148 2148 1223 Ly-

563 1239 754 1307 saniae,
784 1238 1055 1312 Philippo.
1101 1237 1306 1298 Eodem
1344 1256 1491 1297 anno
1526 1241 1810 1314 Augustus
1842 1240 2032 1298 Nolam
2064 1242 2147 1297 in-

562 1346 811 1400 gressus,
854 1332 1047 1388 morbo
1076 1332 1310 1404 capitur,
1335 1341 1392 1389 et
1423 1332 1479 1388 in
1518 1333 1747 1390 Athellae
1785 1335 1952 1405 opido
1980 1334 2146 1390 Cam-

562 1422 743 1491 pania:
784 1423 1041 1489 moritur,
1089 1438 1234 1480 anno
1269 1424 1447 1480 aetatis
1481 1439 1599 1480 suae
1635 1424 1743 1481 75°.
1774 1424 1949 1493 Quem
1993 1441 2133 1482 mor-

561 1526 719 1571 tuum
764 1523 990 1572 senatus
1024 1516 1212 1572 multis
1257 1516 1436 1574 modis
1488 1518 1705 1575 censuit
1742 1519 2144 1586 honorandum,

563 1605 755 1661 dicens
787 1624 802 1661 :
837 1603 1057 1660 Utinam
1102 1614 1197 1661 aut
1235 1622 1339 1667 non
1370 1615 1694 1673 nasceretur,
1733 1615 1827 1665 aut
1857 1615 2014 1662 natus
2044 1623 2149 1662 non

566 1706 861 1752 moreretur
903 1696 1009 1767 (Cf.
1052 1696 1258 1779 Bson,
1291 1697 1417 1754 Chr.
1463 1697 1551 1753 W.
1594 1697 1755 1753 Ηιειι.
1798 1697 1873 1755 Η.
1908 1699 2030 1770 m.).

576 1787 664 1843 10.
701 1788 788 1843 11.
814 1789 941 1843 add.
974 1808 987 1843 :
1025 1788 1214 1845 Romae
1242 1789 1297 1844 in
1322 1804 1515 1860 campo
1539 1788 1731 1845 Martio
1754 1798 1841 1846 est
1878 1789 2143 1860 sepultus.

1742 385 2140 443 EKKEHARDI
2174 382 2639 441 URAUGIENSIS
3716 378 3800 433 ϐω

2178 502 2227 560 Α
2251 506 2463 555 ceteros
2486 495 2723 552 diversis
2767 495 2950 553 causis
2997 492 3233 561 necavit,
3274 492 3480 549 Habuit
3519 491 3799 563 ipseuliu

2247 587 2471 649 nomine
2490 585 2751 653 Drusum,
2781 586 2877 642 sed
2911 601 2984 641 eo
3020 593 3263 652 mortuo,
3300 582 3478 639 ﬁlium
3509 580 3633 652 ejus
3658 579 3802 652 Tybr-

2247 679 2413 747 rium,
2437 685 2801 750 cognomento
2829 676 3153 743 Gemcltum,
3175 688 3231 732 et
3254 675 3476 743 Gaium,
3503 673 3679 729 ﬁlium
3699 671 3801 727 Cer-

2246 770 2474 838 manici,
2507 768 2605 825 ﬁlii
2631 767 2820 826 fratris
2841 768 2919 814 “1
2942 768 3030 823 sui
3062 767 3246 835 Drusi,
3277 765 3639 837 adoptavitin
3668 764 3801 829 ﬁlios,

2246 877 2313 918 ex
2347 861 2549 933 quibus
2576 860 2745 918 Gaius
2774 860 2876 917 sibi
2920 860 3189 916 successit
3210 858 3267 913 in
3298 872 3554 928 regnum.
3585 853 3692 927 (CI.
3716 853 3800 911 ιιοι

2247 969 2403 1021 mn,
2431 953 2546 1023 15.)
2576 951 2751 1024 Hujus
2794 951 2981 1024 itaque
3023 950 3246 1024 Tyberii
3278 947 3628 1019 ιειιιροτίιιιιε
3648 946 3805 1017 ΑΠ’

2247 1059 2337 1115 pa,
2364 1044 2513 1100 ﬁlius
2551 1043 2872 1112 Aristoboli,
2914 1043 3011 1114 qui
3064 1043 3211 1098 ﬁlius
3252 1041 3357 1097 fuit
3398 1039 3658 1105 Herodis,
3680 1054 3803 1109 quea

2248 1137 2366 1207 ipse
2391 1151 2518 1199 cum
2545 1132 2716 1197 fratre
2755 1150 2858 1192 suo
2887 1135 3200 1191 Alexandro
3220 1131 3524 1201 interfecit,
3544 1131 3805 1186 demorati

2240 1226 2455 1295 Romae,
2478 1226 2674 1295 Druso,
2694 1225 2912 1300 Tyberii
2936 1227 3071 1293 ﬁlio,
3098 1225 3388 1281 famiiiaris
3410 1223 3552 1291 fuit;
3579 1222 3678 1278 sed
3697 1238 3806 1276 nor-

2247 1329 2344 1377 tuo
2365 1319 2556 1376 eodem
2588 1318 2789 1387 Druso,
2811 1328 2966 1390 pater
2986 1318 3107 1389 ejus
3129 1314 3397 1390 Tyberius
3422 1331 3523 1387 pre
3548 1314 3806 1385 impatien-

2248 1412 2324 1468 tia
2348 1411 2557 1471 doloris
2589 1410 2873 1483 prohibuit
2908 1424 3099 1467 omnes
3138 1409 3348 1465 amicos
3374 1407 3475 1463 ﬁlii
3506 1407 3583 1439 δ”
3609 1414 3731 1461 ante
3750 1404 3807 1458 ia-

2246 1502 2397 1560 ciem'
2428 1518 2588 1568 suam
2616 1503 2899 1573 accedere,
2926 1517 2998 1561 ne
3037 1500 3148 1558 illis
3183 1500 3320 1557 visis
3345 1500 3507 1555 dolor
3532 1497 3666 1568 ejus
3686 1512 3807 1551 ιηεωο

2248 1601 2466 1649 varetur
2490 1591 2598 1665 (Ib.
2626 1607 2677 1649 c.
2715 1592 2808 1661 12,
2830 1591 3001 1663 sqq.).
3027 1589 3181 1646 Unde
3208 1589 3450 1661 Agrippa
3483 1586 3545 1642 in
3595 1584 3804 1641 Iudam

2247 1683 2603 1749 descendens,
2631 1691 2687 1738 et
2712 1691 2836 1752 post
2863 1681 3205 1751 aliquantum
3219 1686 3440 1747 tempus
3466 1673 3805 1730 Romammi—

2248 1774 2396 1843 iens,
2431 1772 2646 1830 favente
2675 1773 2912 1829 Antonia
2937 1771 3032 1840 “0,
3068 1785 3242 1829 uxore
3265 1767 3433 1824 Drusi
3452 1766 3650 1828 (ratris
3669 1765 3807 1837 Tyb-

651 1840 663 1843 ,
975 1840 987 1843 _
1026 1840 1211 1845 ηψπ
1242 1840 1297 1844 m
1329 1840 1506 1860 -____,_
1540 1840 1725 1845 -.ὴ-η,
1760 1840 1838 1846 ,,-
1879 1840 2143 1860 --τη-ῃ

635 1878 797 1935 Anno
836 1881 903 1914 ⁸³⁸
944 1880 1240 1937 Dominicae
1277 1881 1672 1937 incarnationis
1711 1881 1796 1948 16,
1841 1881 1938 1952 qui
1978 1889 2067 1937 est
2115 1897 2146 1936 a

2268 1865 2341 1934 rii,
2362 1840 2488 1937 quae
2518 1864 2838 1921 Beronicem
2876 1863 2944 1899 W
2979 1861 3232 1935 Agrippa:
3258 1868 3495 1952 matrem
3540 1857 3805 1952 admodm

567 1974 786 2027 condita
822 1971 967 2029 Urbe
999 1973 1121 2041 766,
1165 1972 1454 2046 Tyberius,
1499 1972 1669 2030 Libiaa
1714 1974 1882 2041 ﬁlius,
1914 1974 2171 2051 Augusti

566 2065 869 2135 privignus,
907 2080 1036 2120 mox
1092 2081 1277 2137 gener,
1337 2073 1617 2137 postremo
1658 2066 1949 2138 adoptione
1979 2066 2145 2134 ﬁlius,

565 2157 853 2227 imperium
894 2156 1206 2214 Romanum
1248 2158 1478 2228 adeptus
1517 2166 1623 2226 est,
1655 2159 1725 2215 ab
1773 2157 2021 2230 Augusto
2062 2173 2149 2215 se-

564 2250 796 2316 cundus,
819 2258 874 2304 et
894 2250 1141 2321 regnavit
1160 2251 1322 2306 annis
1350 2250 1440 2305 25.
1465 2249 1572 2306 Iste
1595 2250 1725 2321 quia
1755 2249 2019 2306 Claudius
2042 2249 2149 2322 Ty-

546 2341 760 2396 -berius
802 2339 947 2396 Nero
986 2341 1291 2409 dicebatur,
1343 2343 1616 2414 eleganter
1664 2358 1699 2398 a
1749 2341 2149 2413 joculatoribus

550 2432 790 2490 .Caidius
816 2434 884 2466 ⁸³⁸
909 2433 1161 2494 Biberius
1191 2434 1341 2491 Mero
1358 2434 1429 2491 ob
1452 2434 1805 2491 vinolentiam
1826 2434 2149 2491 nominaba-

564 2534 675 2581 tur.
702 2523 848 2583 Satis
871 2526 1114 2597 prudens
1143 2525 1203 2583 in
1223 2526 1393 2583 armis
1415 2526 1660 2597 satisque
1681 2525 1995 2582 fortunatus
2023 2532 2149 2581 ante

552 2626 844 2688 sumptum
886 2618 1177 2689 imperium
1227 2619 1331 2674 sub
1374 2618 1443 2651 ⁶³³
1477 2617 1727 2691 Augusto
1765 2617 1888 2685 fuit,
1936 2626 1998 2673 ιιι
2036 2631 2148 2673 non

565 2711 842 2783 immerito
870 2711 951 2766 rei
997 2711 1228 2782 publica;
1261 2711 1576 2767 dominatus
1601 2711 1652 2766 ei
1687 2710 2144 2777 committeretur,

562 2804 774 2859 habens
817 2803 1103 2859 scientiam
1146 2803 1472 2870 litterarum,
1510 2803 1682 2859 multo
1717 2803 1998 2874 preclarus
2030 2802 2146 2858 elo-

565 2895 718 2965 quio,
762 2896 857 2952 sed
897 2895 1116 2967 ingenio
1144 2896 1402 2966 pessimo,
1428 2896 1589 2961 truci,
1631 2910 1820 2961 avaro,
1858 2894 2144 2960 insidioso,

554 2987 835 3043 simulans
856 3002 921 3042 ea
942 3002 1001 3043 se
1023 2987 1161 3043 velle
1184 3003 1307 3058 quae
1344 2988 1511 3044 nollet
1538 2978 1594 3043 et
1618 3004 1682 3043 ea
1716 2988 1864 3044 nolle
1884 3004 2007 3057 qua:
2036 2986 2147 3043 vel-

564 3080 660 3145 let,
693 3080 782 3135 his
816 3078 975 3150 quasi
1009 3077 1256 3135 infensus
1283 3080 1485 3150 quibus
1524 3079 1834 3135 consultum
1873 3077 2144 3150 cupiebat,

566 3171 656 3226 bis
680 3187 812 3226 vero
840 3186 982 3242 quos
1001 3172 1189 3228 oderat
1223 3169 1385 3241 quasi
1424 3172 1709 3227 benivolus
1740 3187 2030 3243 apparens,
2056 3187 2146 3226 re—
2175 3182 2217 3240 (ς

568 3263 811 3332 pentinis
838 3262 1288 3333 responsionibus
1338 3263 1531 3319 melior
1560 3278 1727 3334 quam
1751 3262 2148 3332 premeditatis.

570 3353 820 3425 Denique
842 3353 1084 3411 delatum
1111 3369 1141 3409 a
1165 3353 1412 3425 patribus
1436 3354 1821 3426 principatum,
1843 3370 2007 3426 quem
2029 3355 2153 3426 qui-

567 3446 695 3502 dem
734 3454 859 3502 astu
907 3455 1243 3517 perceperat,
1274 3447 1431 3502 ﬁnxit
1474 3462 1537 3504 se
1583 3447 1842 3515 abnuere,
1867 3447 1999 3518 quid
2038 3448 2153 3504 sin-

570 3540 686 3609 guli
712 3540 957 3595 dicerent
986 3538 1056 3572 ‘3‘
1092 3548 1187 3595 aut
1221 3538 1505 3607 sentirent,
1542 3540 1800 3596 atrociter
1833 3539 2146 3610 explorans.

570 3632 706 3699 Quae
725 3648 814 3688 res
838 3632 1013 3689 honos
1035 3646 1284 3703 quosque
1303 3632 1697 3703 pessumdedit.
1728 3631 2058 3689 Estimantes
2082 3632 2152 3665 ⁸³⁵

570 3726 720 3781 enim
747 3740 876 3781 eum
903 3741 970 3781 ex
999 3726 1185 3789 animo
1216 3726 1489 3789 declinare
1518 3725 1946 3796 magnitudinem
1976 3725 2150 3796 impe-

568 3820 727 3875 rialis
781 3819 1045 3876 molestiae
1067 3862 1084 3887 ,
1124 3836 1249 3876 cum
1301 3821 1599 3877 sententias
1643 3836 1773 3877 suas
1806 3821 1874 3876 ad
1904 3820 2024 3891 ejus
2053 3836 2137 3877 vo-

570 3913 862 3980 luntatem,
884 3921 947 3969 ut
967 3914 1070 3969 sibi
1096 3913 1403 3981 videbatur,
1428 3921 1707 3984 promunt,
1722 3921 1997 3984 postrema
2031 3914 2147 3969 exi-

2249 1955 2527 2028 diligebat,
2554 1954 2611 2010 in
2631 1954 2929 2017 amicitiam
2957 1961 3206 2025 receptus
3227 1959 3313 2008 est
3331 1966 3363 2006 a
3385 1947 3648 2023 Tyberio,
3670 1966 3701 2002 a
3728 1964 3806 2018 quo

2242 2046 2437 2119 jussus
2476 2053 2563 2102 est
2593 2045 2779 2116 nepoti
2822 2059 2925 2101 suo
2972 2042 3204 2115 Tyberio
3234 2057 3453 2112 semper
3480 2040 3741 2096 adherere
3761 2040 3807 2092 il.

2248 2139 2473 2211 lumque
2496 2152 2712 2205 summa
2731 2152 2832 2208 ope
2851 2136 3131 2201 excolere;
3159 2134 3255 2191 sed
3281 2134 3371 2189 ille
3399 2132 3630 2197 Gaium,
3666 2131 3806 2187 Anta-

2247 2230 2355 2288 nia:
2378 2238 2651 2302 nepotem,
2674 2229 2852 2301 magis
2870 2227 3083 2295 dilexit,
3112 2226 3257 2287 unde
3276 2234 3334 2281 et
3358 2224 3630 2280 offensam
3665 2221 3808 2294 Tybr-

2246 2320 2316 2377 rii
2340 2322 2594 2379 incurrit.
2623 2319 2763 2377 Nam
2795 2335 2921 2377 cum
2963 2319 3209 2391 quadam
3231 2318 3319 2375 die
3348 2316 3488 2373 Gaio
3513 2324 3744 2387 optaret,
3767 2326 3808 2368 ιιι

2249 2415 2405 2471 illum
2429 2414 2520 2483 “‘,
2549 2422 2769 2470 mortuo
2798 2412 3028 2485 Tyberio
3056 2411 3147 2478 W,
3175 2410 3464 2465 dominum
3509 2416 3806 2464 cunctorum

2248 2504 2432 2561 videre
2455 2513 2779 2570 mereretur,
2822 2502 3144 2558 nunciatum
3180 2500 3397 2556 esthoc
3426 2490 3689 2571 Tyberio,
3724 2508 3809 2551 suo

2250 2596 2456 2668 timque
2479 2595 2712 2667 conjecit
2735 2609 2867 2653 eum
2888 2594 2945 2648 in
2966 2592 3204 2660 vincula,
3231 2592 3289 2653 in
3308 2590 3516 2669 quibus
3539 2590 3811 2661 permansit

2249 2703 2424 2760 usque
2450 2688 2519 2759 ad
2549 2686 2670 2744 Gaii
2694 2696 2961 2757 tempora.

2251 2780 2337 2836 10.
2392 2781 2519 2836 add.
2549 2781 2606 2834 in
2623 2781 2880 2851 margine,
2910 2794 3027 2851 qua:
3050 2777 3108 2832 11
3148 2777 3341 2847 recepit
3371 2791 3393 2829 :
3420 2774 3707 2843 Quendam
3789 2797 3813 2810 -

2318 2869 2479 2927 brum
2530 2868 2702 2937 fertur
2730 2868 3032 2940 jugulasse,
3068 2866 3163 2938 qui
3190 2866 3473 2921 adinvenit
3514 2864 3715 2931 vitrum
3748 2862 3812 2916 ﬁ-

2320 2962 2552 3029 bricare,
2600 2968 2656 3017 et
2702 2960 3001 3016 secundum
3052 2958 3267 3014 libitum
3326 2972 3489 3012 suum
3535 2954 3809 3017 innectere,

2316 3051 2505 3107 dicens
2537 3051 2588 3106 ei
2635 3069 2649 3105 :
2689 3068 2706 3103 ι
2742 3048 2800 3105 Si
2833 3049 3033 3105 vixeris
3061 3057 3113 3103 et
3143 3048 3244 3103 hoc
3270 3046 3410 3102 alios
3439 3046 3714 3110 docueris,
3733 3058 3811 3097 au-

2318 3158 2441 3196 rum
2469 3150 2521 3198 et
2551 3151 2836 3213 argentum
2868 3139 3238 3205 annulabitur.
3269 3158 3289 3191 ι

2316 3242 2443 3293 Anni
2461 3241 2679 3305 Tyberii.
3298 3227 3321 3248 ⁸

2325 3324 2377 3379 2.
2418 3323 2622 3396 (Ηιιενιι.)
2653 3324 2812 3379 Anno
2847 3323 3146 3387 Dominica:
3180 3321 3588 3378 incarnationis
3626 3319 3706 3384 17,
3738 3316 3810 3386 qui

2254 3425 2337 3473 est
2366 3402 2582 3489 Tyherii
2615 3415 2907 3482 secundus,
2937 3415 3114 3471 Asinii
3141 3413 3409 3469 Pollionis
3447 3413 3596 3467 ﬁlius
3622 3407 3811 3465 Asinius

2256 3508 2441 3566 Gallus
2470 3508 2606 3564 diris
2634 3524 2663 3564 a
2697 3507 2929 3582 Tyberio
2959 3506 3242 3578 suppliciis
3263 3514 3556 3561 enecatur.

2325 3621 2378 3675 5.
2419 3620 2486 3674 Α.
2513 3619 2574 3675 D.
2598 3620 2684 3675 18.
2703 3619 2891 3676 Livius
2920 3619 2991 3653 δ”*
3020 3617 3523 3690 hystoriograpbus
3552 3610 3809 3670 Pataviim

2257 3712 2510 3768 moritur.
2536 3711 2768 3768 Ovidius
2789 3727 3007 3783 quoque
3021 3719 3181 3782 poeta
3200 3710 3257 3764 in
3284 3709 3455 3765 exilio
3483 3709 3715 3762 moritur
3740 3703 3806 3753 ⁵⁸⁸.

2326 3828 2379 3885 4.
2423 3826 2520 3898 (Η.
2564 3829 2660 3898 m.)
2695 3825 2761 3881 A.
2799 3824 2863 3879 D.
2913 3824 3001 3880 l9.
3032 3822 3417 3887 Germanicus,
3469 3819 3635 3875 Drusi
3673 3816 3812 3872 ﬁliuS.

2246 3910 2517 3992 .Caligulm
2556 3927 2731 3990 pater,
2758 3917 2828 3972 de
2869 3914 3179 3981 Germanis,
3221 3913 3288 3967 ad
3317 3927 3463 3983 quos
3492 3911 3564 3966 ab
3598 3910 3814 3980 Augusto

571 4006 650 4062 tia
678 4007 1003 4063 inciderunt.
1041 4005 1145 4064 Per
1173 4022 1232 4063 se
1267 4008 1413 4062 nulla
1445 4007 1584 4069 bella
1610 4007 1799 4081 gessit,
1832 4008 1928 4064 sed
1964 4022 2032 4063 ne
2057 4023 2155 4077 per
2250 4014 2366 4085 jam
2397 4029 2527 4071 sene
2551 4012 2753 4067 missus
2784 4008 2983 4075 fuerat,
3014 4006 3336 4076 triumphat.

569 4098 780 4171 legatos
797 4099 1018 4170 quidem
1045 4099 1228 4171 aliqua
1258 4099 1462 4174 gravia,
1494 4101 1600 4157 nisi
1635 4100 1781 4171 quod
1815 4109 2025 4155 tantum
2054 4099 2140 4161 ali-

569 4191 794 4261 quantis
842 4191 898 4246 in
955 4191 1091 4248 locis
1128 4191 1428 4263 precbgniti
1471 4192 1717 4263 gentium
1762 4199 2006 4247 tumores
2043 4192 2155 4248 cito

568 4284 1072 4355 comprimebantur
1103 4282 1210 4354 (Cf,
1238 4282 1404 4340 ans.
1429 4284 1617 4355 vu,4).
1639 4284 1963 4340 Getulornm
1988 4284 2149 4340 latro-

569 4375 717 4430 cinia
761 4376 1042 4446 repressit,
1080 4375 1474 4430 Maroboduum
1512 4373 1814 4432 Suevorum
1837 4391 2019 4447 regem
2044 4377 2157 4432 cal-

569 4467 681 4523 lide
706 4467 1088 4524 circumvenit.
1114 4466 1252 4525 Cum
1294 4483 1492 4538 magna
1519 4476 1575 4523 et
1600 4468 1751 4539 gravi
1780 4468 2048 4524 modestia
2072 4469 2154 4524 rei

2327 4108 2382 4163 5.
2423 4104 2631 4178 (Ηιειι.)
2653 4103 2719 4159 Α.
2745 4102 2808 4157 D.
2838 4100 2928 4156 20.
2964 4099 3325 4156 Germanicus
3356 4112 3537 4155 caesar
3556 4111 3587 4150 a
3613 4088 3815 4165 Tybri»

2256 4206 2455 4268 patruo
2478 4212 2581 4255 suo
2603 4209 2817 4252 veneno
2842 4191 3199 4249 interﬁcitur.-

2328 4290 2381 4348 6.
2422 4290 2487 4345 A.
2520 4288 2583 4343 D.
2611 4288 2701 4341 21.
2732 4284 3039 4341 Fenestella
3077 4280 3577 4354 hyswriograpbus
3600 4287 3656 4333 et
3684 4282 3813 4346 potu

2260 4384 2351 4439 70°
2372 4383 2497 4439 vita:
2525 4396 2643 4438 sua:
2666 4393 2811 4433 anno
2843 4377 3095 4440 moritur,
3118 4382 3174 4430 et
3193 4373 3388 4429 Cumis
3418 4372 3698 4443 sepelitur.

2332 4476 2383 4531 7.
2416 4475 2482 4530 A.
2515 4473 2580 4529 D.
2606 4472 2697 4528 22.
2728 4470 2994 4543 Tyberius
3011 4467 3214 4523 multos
3241 4481 3403 4537 reges
3428 4481 3532 4535 per
3548 4458 3816 4519 blanditias

567 4560 803 4632 publica:
833 4559 1052 4631 prefuit
1082 4560 1321 4631 plurimo
1358 4535 1573 4630 imperii
1603 4535 1695 4616 Sui
1724 4568 1989 4630 tempore,
2020 4560 2156 4616 adeo
2187 4535 2235 4595 Ι)
2261 4569 2331 4625 ad
2363 4582 2424 4624 se
2464 4564 2678 4621 vocavit
2709 4535 3103 4633 nunquamque
3136 4535 3386 4623 remisit,
3436 4557 3581 4612 inter
3612 4567 3745 4625 quos
3772 4558 3815 4601 et

570 4660 636 4707 ut
668 4651 996 4722 quibusdam
1028 4650 1336 4722 presidibus
1365 4649 1430 4708 ad
1455 4651 1699 4723 augenda
1735 4651 2032 4722 provinciis
2054 4652 2155 4707 tri-

569 4744 707 4800 buta
728 4742 1087 4800 suadentibus
1113 4741 1396 4812 scripserit
1434 4743 1565 4800 boni
1589 4743 1828 4813 pastoris
1857 4759 1980 4800 esse
2032 4753 2154 4799 ton-

571 4836 702 4892 dere
741 4851 930 4906 pecus,
966 4850 1076 4891 non
1105 4834 1431 4906 deglobere;
1484 4836 1578 4891 sed
1612 4836 1872 4906 paulatim
1914 4845 2157 4894 mutatur

572 4928 630 4983 in
652 4927 830 4998 pejus.
863 4926 961 4999 (ΙΙ.
989 4925 1086 4997 m.)
1129 4925 1267 4982 Nam
1312 4933 1368 4983 et
1412 4926 1554 4990 ﬁlios
1595 4944 1728 4987 suos
1779 4930 2064 5000 adoptivos
2092 4930 2161 4962 ⁸³⁸

552 5010 814 5074 ‘Drusum
841 5026 898 5073 et
930 5017 1338 5099 Germanicum,
1381 5018 1627 5089 germani
1665 5020 1750 5075 sui
1794 5018 1957 5075 Drusi
1998 5020 2159 5088 ﬁlios,

575 5124 787 5164 veneno
835 5109 1126 5177 interfecit,
1173 5110 1474 5181 prefectum
1521 5126 1682 5168 suum
1713 5110 1973 5182 Seianum
2020 5131 2159 5173 nova

576 5201 894 5257 molientem
938 5203 1157 5270 occidit,
1179 5212 1235 5259 et
1277 5220 1345 5259 ex
1386 5203 1578 5275 viginti
1625 5204 1872 5274 patriciis
1899 5205 1988 5271 ⁸³⁷,
2017 5222 2157 5277 quos

579 5294 685 5350 sibi
707 5310 875 5351 causa
897 5295 1110 5352 consilii
1130 5296 1313 5367 elegit,
1330 5297 1421 5351 vix
1441 5297 1581 5354 duos
1603 5297 1901 5353 incolomes
1918 5300 2154 5367 reliquit,

2262 4658 2591 4717 Archelaum
2610 4654 2974 4726 Capadocem,
3001 4652 3160 4721 cujus
3179 4650 3347 4705 etiam
3372 4663 3602 4719 regnum
3634 4646 3691 4699 in
3715 4658 3815 4713 pw-

2261 4751 2457 4807 vinciae
2481 4748 2713 4805 formam
2740 4744 2968 4816 redegit,
2998 4756 3053 4798 et
3074 4741 3478 4802 nobilissimam
3505 4739 3624 4809 ejus
3656 4733 3817 4791 civita—

2264 4854 2373 4901 tem
2395 4842 2671 4897 Mazacam
2704 4855 2773 4895 ex
2803 4852 2907 4893 suo
2937 4836 3158 4892 nomine
3187 4834 3501 4890 Caesaream
3536 4828 3815 4901 appellavit.

2333 4935 2388 4990 8.
2428 4935 2493 4988 A.
2519 4932 2582 4987 D.
2606 4932 2698 4987 25.
2728 4929 2971 5000 Pompeii
2993 4929 3269 4990 theatrum
3296 4927 3583 4982 incensum
3616 4930 3717 4977 est.

2924 5060 2933 5069 .
3417 5016 3695 5089 Olympias
3713 5009 3813 5065 ΞΜ

2334 5118 2387 5172 9.
2427 5116 2493 5175 A.
2524 5115 2586 5169 D.
2610 5115 2701 5169 24.
2729 5111 2996 5185 Tyberius
3025 5109 3289 5175 Drusum,
3324 5108 3513 5164 fratris
3534 5106 3622 5161 sui
3649 5104 3814 5158 ﬁlium.

2264 5209 2417 5282 regni
2450 5215 2759 5263 consortem
2782 5205 2929 5271 fecit,
2957 5218 3119 5274 quem
3142 5202 3335 5259 eodem
3364 5215 3510 5256 anno
3529 5210 3737 5253 veneno
3752 5194 3817 5245 in.

2265 5300 2500 5364 teremit.

1863 5473 2092 5531 VARUE
2128 5476 2532 5535 LECTIONES.

647 5612 717 5646 ⁵³⁸
751 5612 894 5688 deest
919 5610 1040 5688 9°,“
1082 5610 1148 5642 ‘“
1188 5609 1256 5664 In
1286 5612 1337 5679 ἡ.
1364 5612 1476 5688 _ho_c_
1500 5612 1845 5688 locohle‘qitur
1863 5613 2106 5688 labre;
2135 5615 2278 5688 Anni
2297 5687 2302 5688 ί
2322 5612 2828 5688 Tyberii,_Herodis
2865 5612 3155 5688 t_etra_rche.

1700 5671 1711 5684 ι

579 5704 608 5741 ι
631 5701 770 5740 corr.
808 5682 896 5738 11.
973 5681 1042 5713 ³⁵³³
1081 5690 1272 5737 tantus
1294 5682 1399 5739 sub
1430 5683 1513 5736 ib.
1589 5684 1661 5743 “i
1691 5681 1833 5743 deest
1862 5683 1957 5737 Ε1.
2037 5686 2108 5719 ⁸³⁸
2146 5681 2525 5743 existimantes
2548 5681 2642 5739 79°.

582 5757 654 5790 ⁸⁸⁸
693 5755 760 5809 fr.
797 5770 842 5809 s.
885 5754 940 5809 d.
977 5752 1074 5809 lilii
1099 5753 1151 5808 5.
1226 5753 1293 5786 ³⁵³⁹
1336 5751 1374 5805 Γ.
1409 5752 1495 5807 sui
1528 5753 1581 5807 5-

582 5770 654 5790 m
693 5770 760 5809 ll‘.
797 5770 842 5809 s.
885 5770 940 5809 ιι.
977 5770 1032 5808 ιιι

581 5828 671 5884 9°.
744 5823 814 5872 δι’
854 5770 1074 5893 Ι.υοὶυὲ

1684 5754 1727 5785 ⁵ο
1750 5742 1991 5809 Sntdnio
2026 5756 2089 5808 4.
2123 5758 2333 5812 antonii
2372 5758 2424 5813 5.
2501 5755 2570 5789 m
2609 5756 2904 5812 heronicen
2938 5742 3032 5806 Ε1.
3062 5753 3147 5806 11.
3226 5751 3296 5790 δι’
3321 5752 3413 5807 illo
3438 5742 3517 5806 9".

1095 5822 1190 5877 Ε1.
1216 5824 1305 5894 qui
1330 5821 1439 5878 Iuro
1461 5832 1576 5893 post
1599 5819 1895 5880 Ovidius—
1917 5825 2151 5883 moritur
2174 5828 2327 5882 habet
2400 5827 2467 5864 ⁸⁵³
2495 5826 2680 5898 patavi
2700 5827 2756 5881 5.
2834 5825 2903 5857 W’
2941 5824 3083 5877 deest
3112 5823 3199 5878 9C.

3265 5610 3335 5643 m
3358 5606 3611 5666 claudius
3642 5606 3723 5660 Ιδ.
3746 5602 3813 5657 ll

2720 5684 2790 5717 ⁸³⁵
2829 5683 3147 5740 adontivum
3185 5682 3248 5737 9°
3349 5681 3420 5715 ⁸η
