3876 6306
76 348 147 405 661

928 338 1297 397 CHRONICA.
1338 368 1411 379 —
1447 333 1844 393 CHHONICON
1877 331 2337 391 UNIVERSALE.

3181 334 3288 390 663

128 458 196 515 10.
231 456 288 511 A.
316 455 374 509 1).
397 454 486 509 25.
514 452 735 509 Servius
760 451 1010 522 Plautus,
1043 452 1286 526 corrupti
1327 452 1423 508 ﬁlii
1453 466 1602 517 reus,
1632 450 1873 510 Anichil
1912 468 2030 506 eam
2072 452 2295 506 sensisse
2330 450 2537 522 penitus
2573 450 2884 506 arbitratus.
2924 448 3034 506 Illa
3073 468 3192 507 vero
3217 479 3286 494 ~—

76 558 209 609 semet
234 549 283 603 in
305 546 505 619 judicio
527 544 820 600 interemit.

128 641 196 703 ll.
227 641 284 693 A.
326 637 505 703 0.26.
541 636 826 708 Philippus
859 636 1134 697 tetrarcha
1180 635 1509 704 Paneadem,
1543 636 1598 692 in

75 750 155 804 qua
190 730 434 803 plurimas
473 729 615 785 a-des
659 728 990 797 construxit,
1032 728 1339 784 Caesaream
1365 727 1599 799 Philippi

75 824 257 880 vocavit.

128 916 195 970 12.
231 913 341 986 (Ch.
374 911 487 984 W.)
515 912 581 971 A.
615 911 679 965 D.
706 910 795 966 27.
836 910 1059 985 Pylatus
1090 928 1121 967 a
1146 910 1381 984 Tyberio
1413 927 1600 983 preses

72 1007 227 1063 ludatis
254 1005 495 1061 mittitur.

128 1100 194 1157 15,
228 1096 287 1157 Α,
311 1095 371 1150 Ι).
401 1096 471 1150 28
493 1095 586 1152 W.

127 1191 193 1244 11.
220 1187 340 1260 (Jos.
366 1186 403 1242 l.
447 1187 513 1255 l.,
538 1203 588 1245 c.
624 1187 705 1261 4.)
731 1190 795 1242 A.
823 1187 885 1243 D.
919 1186 1009 1242 29.
1034 1184 1274 1242 Herodes
1305 1187 1598 1252 tetrarcha,

73 1281 200 1337 frater
232 1279 478 1351 Philippi,
510 1280 577 1335 ad
606 1297 860 1351 magnam
889 1279 1198 1334 amiciciam
1225 1278 1442 1351 Tyberii
1473 1293 1600 1348 per-

72 1371 199 1437 venit,
223 1370 487 1426 aediﬁcatus
507 1370 805 1439 civitatem,
829 1386 994 1441 quam
1018 1386 1085 1425 ex
1105 1370 1226 1440 ejus
1252 1369 1473 1425 nomine
1494 1367 1600 1441 Ty-

72 1462 292 1519 beriadem
322 1462 555 1520 vocavit.

124 1554 192 1608 t5.
218 1552 453 1626 (Evang.)
487 1554 553 1609 A.
584 1552 647 1608 Ι).
686 1551 775 1608 50.
818 1550 1101 1621 Iohannes
1126 1552 1403 1627 baptizare
1438 1546 1601 1623 erepit

69 1646 305 1719 p0pulum;
330 1645 492 1716 cujus
534 1646 861 1716 baptismate
886 1644 1156 1702 Dominus
1182 1654 1370 1700 noster
1403 1643 1600 1700 Jhesus

68 1738 269 1793 Christus
291 1738 344 1793 in
370 1735 609 1799 Iordane
630 1737 955 1807 baptizatus,
979 1736 1257 1792 tricesimo
1285 1737 1460 1792 aetatis
1486 1751 1601 1790 suae

68 1830 310 1885 secundum
355 1844 579 1884 carnem
631 1844 776 1883 anno
810 1826 881 1860 “‘
915 1828 1081 1898 coepit
1110 1828 1262 1900 signa
1315 1826 1492 1882 facere
1543 1836 1595 1882 et
1631 1811 1667 1864 Β

66 1921 307 1989 predicare,
330 1921 625 1976 virtutibus
649 1937 776 1976 vera
809 1920 1174 1997 comprobans
1200 1936 1322 1979 esse
1350 1926 1478 1986 quae
1507 1919 1594 1982 di:

66 2022 175 2067 ceret
195 2011 287 2084 (Cf.
310 2012 434 2068 Chr.
476 2011 614 2084 W.).

115 2103 184 2157 16.
218 2103 275 2159 A.
320 2102 381 2159 D.
422 2102 513 2159 51.
561 2103 826 2165 Dominus
867 2113 1052 2163 noster
1098 2102 1298 2166 Jhes‘us
1341 2103 1595 2159 Christus

66 2193 311 2265 discipulos
330 2196 561 2267 eligens,
585 2194 913 2266 evazxgelicis
940 2211 1035 2249 eos
1065 2195 1262 2249 imbuit
1283 2211 1596 2253 sacramen-

66 2286 131 2342 tis.
158 2285 405 2342 Johannes
438 2287 675 2357 baptista
715 2287 1018 2341 decollatur
1055 2286 1125 2341 ab
1158 2285 1367 2347 Herode
1402 2296 1596 2341 tetrar-

64 2376 139 2430 cha
186 2376 283 2432 ﬁlio
307 2375 541 2433 Herodis
565 2376 711 2435 illius
734 2377 839 2439 sub
868 2393 979 2447 quo
1006 2385 1170 2439 natus
1191 2386 1276 2434 est
1308 2377 1594 2447 Dominus,

64 2468 350 2526 machinante
371 2468 676 2524 Herodiade
698 2485 869 2524 uxore
888 2485 1007 2537 sua,
1043 2486 1210 2541 quam
1239 2470 1462 2527 abstulit
1486 2470 1597 2526 fra~

63 2558 114 2613 tri
130 2574 229 2626 suo,
252 2568 307 2616 ut
328 2559 548 2618 Marcus
570 2561 726 2629 dicit,
742 2560 1022 2632 Philippo,
1056 2562 1393 2634 eandemque
1415 2562 1593 2618 Hero-

61 2650 226 2706 diadem
250 2651 383 2707 Beda
410 2652 642 2724 (Comm.
680 2654 735 2707 in
767 2652 1013 2706 Marcum
1039 2651 1174 2725 Opp.
1209 2654 1297 2715 ad.
1337 2653 1494 2709 1688.
1526 2652 1592 2721 V,

61 2754 100 2808 p.
127 2740 225 2796 125.
261 2739 340 2798 Cf.
386 2743 514 2799 Chr.
560 2742 673 2815 W.)
724 2743 914 2799 scribit
956 2744 1123 2799 tiliam
1156 2744 1333 2802 fuisse
1376 2745 1594 2801 Aretha:

61 2830 186 2901 regis,
209 2847 360 2903 quam
387 2832 534 2889 idem
577 2834 782 2889 Aretha
819 2835 1057 2905 primum
1087 2835 1338 2907 Philippo
1362 2836 1593 2911 conjun-

64 2921 185 2989 serit,
211 2924 296 2979 sed
320 2934 511 2995 postea
548 2925 786 2982 ablatam
824 2925 1044 2994 Herodi,
1079 2925 1231 2982 fratri
1260 2928 1400 2998 ejus,
1426 2928 1593 2983 dede-

60 3011 126 3079 rit,
145 3017 348 3087 ecquod
380 3017 501 3088 ipse
526 3018 692 3073 ditior
712 3030 766 3074 et
803 3019 1080 3095 potentior
1109 3019 1289 3074 fuerit.
1322 3019 1593 3092 Josephus

60 3120 155 3161 vero
195 3109 413 3181 scriptor
457 3110 866 3181 antiquitatum,
916 3111 1095 3171 neutri
1130 3115 1501 3182 consentiens,
1536 3115 1591 3168 in

62 3196 124 3251 l8°
150 3199 270 3256 libro
300 3201 368 3273 (c.
398 3203 459 3272 9)
496 3203 685 3257 scribit
712 3204 765 3257 in
795 3204 941 3260 hunc
964 3205 1193 3265 modum,
1220 3224 1231 3258 :
1262 3204 1361 3260 His
1388 3224 1591 3279 quoque

60 3292 322 3359 temporibus
347 3293 415 3326 δι’
440 3295 580 3349 inter
599 3294 852 3349 Aretltant
880 3295 1127 3353 Petreum
1151 3306 1199 3350 et
1232 3297 1493 3354 Herodem
1518 3318 1595 3354 re-

58 3393 142 3447 gem
176 3381 465 3437 simultatio
518 3401 713 3459 magna
756 3386 976 3457 contigit
1032 3395 1243 3459 propter
1289 3388 1592 3458 hujusmodi

58 3483 246 3525 causam.
292 3471 531 3530 Herodes
565 3476 853 3530 tetrarches
896 3492 1114 3537 uxorem
1150 3478 1334 3535 habuit
1382 3479 1593 3540 Aretha:

1620 3165 1662 3222 C

57 3556 205 3627 ﬁliam,
237 3580 350 3619 cum
389 3583 497 3644 qua
530 3583 631 3621 non
666 3584 888 3638 parvum
917 3577 1118 3644 tempus
1154 3570 1448 3627 advixcrat.
1490 3572 1592 3635 Sed

56 3663 147 3701 cum
176 3649 381 3709 Romam
418 3643 745 3725 evocaretur,
780 3643 1053 3714 transiens
1078 3662 1133 3714 in
1166 3662 1321 3724 domo
1364 3664 1592 3721 Herodis

56 3752 255 3811 exceptus
273 3756 367 3804 est.
408 3747 609 3803 Frater
630 3751 742 3821 ejus
772 3762 887 3805 erat
920 3754 1082 3806 etiam
1110 3752 1180 3786 m
1212 3755 1340 3825 ipse,
1365 3757 1454 3811 sed
1490 3774 1592 3816 non

54 3849 103 3884 ex
129 3854 217 3892 una
249 3851 410 3898 matre
446 3846 748 3916 progenitus
767 3844 1048 3911 ;,Herodes
1074 3850 1214 3903 enim
1239 3866 1309 3903 ea:
1331 3851 1449 3920 ﬁlia
1489 3850 1591 3921 Sy-

56 3930 189 3983 monis
207 3936 490 3990 sacerdotis
523 3938 699 4007 fuerat
723 3949 1049 4010 procreatus.
1080 3939 1313 4011 Cumque
1334 3942 1407 3996 ibi
1437 3934 1598 4007 esset,

58 4013 329 4077 Herodiadis
369 4041 552 4079 amore
588 4036 773 4097 captus
814 4037 914 4096 est,
944 4030 1127 4084 uxoris
1155 4030 1378 4085 alterius
1417 4030 1592 4086 Hero-

53 4105 141 4172 dis;
171 4110 277 4179 ﬁlia
313 4115 457 4168 enim
500 4126 616 4170 erat
662 4118 767 4175 ista
816 4118 1109 4174 Aristoboli
1152 4138 1303 4176 soror
1345 4123 1593 4194 Agrippa:

57 4201 252 4268 majoris.
284 4205 456 4262 Audet
492 4209 660 4279 igitur
684 4226 803 4263 cum
840 4210 1056 4266 muliere
1095 4212 1159 4267 de
1185 4215 1381 4285 nuptiis
1404 4215 1591 4274 ineun-

56 4287 117 4341 dis
142 4294 336 4351 miscere
377 4315 691 4357 sermonem.
738 4300 851 4357 Illa
902 4320 1021 4358 vero
1072 4306 1594 4377 suscipiente,pacta

55 4378 312 4455 ﬁrmantur,
345 4398 424 4457 ut,
470 4407 593 4447 cum
619 4390 787 4447 Roma
818 4410 1051 4449 reversus
1075 4395 1407 4466 fuisset,,illa
1428 4414 1592 4451 conu-

1699 544 2013 615 premiserat
2045 544 2185 599 enim
2232 551 2355 600 ante
2389 543 2615 607 multum
2639 552 2842 615 tempus
2872 544 2942 601 ad
2979 549 3205 616 patrem,
3228 552 3288 599 ut

1699 636 1748 690 ei
1769 636 1911 705 apud
1944 634 2290 691 Hacherunta
2343 637 2523 693 omnia
2546 636 2615 670 “'
2636 646 2957 707 pararentur
2977 653 3096 708 qua
3123 635 3286 691 itine-

1702 726 1777 781 ris
1799 742 1926 785 usus
1955 736 2253 798 exposceret
2277 758 2350 769 —
2384 745 2417 783 a
2462 727 2768 784 ductoribus
2802 726 3015 783 Arethte
3053 728 3287 800 suscipi-

1702 825 1809 885 tur,
1823 817 2197 890 confestimque
2211 817 2466 874 Arabiam
2486 820 2674 888 intrat,
2690 826 2845 891 atque
2880 819 2954 874 ibi
2982 818 3051 852 ⁸⁸⁸
3067 819 3133 874 ab
3174 819 3286 873 illis

1701 909 2009 965 ductoribus
2056 911 2128 965 ad
2166 910 2324 981 alios,
2376 913 2442 968 ab
2484 912 2699 985 illisque
2739 929 2924 969 rursus
2974 913 3045 967 ad
3089 912 3287 967 alteros

1703 1002 2041 1071 transmissa,
2070 1018 2193 1056 cum
2239 1019 2448 1058 summa
2478 1004 2749 1060 celeritate
2781 1005 2925 1075 patri
2955 1003 3285 1075 perducitur,

1700 1092 1788 1144 cui
1837 1101 2083 1146 cunctam
2129 1091 2359 1147 Herodis
2403 1092 2726 1149 voluntatem
2776 1094 2966 1165 aperit.
3011 1092 3117 1147 Ille
3168 1109 3287 1149 vero

1700 1184 1888 1239 exhinc
1909 1184 2323 1240 inimiciciarum
2348 1187 2573 1257 sumpsit
2599 1188 2840 1255 inicium,
2865 1196 3022 1260 atque
3042 1186 3107 1242 ab
3133 1194 3287 1241 utro-

1699 1292 1798 1347 que
1836 1285 2150 1349 congregato
2197 1278 2453 1345 exercitu,
2498 1278 2555 1332 in
2590 1279 2798 1349 regione
2835 1275 3114 1333 Gamalica
3152 1276 3288 1335 bello

1699 1368 2024 1440 conﬂigitur,
2056 1386 2160 1423 non
2183 1370 2395 1442 quidem
2432 1370 2563 1441 ipsis
2592 1370 2662 1403 ⁸⁸⁸
2688 1371 3039 1441 presentibus,
3073 1370 3165 1426 sed
3186 1370 3287 1431 du;-

1698 1460 1933 1516 ctoribus
1960 1459 2024 1514 ab
2057 1468 2280 1532 utraque
2310 1469 2464 1531 parte
2507 1462 2855 1516 transmissis.
2882 1460 3075 1533 Pugna
3108 1462 3287 1533 itaque

1698 1553 1866 1621 facta,
1892 1559 1942 1606 et
1969 1555 2206 1607 exercitu
2238 1551 2467 1609 Herodis
2494 1554 2685 1625 amicta
2709 1554 3011 1626 proditione
3034 1554 3287 1625 perfuga-

1700 1656 1838 1708 rum,
1876 1641 1966 1713 qui
1994 1657 2059 1696 ea:
2102 1640 2342 1713 Philippi
2382 1643 2670 1701 tetrarchia
2715 1644 2784 1698 ad
2823 1642 3088 1701 Herodem
3132 1645 3286 1716 quasi

1699 1731 2005 1787 auxiliandi
2028 1750 2191 1789 causa
2227 1742 2593 1802 convenerant,
2620 1734 2730 1790 ha’c
2761 1733 2995 1791 Herodes
3010 1735 3196 1788 scribit
3217 1736 3286 1789 ad

1703 1823 2002 1895 Tyberium.
2060 1824 2165 1881 Ille
2203 1834 2379 1881 autem
2412 1827 2743 1898 indignatus,
2784 1827 2925 1899 quod
2961 1827 3186 1881 Arethas
3217 1826 3288 1859 ⁸⁵⁸

1700 1913 1833 1967 talia
1860 1916 2196 1987 perpetravit,
2223 1916 2410 1971 scribit
2450 1915 2684 1984 Vitellio,
2709 1915 2884 1987 Syria:
2916 1925 3040 1971 tunc
3072 1919 3286 1984 rectori,

1698 2015 1755 2060 ut
1784 2007 1832 2061 ei
1867 2006 2061 2061 bellum
2093 2008 2461 2063 incunctanter
2494 2008 2712 2085 inferret
2740 2016 2790 2063 et
2828 2017 2923 2063 aut
2958 2009 3133 2064 vivum
3166 2025 3287 2063 eum

1696 2096 1933 2152 vinctum
1961 2098 2370 2157 adduceretaut
2425 2106 2563 2155 certe
2606 2100 2992 2173 mortui,caput
3028 2100 3281 2170 auferret,

1701 2189 1953 2263 Tyberius
1990 2192 2317 2267 quidem,_ut
2358 2193 2469 2249 haec
2502 2200 2698 2273 ageret,
2742 2194 2933 2248 rectori
2978 2191 3151 2264 Syria:
3190 2193 3284 2246 de-

1695 2280 2007 2341 mandabat.
2046 2282 2088 2334 A
2125 2282 2441 2353 quibusdam
2465 2292 2642 2338 autem
2671 2279 2983 2339 Judteorum
3008 2280 3286 2336 videbatur

1695 2372 1766 2404 ⁸⁸⁵
1795 2372 1911 2428 ideo
1934 2375 2130 2444 perisse
2159 2372 2387 2430 Herodis
2411 2376 2723 2443 exercitum,
2750 2374 2889 2445 quod
2914 2374 2969 2427 in
2998 2390 3118 2429 eum
3150 2374 3284 2427 satis

1686 2462 1833 2536 juste
1859 2463 2157 2534 indignatio
2190 2464 2373 2519 divina
2397 2474 2661 2521 commota
2689 2465 2759 2519 sit
2803 2482 2899 2536 pro
2927 2465 3163 2518 vindicta
3193 2463 3287 2517 Jo-

1693 2552 1906 2619 hannis,
1930 2554 2021 2625 qui
2046 2554 2334 2615 vocabatur
2369 2554 2439 2587 ⁸⁸⁸
2466 2555 2718 2633 baptista.
2752 2553 2910 2610 Hunc
2936 2556 3079 2609 enim
3106 2552 3283 2609 Hero-~

1693 2644 1783 2700 des
1808 2646 2023 2713 occidit,
2046 2648 2217 2702 virum
2260 2648 2412 2703 valde
2451 2649 2664 2715 bonum,
2709 2648 2800 2720 qui
2834 2649 3155 2720 preciptebat
3181 2647 3283 2702 Ju-

1693 2738 1826 2793 dazis
1847 2739 2033 2793 virtuti
2061 2756 2273 2809 operam
2306 2740 2454 2809 dare,
2483 2740 2766 2811 justiciam
2804 2739 2996 2807 colere,
3031 2740 3281 2810 pietatem

1694 2829 1749 2889 in
1785 2828 1952 2884 Deum
1986 2842 2301 2901 servare,let
2341 2849 2433 2907 per
2472 2832 2793 2903 baptismum
2818 2832 2875 2886 in
2917 2848 3081 2889 unum
3119 2832 3278 2892 coire.

1694 2919 1991 2992 Hucusque
2015 2922 2181 2978 verba
2214 2921 2459 2993 Josephi,
2503 2939 2627 2993 quae
2661 2922 2882 2991 docent,
2918 2921 3278 2989 Herodiadem

1694 3029 1795 3069 nec
1824 3014 1992 3070 ﬁliam
2019 3014 2234 3075 Aretha:
2264 3014 2436 3077 fuisse
2472 3031 2575 3071 nec
2603 3030 2830 3079 uxorem
2863 3015 3117 3087 Philippi,
3155 3032 3278 3072 cum

1694 3116 1748 3162 et
1780 3107 2034 3178 superius
2070 3107 2124 3162 in
2155 3107 2298 3169 libro
2340 3107 2407 3161 17
2435 3107 2503 3140 ⁴⁸⁷
2531 3107 2917 3178 antiquitatum
2951 3110 3023 3179 (c.
3054 3108 3109 3180 2)
3138 3108 3278 3171 idem

1696 3199 2196 3269 scribat,Herodem
2226 3199 2487 3272 majorem
2512 3199 2849 3271 paenitudine
2870 3200 3093 3255 ductum
3118 3215 3283 3270 super

1696 3292 2074 3353 interiectione
2100 3292 2170 3325 ⁸⁵⁸
2196 3293 2431 3348 ﬁliorum
2481 3309 2708 3349 suorum
2748 3292 3043 3347 Alexandri
3069 3300 3125 3347 et
3158 3292 3284 3345 Ari—

1697 3385 1918 3452 stoboli,
1946 3400 2076 3455 erga
2122 3384 2265 3439 ﬁlios
2311 3399 2504 3440 eorum
2557 3384 2878 3439 clementem
2925 3382 3192 3449 extitisse,
3227 3391 3282 3443 et

1695 3478 1986 3539 Alexandri
2015 3477 2127 3533 ﬁlio
2152 3478 2346 3549 majori
2377 3478 2559 3537 ﬁliam,
2580 3477 2798 3534 Feroraa
2820 3475 3006 3531 fratris
3043 3475 3129 3531 sui
3146 3475 3277 3544 jun--

1696 3568 2001 3636 xisse,,ﬁlio
2031 3584 2160 3625 vero
2194 3569 2687 3630 Aristoboliﬁliam
2716 3567 3008 3639 Antipatri,
3042 3566 3154 3620 ﬁlio
3185 3582 3284 3631 au:

1696 3670 1801 3725 tem
1831 3660 2103 3736 Antipatri
2132 3661 2300 3717 ﬁliam
2327 3660 2626 3719 Aristoboli
2651 3658 3025 3726 Mariamnem,
3054 3659 3281 3719 alterum

1696 3768 1845 3820 vero,
1879 3753 1932 3807 id
1961 3761 2046 3808 est
2075 3751 2460 3820 Hcrodiadem,
2498 3753 2609 3807 lilio
2634 3767 2737 3807 suo
2763 3750 2999 3820 Herodi;
3024 3760 3073 3806 et
3099 3752 3165 3819 is,
3193 3751 3281 3813 ine

1695 3846 2003 3923 quit,natus
2025 3854 2101 3900 est
2125 3847 2173 3900 ei
2194 3862 2259 3901 ea:
2274 3845 2391 3915 ﬁlia
2412 3846 2711 3917 pontiﬁcis;
2734 3861 2858 3901 cum
2886 3853 3011 3916 post
3034 3843 3282 3900 subinfe-

1697 3948 1802 4005 rat,
1829 3937 2097 3993 Herodem
2135 3947 2195 3997 et,
2216 3937 2528 4011 Philippum
2559 3953 2625 3992 ex
2659 3936 2949 4008 Cleopatra
2985 3936 3283 3993 Hierosolir

1697 4030 1827 4086 mite
1852 4037 2033 4096 natos,
2054 4028 2326 4099 pontiﬁcis
2351 4044 2480 4083 vero
2501 4027 2667 4083 ﬁliam
2690 4026 3048 4082 Mhriamnem
3077 4026 3281 4082 dictant

1697 4119 1885 4177 fuisse.
1920 4119 2001 4179 E1
2040 4120 2127 4177 his
2160 4120 2400 4192 prudens
2430 4121 2600 4175 lector
2644 4121 2809 4191 eligat
2840 4119 2972 4190 quid
3002 4120 3071 4151 ⁸⁸³
3106 4119 3282 4190 magis

1697 4211 1768 4270 sit
1790 4212 2111 4280 tenendum,
2136 4227 2265 4271 cum
2291 4221 2346 4267 et
2378 4210 2594 4272 diﬁlcile
2633 4212 2705 4267 sit
2732 4211 3080 4282 evangelista:
3101 4211 3282 4269 verbis

1696 4320 1807 4360 non
1832 4305 2161 4371 credere,‘et
2192 4318 2383 4359 omnes
2412 4302 2778 4374 astipulentur
2797 4300 3094 4372 Josephum
3128 4316 3283 4355 vera—

1696 4412 1814 4455 cem
1845 4396 2235 4467 antiquitatum
2266 4396 2558 4451 relatorem
2584 4394 2840 4460 existere,
2879 4393 2985 4448 nisi
3012 4391 3153 4447 forte
3193 4392 3281 4446 di-

54 4469 110 4562 bt'i
138 4473 252 4542 jura
307 4481 615 4551 susciperet.
660 4481 797 4539 Erat
834 4486 975 4539 enim
1018 4487 1074 4540 in
1106 4489 1278 4558 pactis
1325 4497 1383 4542 ut
1417 4488 1590 4559 ﬁliam
1621 4503 1669 4562 ο
1695 4500 1853 4547 catur
1878 4488 2209 4560 evangelista
2230 4502 2330 4559 pro
2357 4486 2618 4544 aﬁinitate
2638 4500 2997 4558 personarum
3022 4484 3278 4541 mutatio-

54 4560 223 4622 Arethce
247 4572 379 4642 regis
402 4571 725 4636 excluderet.
759 4573 829 4628 Et
864 4575 1100 4632 Herodes
1118 4578 1327 4650 quidem
1349 4578 1589 4649 Romam,

54 4655 211 4750 talibus
231 4665 397 4731 pactis
432 4665 687 4750 ﬁrmatis,
727 4667 1040 4736 advehitur;
1076 4671 1166 4725 sed
1195 4688 1315 4725 rum
1358 4688 1590 4728 reversus

51 4745 218 4821 fuisset,
242 4771 493 4829 peragens
524 4745 704 4820 Roma:
735 4770 950 4830 propter
983 4778 1099 4835 qua:
1122 4764 1296 4833 fuerat
1320 4774 1587 4833 evocatus,

51 4846 282 4945 uxor-ejus
315 4850 550 4920 ﬁdeliter
577 4860 767 4906 cuncta
804 4869 1116 4945 cqgnoscens
1152 4872 1271 4927 quis
1304 4858 1441 4945 inter
1468 4873 1588 4910 eum

50 4930 221 5025 fuerant
257 4939 712 5017 Herodiadentque
735 4944 805 4977 ⁸⁸⁸
818 4922 1135 5025 έόιηροεὶια,
1163 4922 1449 5022 antequam
1471 4966 1589 5005 eam

50 5018 121 5073 ille
133 5036 303 5083 cuncta
317 5029 390 5063 δ”
407 5036 705 5104 cognovisse
718 5018 955 5106 sentiret,
970 5046 1123 5110 rogat
1147 5018 1338 5106 virum,
1354 5049 1413 5094 ut
1446 5041 1502 5095 in
1519 5040 1588 5073 “'

52 5109 379 5190 llacherunta,
409 5124 500 5180 ubi
542 5126 692 5184 limes
737 5140 855 5187 erat
890 5109 1104 5188 Aretho:
1139 5130 1469 5204 Herodisque
1515 5149 1593 5189 rc-

47 5205 204 5279 ϐίοηὶε,
229 5213 291 5269 ab
316 5232 376 5271 eo
403 5218 717 5290 mitteretur,
742 5223 907 5278 nichil
928 5226 979 5279 ei
1005 5241 1116 5281 sua
1149 5223 1436 5279 voluntatis
1461 5241 1590 5296 ape-

46 5299 175 5359 riens.
204 5303 314 5372 Hoc
339 5307 575 5369 Herodes
596 5312 817 5370 libenter
843 5307 1128 5387 accipiens,
1152 5317 1318 5371 mittit
1342 5331 1580 5385 uxorem,

1695 4596 1818 4636 nem
1868 4578 2066 4637 fecisse
2118 4579 2404 4635 nominum
2450 4578 2543 4647 “°,
2597 4595 2699 4635 nec
2735 4578 2969 4634 multum
3009 4576 3284 4633 curaverit

1694 4673 1837 4729 inter
1860 4671 1929 4704 ‘“
1953 4679 2031 4738 tot
2054 4669 2284 4727 Herodis
2314 4671 2456 4727 ﬁlios
2473 4672 2781 4742 exquirere,
2806 4668 2953 4741 quod
2970 4668 3109 4723 duos
3141 4666 3283 4725 ﬁlios

1694 4765 1798 4823 sibi
1828 4764 2142 4836 atquivocos
2170 4764 2446 4820 scribatur
2463 4764 2743 4819 habuisse.
2774 4762 2929 4818 Beda:
2956 4776 3084 4816 vero
3108 4759 3285 4817 indui:

1694 4858 1930 4931 gendum
1973 4865 2255 4928 putamus,
2284 4856 2431 4929 quod
2470 4853 2826 4910 Herodiadem
2857 4852 3075 4908 Arethae
3114 4851 3282 4905 ﬁliam

1694 4950 1914 5016 dixerit,
1943 4950 2073 5019 quia
2109 4949 2301 5004 multis
2331 4947 2638 5005 scribendis
2663 4947 2924 5011 intentus,
2961 4942 3281 5013 multiplici-

1694 5048 1861 5096 tatem
1897 5040 2271 5111 hystoriarum
2303 5038 2445 5096 forte
2482 5054 2578 5110 per
2607 5037 2792 5094 omnia
2826 5045 3009 5093 tenere
3033 5051 3145 5091 non
3183 5049 3283 5104 po-

1695 5133 1819 5199 tuit,
1855 5133 2095 5188 maxime
2116 5147 2241 5189 cum
2274 5140 2330 5189 et
2358 5133 2580 5189 beatum
2622 5129 3000 5187 Hieronimum
3032 5129 3086 5183 in
3124 5142 3281 5183 com-

1696 5224 1967 5281 mentario
2019 5222 2191 5282 Marci
2233 5224 2384 5297 (2l8)
2424 5223 2616 5281 eadem
2659 5222 2728 5256 “'
2762 5222 3004 5281 sensisse
3048 5220 3282 5278 forsitan

1692 5315 1901 5389 legerit.

1342 5406 1576 5463 YAHIE
1613 5405 2012 5464 LECTIONES.

100 5466 157 5501 ⁵⁸⁷
188 5488 363 5549 annos“
384 5491 575 5549 vacuos
602 5485 790 5549 postea
816 5480 992 5536 emiss.
1067 5477 1138 5512 “‘
1174 5494 1226 5535 a.
1253 5494 1299 5535 s.
1322 5494 1375 5549 ρ.
1399 5478 1452 5534 5.
1498 5548 1503 5549 ί
1528 5478 1600 5512 ⁸⁸⁸
1638 5486 1680 5532 t.
1704 5478 1838 5549 q-75A.

1493 5548 1565 5582 ⁵³⁸
1600 5541 1973 5618 appellabatur
1994 5549 2048 5605 5.
2126 5549 2197 5582 δ”
2225 5546 2414 5618 XVIII,
2452 5549 2513 5606 9°
2590 5548 2660 5581 ⁸³³
2682 5545 3118 5604 interfectionem
3180 5541 3276 5595 Et.

43 5534 99 5621 Ῐῖἷ
128 5546 389 5621 mnsit?-
462 5546 535 5621 fff
567 5534 638 5604 ab
664 5548 802 5621 ipsis
832 5534 939 5621 9°;
982 5534 1069 5584 ⁷⁸⁸·
1104 5534 1295 5621 ambs
1320 5548 1417 5621 Et.

1939 5477 2011 5512 ‘”
2047 5477 2210 5535 et9°.
2321 5477 2388 5511 “'
2450 5486 2506 5534 et
2561 5479 2617 5532 h.
2669 5476 2756 5532 9°.
2864 5475 2936 5509 ⁸³⁸
2993 5475 3136 5529 deest
3192 5474 3278 5527 9°.

120 5613 252 5678 quod
285 5601 385 5671 Ei.
463 5616 534 5651 ιω
554 5601 629 5675 si
655 5601 798 5677 es“:
946 5601 1442 5678 emisre}.
1475 5635 1520 5674 ε.
1558 5601 1867 5674 natura:

102 5785 234 5859 m8)
257 5787 533 5861 Ejusmodi
577 5795 713 5853 liber
732 5795 847 5866 jam
887 5813 999 5854 non
1038 5804 1245 5868 exstat;
1288 5797 1359 5857 cf.
1389 5725 1995 5859 ποωωᾟτλίξίιιιωίιῶ
2017 5762 2154 5868 Ορρ.
2185 5795 2270 5853 ed.
2304 5794 2517 5853 Vallars
2544 5793 2658 5867 \‘ll,
2682 5810 2736 5865 p.
2766 5792 2883 5859 m0.
