3876 6306
74 331 158 388 665

77 443 233 500 nescio
270 458 336 498 an
362 441 548 498 deceat
577 445 856 501 memoriae
888 447 1051 514 tradi,
1089 449 1198 504 nisi
1221 450 1290 484 ⁸⁷⁸
1319 449 1460 508 forte
1480 453 1613 522 quia
1644 460 1684 516 Α

75 537 201 604 juvat
221 533 283 588 de
303 533 639 603 principibus
666 550 832 589 nosse
853 536 1060 604 omnia,
1085 546 1147 593 ut
1165 539 1400 611 improbi
1430 543 1626 599 saltem

79 623 209 678 fama:
233 630 373 676 metu
391 622 516 687 talia
547 623 841 685 declinent.
872 624 1047 696 (Jonn.
1077 626 1154 682 De
1181 646 1225 682 r.
1252 629 1323 698 ι.)
1344 629 1402 688 In
1425 632 1627 702 palatio

79 726 322 778 matronas
365 715 574 776 nobiles
624 717 840 786 publice
885 718 1098 774 libidini
1154 721 1404 794 subjecit,
1451 724 1628 780 tribus

79 810 324 871 sororibus
367 811 483 865 suis
530 820 716 880 stupra
751 811 954 879 intulit,
986 830 1051 868 ex
1085 830 1190 870 una
1238 832 1428 871 earum
1459 817 1625 873 etiam

80 912 232 956 natam
258 901 418 962 filiam
449 901 1006 968 vitiavit,Memmium
1045 904 1310 975 Regulum
1362 907 1537 976 coegit
1568 913 1629 962 ut

80 991 330 1062 conjugem
355 1007 511 1046 suam
537 993 642 1048 sibi
664 1009 889 1048 uxorem
914 994 968 1048 in
993 995 1113 1050 loco
1134 994 1258 1050 ﬁliae
1282 995 1436 1050 daret
1461 1011 1628 1066 seque

80 1093 251 1155 patrem
288 1084 406 1153 ejus
444 1085 653 1141 diceret
682 1095 736 1142 et
781 1087 1148 1142 instrumenta
1197 1089 1535 1144 matrimonii
1567 1082 1630 1145 ut

78 1185 203 1248 pater
247 1177 642 1245 conscriberet;
692 1195 911 1236 sorores
945 1197 1094 1249 suas,
1145 1198 1285 1252 quas
1328 1183 1623 1253 stupravit,

79 1269 346 1324 insularum
393 1270 559 1325 exilio
609 1272 907 1328 damnavit.
971 1273 1333 1344 (litem—II.
1386 1276 1483 1347 ιιι.)
1529 1275 1628 1332 Hic

79 1364 274 1430 primus,
303 1362 611 1418 diademate
651 1363 931 1434 imposito,
967 1367 1250 1422 dominum
1277 1384 1337 1424 se
1362 1369 1626 1439 appellari

76 1455 227 1521 jussit,
254 1456 381 1512 etin
422 1456 651 1511 deorum
690 1473 982 1514 numerum
1025 1475 1085 1514 se
1132 1460 1326 1518 referri
1363 1462 1624 1532 precepit.

79 1543 156 1606 llic
180 1546 350 1600 statim
391 1556 448 1601 ut
483 1558 608 1616 post
634 1558 865 1603 mortem
897 1549 1116 1622 Tyberii
1142 1569 1369 1625 regnum
1394 1555 1624 1624 accepit,

78 1638 329 1709 Agrippam
359 1650 724 1710 cognomento
757 1639 1026 1697 lferodem
1049 1660 1081 1698 a
1100 1645 1334 1700 vinculis
1367 1646 1623 1715 absolvit,

80 1733 122 1783 in
151 1747 259 1800 quae
298 1732 452 1794 illum
484 1731 751 1804 Tyberius
781 1735 1036 1804 conjecit,
1066 1737 1226 1806 eique
1268 1740 1626 1794 tetrarchiam

79 1822 275 1892 Philippi
307 1825 489 1894 patrui
513 1802 621 1892 sui,
650 1827 743 1897 qui
766 1802 1234 1897 jam—decesserat,
1259 1832 1502 1898 tradidit,
1534 1849 1624 1888 re-
1659 1802 1702 1860 Β

79 1931 271 1984 geluque
291 1916 603 1984 appellavit,
629 1918 719 1973 cui
745 1927 800 1974 et
823 1929 1009 1988 postea
1034 1923 1386 1977 tetrarchiam
1400 1923 1629 1980 Herodis

79 2009 224 2076 patrui
249 2009 328 2062 sui
360 2010 563 2079 adjecit
588 2009 692 2079 (Cf.
713 2009 824 2066 Jos.
841 2012 880 2066 ι.
898 2011 1158 2075 l.—Et:s.
1179 2013 1232 2067 Η
1239 2056 1251 2068 .
1267 2032 1313 2070 e.
1339 2031 1399 2081 ιι,
1421 2017 1499 2084 4).
1520 2015 1626 2072 Iste

79 2108 141 2152 est
167 2099 250 2168 qui
279 2099 330 2164 in
366 2101 584 2157 actibus
624 2104 997 2172 apostolorum
1029 2104 1170 2175 (cap.
1222 2107 1342 2174 xm)
1388 2105 1629 2164 Herodes

80 2189 357 2258 appellatur,
395 2191 492 2260 qui
512 2200 567 2251 et
587 2190 851 2248 Jacohum
880 2194 1080 2254 occidit
1103 2204 1156 2249 et
1179 2195 1398 2251 Petrum
1429 2198 1483 2251 in
1509 2215 1633 2254 car-

79 2300 224 2339 verem
253 2263 420 2350 misit,
450 2295 506 2340 et
534 2297 721 2356 postea
751 2289 820 2343 ab
851 2290 1046 2360 angelo
1077 2306 1394 2359 percussus,
1423 2293 1630 2347 vermia

80 2375 161 2429 bus
179 2377 476 2432 scaturiens
498 2378 824 2448 exspiravit;
850 2380 1010 2450 cujus
1037 2380 1132 2434 filii
1157 2381 1376 2438 fuerunt
1395 2383 1632 2454 Agrippa

80 2481 173 2534 rex,
208 2467 516 2546 requivocus
550 2469 690 2539 ejus,
720 2479 775 2526 et
820 2468 1103 2540 Beronice,
1140 2489 1298 2529 soror
1333 2475 1473 2544 ejus.
1524 2475 1633 2531 Re-

81 2561 233 2627 gnavit
259 2569 439 2616 autem
463 2563 624 2618 annis
653 2563 704 2629 7,
733 2563 1079 2634 moriturque
1101 2580 1248 2620 anno
1274 2565 1446 2620 tercio
1470 2565 1635 2620 Clau-

80 2650 139 2706 dii
175 2651 268 2720 (Cf.
291 2651 418 2708 Eas.
483 2670 544 2720 ιι,
589 2655 698 2725 10).
738 2654 1020 2726 Philippus
1043 2672 1193 2724 vero,
1231 2665 1464 2728 patruus
1491 2659 1632 2728 ejus,

82 2752 296 2802 mortuus
323 2753 407 2800 est
436 2761 585 2800 anno
629 2745 700 2800 22
749 2745 990 2818 'I'yberii,
1023 2765 1219 2818 regens
1268 2747 1636 2808 Traconitidis

81 2843 123 2892 et
148 2833 206 2867 ⁸⁷³
229 2834 589 2894 Gaulanitidis
611 2838 889 2908 regionem
925 2841 1086 2896 annis
1122 2841 1212 2894 52.

136 2925 180 2980 Ξ.
205 2928 266 2982 A.
302 2926 364 2982 Ι).
403 2929 499 2995 40,
525 2930 620 2999 qui
669 2939 754 2986 est
798 2929 919 2985 Gaii
963 2933 1262 2999 secundus,
1313 2929 1507 3000 Judaei,
1540 2934 1639 3004 qui

81 3014 168 3084 jam
195 3025 316 3074 tunc
341 3020 414 3073 ob
437 3021 752 3089 passionem
783 3021 988 3077 Christi
1013 3023 1224 3079 meritis
1245 3024 1448 3094 ubique
1471 3025 1639 3084 cladi-

956 331 1322 391 CHRONlCA.
1363 365 1436 376 -—
1466 336 1864 397 CHRONICON
1903 337 2346 403 UNIVERSALE

3205 358 3307 416 666

1717 457 1967 528 Agrippa
1987 461 2282 530 commisit,
2313 461 2493 533 ipsum
2521 480 2652 520 vero
2698 439 2968 538 perpetuo
2995 469 3160 527 exilio
3199 470 3310 527 Ln-

1728 552 1970 620 gdunttm
2003 554 2280 625 relegavit.
2301 554 2654 628 Cognoscens
2675 569 2857 614 autem
2887 563 3032 632 quod
3044 560 3310 622 Herodias

1728 661 1886 724 sorua;
1917 660 2062 705 esset
2097 649 2368 721 Agrippar,
2394 652 2566 710 voluit
2589 653 2638 707 ei
2681 670 2811 724 opes
2838 664 2893 710 et
2913 671 3144 728 qumque
3183 673 3312 731 pro-

1726 739 1845 809 pria
1871 740 2196 808 concedere;
2235 742 2330 796 sed
2376 742 2466 800 illa
2492 744 2676 799 mariti
2709 761 2877 801 causa
2919 754 3311 819 contempnens

1728 830 1935 897 omnia,
1987 840 2173 887 secuta
2207 843 2290 892 est
2335 850 2460 897 eum
2507 836 2561 892 in
2601 836 2847 904 exilium,
2891 838 3074 911 ibique
3104 840 3312 911 pariter

1727 922 2004 990 perierunt
2036 921 2141 993 (Cf.
2171 923 2295 979 AJ.
2332 942 2485 991 xvm,
2526 927 2634 998 Μ).

1799 1013 1896 1083 (H.
1931 1015 2026 1085 ιιι.)
2051 1014 2254 1070 Eodem
2285 1034 2429 1072 anno
2457 1019 2625 1074 Gaius
2663 1037 2788 1076 cum
2833 1022 3095 1078 adversus
3119 1038 3311 1077 omnes

1729 1104 1932 1175 ingenti
1983 1107 2305 1164 crudelitate
2351 1111 2582 1176 saeviret,
2631 1128 2662 1166 a
2704 1114 2972 1170 militibus
3021 1115 3073 1168 in
3108 1115 3311 1184 palatio

1728 1197 1947 1252 occisus
1976 1207 2081 1265 est,
2126 1215 2273 1254 anno
2317 1202 2493 1256 aetatis
2522 1203 2590 1234 “7
2627 1204 2717 1271 58,
2755 1206 2911 1274 regni
2945 1219 3161 1276 quarto.
3206 1205 3312 1274 Qui

1728 1298 2014 1358 postquam
2045 1289 2260 1345 occisus
2283 1300 2386 1358 est,
2413 1292 2522 1345 duo
2547 1293 2714 1347 libelli
2735 1294 2791 1348 in
2822 1297 3045 1350 secretis
3070 1296 3191 1366 ejus
3218 1313 3307 1350 re-

1728 1379 1864 1448 perti
1909 1387 2058 1446 sunt,
2099 1396 2336 1450 quorum
2381 1383 2536 1437 alteri
2565 1385 2748 1454 pugio,
2788 1387 2943 1441 alteri
2975 1387 3186 1457 gladius
3213 1403 3314 1458 pro

1728 1469 1886 1541 signo
1908 1472 2148 1528 nominis
2176 1473 2476 1543 ascriptum
2510 1483 2656 1542 erat;
2701 1477 2862 1530 ambo
2884 1477 3312 1534 lectissimorum

1727 1560 1971 1616 virorum
2019 1563 2307 1633 utriusque
2361 1564 2590 1630 ordinis,
2642 1567 2902 1620 senatorii
2949 1567 3206 1622 videlicet
3261 1576 3316 1622 et

1728 1654 2022 1722 equestris,
2060 1657 2284 1711 nomina
2314 1666 2367 1712 et
2399 1666 2558 1713 notas
2594 1657 2969 1725 continebant,
3015 1659 3110 1728 qui
3152 1658 3316 1713 morti

1728 1742 1982 1798 destinati
2015 1755 2190 1800 erant.
2228 1745 2451 1802 Inventa
2479 1755 2562 1802 est
2590 1755 2644 1801 et
2673 1763 2800 1802 arca
2825 1747 3016 1818 ingens
3041 1747 3316 1802 variorum

1728 1847 2086 1901 venenorum,
2113 1835 2315 1906 quibus
2351 1853 2475 1891 mox
2499 1835 2729 1891 Claudio
2756 1853 2960 1893 caesare
2984 1836 3210 1908 jubente
3234 1836 3318 1891 di-

1729 1925 1948 1991 mersis,
1988 1927 2162 1982 maria
2208 1927 2400 1984 infecta
2451 1929 2760 1995 traduntur,
2806 1945 2917 1984 non
2970 1930 3090 1985 sine
3117 1946 3318 2000 magno

1729 2018 1961 2088 piscium
1998 2019 2196 2086 exicio,
2243 2037 2384 2090 quos
2419 2031 2675 2077 enecatos
2721 2037 2818 2092 per
2863 2022 3114 2092 proxima
3155 2022 3316 2077 litora

1730 2113 1934 2181 passim
1965 2121 2130 2169 aestus
2153 2115 2333 2184 ejecit.

1733 2215 1856 2262 Anni
1889 2215 2092 2265 Claudii.
2215 2212 2219 2218 ’

1803 2295 1880 2367 (Η
1888 2337 1900 2350 .
1929 2314 1999 2351 m.
2015 2295 2282 2368 -—Ht£a.)
2306 2298 2465 2354 Anno
2479 2298 2777 2356 Dominica:
2804 2299 3204 2356 incarnationis
3228 2299 3320 2366 45,

1734 2388 1802 2461 ab
1831 2386 1976 2443 Urbe
2009 2399 2191 2444 autem
2231 2391 2448 2446 condita
2482 2391 2605 2446 795.
2633 2392 2922 2458 Claudius,
2966 2393 3035 2447 ab
3074 2391 3326 2464 Augusto

1734 2489 1986 2550 quartus,
2012 2482 2302 2552 imperium
2327 2483 2556 2554 adeptus
2576 2494 2680 2550 est,
2696 2485 3050 2555 regnavitque
3073 2500 3203 2538 ann.
3234 2483 3322 2549 l5,

1736 2586 1955 2626 menses
1996 2571 2050 2637 8,
2096 2573 2215 2626 dies
2259 2573 2349 2626 28.
2395 2572 2492 2643 (Η.
2532 2575 2630 2644 m.)
2666 2573 2764 2629 llic
2804 2573 2908 2629 fuit
2941 2583 3173 2644 patruus
3202 2572 3325 2627 Caii

1735 2661 2016 2734 Caligula},
2065 2663 2212 2720 filius
2262 2663 2424 2719 Drusi
2477 2665 2711 2735 privigni
2760 2666 3015 2735 Augusti,
3049 2665 3145 2734 qui
3178 2663 3323 2733 apud

1737 2754 2067 2826 Mogontiam
2117 2757 2280 2812 habet
2330 2769 2770 2826 monumentum,
2805 2760 2963 2830 cujus
3011 2775 3180 2830 nepos
3209 2767 3328 2813 erat

1737 2846 2004 2919 Caligula.
2044 2848 2170 2916 Iste,
2197 2866 2325 2905 cum
2357 2859 2582 2906 senatus
2603 2848 2911 2906 censuisset
2941 2867 3114 2923 genus
3141 2849 3327 2906 Caesa-

1738 2957 1862 2996 rum
1897 2942 2270 3008 exterminari,
2315 2941 2547 2997 deformi
2583 2943 2792 2998 latebra
2831 2943 3002 2998 latere
3051 2950 3325 3012 repertus,

1739 3031 1868 3101 quia
1895 3047 2087 3088 vecors
2114 3040 2251 3097 erat,
2291 3033 2620 3088 mitissimus
2646 3032 2930 3087 videbatur
2971 3031 3330 3102 imprudenti-

83 3107 164 3162 bus
191 3112 622 3181 exagitabanwr,
658 3113 799 3184 apud
849 3113 1236 3178 Alexandriam
1276 3127 1465 3172 exorta
1492 3118 1637 3173 scdi-
1666 3145 1710 3204 ρ
1742 3123 1866 3189 bus,
1909 3123 2100 3194 sicque
2145 3132 2334 3193 raptus
2378 3139 2408 3178 a
2451 3123 2737 3190 militibus,
2782 3123 3078 3193 imperator
3105 3121 3329 3176 ell‘ectus

85 3199 218 3268 tione,
247 3203 510 3276 proﬂigati
538 3214 669 3266 sunt
701 3207 867 3274 caade,
893 3218 1057 3278 atque
1084 3208 1227 3278 pulsi
1250 3225 1318 3263 ex
1347 3209 1513 3276 urbe;
1540 3226 1639 3280 pro

83 3296 252 3363 quibus
293 3297 489 3371 Phylo,
538 3301 624 3354 vir
658 3317 791 3356 sane
833 3301 1079 3371 apprime
1100 3303 1368 3370 eruditus,
1402 3305 1640 3359 secunda

85 3387 178 3444 vice
205 3387 429 3446 Romam
471 3393 726 3460 veniens;
757 3401 811 3447 et
841 3393 986 3463 apud
1026 3393 1221 3447 Caium
1266 3395 1638 3464 interpellans,

85 3487 224 3540 nichil
247 3487 498 3557 profecit,
528 3489 623 3544 sed
649 3489 723 3543 ibi
739 3504 1090 3544 commorans
1105 3490 1306 3545 dicitur
1328 3506 1456 3546 cum
1481 3488 1641 3546 Petro

85 3579 295 3644 apostolo
323 3579 546 3642 locutus
574 3579 746 3636 fuisse
769 3581 1000 3651 ejusque
1041 3582 1349 3637 amiciciam
1384 3583 1644 3639 habuisse

86 3668 170 3735 (Cf.
194 3670 310 3726 Eus.
342 3689 401 3739 ιι,
429 3673 508 3742 5).
1295 3745 1306 3754 α

138 3759 182 3814 5.
207 3762 346 3827 (Chr.
383 3763 500 3834 ιγ.)
524 3764 588 3818 Α.
629 3765 691 3820 D.
721 3767 811 3821 M.
837 3766 1062 3838 Pylatus
1104 3769 1292 3828 multis
1317 3768 1644 3824 calamitati-

83 3851 168 3908 bus
197 3871 225 3910 a
257 3856 389 3920 Gaio
421 3859 741 3927 obpressus,
767 3876 825 3921 se
852 3859 1032 3931 ipsum
1062 3859 1354 3915 interfecit.

140 3946 707 4008 4.A.D.42.Matheus
735 3953 1078 4023 evangelium
1108 3951 1330 4022 scripsit
1359 3951 1640 4007 Hebratce.

85 4034 295 4096 Herodes
331 4044 632 4108 tetrarcha,
683 4045 774 4114 qui
823 4045 892 4098 in'
928 4045 1196 4101 Johannis
1239 4045 1490 4116 baptista;
1515 4059 1645 4098 nece

87 4140 250 4188 auctor
271 4136 452 4190 extitit
471 4145 527 4190 et
551 4138 794 4207 passioni
819 4139 1033 4194 Domini
1065 4139 1332 4206 interfuit,
1363 4139 1508 4194 filius
1533 4136 1644 4194 He-

87 4222 210 4278 rodis
239 4223 440 4300 Magni,
471 4229 576 4282 sub
597 4244 708 4298 quo
729 4239 891 4284 natus
927 4238 1014 4284 est
1043 4229 1296 4286 Christus
1323 4229 1416 4301 (V.
1434 4227 1642 4299 supra),

89 4311 287 4371 Romam
321 4319 495 4382 venit,
526 4331 752 4392 cogente
793 4321 1096 4386 Herodiade
1125 4338 1296 4381 uxore
1327 4338 1447 4389 sua,
1478 4338 1644 4392 quam

87 4403 460 4466 abstulit'fratri
485 4427 586 4466 suo
619 4410 752 4483 (Jos.
783 4413 858 4467 De
878 4414 928 4467 b.
962 4413 1018 4468 Ι.
1044 4431 1104 4480 ιι,
1130 4415 1206 4485 8).
1231 4414 1364 4481 Quae
1395 4430 1522 4470 cum
1560 4414 1642 4466 vi-

1741 3225 1844 3282 est,
1881 3218 2166 3272 annitente
2189 3216 2340 3287 (219)
2369 3215 2627 3287 Agrippa,
2655 3217 2750 3286 qui
2775 3225 2906 3270 tunc
2931 3214 3070 3270 forte
3095 3214 3326 3270 Romam

1740 3317 1964 3363 venerat
2003 3317 2108 3363 eta
2162 3317 2358 3364 senatu
2405 3309 2458 3362 in
2510 3305 2801 3362 consilium
2849 3317 3076 3363 vocatus
3129 3306 3328 3373 fuerat,

1742 3403 1885 3457 unde
1932 3410 1987 3457 et
2031 3401 2202 3456 filium
2249 3402 2372 3472 ejus
2413 3400 2709 3470 Agrippam
2752 3410 2939 3470 postea
2969 3415 3152 3470 regem
3179 3398 3328 3454 fecit.

1743 3493 1840 3564 (II.
1867 3493 1964 3563 ιη.)
2000 3491 2100 3548 Hic
2119 3493 2318 3558 ventri,
2373 3492 2522 3557 vino,
2570 3490 2783 3545 libidini
2829 3489 2988 3545 forda:
3047 3489 3330 3556 obediens,

1740 3600 1932 3640 vecors
1951 3593 2003 3638 et
2027 3599 2196 3655 prope
2220 3583 2386 3638 hebes
2408 3599 2473 3638 ac
2495 3581 2746 3653 pavidus,
2774 3583 3094 3637 libertorum
3117 3590 3172 3635 et
3200 3595 3304 3635 con
3328 3610 3335 3617 -

1740 3676 1886 3748 jugis
1928 3677 2246 3747 subjacebat
2285 3676 2532 3746 imperiis
2572 3673 2759 3746 (Onos.
2809 3691 2908 3740 vn,
2944 3673 2997 3739 6,
3031 3689 3078 3729 s.
3109 3671 3254 3726 Bnna
3292 3689 3330 3739 ι,

1742 3768 1826 3839 5);
1857 3769 2086 3840 cupiens
2114 3779 2297 3824 tamen
2326 3769 2513 3824 utilem
2561 3783 2620 3824 se
2665 3767 2897 3838 publicae
2939 3765 3017 3822 rei
3048 3765 3335 3821 ostendere

1741 3861 2062 3932 principem,
2087 3863 2388 3917 exercitum
2413 3861 2587 3918 movit
2613 3861 2667 3915 in
2691 3859 3056 3925 Britanniam,
3085 3868 3335 3913 transveé

1743 3961 1976 4023 ctusque
2002 3953 2057 4006 in
2086 3953 2344 4020 insulam,
2372 3970 2542 4024 quam
2577 3969 2740 4008 nemo
2767 3961 2893 4008 ante
2921 3951 3128 4007 Iulium
3151 3949 3336 4005 Cmsa-
3363 3970 3365 3972 ·

1742 4060 1858 4099 rem
1891 4060 1993 4098 nec
2007 4054 2132 4114 post
2151 4061 2276 4100 eum
2301 4062 2470 4102 ausus
2498 4047 2600 4100 fuit
2624 4046 2800 4112 adire,
2825 4045 2966 4099 intra
2991 4059 3200 4114 paucos
3219 4043 3340 4098 dies

1713 4137 1864 4192 sine
1903 4136 2093 4207 praelio
2133 4146 2190 4192 et
2239 4137 2504 4208 sanguine
2539 4137 2833 4207 plurimam
2883 4136 3004 4205 ejus
3033 4145 3242 4205 partem
3277 4135 3333 4188 in

1743 4227 2074 4283 deditionem
2118 4229 2357 4297 accepit;
2391 4227 2672 4282 Orchadas
2717 4228 2884 4282 etiam
2935 4226 3148 4280 insulas
3193 4225 3337 4279 ultra

1742 4319 2080 4378 Britanniam
2105 4319 2352 4375 Romano
2375 4319 2606 4390 imperio
2625 4318 2844 4388 adjecit,
2872 4334 2937 4374 ac
2965 4325 3120 4372 sexto
3150 4331 3339 4370 mense

1744 4428 1812 4467 ex
1841 4428 1952 4482 quo
1985 4411 2266 4483 profectus
2286 4419 2371 4466 est
2395 4410 2627 4466 Romam
2651 4409 2830 4465 rediit.
2860 4408 3069 4481 (Ηιειι.)
3089 4407 3182 4464 Sic
3209 4423 3342 4478 ergo

87 4493 214 4550 deret
235 4498 531 4570 Agrippam
554 4501 777 4558 fratrem
803 4521 963 4559 suum
987 4523 1016 4560 a
1041 4505 1176 4560 Gaio
1207 4523 1388 4576 regem
1416 4505 1642 4570 factum,
1679 4498 1722 4552 Ι)
1746 4503 1814 4556 de
1861 4501 2140 4560 Britannis
2183 4502 2557 4574 triumphavit,
2595 4502 2878 4571 filiumque
2913 4517 3074 4556 suum
3121 4500 3345 4555 Britan~

85 4588 388 4654 exprobrare
441 4595 608 4663 cat-pit
652 4594 849 4651 Herodi
903 4596 1232 4663 socordiam,
1270 4597 1398 4676 quia
1449 4613 1546 4667 per
1594 4595 1647 4649 id

85 4682 209 4746 quod
253 4686 491 4740 noluerit
529 4687 594 4742 ad
624 4704 880 4744 caesarem
929 4690 1187 4761 navigare
1221 4697 1430 4744 careret
1452 4687 1648 4759 majori

88 4771 286 4832 honore.
318 4777 460 4837 Nam
494 4796 620 4836 cum
662 4781 956 4853 Agrippam
1001 4799 1066 4837 ex
1094 4783 1308 4852 privato
1349 4798 1528 4852 regem
1573 4781 1649 4835 fe-

87 4865 206 4923 cisse
257 4887 366 4932 non
417 4881 565 4928 esset
611 4872 836 4928 dubium
879 4875 1013 4945 quin
1082 4891 1208 4930 eum
1257 4890 1325 4929 ex
1377 4873 1648 4930 tetrarcha

88 4960 183 5025 pari
211 4962 417 5020 honore
449 4965 790 5035 proveheret.
834 4965 928 5022 His
969 4967 1236 5022 adductus
1267 4963 1510 5020 Herodes
1536 4964 1648 5024 Ro-

90 5063 210 5106 mam
234 5057 402 5122 venit,
431 5057 800 5128 subsequente
820 5059 890 5090 ⁸⁷⁶
907 5075 1032 5113 eum
1056 5067 1111 5113 et
1137 5065 1431 5114 accusante
1453 5055 1650 5128 Agrip-

90 5155 162 5207 pa,
188 5145 293 5201 tilio
323 5147 512 5204 fratris
544 5149 631 5204 sui
652 5149 969 5206 Aristoboli.
986 5150 1154 5205 Gaius
1172 5165 1298 5212 eum
1320 5150 1389 5204 de
1412 5147 1650 5203 avaricia

91 5234 415 5295 vehementer
443 5240 765 5312 increpavit,
782 5242 941 5313 eique
969 5241 1317 5299 tetrarchiam
1373 5239 1649 5305 auferens,

1748 4591 1937 4645 nicum
1955 4595 2190 4648 vocavit.
2217 4592 2316 4666 (11.
2344 4593 2441 4664 m.)
2468 4592 2617 4650 Uxor
2643 4609 2773 4649 vero
2812 4591 3024 4647 Claudii
3049 4593 3342 4649 Messalina

1749 4686 1818 4720 ‘7’
1841 4687 2020 4757 primo
2065 4690 2271 4760 passim
2324 4691 2585 4746 adulteris
2612 4692 2896 4757 utebatur;
2935 4705 2999 4744 ex
3047 4704 3157 4759 quo
3199 4687 3346 4742 facto

1751 4781 1936 4850 plures
1985 4791 2132 4838 metu
2178 4784 2524 4839 abstinebant
2557 4794 2613 4839 et
2651 4786 2878 4840 extincti
2928 4792 3087 4849 sunt,
3141 4781 3343 4836 dehinc

1753 4871 1998 4927 atrocius
2023 4889 2278 4939 accensa,
2317 4875 2616 4930 nobiliores
2643 4891 2892 4946 quasque
2920 4883 3118 4942 nuptas
3151 4881 3204 4926 et
3233 4871 3345 4925 vir-

1753 4963 1910 5034 gines
1931 4973 2244 5020 scortorum
2265 4966 2428 5020 modo
2450 4981 2635 5020 secum
2657 4977 3040 5035 proposuerat,
3057 4963 3346 5033 coactique

1754 5065 1884 5112 sunt
1911 5073 2093 5114 mares
2120 5067 2180 5118 ut
2207 5058 2479 5116 adessent.
2509 5057 2668 5124 Quod
2709 5058 2755 5113 si
2786 5057 2913 5128 quis
2948 5057 3076 5111 talia
3119 5057 3347 5110 horrue—

1755 5158 1858 5214 rat,
1884 5151 2118 5210 conlicto
2145 5151 2374 5206 crimine
2401 5151 2455 5205 in
2481 5167 2605 5205 cum
2630 5149 2700 5182 ⁸⁷⁹
2723 5165 3055 5221 omnemque
3079 5146 3345 5211 familiam

1757 5240 1826 5277 W
1884 5240 2007 5310 ejus
2058 5242 2385 5298 scviebatur.
2437 5242 2515 5298 lta
2543 5241 2613 5274 ⁸⁸¹
2645 5241 2824 5298 liberti
2869 5241 2988 5313 ejus
3021 5248 3346 5313 potestatem

1361 5375 1593 5432 VARIE
1633 5377 2037 5434 LECTIONES.

213 5485 550 5582 "‘geestgf.
611 5491 709 5582 :71
735 5491 1002 5582 deest.
1079 5488 1284 5582 "‘Dscd
1323 5487 1628 5558 s.—-gaius
1679 5488 1775 5546 Ei.
1855 5491 1925 5527 ⁸⁷⁷
1955 5508 2006 5547 a.
2052 5508 2166 5548 sua:
2190 5492 2275 5548 9°.
2353 5493 2420 5526 ""
2447 5494 2702 5550 messalia
2751 5494 2806 5550 5.
2846 5493 2932 5550 9°.
3011 5492 3082 5528 m
3106 5490 3254 5582 conf.
3288 5489 3345 5551 in

91 5563 198 5608 eum
219 5573 267 5612 c.
291 5559 345 5613 5.
423 5561 491 5592 ⁸³⁸
517 5561 648 5634 inf.
677 5562 762 5617 9°.
841 5561 906 5593 ⁸⁸¹
935 5560 1121 5634 Itaque
1145 5559 1243 5615 El.

1571 5671 1798 5732 ΝΟΤίΕ.

152 5752 293 5826 (ἰιῐδ)
322 5753 446 5812 Haec
473 5761 654 5816 neScio
694 5761 836 5816 unde
862 5761 1104 5817 hauserit
1132 5760 1504 5820 Ekkehardus.
