3876 6306
542 314 657 383 sui

1717 309 2112 373 ΕΚΚΕἨΆΚΒΙ
2151 312 2637 372 ωιλυθιεηδιε
3660 316 3731 374 κδ

542 437 819 501 summam
842 421 1047 494 adepti,
1070 421 1298 494 stupris,
1320 420 1520 495 exilio,
1535 422 1703 495 caede,
1730 427 2133 499 proscriptione
2165 441 2206 491 Α
2234 430 2394 501 ﬁdem
2414 429 2640 494 misse,
2659 427 2964 499 probamus.
2988 425 3213 482 Petrum
3245 440 3373 481 vero
3386 426 3737 496 quartoClaaﬁ

542 515 732 588 omnia
759 513 1057 572 fmdabant.
1098 513 1174 569 Ex
1204 513 1405 585 quibus
1434 513 1675 579 Felicem
1711 515 2017 588 legionibus
2036 517 2134 574 Ju—

542 607 679 669 ιίιιεειεΔ
702 604 949 678 profecit,
981 605 1307 673 Possidonio
1346 607 1601 663 eunucho
1628 616 1752 681 post
1795 609 2135 681 triumphum

547 698 921 771 Britannicum
958 699 1100 766 inter
1125 697 1445 767 militarium
1466 698 1801 771 fortissimos
1821 716 1975 756 arma
2002 689 2139 759 insi—.

546 790 675 864 grtia
727 798 1007 872 tamquam
1059 790 1313 863 participi
1362 790 1605 857 victoriae
1645 791 1814 859 dedit,
1861 790 2141 873 Polibium

547 888 694 944 inter
730 886 1049 942 consulares
1071 886 1312 942 medium
1353 886 1608 942 incedere
1637 885 1791 953 fecit,
1811 885 1923 944 Hos
1945 903 2141 954 omnes

547 980 795 1051 anteibat
819 977 1136 1045 Narcissus,
1156 978 1288 1035 Post
1316 979 1433 1035 haec
1456 977 1723 1039 Claudius
1759 978 2134 1052 Agrippinam,

549 1071 860 1139 Germanici
890 1068 1078 1139 fratris
1102 1069 1190 1133 sui
1215 1069 1405 1137 ﬁliam,
1436 1084 1683 1126 sororem
1711 1069 1991 1141 Caligulae,
2021 1085 2140 1136 ma;-

550 1174 687 1235 trem
711 1178 841 1218 vero
876 1160 1127 1230 Neronis,
1176 1162 1387 1232 accepit
1418 1177 1679 1230 uxorem,
1714 1178 1838 1234 qua:
1880 1162 1993 1217 lilio
2039 1176 2140 1225 suo

548 1270 850 1326 procurans
877 1254 1191 1328 imperium,
1235 1253 1544 1324 privignum
1566 1270 1730 1309 suum
1756 1252 2141 1320 BritanniCutn

512 1356 513 1359 ‘
548 1346 729 1429 primo
762 1346 817 1401 in
836 1346 1039 1416 palatio
1060 1344 1497 1411 multiformibus
1521 1343 1734 1400 insidiis
1759 1343 2148 1415 circumvenit,

549 1436 748 1492 dehinc
774 1437 953 1507 ipsum
983 1434 1272 1508 conjugcm
1299 1449 1509 1490 veneno
1538 1434 1830 1489 interemit.

624 1529 889 1596 LPrim'o
930 1529 1098 1605 igitur
1132 1528 1350 1601 imperii
1377 1527 1465 1583 sui
1487 1542 1655 1596 anno,
1687 1542 1817 1593 cum
1840 1526 2142 1587 conﬁrma-3

550 1630 703 1677 retur
731 1620 879 1691 (219)
917 1618 973 1690 in
1009 1635 1178 1691 regno
1212 1620 1465 1691 Agrippa:
1491 1618 1745 1687 consilio,
1778 1618 1929 1683 dedit
1965 1617 2154 1678 eidem.

551 1711 807 1784 Agrippa:
836 1726 936 1782 pro
958 1712 1399 1781 remuneratione
1435 1711 1619 1779 omnia
1645 1725 1768 1781 quae
1788 1710 1939 1775 dedit
1957 1709 2147 1778 Augu-

530 1777 675 1867 stus
930 1777 1202 1872 “’,'aliud
1235 1818 1456 1875 quoque
1489 1777 1757 1875 regnum,
1787 1801 1937 1874 quod
1969 1800 2145 1873 Lysa-
2179 1777 2219 1833 Β

553 1898 661 1953 nia:
688 1896 971 1959 dicebatur
990 1896 1194 1967 fuisse,
1914 1962 1915 1965 η

625 1987 681 2041 2.
704 1986 868 2059 A.‘D.
908 1988 997 2041 44.
1037 1985 1334 2055 Duodecim
1383 1986 1642 2058 apostoli,
1671 2001 1808 2051 cum,
1831 1994 2060 2048 eatenus
2088 1986 2151 2051 iu

551 2074 741 2133 Julzea
767 2085 979 2132 tantum
1008 2079 1373 2148 predicarent,
1401 2077 1563 2149 juxta
1601 2086 1921 2150 preceptum
1954 2076 2147 2134 Domi-

556 2169 634 2235 ni,
670 2177 729 2224 ut
764 2168 905 2224 Beda
938 2169 1152 2236 scribit,
1182 2184 1328 2223 anno
1356 2185 1387 2223 a
1416 2170 1676 2240 passione
1716 2168 1935 2228 Domini
1964 2168 2052 2236 12,
2090 2168 2147 2227 iu

553 2268 728 2315 totum
758 2260 951 2316 orbem
972 2260 1136 2324 divisi
1161 2268 1308 2317 sunt.
1336 2259 1492 2320 Unde
1518 2260 1730 2328 Petrus,
1770 2260 1998 2325 fundata
2027 2260 2146 2332 pri-

554 2368 704 2407 mum
740 2353 1082 2419 Antiochena
1131 2351 1365 2409 ecclesia
1389 2352 1499 2430 ‘3’,
1524 2352 1758 2407 Romam
1798 2352 2046 2419 tetendit,
2087 2360 2149 2409 ut

553 2444 778 2519 quidam
805 2444 1203 2514 volunt(Bsoa:
1241 2444 1434 2514 Mart.)
1481 2445 1588 2500 hoc
1629 2460 1796 2513 anno,
1842 2445 2143 2502 secundum

552 2537 694 2608 alios
716 2536 925 2608 (illam)
959 2553 1089 2594 vero
1120 2548 1319 2609 quarto
1346 2538 1560 2607 Claudii
1595 2555 1761 2597 anno.

626 2630 679 2684 5.
713 2628 863 2701 (Chr.
898 2628 1011 2701 W.)
1054 2630 1121 2698 Α.
1170 2629 1229 2686 D.
1266 2632 1368 2701 45.
1393 2629 1933 2704 Primuscpiscopus
1953 2631 2148 2693 Antio-

554 2727 695 2791 chiae
738 2728 1027 2793 ordinatur
1067 2728 1328 2786 Evodius.
1383 2728 1627 2788 Herodes
1666 2730 1943 2803 Agrippa,
2001 2732 2147 2787 ﬁlius

556 2818 879 2885 Aristoboli,
911 2834 1057 2877 anno
1085 2820 1137 2872 7°
1182 2821 1334 2891 regni
1360 2821 1449 2879 sui
1470 2820 1777 2891 percutitur
1809 2821 1881 2881 ab
1928 2822 2145 2893 angelo,

556 2909 873 2979 relinquens
914 2910 1087 2977 ﬁlium
1130 2913 1358 2977 nomine
1398 2911 1696 2984 Agrippam
1742 2922 1798 2969 et
1843 2923 1956 2970 tres
1983 2916 2144 2983 ﬁlias,

558 2994 876 3053 Beroniecm
902 2998 990 3065 ⁸⁸³⁵,
1037 2999 1392 3060 Mariamnem
1438 3012 1603 3073 atque
1646 3003 1963 3059 Drusillam.
1992 3004 2149 3062 Tunc

558 3087 846 3178 Claudius,
872 3098 933 3144 ut
953 3088 1226 3161 Joscphus
1251 3100 1482 3148 testatur
1522 3091 1609 3163 (Α.
1635 3093 1690 3148 Ι.
1724 3111 1840 3161 xrx,
1865 3096 1933 3162 8;
1973 3095 2044 3151 cl'.
2068 3096 2148 3150 De
2178 3122 2221 3178 ε

560 3176 612 3231 b.
642 3176 698 3231 Ι.
725 3194 785 3245 ιι,
817 3179 926 3249 10),
966 3196 1198 3251 regnum
1236 3182 1357 3253 ejus
1394 3183 1448 3236 in
1482 3184 1818 3253 provinciam
1840 3187 2064 3257 redegit,
2094 3188 2149 3241 in

560 3267 719 3338 cujus
747 3270 1187 3347 procurationem
1211 3273 1416 3336 missus
1445 3284 1527 3329 est
1549 3274 2013 3344 Cuspius,Fadus.

630 3359 687 3419 4.
716 3357 922 3431 (Ηιειι.)
951 3363 1017 3418 Λ.
1051 3362 1114 3418 D.
1142 3364 1233 3428 46.
1265 3364 1529 3421 Claudius
1558 3366 1626 3421 de
1648 3366 1927 3433 Britannis
1954 3370 2141 3424 trium-

562 3450 772 3521 phavit.
803 3451 1008 3509 Eodem
1051 3470 1198 3511 anno
1226 3456 1367 3512 facta
1394 3467 1478 3513 est
1505 3458 1680 3515 fames
1706 3461 2029 3531 gravissima
2059 3479 2154 3533 per

567 3538 804 3612 Syriam,
841 3556 1010 3612 quam
1040 3543 1204 3599 etiam
1252 3546 1474 3616 Agabus
1508 3548 1774 3617 propheta
1813 3551 2067 3620 prodixit,
2094 3560 2155 3607 ut

570 3630 626 3684 in
667 3632 1039 3705 apostolorum
1090 3635 1290 3708 legitur
1315 3634 1542 3695 Actibus
1584 3638 1726 3711 (cap.
1768 3657 1868 3709 xu,
1897 3641 2022 3711 28);
2058 3643 2154 3699 sed

562 3723 1004 3783 Christianorum
1044 3731 1465 3789 necessitatibus
1502 3734 1647 3804 apud
1702 3732 2150 3804 “ierosolimam,

563 3828 828 3874 convecto
847 3835 915 3876 ex
928 3821 1164 3895 Egypto
1189 3824 1485 3893 frumento,
1513 3825 1714 3882 Helena
1748 3827 2153 3885 Adiabenorum

563 3912 753 3983 regina
785 3912 1091 3985 largissime
1118 3908 1472 3972 ministravit.

638 4002 757 4060 Hoc
780 4005 944 4061 etiam
984 4023 1129 4063 anno
1155 4008 1245 4076 ⁸⁸⁸,
1281 4009 1492 4065 scilicet
1517 4009 1731 4068 Claudii
1762 4021 1979 4084 quarto,
2022 4013 2154 4070 illud

567 4094 773 4151 factum
809 4112 930 4154 esse
955 4097 1099 4154 Beda
1143 4098 1369 4170 (Comm.
1405 4103 1460 4156 in
1479 4102 1635 4157 Acta.
1661 4102 1797 4175 Opp.
1828 4103 1893 4171 γ,
1920 4121 1975 4174 p.
1999 4106 2151 4175 652.)

565 4188 839 4260 opinatur,
866 4193 1014 4263 quod
1044 4194 1098 4249 in
1117 4194 1346 4253 Actibus
1371 4199 1747 4269 apostolorum
1780 4200 2005 4270 legitur:
2025 4200 2152 4255 Sta-

566 4290 801 4349 tuerunt,
839 4294 894 4337 ut
933 4286 1273 4341 ascenderant
1315 4288 1524 4344 Paulus
1547 4299 1599 4344 et
1627 4289 1909 4345 Barnabas
1952 4303 2001 4346 et
2031 4293 2153 4362 qui-

565 4376 691 4431 dam
720 4377 818 4432 alii
842 4395 907 4433 ea:
933 4379 1046 4434 illis
1077 4380 1148 4435 ad
1179 4381 1444 4452 apostolos
1470 4392 1520 4438 et
1541 4384 1858 4453 presbiteros
1883 4385 1939 4438 in
1965 4383 2159 4438 Hieru-

2234 519 2647 575 aunoJiornam
2688 518 2923 584 venisse,
2974 516 3086 572 fere
3110 533 3299 573 omnes
3329 525 3618 573 sanctorum
3638 528 3738 575 tem-
3822 536 3823 543 η

2236 624 2433 680 porum
2448 609 2743 679 scriptores
2760 614 3060 674 testantur;
3084 608 3306 678 quidam
3331 615 3509 662 autem
3525 609 3741 678 pontiﬁca-

2238 710 2353 756 tum
2380 701 2451 748 '93
2481 699 2537 755 in
2560 699 2699 756 urbe
2731 699 2978 756 Romana
3017 700 3124 755 hoc
3167 716 3311 755 anno
3334 700 3484 755 illum
3508 703 3743 773 suscepisse

2238 793 2561 863 opinantur;
2585 801 2641 848 et
2684 792 2792 848 hoc
2843 792 3041 848 exinde
3069 808 3262 850 verum
3314 792 3609 864 conjicitur,
3653 796 3743 864 quia

2237 884 2433 942 Petrus
2481 886 2662 942 sedem
2712 884 3018 939 Romanam
3048 884 3315 941 25'annis
3354 885 3581 941 tenuisse
3603 885 3747 942 dicina
3824 884 3825 951 ξ

2242 977 2468 1049 (Ηιιζιι.),
2493 986 2547 1033 et
2567 978 2794 1045 ultimus
2819 976 3050 1033 Neronis
3077 992 3258 1032 annus
3280 992 3392 1049 quo
3408 976 3589 1032 Petrus
3607 993 3748 1047 passus

2240 1085 2364 1126 esse
2391 1078 2666 1135 narratur,
2690 1069 2822 1125 Ξὸιιθ
2846 1070 2916 1110 ⁸⁸η
2932 1085 2975 1123 ~a
3000 1067 3198 1140 quarto
3224 1068 3439 1123 Claudii
3479 1078 3747 1124 numeratur.

2241 1162 2397 1223 Unde
2421 1162 2556 1219 satis
2600 1170 2823 1233 apparet
2874 1162 3021 1233 quod
3050 1163 3247 1217 eodem
3271 1177 3420 1216 anno
3459 1176 3561 1232 quo
3581 1161 3757 1215 Romam

2240 1254 2391 1310 uenit
2416 1255 2581 1310 etiam
2614 1255 2797 1309 sedem
2822 1253 3175 1324 pontiﬁcatus
3207 1253 3437 1325 accepit.

2314 1344 2392 1402 De
2412 1345 2503 1385 “°-
2533 1345 2884 1401 successione
2925 1359 3059 1400 vero
3088 1345 3411 1416 pontiﬁcum
3453 1343 3757 1399 Romanorum
3826 1328 3827 1379 ἶ

2243 1446 2299 1494 et
2323 1438 2516 1494 ordine
2536 1446 2712 1508 atque
2725 1437 3066 1507 temporibus
3094 1451 3286 1492 eorum
3323 1436 3439 1507 jam
3469 1436 3581 1491 inde
3609 1452 3634 1490 a
3652 1436 3754 1507 prin-

2243 1532 2387 1603 cipio
2412 1531 2742 1601 etdeinceps
2768 1530 2823 1585 in
2852 1529 3118 1600 plurimis
3134 1530 3359 1585 diversa
3371 1530 3655 1584 sentiuntur
3669 1544 3691 1583 a
3703 1530 3757 1583 di-

2246 1624 2439 1685 versis.
2473 1623 2722 1691 Quorum
2770 1623 3063 1693 opiniones
3107 1622 3196 1675 hic
3226 1620 3541 1675 summatim
3582 1620 3758 1675 scribere
3828 1620 3829 1695 1

2247 1716 2452 1771 idcirco
2493 1715 2732 1770 arbitror
2770 1730 2882 1770 non
2926 1729 3051 1769 esse
3078 1714 3147 1768 ab
3175 1727 3255 1780 re,
3282 1721 3345 1766 ut
3388 1713 3758 1785 et’segnioresrt

2246 1807 2683 1879 neglegentiores
2723 1807 2833 1861 mei
2865 1806 3077 1861 similes
3101 1806 3171 1860 ad
3214 1805 3499 1860 veritatem
3532 1804 3598 1859 rei
3626 1804 3761 1858 adun-

2246 1899 2480 1955 dendam
2518 1898 2844 1964 excitentur,
2874 1905 2927 1952 et
2969 1894 3355 1967 prudentiores
3385 1895 3452 1950 ad
3493 1895 3618 1949 hanc
3641 1895 3761 1949 subti-

2247 1990 2357 2046 lius
2384 1989 2819 2062 investigandam
2858 1996 3247 2060 provocentur.
3282 1987 3518 2055 Quidam
3561 1988 3760 2045 scribunt,
3830 1987 3831 2051 ξ

2246 2085 2449 2156 quibus
2487 2093 2545 2140 et
2581 2084 2963 2140 ecclesiastica
3003 2084 3316 2139 consentire
3343 2083 3552 2138 videtur
3586 2083 3761 2154 bystoria

2250 2175 2400 2248 (Eos.
2434 2174 2582 2230 Hist.
2620 2175 2749 2231 εδει.
2792 2191 2875 2242 m,
2910 2175 2978 2229 12
3021 2174 3190 2245 sqq.),
3234 2173 3437 2229 Linum
3478 2172 3762 2246 postpassio-

2247 2283 2374 2324 nem
2424 2267 2571 2323 Petri
2602 2268 2858 2339 apostoli,
2890 2265 3174 2322 Romanae.
3196 2266 3355 2321 sedis.
3374 2266 3448 2321 25
3480 2265 3621 2320 annis
3645 2263 3763 2334 presi-
3832 2332 3833 2339 η

2248 2362 2447 2429 dentis,
2478 2361 2621 2417 hanc
2649 2359 2944 2433 regendam
2971 2359 3299 2429 suscepisse,
3327 2367 3382 2414 et
3405 2367 3524 2429 post
3550 2356 3765 2412 duodecim

2249 2453 2337 2509 sui
2374 2453 2659 2526 regiminis
2697 2468 2893 2519 annos,
2938 2452 3201 2507 secunde.
3224 2451 3333 2506 Titi
3359 2466 3523 2515 anno,
3552 2449 3764 2521 pontiﬁca-

2249 2554 2367 2600 tum
2392 2545 2657 2600 Anaeleto
2674 2544 2982 2615 reliquisse,
3012 2553 3068 2599 et
3094 2544 3241 2599 hunc
3263 2544 3395 2598 item
3435 2541 3626 2614 post”
3644 2556 3769 2594 annos

2248 2626 2517 2693 Clementi
2545 2637 2730 2693 sedem
2760 2638 3072 2704 tradidisse,
3122 2637 3267 2707 quod
3302 2635 3518 2691 videtur
3542 2650 3664 2689 anno
3693 2632 3764 2685 [1ος

2250 2729 2464 2784 mitiani
2498 2728 2607 2783 12°-
2636 2728 2934 2800 contigisse
2955 2771 2970 2796 ,
3006 2729 3299 2799 ipsumque
3343 2727 3654 2782 Clementem
3686 2728 3767 2793 post
3834 2740 3835 2749 η

2250 2835 2446 2876 novem
2472 2819 2558 2876 sui
2592 2820 2943 2891 pontiﬁcatus
2980 2834 3157 2875 annos
3193 2820 3297 2875 sub
3321 2818 3558 2888 Traiano
3579 2832 3764 2888 passum;

2249 2910 2565 2968 Evaristum
2608 2920 2807 2983 quarto
2852 2912 3101 2981 ejusdem
3154 2912 3383 2981 Traiani
3440 2926 3577 2965 anno
3612 2924 3767 2963 suere:-

2252 3004 2412 3071 sisse,
2440 3004 2571 3059 huic
2596 3004 2992 3072 Alexandrum,
3025 3004 3104 3058 illi
3128 3019 3260 3060 vero
3288 3002 3507 3058 Sixtum
3524 3042 3539 3063 .
3560 3010 3608 3058 et
3623 3000 3686 3056 sic
3707 3016 3768 3053 ce-

2252 3109 2420 3153 teros.
2444 3096 2551 3152 Alii
2572 3111 2704 3152 vero
2733 3096 2983 3152 scribunt
3027 3095 3225 3150 Linum
3248 3104 3302 3151 et
3321 3095 3534 3151 Gletum
3562 3090 3771 3150 subPetro

2252 3188 2444 3255 fuisse,
2472 3188 2765 3259 ipsumque
2797 3187 3042 3255 Petrum,
3081 3204 3208 3243 mox
3252 3195 3313 3242 ut
3354 3187 3693 3259 pontiﬁcatum
3711 3198 3769 3235 ac-

2253 3280 2416 3351 ccpit,
2450 3280 2649 3336 Linum
2678 3295 2779 3350 pro
2814 3296 2874 3335 se
2920 3280 2976 3334 in
3018 3280 3245 3351 agendis
3273 3278 3672 3339 aacclesiasticis,
3697 3288 3770 3341 quo

2253 3370 2368 3441 ipse
2404 3371 2630 3427 liberius
2651 3371 3013 3441 predicationi
3038 3380 3277 3435 vacaret,
3311 3370 3608 3435 ordinasse,
3630 3367 3772 3432 illoque

2252 3470 2377 3533 post
2398 3478 2573 3519 annos
2604 3462 2672 3517 12
2712 3463 3024 3529 decedente,
3060 3462 3273 3517 Cletum
3318 3462 3453 3517 huic
3486 3461 3771 3528 subl-0955?;

2251 3572 2364 3628 quo
2391 3557 2559 3612 etiam
2594 3557 2722 3612 item
2765 3566 2887 3627 post
2912 3573 3057 3617 anno
3102 3556 3169 3610 12
3207 3555 3499 3623 defuncto,
3524 3569 3585 3608 eo
3613 3556 3772 3606 annosi

2251 3655 2498 3717 tempore
2538 3662 2650 3718 quo
2701 3647 2815 3718 ipse
2852 3646 3046 3702 Petrus
3096 3662 3296 3717 passus
3343 3655 3465 3711 est,
3511 3642 3683 3700 scilicet
3714 3638 3774 3690 N‘

2252 3735 2487 3795 Neronis
2558 3717 2734 3803 anno,
2769 3736 3036 3794 Clementi
3078 3737 3261 3792 sedem
3310 3733 3656 3795 commisisse,
3683 3726 3772 3781 citi

2254 3829 2481 3900 suisque
2509 3830 2921 3886 successoribus
2972 3829 3172 3899 ligandi
3215 3828 3570 3897 solvendique
3602 3829 3774 3893 ροιεςυο

2254 3932 2386 3990 tem,
2418 3923 2562 3987 sicut
2606 3922 2724 3992 ipse
2765 3938 2796 3977 a
2845 3920 3069 3977 Christo
3107 3919 3369 3991 suscepit,
3417 3918 3623 3975 demum
3656 3908 3772 3966 tradi

2254 4013 2434 4079 disse;
2478 4023 2532 4068 et
2561 4013 2690 4069 huic
2718 4028 2884 4084 passo
2916 4012 2983 4044 “‘
3010 3998 3124 4067 sub
3159 4009 3488 4066 Domiciano
3527 4004 3772 4062 Anaclewu

2256 4104 2618 4170 successisse,
2649 4104 2739 4159 cui
2767 4102 3099 4169 Evaristum,
3127 4110 3184 4157 et
3221 4101 3352 4157 huic
3372 4096 3775 4155 Alexandrum.“

2256 4196 2337 4253 sic
2360 4197 2428 4229 m
2459 4205 2694 4252 ceteros.
2726 4196 2860 4263 Quae
2888 4195 3282 4265 descriptiones
3311 4210 3443 4249 cum
3476 4192 3576 4248 sibi
3605 4187 3773 4243 multum

2256 4286 2496 4344 dissonae
2530 4286 2849 4356 probentur,
2882 4284 3223 4355 querendum
3268 4283 3361 4339 cui
3391 4282 3565 4354 magis
3586 4274 3773 4341 credin-

2257 4378 2492 4434 dicetur.
2548 4376 2977 4433 Cousideremus
3017 4391 3149 4446 ergo
3186 4391 3379 4431 earum
3428 4370 3769 4443 inaaqualitstrs

569 4469 752 4536 talem,
778 4480 836 4526 et
853 4472 995 4528 hanc
1023 4474 1404 4530 ascensionem
1426 4491 1585 4531 suam
1608 4492 1731 4533 esse
1761 4477 1935 4543 illam,
1955 4476 2023 4532 de
2046 4492 2157 4547 qua
2190 4485 2234 4543 ι)
2263 4470 2431 4541 Igitur
2460 4470 2508 4525 si
2535 4469 2705 4526 Linus
2736 4468 3058 4525 Anacletum
3082 4468 3240 4538 isque
3268 4466 3598 4523 Clementem
3617 4474 3772 4517 sums-

565 4560 684 4630 ipse
704 4560 910 4618 Paulus
934 4563 1010 4620 ita
1038 4566 1229 4620 scribit
1261 4566 1347 4622 ad'
1376 4566 1639 4625 Galathas
1662 4588 1674 4622 :
1701 4568 1904 4624 Deinde
1925 4578 2041 4640 post
2061 4586 2162 4625 an-

566 4668 660 4707 nos
686 4653 750 4707 l4
769 4656 984 4709 ascendi
1008 4655 1423 4712 Hierosolintam
1449 4676 1572 4714 cum
1593 4659 1865 4727 Barnaba,
1887 4672 2158 4733 assumpto

565 4756 615 4799 et
647 4745 787 4801 Tito.
837 4746 917 4813 De
958 4749 1063 4805 hac
1094 4750 1420 4807 ascensione
1459 4751 1653 4821 positis
1699 4752 1768 4785 m
1803 4753 2154 4824 quibusdam,

567 4834 713 4893 Beda
752 4838 1024 4896 subinl'ert
1055 4859 1070 4897 :
1103 4839 1355 4914 Sequitur
1394 4860 1518 4915 ergo
1586 4843 1797 4900 beatum
1828 4845 1895 4878 ⁸⁸⁷
1932 4845 2156 4902 Petrum

565 4929 747 4984 cadent
804 4933 871 4987 14
912 4942 1030 5004 post
1074 4937 1374 5005 passionem
1420 4935 1637 4992 Domini
1681 4954 1842 5006 anno,
1882 4955 1985 5010 quo
2034 4954 2155 4993 eum

572 5019 945 5081 Hierosolimis
975 5026 1270 5099 alloquitur
1309 5028 1538 5097 Paulus,
1566 5029 1791 5085 Romam
1817 5032 2016 5086 venisse
2043 5048 2158 5086 cre-

568 5111 782 5179 damus,
813 5114 869 5168 id
915 5126 993 5170 est
1035 5126 1228 5188 quarto
1257 5117 1479 5174 Claudii
1508 5121 1727 5175 caesaris
1765 5136 1940 5184 anno;
1966 5120 2157 5175 simul-

569 5219 691 5273 que,
730 5205 835 5259 nisi
864 5205 1048 5277 fallor,
1075 5208 1176 5263 hac
1217 5211 1567 5281 expositione,
1594 5210 1832 5268 Paulum
1855 5211 2156 5283 apostolum

568 5294 752 5351 eodem
786 5315 888 5369 quo
917 5299 1175 5356 Dominus
1201 5320 1390 5374 passus
1426 5313 1506 5360 est
1526 5314 1577 5360 et
1604 5306 1891 5361 resurrexit
1918 5322 2057 5362 anno
2085 5305 2155 5361 ad

2262 4577 2442 4619 sorem
2487 4561 2777 4634 reliquisse
2810 4561 3104 4631 accipitur,
3151 4570 3213 4615 ut
3242 4561 3399 4631 prior
3440 4555 3698 4626 descriptio
3719 4560 3772 4603 lt-

2260 4664 2458 4721 statur,
2485 4654 2672 4710 Cletus
2695 4655 2921 4710 omnino
2950 4654 3017 4709 de
3037 4652 3356 4724 pontiﬁcum
3393 4652 3627 4721 catalogo
3642 4643 3771 4701 excise

2259 4746 2427 4813 ditur,
2465 4746 2624 4816 cujus
2645 4744 2925 4805 veneratio
2950 4760 3046 4815 per
3067 4759 3261 4799 omnes
3296 4743 3571 4799 :ecclesias
3597 4739 3661 4793 sic
3677 4732 3772 4789 σειρ-

2262 4838 2379 4894 bris
2404 4845 2512 4905 est,
2545 4844 2607 4892 ut
2638 4853 2750 4891 non
2777 4836 2954 4891 solum
2997 4835 3053 4889 in
3080 4832 3489 4905 martyrologiis
3519 4826 3769 4885 attiudewr.

2260 4944 2451 4987 verum
2488 4930 2655 4985 etiam
2695 4928 2752 4982 in
2778 4942 3004 4983 canone
3046 4926 3342 4981 missarum
3381 4933 3438 4979 et
3468 4923 3523 4978 in
3567 4913 3773 4987 suppl“?

2261 5021 2507 5077 tionibus
2541 5019 2867 5076 letaniarum
2913 5017 3212 5089 publicitus
3242 5017 3383 5072 inter
3414 5015 3600 5070 Linum
3624 5003 3769 5062 etut"

2257 5121 2497 5170 mentem
2522 5117 2802 5169 recitetur.
2851 5110 2911 5166 Si
2940 5126 3070 5168 vero
3094 5118 3219 5180 post
3263 5108 3457 5164 Linum
3481 5105 3662 5163 Cletus,
3684 5094 3768 5150 dei“

2257 5207 2535 5272 Clemens,
2566 5213 2622 5261 et
2652 5212 2778 5276 post
2811 5204 2959 5261 hunc
2994 5202 3279 5259 Evaristus
3314 5211 3369 5257 et
3413 5194 3684 5254 Alexander
3703 5200 3770 5287 alr

2258 5310 2570 5370 merentur,
2608 5302 2763 5357 locus
2812 5316 2922 5356 non
2971 5298 3202 5354 habetur
3242 5296 3338 5352 ubi
3371 5293 3641 5350 Anacletus
3675 5295 3770 5338 ιἐα·

1867 5460 1955 5518 VA
1962 5459 2100 5517 RIE
2135 5456 2538 5519 LECTIONES.

646 5593 715 5625 ⁸⁸⁸
747 5609 846 5664 pro
864 5595 1303 5651 remuneratione
1320 5597 1446 5652 add.
1472 5596 1569 5652 El.
1649 5597 1719 5631 ⁸⁸³
1739 5614 1789 5655 e.
1817 5600 2144 5657 anthiocena
2158 5601 2210 5657 5.
2289 5598 2361 5633 ⁸³⁸
2394 5597 2687 5655 beronicen
2713 5594 2811 5651 El.
2863 5594 2933 5628 ⁸⁸³
2957 5595 3100 5649 deest
3123 5592 3219 5649 El.
3298 5592 3368 5626 ⁸⁸⁸
3389 5582 3687 5664 interpositis

573 5665 645 5737 Ψ
685 5674 741 5737 ut
769 5665 991 5721 beatum
1026 5666 1111 5721 9c.
1213 5665 1282 5699 m
1308 5669 1657 5737 pontiﬁcatus
1688 5670 1739 5723 5.
1789 5673 1874 5725 9ο.
1920 5671 2004 5726 l0.

2107 5647 2345 5724 Aug-XXV
2372 5647 3067 5740 invmdréinefsnppleturs
3248 5647 3556 5740 numeratur
3606 5655 3693 5709 des.
3709 5647 3747 5701 9‘
3757 5684 3765 5694 ι

570 5735 641 5769 ⁸⁷⁸⁸³
683 5735 812 5793 Παῖς
839 5737 901 5793 de
921 5737 1231 5809 ponti/lcum
1258 5734 1441 5793 ofdins
1461 5738 1857 5813 drsuut(D'?)E.
1931 5743 1998 5776 δ⁹⁸
2024 5743 2165 5798 dust
2191 5743 2251 5799 9η
2285 5757 2334 5799 6.
2358 5742 2490 5812 d..p.
2522 5734 2606 5796 δῖ
2655 5739 2726 5772 ⁴¹⁸
2747 5734 2939 5808 εἰὲίῇιιθ
2964 5737 3052 5793 9⁸.
3090 5736 3174 5792 ιο.
3206 5734 3292 5791 Η.
