3876 6306
78 317 170 376 669

915 362 917 366 .
994 309 1361 382 cunomca.
1401 303 1474 370 —,‘—
1505 305 1900 378 CllttONlCON
1942 295 2404 384 UNlVERSALE.

3227 318 3337 376 sm
3415 392 3423 401 ι

77 434 263 505 piatur,
302 446 439 486 cum
484 429 625 491 Beda
650 428 706 484 in
749 427 1138 501 martyrologio
1163 443 1271 482 suo.
1309 425 1456 500 dicat
1485 421 1649 495 (Opp._
1685 421 1727 479 A
1758 434 1933 494 statur
1960 425 2116 500 (Acta
2141 426 2240 483 SS.
2265 427 2371 484 Mai
2397 427 2439 498 Ι,
2475 443 2530 499 p.
2558 430 2706 509 57!),
2731 430 2876 501 quod
2895 430 3180 488 ‘in'ordine
3210 444 3342 503 pon‘

77 525 155 592 lli,
179 541 231 594 p.
259 522 418 595 500),
458 523 606 578 hunc
626 530 883 594 quartum
916 529 1040 591 post
1077 518 1301 579 Petrum
1353 516 1559 581 sedisse
1600 523 1654 586 et

77 615 167 673 sub
194 613 528 670 Domiciana
553 629 776 684 passum
803 611 976 668 fuisse
992 653 1011 684 ι
1043 619 1104 666 ιιι
1125 609 1336 681 primus
1363 607 1434 663 sit
1458 607 1656 680 Linus,

77 709 335 766 seeuudus
358 707 575 773 Cletus,
620 706 820 761 tercius
848 705 1122 770 Clemens,
1151 710 1389 772 quartus,
1422 698 1647 754 Anacle—

76 798 326 856 tusnSed
373 799 426 854 si
455 809 576 869 post
618 799 953 861 Clementem
997 795 1292 868 Anacletus
1337 801 1581 863 ponatur.
1599 800 1653 847 et

75 891 358 947 secundum
387 889 594 945 Bedam
626 889 729 944 sub
764 888 1086 944 Domiciano
1108 902 1305 957 passus
1337 884 1649 954 recipiatur,

75 981 368 1038 necessario
436 981 572 1035 illud
617 979 912 1046 refellitur,
978 978 1122 1049 quod
1176 986 1490 1032 antecessor
1532 976 1652 1046 ejus

75 1072 309 1125 Clemens
338 1068 450 1123 sub
481 1067 719 1139 Trajano
749 1084 948 1139 passus
972 1067 1194 1133 dicitur,
1220 1081 1344 1121 cum
1375 1065 1652 1120 evidenter

73 1163 162 1217 sub
203 1161 530 1216 Domiciano
571 1177 768 1231 passus
812 1176 932 1216 esse
962 1160 1254 1230 probetur,
1288 1161 1335 1217 si
1363 1175 1650 1216 successor

74 1254 178 1322 ejus
223 1252 528 1316 Anacletus
579 1253 648 1314 alt
706 1252 896 1316 eodem
950 1253 1168 1308 occisus
1225 1267 1338 1307 non
1396 1259 1644 1323 negetur.

74 1344 246 1397 Adhuc
285 1349 478 1396 autem
507 1351 921 1412 argumentatur
939 1350 996 1397 et
1025 1342 1156 1396 illud
1183 1359 1202 1410 ξ
1231 1341 1363 1412 quia
1391 1341 1438 1395 si
1478 1341 1652 1403 Linus

75 1444 119 1488 et
144 1433 436 1489 Anacletus
463 1433 620 1504 juxta
659 1433 931 1504 quosdam
957 1474 972 1500 ,
1005 1435 1121 1488 sive
1161 1433 1332 1489 Linus
1365 1441 1420 1488 et
1460 1432 1648 1493 Cletus

76 1524 352 1580 secundum
386 1526 552 1592 alios,
582 1535 809 1595 uterque
835 1533 958 1595 post
981 1525 1294 1596 passionem
1331 1523 1499 1591 Petri,
1525 1540 1651 1594 quae

79 1617 159 1670 ll°
192 1615 418 1678 Neronis
463 1633 610 1675 anno
658 1617 800 1672 facta
833 1627 938 1682 est,
971 1633 1066 1688 per
1105 1632 1281 1672 annos
1321 1617 1388 1671 12
1433 1617 1650 1674 tenebat

75 1709 450 1776 pontiﬁcatum,
493 1710 640 1780 quod
664 1711 910 1780 spacium
953 1725 1049 1780 per
1077 1709 1149 1765 9.4
1177 1727 1352 1769 annos
1380 1710 1437 1772 in
1458 1709 1646 1766 Domi:

77 1801 196 1854 ciani
230 1801 617 1856 duodecimum
661 1803 1001 1872 protenditur
1033 1820 1260 1870 annum,
1287 1803 1542 1860 Clemens
1573 1804 1642 1866 ab

76 1894 294 1961 apostolo
333 1893 506 1950 Petro
545 1896 728 1950 sedem
753 1905 806 1962 et
838 1897 1040 1967 ligandi
1077 1897 1433 1968 solvendique
1476 1898 1645 1952 lieen-

78 1984 186 2036 tiam
226 1985 543 2040 nullatenus
591 1987 868 2056 accepisse
908 1989 1203 2057 probatur,
1250 1987 1398 2058 quod
1433 2003 1464 2042 a
1510 2003 1641 2042 non-

79 2075 214 2129 nullis
243 2075 566 2130 afﬁrmatur.
599 2077 830 2132 Additur
859 2080 1056 2145 ethoc,
1094 2080 1238 2149 quod
1266 2088 1490 2134 sanctus
1515 2079 1642 2133 Dioc-

79 2165 228 2232 nisius
269 2167 614 2239 Ariopagita,
668 2169 811 2223 beati
862 2168 1016 2223 Pauli
1064 2170 1294 2240 apostoli
1339 2169 1640 2240 discipulus

79 2271 119 2312 rt
155 2260 482 2316 Athenarum
525 2263 834 2332 episcopus,
864 2279 1011 2328 cum,
1047 2263 1190 2317 sicut
1236 2263 1292 2316 in
1329 2262 1471 2317 libro
1508 2279 1636 2332 pas-

81 2347 223 2403 sionis
246 2349 362 2418 ejus
382 2350 586 2421 legitur
610 2350 763 2422 (Acta
794 2349 893 2405 SS.
922 2349 1042 2405 Oct.
1070 2349 1156 2417 lV,
1185 2367 1237 2420 p.
1269 2351 1416 2420 792),
1447 2351 1636 2406 beatos

83 2441 322 2506 apostolos
360 2440 592 2498 Petrum
621 2451 674 2497 et
706 2441 934 2511 Paulum
974 2443 1187 2497 audiret
1227 2441 1415 2497 Roma:
1443 2442 1633 2510 teneri,

81 2532 338 2603 subrogato
373 2532 610 2589 Athenis
646 2534 924 2604 episcopo,
961 2533 1270 2603 properavit
1292 2533 1520 2588 Romam
1543 2549 1635 2589 ve-

84 2622 226 2677 lucius
245 2623 532 2695 attingere,
565 2640 911 2694 summopere
937 2624 1275 2691 desiderans,
1306 2624 1352 2680 si
1388 2624 1532 2680 Deus
1560 2624 1634 2680 ita

83 2715 237 2780 tellet,
282 2732 404 2770 eum
448 2716 657 2772 eisdem
707 2719 912 2772 sanctis
961 2718 1223 2787 apostolis
1268 2719 1630 2787 occumbere;

85 2804 157 2856 sed
184 2821 295 2859 cum
337 2805 523 2861 divina
576 2807 864 2876 dispositio
907 2815 1030 2861 vota
1083 2807 1256 2877 ipsius
1305 2809 1630 2878 preveniret,

85 2898 325 2968 sanctique
368 2899 606 2969 apostoli
660 2894 810 2969 prius
846 2899 1121 2970 passionis
1182 2900 1353 2970 gloria
1404 2916 1634 2955 corona-

87 2999 240 3044 rentur
259 3007 416 3066 quam
448 2992 538 3046 ille
572 2990 798 3044 Romam
826 2992 1016 3058 adiret,
1046 2992 1261 3046 tandem
1287 2992 1629 3062 perveniens,

1759 517 1963 591 tiﬁcum
2009 519 2382 592 Romanorum
2421 521 2672 578 Clemens
2705 532 2832 592 post
2856 510 3078 579 Petrum
3103 525 3336 594 primus,

1755 607 1865 661 hoc
1911 617 1995 663 est
2032 610 2306 665 secundus
2347 612 2416 666 ab
2466 611 2558 666 illo
2605 611 2887 667 habeatur.
2931 611 3024 670 Sic
3061 614 3208 668 enim
3265 613 3339 669 ibi

1754 699 2018 768 s‘criptum
2051 709 2137 755 est
2174 717 2188 753 :
2238 700 2434 766 Quinto
2485 702 2598 758 loco
2648 720 2682 758 a
2710 703 2861 757 beato
2888 703 3064 758 Petro
3099 704 3339 774 apostolo

1754 789 2008 846 Romana:
2047 791 2281 848 ecclesia:
2317 793 2629 849 katltedram
2655 794 2956 849 Alexander
2994 797 3246 865 suscepit,
3286 806 3340 853 et

1754 882 1985 952 reliqua.
2017 883 2174 950 Quod
2210 886 2256 940 si
2291 885 2461 940 Linus
2492 903 2535 941 as
2570 886 2734 942 Petro
2776 887 3046 942 secundus
3089 887 3336 955 dicatur,

1753 990 1978 1031 necesse
2002 987 2085 1032 est
2106 985 2166 1031 ut
2187 985 2242 1032 et
2264 978 2447 1033 Cletus
2465 988 2590 1032 ante
2606 979 2939 1033 Clementem
2963 987 3020 1033 et
3041 979 3338 1036 Anaclctus

1754 1075 1877 1136 post
1904 1083 2029 1122 eum
2055 1083 2082 1135 a
2116 1083 2346 1122 numero
2362 1069 2740 1134 excludantur,
2787 1079 3061 1140 quatenus
3109 1069 3340 1126 Alexan-

1751 1159 1848 1213 der
1881 1159 2105 1229 quintus
2164 1160 2491 1226 inveniatur,
2524 1160 2730 1216 scilicet
2765 1170 2842 1226 ut,
2865 1160 3026 1215 Petro
3071 1161 3338 1216 existente

1751 1249 1951 1319 primo,
1986 1249 2123 1305 Lino
2170 1251 2410 1306 secundo
2437 1293 2452 1316 ,
2504 1251 2783 1307 Clemente
2828 1252 3038 1320 tercio,
3084 1251 3336 1307 Evaristo

1751 1351 1948 1412 quarto
1967 1384 1982 1408 ,
2013 1342 2321 1397 Alexander
2349 1343 2542 1412 quinto
2586 1343 2707 1397 loco
2737 1343 3122 1413 subsequatur.
3166 1343 3336 1399 Aliter

1749 1435 1895 1490 enim
1918 1434 2224 1490 Alexander
2252 1435 2476 1504 quintus
2499 1450 2527 1490 a
2560 1433 2722 1490 Petro
2768 1451 2876 1490 non
2901 1435 3151 1501 habetur,
3180 1436 3332 1505 quia,

1751 1526 1798 1583 si
1821 1525 1990 1580 Linus
2019 1541 2049 1580 a
2079 1524 2239 1580 Petro
2264 1526 2537 1581 secundus
2571 1534 2626 1581 et
2649 1525 2836 1582 Cletus
2893 1526 3007 1582 sive
3038 1528 3337 1583 Anaeletus

1749 1627 1875 1673 ante
1929 1615 2262 1673 Clementem
2319 1618 2484 1674 fuerit
2538 1619 2750 1688 positus
2783 1659 2798 1685 ,
2865 1618 3174 1673 Alexander
3228 1619 3336 1674 erit

1750 1715 1967 1774 sextus;
2003 1707 2050 1763 si
2070 1723 2200 1764 vero
2221 1707 2406 1764 Cletus
2441 1717 2566 1764 ante
2594 1708 2926 1764 Clementem
2963 1717 3017 1763 et
3040 1709 3334 1764 Anacletus

1746 1808 1871 1872 post
1912 1801 2064 1855 illum
2112 1809 2382 1871 ponatur,
2419 1802 2726 1858 Alexander
2756 1803 3022 1872 septimus
3064 1804 3329 1871 habetur,

1745 1893 1852 1947 nisi
1883 1891 2135 1948 Clemens
2163 1909 2193 1948 a
2225 1893 2387 1948 Petro
2429 1895 2705 1951 secundus
2740 1904 3080 1953 numeretur.
3133 1896 3232 1952 His
3277 1907 3332 1952 et

1744 1985 1944 2039 talibus
1972 1983 2216 2055 allegatis
2237 2000 2337 2054 pro
2368 1985 2638 2055 imperitia
2669 2002 2787 2041 mea
2813 1995 3036 2058 propter
3070 2003 3252 2043 rerum
3275 1996 3332 2042 et

1743 2085 2049 2147 temporum
2098 2077 2570 2145 convenientiam,
2607 2079 2709 2135 hos
2750 2081 2926 2152 magis
2973 2080 3190 2136 interim
3235 2097 3320 2135 se-

1740 2168 1987 2238 quendos
2022 2167 2238 2235 estimo,
2267 2168 2361 2238 qui
2387 2167 2586 2224 Linum
2609 2179 2663 2225 et
2701 2171 2913 2226 Cletum
2938 2172 3128 2232 dicunt
3150 2171 3324 2226 fuisse

1741 2257 1844 2313 sub
1880 2257 2042 2313 Petro
2071 2258 2161 2325 ⁸⁸³,
2205 2267 2258 2315 et
2309 2261 2432 2317 illos
2460 2263 2677 2332 quidem
2721 2263 2828 2318 hoc
2864 2263 3134 2329 oﬁicium,
3180 2266 3325 2334 quod

1738 2349 2116 2421 chorepiscopi
2138 2351 2209 2386 ⁸³⁸
2231 2352 2333 2407 sub
2357 2354 2615 2424 episcopo
2641 2363 2845 2420 tenent,
2873 2356 3322 2420 administrasse;

1736 2438 2070 2496 Clementem
2104 2457 2257 2508 vero,
2299 2443 2461 2499 Petro
2504 2445 2624 2515 ipso
2647 2446 2716 2478 ⁸⁸⁵
2759 2447 3026 2512 tradente,
3078 2447 3324 2518 legitimo

1731 2531 1856 2604 jure
1872 2534 2195 2601 suceessise,
2223 2543 2279 2592 et
2301 2535 2503 2591 idcirco
2524 2553 2649 2592 eum
2674 2553 2704 2592 a
2719 2538 3050 2608 quibusdam
3082 2539 3320 2608 primum

1735 2639 1932 2695 papam
1958 2634 2235 2692 vocatum,
2276 2627 2404 2697 quia
2435 2628 2582 2683 velut
2613 2629 2941 2682 hereditario
2965 2630 3089 2697 jure
3119 2630 3320 2700 ligandi

1735 2715 2088 2786 solvendique
2115 2730 2146 2771 a
2183 2715 2346 2772 Petro
2377 2718 2653 2788 accepisse
2695 2702 2895 2774 dicitur
2917 2720 3316 2788 pontiﬁcatum,

1734 2822 1835 2879 pro
1856 2808 1926 2841 m
1953 2809 2058 2864 hoc
2092 2824 2224 2864 vero
2257 2810 2324 2864 ab
2353 2809 2475 2864 aliis
2508 2810 2715 2865 dictum
2747 2811 2974 2867 tercium
3004 2827 3128 2866 esse
3154 2828 3184 2867 a
3213 2811 3319 2868 Pe-

1735 2906 1841 2965 tro,
1869 2899 2014 2969 quod
2047 2899 2152 2954 sub
2177 2899 2295 2968 ipso
2321 2900 2568 2968 apostolo
2596 2901 2956 2968 processerint
2993 2917 3118 2956 eum
3148 2901 3319 2957 Linus

1734 2996 1788 3042 et
1815 2972 2003 3043 Cletus
2035 2988 2090 3042 in
2141 2989 2465 3044 sacerdotali
2507 2990 2701 3044 oﬁieio.
2752 2989 3162 3060 Hucusquede
3209 2995 3315 3048 his.

87 3081 393 3153 Clementem,
418 3084 854 3155 condiscipulum
878 3099 1060 3150 suum,
1089 3082 1347 3138 Romanae
1380 3083 1492 3138 sedi
1519 3083 1630 3153 jam
1662 3105 1702 3159 ρ
1736 3076 1793 3132 1η
1826 3079 2182 3148 sequentibus
2217 3093 2348 3132 vero
2375 3079 2564 3134 eadem
2601 3095 2767 3134 causa
2812 3095 2912 3150 pro
2952 3084 3318 3139 successionis

87 3175 402 3241 presidentem
455 3160 688 3238 invenit,
722 3176 816 3246 qui
847 3185 900 3231 et
933 3176 1083 3230 illum
1116 3177 1170 3229 in
1207 3175 1410 3230 Gallias
1451 3176 1631 3246 predi-
1655 3172 1669 3186 ⁸

88 3277 285 3323 ratorem
328 3271 548 3326 direxit.
595 3271 727 3338 Qure
767 3273 930 3342 igitur
973 3271 1075 3325 fuit
1130 3270 1439 3327 festinantia
1493 3271 1626 3326 tanti

88 3361 318 3429 dusiderii,
349 3365 393 3420 si
430 3383 530 3436 per
571 3358 642 3436 Si
672 3382 942 3421 annorum
991 3366 1236 3436 spacium
1287 3366 1367 3420 vel
1395 3365 1628 3435 amplius

91 3452 200 3512 inter
237 3455 472 3512 Athenas
525 3466 580 3511 et
634 3457 864 3514 Romam
909 3459 1060 3512 nullo
1108 3457 1282 3527 potuit
1330 3457 1629 3512 obsistente

92 3545 325 3603 cohiberi?
355 3546 466 3604 Nec
511 3549 656 3617 enim
708 3549 839 3604 illud
902 3550 1209 3620 refragatur
1255 3549 1430 3620 quod,
1484 3549 1627 3603 ostio

89 3637 183 3692 lidci
209 3641 298 3696 sibi
330 3654 518 3712 aperto
538 3687 552 3710 ,
597 3660 762 3698 causa
793 3645 1095 3701 scminandi
1134 3645 1358 3699 verbum
1405 3643 1496 3697 Dei
1529 3645 1629 3698 ali-

89 3732 303 3794 quamdiu
331 3734 639 3789 retardatus
683 3735 852 3790 fuisse
896 3744 1178 3801 narratur;
1212 3735 1362 3805 quia,
1403 3735 1501 3790 etsi
1533 3752 1629 3805 per

91 3823 326 3892 contiguas
360 3828 683 3895 parrochias
713 3828 894 3882 divina
929 3827 1136 3882 semina
1160 3827 1475 3897 predicandi
1513 3828 1627 3882 avi—

92 3906 170 3964 dus
189 3912 519 3984 disperserat,
561 3918 837 3987 passionis
865 3927 1048 3973 tamen
1078 3919 1348 3974 desiderio
1389 3919 1624 3986 fervens,

91 4001 142 4056 ab
171 4003 372 4068 Athenis
394 4008 538 4073 infra
560 4009 630 4062 24
654 4026 830 4066 annos
861 4009 1130 4067 maturius
1154 4009 1379 4065 Romam
1409 4019 1628 4065 conten-

92 4090 189 4146 dere
219 4107 428 4164 poterat.
454 4101 648 4156 Adhuc
671 4117 798 4155 vero
820 4117 943 4156 cum
972 4101 1112 4156 idem
1140 4101 1418 4157 Dionisius
1455 4119 1624 4157 nona-

93 4185 258 4248 gcsimO
283 4201 428 4245 sexto
452 4191 749 4247 Dominicze
790 4193 1184 4248 incarnationis
1221 4210 1383 4260 anno,
1424 4195 1516 4265 qui
1544 4203 1628 4249 est

97 4271 143 4324 ll
178 4275 487 4348 Dtlllllt‘lﬂlll,
535 4299 733 4353 passus
769 4285 1131 4351 describatur,
1179 4285 1429 4341 Clemens
1474 4302 1623 4354 verr,

95 4363 289 4429 quicum
330 4372 527 4427 direxit
574 4374 626 4428 in
680 4373 913 4440 Gallias,
967 4374 1053 4427 l2”
1086 4375 1329 4446 ejusdem
1362 4375 1624 4444 principis

94 4468 204 4508 anno
237 4460 379 4528 juxta
414 4465 712 4536 superioris
751 4467 1062 4536 opinionem
1112 4467 1493 4535 descriptionis
1537 4484 1623 4522 se-
1655 4485 1698 4539 ι)

96 4543 186 4600 dem
219 4556 476 4624 accepisse
517 4557 762 4623 dicatur,
808 4559 1008 4612 mirum
1041 4566 1217 4626 potest
1249 4558 1440 4622 videri,
1479 4576 1619 4628 qua-

95 4634 189 4691 liter
219 4658 345 4699 anno
380 4649 621 4702 nondum
668 4658 761 4703 aut
808 4649 895 4702 vix
933 4651 1145 4718 expleto
1190 4660 1409 4718 possent
1438 4652 1619 4706 omnia

96 4725 183 4783 hac
203 4737 403 4804 expleri,
435 4740 642 4794 scilicet
672 4749 731 4793 ut
753 4740 1032 4795 Dionisius
1054 4741 1119 4794 de
1142 4739 1315 4794 Roma
1341 4741 1391 4794 in
1417 4742 1622 4797 Gallias

94 4818 278 4889 veniret,
311 4835 358 4879 et
386 4835 491 4884 tam
535 4830 869 4883 cervicosum
900 4830 1158 4898 populum
1190 4829 1405 4899 ignotus
1444 4832 1622 4886 adhuc

98 4915 136 4958 et
157 4911 330 4969 advena
374 4917 492 4974 ﬁdei
527 4920 660 4990 jugo
701 4921 1109 4985 substernerct,
1158 4921 1441 4976 basilicam
1489 4937 1621 4976 con-

99 5004 305 5071 slrueret,
333 5009 539 5079 aliaque
583 5012 738 5082 plura
765 5028 886 5081 quce
920 5012 985 5066 de
1032 5027 1096 5067 eo
1127 5013 1399 5082 leguntur,
1439 5029 1621 5068 sacer-

101 5085 244 5146 dotum
269 5112 419 5166 super
440 5102 522 5156 his
544 5113 939 5158 commoturum
965 5103 1154 5159 relatio
1181 5101 1407 5158 Romam
1434 5119 1620 5158 recur-

102 5191 235 5246 I‘rret,
279 5187 640 5263 divulgataque
700 5195 1112 5263 persecutione,
1171 5194 1442 5265 prefectus
1494 5195 1620 5250 inde

105 5267 332 5330 nussusin
369 5279 611 5348 Galliam,
653 5284 954 5338 Dionisium
1001 5285 1233 5340 diversis
1259 5286 1437 5355 pretiis
1474 5285 1620 5338 occi-

103 5355 234 5414 deret.
275 5366 421 5424 Liber
465 5390 680 5444 quoque
716 5377 989 5444 passionis
1023 5377 1313 5432 Alexandri
1356 5392 1505 5447 papa}
1536 5387 1616 5430 tc-

1735 3170 1924 3222 ordine
1949 3179 2002 3224 et
2032 3179 2334 3239 temporum
2357 3170 2498 3225 serie
2532 3181 2754 3240 generat
2780 3172 2986 3226 erroris
3013 3173 3317 3240 cumulum,

1732 3260 1826 3329 qui
1859 3275 1959 3332 pro
2007 3261 2362 3316 similitudine
2401 3262 2685 3315 nominum
2731 3264 2983 3332 personis
3019 3264 3317 3320 inclitarum

1735 3348 2024 3406 inolcvisse
2062 3352 2306 3407 creditur
2355 3352 2424 3406 ob
2467 3353 2736 3407 incuriam
2761 3361 2815 3408 et
2844 3355 3042 3410 .vitium
3081 3357 3316 3427 scripto—

1732 3460 1874 3497 rum.
1911 3443 2187 3500 Fabianus
2228 3445 2429 3514 quippe
2478 3460 2616 3514 papa
2662 3445 2858 3516 legitur
2895 3446 2966 3478 ⁸⁹⁷
3005 3449 3107 3502 sub
3153 3448 3318 3504 Decio

1731 3553 1946 3606 passus,
1987 3547 2110 3607 post
2151 3554 2311 3608 quem
2356 3539 2664 3603 Cornelius,
2697 3540 2934 3610 itemque
2955 3551 3076 3610 post
3103 3558 3226 3596 eum
3260 3560 3315 3597 Ill

1730 3631 1979 3701 catalogo
2021 3631 2336 3699 pontiﬁcum
2381 3640 2434 3685 et
2481 3631 2534 3684 in
2584 3631 2910 3700 quibusdam
2957 3634 3121 3688 etiam
3155 3635 3318 3689 chro-

1730 3721 1868 3776 nicis
1906 3722 2258 3776 inveniuntur
2287 3724 2449 3792 positi
2480 3722 2711 3788 Lucius,
2748 3722 3076 3793 Stephanus,
3106 3725 3312 3794 Sixtus,

1731 3811 2027 3867 Dionisius.
2072 3813 2208 3867 Cum
2253 3813 2420 3884 igitur
2462 3814 2737 3869 Fabianus
2779 3815 2882 3870 sub
2921 3813 3083 3870 Decio
3116 3831 3315 3887 passus

1726 3903 1958 3973 legatur,
1990 3903 2175 3959 Sixtus
2204 3921 2440 3975 quoque,
2474 3906 2577 3961 sub
2615 3921 2726 3975 quo
2760 3905 3092 3962 Laurentius
3127 3909 3313 3963 archi-

1727 3994 2074 4049 diaconatum
2099 3996 2334 4060 tenebat,
2359 4012 2456 4064 per
2489 4012 2680 4052 omnes
2708 3999 2981 4054 (ecclesias
3002 4009 3056 4054 et
3087 4001 3314 4071 legendo

1727 4094 1780 4140 et
1809 4086 2082 4142 cantando
2125 4087 2229 4142 sub
2268 4087 2458 4142 eodem
2509 4104 2704 4157 passus
2733 4091 3070 4158 predicetur,
3115 4092 3313 4149 Decius

1727 4193 1857 4230 vero
1888 4193 1997 4232 non
2028 4178 2262 4247 amplius
2290 4193 2453 4248 quam
2479 4179 2548 4233 50
2579 4180 2880 4248 mensibus,
2909 4182 3015 4236 hoc
3043 4192 3126 4237 est
3153 4185 3312 4239 annis

1725 4272 1940 4326 duobus
1965 4281 2018 4326 et
2057 4272 2304 4338 dimidio,
2350 4288 2610 4342 regnasse
2651 4272 2883 4340 dicatur,
2916 4291 2946 4328 a
2982 4275 3310 4345 quibusdam

1724 4363 1891 4418 etiam
1914 4365 2120 4430 minus,
2157 4365 2210 4418 id
2235 4374 2318 4419 est
2340 4380 2487 4419 anno
2509 4381 2623 4420 uno
2644 4373 2698 4419 et
2733 4367 3016 4422 mensibus
3039 4368 3235 4433 tribus,
3263 4369 3309 4423 si

1726 4457 1866 4512 inter
1885 4456 2197 4512 Cornelium
2223 4456 2447 4511 Fabiani
2470 4473 2842 4513 successorem
2863 4459 3078 4515 ethunc
3097 4458 3310 4514 Sixtum

1725 4551 1929 4607 Lucius
1972 4559 2027 4605 et
2067 4551 2376 4620 Stephanus
2414 4561 2723 4622 ponantur,
2764 4561 2824 4607 ut
2868 4553 3194 4624 quibusdam
3237 4553 3310 4586 ⁸⁸⁸

1724 4645 1899 4714 placet
1934 4663 1946 4697 :
1999 4644 2386 4714 consequentia
2417 4660 2598 4699 rerum
2627 4654 2773 4701 stare
2804 4662 2911 4701 non
2939 4654 3149 4716 potest,
3183 4661 3308 4700 cum

1727 4735 1816 4790 hic
1847 4736 1950 4790 sub
1992 4734 2178 4801 Decio,
2217 4735 2291 4788 illi
2336 4735 2438 4790 sub
2465 4735 2758 4792 Valeriano
2804 4745 2856 4791 et
2885 4737 3110 4791 Calieno
3156 4737 3307 4805 passi

1726 4823 1899 4880 fuisse
1933 4825 2203 4895 lcgantur,
2249 4831 2303 4878 et
2348 4825 2638 4880 Cornelius
2668 4827 2842 4880 tribus
2878 4827 3070 4891 annis,
3104 4825 3308 4880 Lucius

1726 4931 1858 4970 vero
1878 4916 2162 4970 mensibus
2197 4923 2339 4982 octo,
2389 4899 2707 4986 Stephanus
2740 4925 2919 4970 autem
2965 4917 3180 4971 duobus
3209 4932 3307 4970 an-

1729 5007 1814 5062 nis
1836 5006 1903 5039 “9
1950 5005 2212 5061 Romana:
2238 5006 2352 5061 sedi
2401 5006 2671 5076 profuisse
2707 5008 2762 5059 in
2796 5007 3179 5062 aacclesiastica
3203 5007 3298 5076 hy-~

1727 5099 1892 5153 Storia
1919 5097 2189 5152 dicantur.
2211 5097 2360 5152 Unde
2381 5099 2516 5152 satis
2542 5098 2776 5168 intellegi
2800 5107 2994 5167 potest,
3021 5098 3152 5152 vitio
3175 5099 3285 5153 seri

1727 5198 1944 5260 ptorum
2006 5205 2107 5260 pro
2153 5189 2510 5246 similitudine
2557 5189 2842 5243 nominum
2889 5190 3132 5243 ordinem
3179 5204 3270 5244 ess

1727 5282 2017 5337 confusum
2039 5323 2054 5348 ,
2085 5291 2138 5336 et
2167 5280 2423 5335 Cornelio
2445 5280 2780 5335 successisse
2801 5279 3012 5334 Sixtum
3034 5321 3050 5347 ,
3076 5290 3131 5336 et
3171 5281 3302 5336 huic

1729 5374 2035 5431 Dionisium
2057 5414 2073 5442 ,
2105 5372 2181 5427 illi
2211 5381 2389 5426 autem
2439 5371 2665 5426 Lucium
2687 5413 2700 5438 ,
2749 5371 2876 5427 huic
2911 5387 3039 5428 vero
3066 5369 3300 5441 Stepha-

1310 5509 1539 5565 VARUE
1582 5508 1989 5567 LECTIONES.

77 5630 269 5725 πηδῖζξ.
296 5656 342 5725 ρ.
374 5644 533 5725 fuisse
569 5650 621 5725 εξ.
699 5650 779 5725 ξ’).
815 5652 1150 5725 corepiscopi
1178 5653 1230 5707 5.
1271 5668 1418 5725 ferr.
1467 5650 1774 5725 coepiscopi
1812 5651 1938 5725 10.7
1962 5661 2009 5706 et
2052 5653 2255 5725 itur“.

150 5706 263 5762 ’sub
297 5706 342 5768 ξι.
374 5715 557 5788 legitur
581 5721 632 5775 5.
712 5721 782 5753 ηε
811 5706 1140 5793 quibitsdam
1169 5706 1234 5762 ’—
1269 5723 1344 5776 illi
1369 5706 1674 5777 desuuz'to.
1714 5706 1797 5776 it.
1877 5724 1945 5754 ιη
1970 5739 2018 5776 a.
2050 5723 2102 5778 ά.

2364 5653 2434 5685 ⁸9⁵
2473 5654 2507 5706 i.
2550 5662 2588 5707 t.
2634 5660 2786 5722 petro
2824 5651 2874 5705 5-
2955 5648 3023 5682 ⁵⁹⁶
3072 5661 3166 5717 Per
3208 5646 3283 5702 9⁸·
