3876 6306
83 331 156 386 675

955 317 1320 374 CHRONICA.
1362 351 1429 358 —-—
1458 317 1852 377 CHRONICON
1893 317 2351 378 llNlVERSALE.

3168 323 3275 383 671

82 441 258 516 pert-ivit
288 440 354 494 ita
387 436 640 508 Caligulae
685 435 942 490 avunculi
976 435 1062 490 sui
1105 432 1331 506 vestigia
1369 444 1590 490 secutus
1624 443 1664 501 Α
1694 436 1774 490 nit
1802 436 1872 503 (υ.
1897 435 2116 508 supra);
2151 445 2203 492 et
2224 436 2353 506 quia
2401 434 2572 493 Linus
2609 437 2724 508 jam
2763 437 3026 506 excessit,
3055 438 3272 498 Cletum

81 545 157 600 est,
177 535 320 586 immo
350 543 734 599 supergressus
764 537 867 593 est,
899 536 960 581 ttt
989 535 1146 596 turpe
1192 527 1262 582 sit
1294 525 1475 581 dicere
1519 527 1586 582 ad

85 633 283 680 ntantam
306 620 681 691 malignitatem
711 605 1171 688 pervencrit.1(ll.
1208 634 1279 671 nt.
1317 627 1369 672 et
1397 617 1468 671 11.
1497 617 1584 688 11.)

80 715 642 770 Plurimamscnatorum
684 719 892 780 partem
931 708 1232 774 interfecit,
1275 717 1585 778 equestrem

81 803 271 858 ordinem
301 817 428 872 pene
458 801 733 864 destituit,
765 799 925 854 bonis
963 799 1220 853 omnibus
1257 798 1433 853 hostis
1461 797 1581 852 fuit.

82 894 356 951 Libidinibus
380 908 536 962 porro
571 891 737 945 tantis
762 891 998 961 agitatus
1025 899 1138 955 est,
1167 898 1228 943 ut
1259 905 1326 944 ne
1349 905 1379 943 a
1411 898 1584 943 matre

80 989 246 1059 quidem
276 985 352 1039 vel
377 998 562 1039 sorore
597 982 772 1036 ullave
803 979 1294 1051 consanguinitatis
1328 994 1583 1033 reveren-

80 1078 130 1129 tia
152 1075 377 1129 referatur
401 1072 750 1137 abstinuisse,
786 1071 965 1125 virum
989 1070 1043 1124 in
1077 1086 1304 1124 uxorem
1336 1070 1584 1136 duxerit,

80 1170 162 1237 ipse
184 1167 384 1221 amictus
407 1164 724 1219 nubentium
751 1163 1025 1234 virginum
1051 1163 1259 1232 specie,
1284 1169 1585 1217 convocato

80 1267 220 1312 senatu
242 1258 298 1312 ad
321 1256 679 1327 placitandum
706 1255 772 1310 de
787 1255 998 1308 ratione
1025 1254 1188 1320 dotis,
1215 1251 1458 1323 ipsisque
1482 1268 1585 1306 nu-

70 1351 180 1416 ,ptias
215 1349 590 1403 celebrantibus
608 1390 623 1414 ,
651 1348 789 1417 pelle
832 1355 1124 1416 coopertus
1142 1388 1156 1412 ,
1189 1345 1301 1400 fere
1331 1361 1362 1399 a
1381 1345 1499 1400 viro
1526 1354 1584 1399 ut

81 1456 178 1494 uxor
201 1441 372 1495 ductus
401 1440 488 1495 sit.
515 1439 812 1494 Parricidia
838 1439 1008 1494 multa
1043 1438 1352 1505 commisit,
1378 1445 1580 1504 matre,

67 1531 226 1596 ‘l‘ratre,
256 1547 460 1599 sorore,
484 1548 656 1586 uxore
685 1530 990 1601 ceterisque
1027 1530 1453 1601 consanguineis
1490 1529 1577 1583 in-

77 1622 274 1677 terfectis.
305 1621 492 1677 Urbem
517 1621 746 1677 Romam
764 1638 862 1693 per
903 1639 994 1678 sex
1032 1622 1150 1677 dies
1171 1630 1224 1676 et
1269 1629 1457 1677 noctes
1477 1621 1582 1675 -in-

77 1716 224 1782 tendit,
250 1725 303 1769 ut
323 1717 472 1785 quale
495 1725 642 1771 esset
669 1715 979 1771 incendium
1014 1714 1193 1784 Trojze
1222 1713 1433 1770 videret
1459 1733 1472 1782 ;
1500 1715 1581 1784 ip.

75 1821 199 1874 seque
219 1814 352 1861 stans
373 1807 424 1859 in
449 1806 716 1861 altissima
744 1806 883 1860 turri
931 1806 1198 1876 laetusque
1228 1816 1582 1876 prospectans
1615 1796 1656 1855 Β

77 1899 282 1964 ﬂammas,
305 1897 506 1968 tragico
536 1898 758 1952 indutus
787 1898 995 1964 habitu,
1023 1896 1262 1953 Illiadcm
1287 1899 1580 1969 tragediam

75 1989 262 2042 canebat.
291 1989 343 2041 In
375 2005 432 2043 re
453 1990 677 2043 militari
707 1989 874 2042 nichil
904 1989 1128 2043 omnino
1149 2005 1338 2057 ausus,
1376 1989 1586 2044 Britan-

76 2080 181 2132 niam
200 2096 316 2149 pcne
338 2080 533 2134 amisit.
575 2079 741 2133 Auxit
778 2079 979 2134 molem
1012 2078 1319 2133 facinorum
1349 2079 1468 2150 ejus
1498 2088 1580 2133 te-

70 2173 244 2226 meritas
275 2173 556 2242 impietatis
580 2173 635 2226 in
671 2171 862 2226 Deum.
897 2171 1114 2226 Primus
1145 2171 1291 2225 enim
1321 2187 1579 2242 persecu-

76 2265 224 2318 tionem
245 2263 654 2320 in'Christianos
677 2265 955 2335 movitper
966 2279 1128 2318 omne
1153 2279 1376 2335 regnum
1395 2279 1579 2329 suum,

77 2354 299 2425 ipsumque
321 2371 512 2410 nomen
541 2357 843 2426 exstirpare
868 2355 1115 2425 cupiens,
1143 2355 1417 2426 principes
1451 2370 1582 2424 apo-

78 2446 280 2500 stolorum
308 2445 519 2501 Petrum
550 2456 604 2502 et
636 2444 867 2500 Paulum
890 2445 1106 2501 occidit.
1132 2444 1251 2515 lpse
1288 2443 1580 2514 Vespasia-

77 2549 168 2586 num
189 2552 292 2589 cum
335 2536 438 2592 filio
467 2551 573 2592 suo
601 2531 725 2590 Tito
756 2537 822 2590 ad
853 2536 1241 2591 destruendam
1285 2533 1582 2590 “ierosoli-

73 2641 179 2678 mam
215 2627 360 2683 misit.
405 2627 556 2684 lnter
595 2629 712 2683 haec
757 2625 926 2683 Galba
977 2625 1264 2699 llyspaniae
1299 2635 1484 2696 pretor
1528 2635 1582 2681 et

76 2712 199 2769 Gaius
216 2715 370 2773 Julius
391 2717 681 2788 imperium
713 2717 1049 2787 corripuere.
1081 2714 1224 2771 Nero
1245 2724 1448 2783 autem,
1471 2732 1584 2769 om-

77 2804 193 2860 nibus
221 2809 540 2876 execrabilis,
563 2808 736 2864 hostis
762 2824 792 2862 a
816 2815 1008 2864 senatu
1029 2807 1311 2877 judicatus
1331 2815 1444 2873 est;
1483 2808 1573 2861 de-

75 2907 232 2953 cretum
251 2901 313 2932 ⁸⁶⁶
337 2909 448 2968 est,
486 2909 582 2968 ut,
607 2899 765 2956 furca
790 2899 931 2956 collo
975 2899 1096 2970 ejus
1135 2900 1368 2966 inserta,
1399 2901 1581 2955 nudus

74 3002 143 3055 per
164 2992 404 3059 publicum
438 2994 751 3060 duceretur,
784 3001 838 3047 et
856 2992 1024 3062 virgis
1051 3007 1225 3062 usque
1247 2993 1313 3046 ad
1343 3000 1578 3046 mortem

73 3091 222 3145 casus,
245 3081 303 3136 de
330 3099 455 3138 saxo
478 3083 914 3154 precipitaretur.
943 3081 1100 3148 Quod
1121 3082 1212 3137 ille
1247 3081 1475 3137 audiens
1499 3081 1577 3138 si-
1610 3141 1652 3161 η

76 3143 240 3240 mulque
253 3143 530 3231 adventum
553 3143 736 3231 Galba:
763 3143 1121 3244 comperiens,
1147 3173 1331 3246 fugite
1356 3174 1577 3244 palatio,
1609 3143 1652 3200 (ί

75 3264 294 3334 noctisque
311 3268 480 3323 medio
508 3266 656 3322 Urbe
676 3283 931 3336 egressus
960 3274 1061 3322 est.
1106 3265 1286 3320 Secuti
1324 3274 1452 3320 sunt
1477 3280 1578 3320 au-

74 3361 150 3406 tem
180 3370 284 3411 eum
308 3357 488 3413 Phaon
521 3368 575 3414 et
604 3356 953 3428 Epafroditus
983 3367 1037 3412 et
1083 3356 1290 3413 Ncﬁtus
1320 3369 1374 3412 et
1410 3359 1580 3428 spado

73 3440 275 3515 Nesporo,
296 3465 448 3520 quem
480 3451 758 3522 quondam
787 3460 1065 3505 exsectum
1089 3449 1142 3504 in
1164 3449 1447 3504 mulierem
1469 3449 1582 3505 for-

74 3549 183 3591 mare
204 3547 557 3611 temptaverat.
580 3541 829 3612 Cumque
855 3543 1095 3597 venisset
1122 3541 1176 3596 in
1203 3542 1578 3597 suburbanum

73 3624 204 3683 liberti
229 3634 322 3698 sui,
344 3635 485 3704 quod
511 3644 600 3689 est
619 3635 762 3690 inter
789 3633 1060 3689 Salariam
1089 3642 1143 3689 et
1174 3633 1574 3689 Numentanam

72 3718 176 3774 viam
213 3723 271 3778 ad
303 3735 554 3796 quartum
594 3724 756 3781 Urbis
804 3727 1134 3791 miliarium,
1167 3727 1276 3781 ictu
1314 3726 1477 3796 gladii
1521 3741 1580 3781 se

72 3825 295 3877 percutere
317 3820 502 3885 voluit,
542 3819 634 3874 sed
664 3819 966 3888 trepidante
995 3833 1161 3873 manu
1185 3819 1290 3874 hoc
1321 3818 1581 3888 perlicere

71 3916 148 3954 non
175 3909 343 3973 potuit.
384 3909 449 3964 Et
476 3926 605 3965 cum
647 3910 856 3964 nullum
881 3908 1148 3963 inveniret
1179 3924 1210 3962 a
1245 3924 1354 3978 quo
1385 3907 1578 3962 ferire-

71 3997 147 4054 tur,
169 3997 456 4053 exclamavit
475 3998 668 4053 dicens
701 4017 713 4052 :
749 3997 902 4051 Itane
925 4015 1015 4051 nec
1037 3999 1268 4051 amicum
1291 4013 1383 4050 nec
1409 3995 1583 4050 inimi-

70 4094 155 4132 tum
178 4084 340 4141 habere
359 4105 594 4158 possum.
623 4088 781 4159 (Ann.
821 4087 1072 4158 νισι-οη.)
1109 4087 1313 4142 Videns
1340 4087 1445 4142 hoc
1472 4086 1579 4141 Ne-

70 4185 190 4238 δβοτο
221 4178 410 4248 adjuvit
451 4197 678 4235 manum
707 4188 1060 4246 trementem;
1097 4187 1152 4234 et
1188 4179 1262 4234 ita
1296 4178 1456 4248 periit
1482 4193 1580 4232 an-

69 4276 122 4315 no
142 4267 240 4322 vitae
265 4285 370 4327 sua:
393 4273 506 4339 31°,
533 4272 743 4341 imperii
771 4272 881 4337 14",
911 4272 1098 4340 sicque
1134 4271 1316 4324 omnis
1349 4269 1580 4338 Augusti

70 4350 221 4412 inutilia
249 4360 297 4415 in
324 4377 388 4418 eo
421 4372 746 4432 consumpta
775 4371 876 4416 est.
909 4360 1004 4431 (Η.
1032 4363 1128 4430 m.)
1158 4358 1333 4430 llujus
1364 4369 1577 4428 tempo-

69 4448 182 4505 ribus
214 4452 383 4510 Romac
407 4456 684 4527 pollebant
717 4455 921 4510 Seneca
955 4454 1195 4525 tragicus
1230 4461 1283 4506 et
1323 4451 1580 4523 phyloso—

67 4538 188 4606 Phus,
207 4541 468 4603 Musonius
495 4556 550 4602 et
578 4545 902 4600 Plutarchus
931 4543 1275 4616 phylosophi,
1299 4541 1577 4597 Juvenalis

68 4636 104 4678 tt
135 4629 319 4691 Persius
349 4639 570 4710 satyrici
590 4679 603 4702 ,
635 4635 891 4690 Lucanus
930 4649 1178 4705 quoque,
1214 4633 1358 4688 filius
1390 4632 1579 4688 fratris

69 4715 265 4793 Senecae,
290 4736 342 4783 et
371 4728 600 4785 Statius.

111 4832 210 4883 Anni

66 4905 246 4968 Nemnis.

119 4996 156 5048 l.
187 5000 262 5055 11.
293 5001 436 5074 (Chr.
468 5003 584 5072 ιγ.)
615 5003 800 5059 Primo
822 5011 1006 5059 autem
1034 5001 1266 5057 Neronis
1301 5017 1448 5056 anno
1476 5001 1578 5056 Fe-

66 5089 153 5140 stus
173 5096 414 5149 successit
442 5096 606 5151 Felici
632 5097 856 5166 presidi.

117 5200 160 5256 2.
194 5204 493 5281 12.01133.)
520 5211 584 5264 A.
634 5209 692 5264 Ι).
725 5210 812 5265 58.
863 5208 1066 5265 Paulus
1115 5207 1399 5279 apostolus
1433 5207 1579 5278 apud

67 5285 257 5363 Festum,
279 5310 520 5368 presente
539 5301 771 5372 Agrippa
800 5317 944 5373 rege,
972 5301 1254 5372 religionis
1276 5316 1390 5355 sua!
1419 5300 1581 5354 ratio-

66 5394 158 5436 nem
201 5403 479 5461 exponens,
527 5395 595 5449 ab
645 5395 833 5450 eodem
871 5393 1033 5450 Festo
1077 5394 1293 5449 vinctus
1349 5391 1578 5446 Romam

66 5474 276 5550 mittitur,
313 5485 401 5540 ubi
427 5495 482 5541 et
525 5485 718 5542 Petrus
760 5502 1074 5554 occurrens,
1106 5485 1334 5554 Paulum
1383 5500 1583 5540 conve-

1693 530 1749 584 ιιι
1785 531 1964 585 locum
2000 531 2119 600 ejus
2147 531 2483 601 subrogavit,
2509 531 2679 600 quiet
2722 530 2837 601 ipse
2870 533 3032 590 annis
3070 535 3139 588 12
3157 549 3274 591 rec-

1690 625 1912 681 clesiam
1950 627 2116 693 rexit;
2152 626 2348 682 Petrus
2372 627 2442 658 ‘"
2473 641 2600 681 vero
2629 623 2984 697 predicationi
3027 628 3275 684 deservid

1686 715 1785 769 vit.
1819 715 1967 784 (Chr.
2001 716 2113 784 W.)
2152 715 2444 786 [lucusque
2483 716 2679 771 librum
2729 727 2950 773 actuum
2989 721 3274 788 apostolo-

1687 821 1811 860 rum
1836 806 2014 862 Lucas
2037 807 2292 877 perduxit
2315 809 2664 879 evangelista.
3267 847 3270 850 ~

1757 897 1809 951 5.
1844 899 1928 952 15.
1970 893 2176 969 (litem)
2216 899 2282 954 Α.
2329 899 2392 954 D.
2426 901 2514 954 59.
2558 901 2768 955 Probus
2804 901 3039 957 Beritius
3084 903 3270 958 crudi-

1687 987 1938 1043 tissimus
1969 990 2299 1058 gramaticus
2323 991 2538 1046 claruit.

1757 1077 1812 1131 4.
1843 1078 1924 1132 14.
1957 1080 2021 1132 A.
2049 1077 2111 1132 D.
2137 1078 2225 1133 60.
2249 1077 2456 1134 Statius
2489 1078 2752 1136 Sursulus
2773 1087 2929 1151 poeta
2955 1076 3270 1138 Colosensis

1686 1167 1916 1222 celebris
1940 1166 2061 1223 fuit.
2366 1208 2372 1213 -

1757 1257 1810 1311 5.
1852 1257 1940 1311 15.
1971 1257 2038 1312 Α.
2082 1256 2143 1311 1).
2177 1255 2266 1312 61.
2300 1253 2652 1326 Ten-emotus
2701 1257 2890 1315 Romae
2938 1269 2992 1316 et
3034 1260 3268 1333 eclypsis

1685 1349 1820 1404 solis
1853 1348 1996 1404 facta
2020 1356 2124 1405 est.

1755 1438 1808 1493 6.
1837 1439 1923 1494 16.
1957 1437 2105 1509 (Chr.
2145 1437 2259 1511 W.)
2285 1439 2350 1495 A.
2381 1439 2562 1496 0.-62.
2591 1440 2752 1496 Festo
2776 1443 3019 1500 succedit
3037 1444 3267 1500 Albinus

1683 1527 1739 1586 in
1771 1531 2049 1602 presidatu
2074 1531 2292 1588 Iudaeae.

1760 1623 1810 1677 7.
1843 1624 1928 1678 17.
1967 1623 2175 1696 (Ηιειι.)
2207 1625 2272 1680 Α.
2302 1624 2365 1680 Ι).
2398 1626 2486 1680 65.
2520 1625 2786 1692 Iacobus,
2819 1626 2987 1682 frater
3015 1627 3264 1695 Domini,

1683 1714 1956 1785 lapidatur
1977 1731 2006 1769 a
2035 1714 2257 1782 Iudaeis,
2288 1726 2342 1770 et
2373 1714 2712 1788 Symeon'“,
2736 1716 2905 1772 frater
2931 1717 3072 1787 ejus,
3095 1717 3151 1772 in
3179 1717 3265 1771 ιο-

1683 1819 1809 1864 eum
1827 1810 1947 1879 ejus
1981 1810 2355 1865 constituitur.

1751 1899 1805 1954 8.
1860 1900 1945 1953 18.
1997 1899 2146 1968 (Chr.
2197 1898 2310 1970 W.)
2339 1900 2404 1954 A.
2438 1899 2501 1954 D.
2547 1901 2636 1955 64.
2682 1899 2900 1956 Marcus
2935 1900 3266 1972 evangelista

1681 1999 1880 2063 passus
1911 2001 1997 2048 est
2020 1991 2381 2047 Alexandriae.

1753 2083 1806 2137 9.
1842 2083 1930 2137 19.
1967 2082 2032 2138 A.
2057 2081 2120 2136 D.
2153 2081 2243 2138 65.
2274 2081 2480 2152 ("ll-Ill.)
2505 2080 2726 2136 Persius
2750 2081 2982 2134 moritur
3018 2096 3165 2134 anno
3193 2096 3268 2134 ae-

1681 2175 1892 2230 tatis'"
1937 2175 2052 2230 29°.
2085 2173 2226 2230 Ante
2263 2189 2508 2229 mensam
2544 2172 2778 2229 Neronis
2813 2171 3017 2227 fulmen
3047 2173 3263 2228 cecidit.

1755 2269 1838 2322 10.
1883 2267 1973 2322 20.
2011 2268 2076 2321 A.
2102 2266 2166 2321 D.
2215 2267 2305 2321 66.
2343 2266 2566 2320 Anneus
2598 2265 2854 2320 Lucanus
2894 2263 3267 2319 Cordubensis

1681 2370 1837 2431 poeta
1875 2361 1932 2414 in
1966 2359 2262 2415 Pisoniana
2292 2358 2671 2428 conjuratione
2697 2358 3100 2428 deprehensus.
3135 2357 3267 2413 bra-

1679 2455 1867 2508 chium
1907 2453 1974 2507 ad
2004 2452 2266 2506 secandus
2296 2466 2465 2504 venas
2493 2449 2731 2519 prebuit.

1748 2547 1834 2600 11.
1863 2545 1954 2599 21.
1991 2545 2056 2598 Α.
2087 2543 2150 2598 D.
2185 2543 2273 2597 67.
2301 2540 2445 2597 Nero
2477 2541 2717 2596 incendit
2753 2539 2986 2594 Romam
3011 2540 3081 2594 ad
3110 2539 3267 2595 simi-

1681 2637 1964 2692 litudinem
1989 2633 2186 2704 Trojaa.
2963 2671 2966 2674 .

1683 2732 1687 2735 ’
1752 2729 1838 2782 12.
1880 2727 1972 2781 22.
2022 2726 2088 2780 Α.
2122 2725 2184 2779 D.
2229 2724 2318 2780 68.
2352 2724 2574 2778 Anneus
2617 2722 2825 2778 Seneca
2861 2719 3286 2786 Cordubensis;

1680 2828 1985 2892 praeceptor
2005 2817 2239 2874 Neronis
2261 2827 2315 2872 et
2342 2826 2573 2887 patruus
2607 2815 2815 2871 Lucani
2841 2857 2856 2882 ,
2877 2816 3080 2886 jussus
3095 2829 3128 2869 a
3154 2811 3264 2868 Ne-

1679 2929 1816 2968 rone
1859 2927 2032 2983 genus
2071 2911 2264 2965 mortis
2309 2909 2540 2981 eligere,
2585 2909 2852 2964 incisione
2895 2923 3156 2962 venarum
3208 2915 3266 2962 et

1680 3005 1881 3060 haustu
1912 3005 2107 3059 veneni
2144 3003 2378 3058 interiit.
2421 3000 2594 3071 Cujus
2621 3002 2788 3055 frater
2829 2999 3026 3054 Junius
3055 2999 3262 3067 Gallio,

1683 3097 1935 3169 egregius
1963 3096 2316 3161 declamator,
2349 3093 2566 3164 propria
2591 3109 2650 3148 se
2681 3092 2929 3147 manulno
2961 3088 3259 3156 interfecit;

1682 3189 1847 3244 frater
1887 3203 2018 3242 vero
2048 3189 2264 3242 illorum
2297 3185 2500 3240 Lucius
2545 3185 2768 3240 Anneus
2798 3183 2966 3239 Melas
2993 3183 3136 3238 bona
3165 3183 3262 3238 filii

1682 3280 1768 3335 sui
1806 3277 2016 3333 Lucani
2047 3294 2077 3331 a
2101 3275 2314 3330 Nerone
2341 3275 2662 3345 promeruit.
2715 3307 2718 3310 ~

1756 3362 2458 3437 15.25.(CI.r.w.—cr.
2493 3363 2610 3417 10..
2654 3361 2726 3416 De
2773 3362 2821 3416 ιι.
2863 3359 2918 3416 .'.
2955 3365 3062 3433 ιη.)
3097 3362 3164 3418 Α.
3196 3364 3260 3420 ι).

1679 3457 1769 3511 69.
1801 3455 2173 3526 Vespasianus
2218 3454 2328 3508 dux
2369 3443 2642 3507 exchitus
2672 3451 2960 3506 adversum
3002 3451 3219 3508 Iudaeos
3245 3495 3260 3520 ,

1679 3547 1775 3616 qui
1803 3546 1980 3601 Gessii
2007 3544 2046 3597 F
2051 3545 2175 3609 lori,
2207 3543 2542 3598 successoris
2566 3541 2777 3608 Albini,
2821 3543 3115 3598 avariciam
3151 3561 3262 3600 non

1679 3638 1939 3702 ferentes,
1965 3636 2322 3702 rebellabant,
2345 3649 2375 3689 a
2398 3633 2610 3689 Nerone
2639 3634 2863 3700 missus,
2887 3635 3029 3690 inter
3055 3644 3265 3692 ceteras

1681 3731 1844 3784 urbes
1864 3729 1932 3761 '“
1964 3727 2266 3797 Jotapatam
2295 3726 2561 3781 munitam
2588 3726 2862 3781 civitatem
2884 3727 3048 3796 cepit,
3072 3729 3128 3783 in
3152 3744 3263 3800 qua

1679 3829 1733 3875 et
1760 3820 2064 3890 Josippum,
2091 3817 2186 3889 qui
2221 3827 2275 3873 et
2303 3816 2594 3888 Iosephus,
2619 3818 2814 3872 ducem
2845 3818 2970 3873 belli
3009 3835 3263 3891 compre-

1683 3911 1888 3965 hendit.
1901 3909 2006 3976 Qui
2029 3925 2154 3964 cum
2178 3905 2588 3963 interliciendus
2606 3916 2755 3963 esset
2773 3923 2804 3962 a
2830 3907 3115 3976 Romanis,
3138 3926 3264 3981 pre.-

1679 4003 1815 4057 dixit
1848 4001 2182 4070 Vespasiano
2203 4000 2348 4069 quod
2372 3999 2487 4068 ipse
2512 3999 2811 4068 imperator
2831 3998 3052 4057 futurus
3093 4011 3261 4068 esset,

1681 4093 1869 4161 sicque
1895 4091 2061 4144 vitam
2093 4087 2416 4159 promeruit.
2450 4085 2550 4142 llic
2581 4095 2669 4143 (st
2691 4088 2926 4158 scriptor
2952 4090 3264 4160 Antiquita—

1682 4191 1818 4235 111111.

1755 4293 1841 4344 14.
1872 4288 1961 4344 24.
1993 4291 2056 4344 Α.
2093 4287 2155 4343 D.
2192 4286 2280 4342 70.
2308 4287 2502 4344 Petrus
2535 4287 2846 4359 apostolus,
2884 4300 3107 4360 peracto
3134 4309 3263 4363 pre-

1682 4379 1972 4434 dicationis
2009 4395 2122 4433 sum
2147 4388 2418 4448 tempore,
2446 4379 2642 4433 iterum
2667 4379 2892 4435 veniens
2921 4379 3154 4446 Romam
3168 4383 3262 4450 ⁸⁸³,

1613 4480 1656 4533 D
1681 4471 1938 4525 defuncto
1967 4469 2121 4524 Cleto
2151 4470 2421 4540 discipulo
2457 4486 2589 4536 suo,
2631 4469 2898 4527 Clementi
2939 4471 3262 4528 kathedratn

1678 4564 1984 4620 Romanam
2025 4564 2326 4628 commisit,
2359 4563 2499 4620 dans
2521 4563 2571 4619 ci
2603 4565 2829 4635 suisque
2854 4567 3266 4622 successoribus

1678 4664 2006 4728 potestatem
2042 4656 2245 4728 ligandi
2275 4665 2330 4710 et
2360 4657 2634 4723 solvendi,
2675 4657 2819 4713 sicut
2846 4659 2962 4730 ipse
2999 4662 3206 4730 accepit
3232 4679 3264 4717 a

1685 4753 1946 4819 Domino,
1999 4753 2300 4823 eodemque
2335 4751 2407 4784 ⁸³³
2473 4744 2622 4808 anno
2653 4753 2768 4823 ipse
2809 4752 3003 4809 Petrus
3041 4754 3268 4824 jubente

1671 4844 1896 4900 Nerone
1918 4845 2212 4900 cruciﬁxus
2240 4854 2354 4911 est,
2378 4843 2582 4901 Paulus
2606 4859 2738 4901 vero
2764 4846 3084 4902 decollatus.
3114 4847 3267 4902 Sedit

1685 4946 1866 4993 autem
1901 4935 2155 4993 Clemens
2198 4952 2329 4992 ann.
2374 4937 2472 5004 19,
2507 4951 2726 4993 menses
2751 4937 2815 5004 5,
2841 4952 3148 5009 passusque
3181 4949 3266 4995 est

1679 5031 1784 5085 sub
1808 5029 2127 5085 Domiciano
2152 5029 2188 5084 9
2214 5029 2324 5084 kal.
2352 5027 2658 5095 Decembr.,
2694 5029 2823 5084 licet
2845 5029 3069 5100 quidam
3091 5028 3262 5102 (Bene

1683 5121 1877 5188 Mart,
1904 5137 1960 5191 ρ.
1986 5121 2112 5192 551)
2164 5121 2496 5176 contendant
2530 5136 2655 5176 eum
2688 5136 2911 5191 passum
2942 5122 3046 5178 sub
3069 5121 3254 5193 Traja-

1680 5230 1770 5269 no.
1806 5211 2116 5268 Secundum
2141 5212 2583 5268 aecclesiasticam
2612 5213 2912 5285 hystoriam
2936 5212 3086 5284 (Eos.
3117 5213 3189 5270 11.
3213 5233 3262 5272 ε.

1681 5318 1772 5369 ιιι,
1807 5302 1904 5371 13)
1941 5302 2154 5371 primus
2183 5310 2305 5371 post
2331 5299 2554 5355 Petrum
2594 5301 2766 5357 Linus
2813 5303 2917 5358 hoc
2963 5319 3110 5359 anno
3155 5303 3268 5359 Ro-

1687 5409 1905 5448 manam
1943 5394 2185 5463 suscepit
2208 5393 2511 5448 aecclesiam
2534 5403 2589 5449 et
2612 5409 2710 5464 per
2734 5395 2804 5450 12
2821 5405 3038 5451 rexerat
3064 5410 3266 5452 annos.

1687 5483 1831 5539 Nero
1853 5494 2035 5539 autem
2065 5496 2188 5555 post
2221 5484 2656 5543 interfectionem
2681 5488 3054 5559 apostolorum
3085 5503 3144 5545 se
3185 5492 3272 5558 ip-

1279 5575 1512 5631 VARIA‘I
1556 5576 1960 5632 LECTIONES.

116 5655 551 5742 "ideeretumque
576 5667 692 5742 E71.
769 5665 1436 5742 '"petrusjdesen'ivit
1458 5667 1513 5718 in
1544 5665 1816 5742 1‘0_delet_c_
1835 5682 1947 5735 esse
1976 5666 2240 5742 uidentur,
2275 5667 2467 5742 desunt
2497 5667 2582 5742 11.
2657 5668 2729 5742 ⁸9⁸
2750 5685 2945 5742 symon
2985 5671 3020 5726 ι
3048 5671 3133 5727 9⁸.
3175 5673 3264 5728 16.

1068 5737 1136 5770 ⁸η
1162 5739 1302 5792 deest
1329 5732 1517 5807 folium
1543 5735 1584 5788 Ε
1604 5737 1647 5790 1.

66 5722 130 5778 11.
158 5729 406 5793 “'a.su;e
431 5722 543 5792 9.6.7
610 5741 682 5772 ⁸¹⁶
714 5754 789 5794 ιιι.
821 5722 879 5794 se
915 5739 968 5793 5.

1751 5738 1820 5768 ⁵η
1845 5734 2055 5792 romam
2086 5754 2136 5791 v.
2171 5739 2222 5793 5.
2336 5739 2631 5794 mEodem
2671 5741 2756 5796 9⁸.
