3876 6306
110 265 195 321 677

999 263 1366 322 CHRONICA.
1408 295 1476 304 —
1509 263 1903 322 CHBONICON
1946 266 2405 323 UNIVERSALE.

3269 277 3335 332 78

111 397 197 451 puo
232 380 468 435 Romano
491 378 789 451 adjiciens,
825 394 950 433 eum
972 376 1100 434 Tito
1127 378 1241 434 ﬁlio
1271 378 1339 433 de
1382 378 1652 449 superatis
1682 383 1725 440 Λ
1757 379 2000 447 Quadam
2044 380 2227 452 itaque
2276 381 2365 437 die
2397 381 2526 437 dum
2549 382 2617 413 "7
2665 382 3041 440 recordaretn'r
3086 385 3140 440 iu
3179 402 3332 443 circa

108 472 279 527 Judaais
298 471 682 540 triumpharet,
706 470 1028 539 cunctisque
1056 469 1308 525 amabilis
1342 470 1599 525 existeret
1635 488 1646 523 :

108 563 336 633 proﬂuvio
361 562 566 617 ventris
592 560 793 627 fessus,
821 561 879 616 in
906 561 1034 617 villa
1064 562 1285 631 propria
1312 560 1462 617 circa
1491 560 1651 621 Sabi-

109 671 189 709 nos
213 653 430 720 interiit,
453 666 597 707 anno
626 652 885 708 aetatisIm
921 652 1009 707 79.
1134 702 1139 705 _

160 745 238 799 26.
266 745 312 799 I.
347 743 499 815 (Chr.
536 741 623 799 W.
658 773 729 785 —
751 742 825 797 II.
852 741 949 814 ιη.)
972 740 1145 812 Cujus
1174 757 1321 798 anno
1350 742 1527 812 primo
1554 741 1648 796 Ti-

104 846 204 901 tus,
232 837 366 891 iilins
393 835 533 906 ejus,
572 833 790 891 Iudaeos
819 833 1171 890 inenarrabili
1216 833 1359 889 fame
1385 834 1651 890 cruciavit

103 929 321 984 obsessos
334 969 349 993 ,
368 942 626 997 premens
648 941 746 983 eos
758 926 990 982 diversis
1010 925 1220 985 bellicis
1245 925 1645 981 instrumentis.

159 1019 205 1072 2.
230 1021 378 1073 Anno
419 1016 715 1072 Dominicae
747 1014 1141 1071 incarnationis
1176 1016 1262 1070 7'5.
1309 1013 1648 1071 Hierusalem

103 1129 128 1165 a
150 1110 253 1165 Tito
279 1111 505 1180 capitur,
550 1124 665 1165 non
700 1108 818 1165 sine
859 1106 1031 1162 multo
1068 1123 1297 1163 suorum
1341 1108 1607 1179 sanguine
1629 1150 1645 1174 ,

104 1204 429 1273 subversaque
454 1201 705 1268 civitate,
734 1199 839 1255 600
869 1200 1101 1254 milium
1131 1198 1450 1254 Judzeorum
1480 1201 1649 1254 inter-

104 1292 236 1359 fecit,
262 1300 319 1345 ut
343 1290 634 1347 Cornelius
665 1297 721 1344 et
749 1286 1044 1343 Suetonius
1076 1287 1339 1344 referunt.
1371 1286 1644 1358 Iosephus

102 1398 230 1449 vero,
264 1381 354 1452 qui
382 1390 438 1436 et
463 1380 753 1452 Josippns,
786 1396 932 1435 unus
952 1395 1018 1434 ex
1047 1377 1277 1447 Judaeis,
1304 1379 1398 1450 qui
1433 1379 1483 1434 ei
1519 1388 1647 1434 tunc

102 1474 213 1528 bello
251 1472 477 1544 prefuit,
517 1472 708 1529 scribit
768 1471 1026 1526 undecies
1051 1478 1280 1541 centena
1322 1469 1468 1524 milia
1504 1467 1646 1525 fame

102 1565 273 1633 perisse
294 1575 345 1620 et
372 1565 585 1637 gladio,
630 1572 685 1619 et
712 1572 933 1619 centum
978 1562 1129 1618 milia
1154 1560 1495 1632 captivorum
1541 1578 1644 1631 pu-

102 1656 212 1711 blice
239 1656 561 1711 venundata.
603 1654 809 1727 (Ηιειι.)
838 1652 911 1709 Ut
943 1661 1125 1709 autem
1171 1663 1320 1708 tanta
1349 1652 1645 1708 multitudo

1751 473 1897 541 quod
1928 488 1993 528 ea
2015 473 2103 529 die
2132 474 2264 527 nulli
2309 474 2603 545 quicquam
2633 475 2991 545 prestitisset,
3023 479 3160 536 dixit
3203 480 3333 538 assi-

1751 563 2008 619 dentibus
2044 583 2056 619 :
2085 566 2293 632 Amici,
2336 565 2490 620 hodie
2517 566 2655 620 diem
2686 568 2914 637 perdidi.
2951 569 3111 626 Auno
3142 580 3329 627 autem

1750 655 1928 710 (etatis
1962 671 2077 711 sua:
2097 656 2188 713 42°
2218 657 2355 713 obiit
2368 656 2425 712 in
2442 657 2636 713 eadem
2659 658 2784 714 villa
2799 674 2905 729 qua
2929 670 2982 715 et
3003 669 3158 732 pater
3186 661 3336 733 ejus.‘

1752 744 1962 802 Tantus
1992 763 2124 802 vero
2147 747 2397 818 planctus
2423 747 2526 803 fuit
2559 748 2621 803 in
2645 749 2781 807 urbe
2813 748 2984 805 Roma
3019 767 3120 822 pro
3153 764 3330 811 morte

1750 837 1897 909 ejus,
1932 840 2094 908 quasi
2118 840 2349 912 orphaui
2380 841 2821 912 relinquerentur
2849 859 2881 897 a
2904 853 3077 913 patre.
3106 864 3109 869 ·

1822 929 1874 984 1.
1909 929 2114 1000 (Ηιειι.)
2150 930 2335 987 Primo
2371 932 2537 1003 igitur
2566 933 2778 1004 imperii
2809 935 2896 990 sui
2933 951 3079 990 anno
3113 938 3328 1007 amphic

1751 1021 2021 1076 theatrum
2072 1020 2259 1077 Roma:
2306 1023 2623 1091 aediﬁcavit,
2679 1026 2734 1079 in
2778 1025 2937 1097 cujus
2988 1026 3327 1083 dedicatione

1749 1112 1799 1189 5-
1814 1113 1963 1168 milia
1984 1113 2226 1169 ferarum
2239 1114 2309 1147 ⁸²⁸
2338 1115 2554 1172 occidit.

1818 1204 1914 1276 (Η.
1944 1206 2054 1277 m.)
2084 1206 2149 1261 A.
2182 1206 2244 1261 ι).
2276 1208 2365 1263 82.
2399 1207 2757 1279 Repentinum
2790 1207 3101 1266 incendium
3139 1206 3327 1266 Roma:

1746 1310 1843 1365 per
1865 1296 2105 1351 triduum
2146 1294 2269 1352 fuit.
2306 1296 2614 1355 Secundum
2640 1300 2709 1331 “9
2744 1298 3201 1356 :ecclesiastieam'
3226 1298 3325 1373 by-

1746 1384 1974 1439 storiam
2017 1384 2165 1455 (Ens.
2221 1384 2294 1440 H.
2349 1403 2396 1441 e.
2432 1403 2525 1454 ιιι,
2562 1388 2656 1454 I2,
2696 1387 2814 1459 14),
2854 1387 3112 1444 defuncto
3152 1388 3321 1455 Lino,

1745 1475 2038 1531 Anacletus
2068 1477 2354 1534 ordinatur
2391 1493 2561 1550 papa,
2600 1479 2846 1549 seditque
2885 1496 3058 1537 annos
3093 1482 3187 1549 42;
3228 1483 3323 1537 sed

1745 1564 1838 1619 alii
1865 1565 1970 1620 hoc
1998 1566 2297 1636 negant‘”.

1734 1648 1741 1656 ’
1812 1656 1974 1710 Anno
2006 1655 2302 1712 Dominicm
2325 1656 2716 1733 incarnationis
2740 1656 2827 1724 85,
2852 1658 2921 1713 ab
2941 1655 3322 1713 Urbeeondita

103 1745 432 1803 llierosolimis
468 1747 825 1816 reperiretur,
863 1760 1088 1800 causam
1123 1743 1427 1797 azimorum
1473 1741 1642 1797 fuisse
1674 1726 1717 1783 Β
1744 1747 1870 1813 855,
1922 1747 2302 1816 Domicianus,
2354 1728 2674 1819 Vespasiani
2710 1758 2767 1803 et
2818 1748 3106 1805 Domitilla:
3148 1750 3323 1816 ﬁlius,

102 1838 250 1905 refert,
278 1839 344 1894 ob
367 1854 489 1908 qua:
510 1853 579 1893 ex
602 1836 751 1892 omni
774 1845 931 1908 gente
950 1835 1264 1890 Iudaeorum
1288 1834 1355 1887 ad
1382 1834 1641 1903 templum

100 1930 421 1996 conﬂuentes,
457 1930 598 1985 urbe
627 1930 787 2000 quasi
820 1944 1039 1983 carcere
1065 1935 1193 1982 sunt
1221 1924 1435 1980 inclusi.
1464 1923 1641 1995 Opor-

101 2022 181 2076 tuit
205 2022 336 2095 enim
365 2032 425 2077 ut
453 2021 667 2077 hisdem
713 2020 905 2076 diebus
939 2018 1157 2089 pascha:
1188 2015 1640 2082 interﬁcerentur,
1668 2090 1671 2093 _

100 2113 208 2166 iu'"
229 2112 414 2183 quibus
440 2108 782 2167 Salvatorem
812 2110 1221 2166 interfecerunt.
1246 2102 1531 2181 Colligitur
1551 2124 1645 2163 au-

100 2214 182 2260 tem
207 2222 350 2262 omne
378 2215 599 2277 tempus
633 2206 688 2260 in
726 2204 1030 2262 secundum
1071 2220 1275 2259 annum
1324 2201 1640 2274 Vespasiani

98 2297 539 2353 ctsubversionem
574 2295 1062 2352 Ilierosolimornm
1105 2296 1463 2351 novissimam
1497 2312 1528 2351 a
1574 2295 1641 2350 l5

96 2401 214 2441 anno
235 2385 438 2459 Tyberii
465 2388 690 2444 caesaris
720 2395 774 2443 et
798 2387 866 2442 ah
898 2387 1123 2442 exordio
1150 2387 1475 2459 evangelicae
1513 2402 1640 2456 pre-

98 2477 337 2534 dieatioan
381 2480 513 2534 anni
553 2479 655 2546 42,
697 2496 729 2534 a
757 2479 1072 2549 captivitate
1132 2487 1314 2532 autem
1363 2492 1529 2547 quam
1571 2474 1641 2530 ah

99 2567 320 2625 Antiocho
339 2571 486 2641 passi
528 2579 659 2626 sunt
690 2568 862 2624 Judaei
903 2570 1032 2626 anni
1063 2570 1282 2625 ducenti
1301 2610 1316 2637 ,
1342 2585 1373 2622 a
1402 2567 1641 2623 secundo

99 2675 211 2713 anno
242 2660 409 2730 Darii,
461 2678 578 2733 quo
618 2661 1053 2716 retediﬁcabatur
1092 2662 1385 2731 templum,
1438 2658 1576 2725 590;
1610 2675 1640 2712 a

102 2752 242 2817 prima
293 2769 417 2809 vero
444 2754 517 2786 “'
581 2754 944 2810 aediﬁcatione
995 2753 1100 2810 sub
1163 2752 1453 2811 Salomone
1511 2752 1640 2806 anni

104 2842 226 2898 1102.

150 2936 192 2989 5.
223 2936 279 2992 Δ.
317 2938 377 2994 D.
411 2940 496 2996 74.
542 2936 913 3012 Vespasianus
950 2940 1281 3012 Capitolium
1318 2941 1483 3011 empit
1540 2956 1636 2995 re-

99 3027 337 3086 adiﬁcare.

150 3120 192 3175 t.
222 3121 282 3178 Α.
305 3122 365 3179 D.
397 3124 485 3180 75.
519 3123 730 3180 Seditio
751 3124 807 3178 in
830 3124 1161 3180 Alexandria
1181 3132 1300 3179 orta
1322 3133 1423 3181 est.

149 3214 193 3267 5.
217 3215 275 3270 Α.
303 3216 364 3271 D.
394 3217 480 3272 76.
530 3215 797 3273 Colossus
826 3226 1043 3273 erectus
1068 3226 1181 3284 est,
1214 3217 1421 3273 habens
1447 3217 1633 3272 altitu-

98 3301 241 3358 dinem
262 3308 448 3377 pedum
475 3318 703 3364 centum
725 3317 780 3364 et
806 3317 1032 3379 septem.

149 3395 191 3449 6.
222 3397 356 3468 (Chr.
385 3400 498 3473 W.)
531 3400 598 3455 Α.
629 3400 693 3455 D.
728 3399 815 3455 77.
841 3399 1115 3471 Josepbus
1145 3400 1636 3473 hystoriograpbus

99 3486 271 3544 claruit.

151 3579 191 3634 7.
218 3579 405 3656 (Ηιειι.)
434 3584 502 3640 Α.
548 3582 613 3640 D.
653 3584 740 3640 78.
791 3584 926 3641 Tres
960 3584 1223 3658 civitates
1258 3582 1408 3656 Cipri
1462 3592 1633 3639 terre-

97 3681 215 3726 ιιιοιιι
238 3686 574 3732 corruerunt.

148 3764 192 3819 8.
220 3766 278 3821 Α.
306 3766 365 3823 ι).
403 3768 489 3825 79.
524 3767 843 3826 Pestilentia
866 3766 1054 3824 Roma:
1086 3776 1237 3823 tanta
1269 3766 1411 3823 facta
1434 3775 1550 3835 est,
1576 3776 1637 3822 ut

97 3854 206 3911 intra
230 3875 327 3914 non
355 3862 561 3918 multos
589 3861 708 3919 dies
737 3862 925 3919 decem
962 3860 1134 3929 ferme
1169 3860 1319 3915 milia
1349 3860 1634 3918 hominum

97 3961 409 4009 morerentur.

149 4040 193 4095 9.
222 4044 279 4099 Δ.
320 4045 382 4100 D.
421 4047 516 4103 80.
546 4044 924 4118 Vespasianus
954 4043 1226 4116 proﬂuvio
1254 4043 1462 4102 ventris
1486 4057 1635 4099 mor-

97 4142 195 4190 tuus
209 4147 301 4194 est.

142 4233 243 4285 Anni
262 4240 370 4296 Titi.

147 4317 227 4387 (H.
253 4322 311 4378 Β.
338 4324 476 4380 etH.
493 4324 598 4397 an.)
620 4323 780 4381 Anno
803 4318 1101 4380 Dominieae
1124 4323 1518 4381 incarnationis
1540 4324 1631 4391 81,

1665 3078 1707 3136 C

1742 1835 1908 1890 frater
1926 1835 2035 1891 Titi
2060 1838 2267 1909 junior,
2291 1854 2472 1892 nonus
2501 1838 2570 1895 ab
2594 1840 2862 1910 Augusto,
2888 1854 3116 1910 regnare
3138 1841 3324 1912 carpit,

1740 1933 1796 1979 et
1832 1926 1995 1980 annis
2024 1926 2090 1980 l5
2129 1942 2193 1981 ac
2223 1926 2505 1981 mensibus
2534 1942 2625 1981 sex
2672 1928 2936 1997 regnavit.
2964 1926 3060 1998 (Η.
3097 1928 3195 1998 m.)
3218 1927 3325 1983 Iste

1740 2017 1979 2086 primum
2020 2016 2175 2071 ﬁnxit
2214 2033 2273 2075 se
2306 2016 2713 2073 misericordem
2752 2026 2811 2085 et
2839 2018 3145 2073 modestum
3172 2032 3324 2083 esse,

1741 2122 1870 2162 mox
1900 2106 2133 2180 Tyberio
2158 2117 2253 2163 aut
2288 2106 2546 2180 Caligulae
2568 2109 2654 2164 vel
2678 2107 2878 2164 Neroni
2906 2110 3137 2164 similior
3157 2125 3324 2180 quam

1740 2199 1882 2270 patri
1904 2192 2002 2254 aut
2029 2199 2214 2268 fratri,
2258 2201 2325 2255 ad
2352 2201 2534 2257 omnia
2559 2200 2815 2259 vitiorum
2834 2217 3035 2273 genera
3064 2216 3323 2273 progres-

1742 2300 1984 2357 susest,
2021 2280 2085 2345 in
2113 2300 2324 2346 tantum
2366 2301 2426 2348 nt
2458 2307 2556 2363 pro
2599 2292 2897 2348 sceleribus
2940 2292 3197 2347 omnibus
3232 2305 3324 2348 se-

1741 2383 1920 2438 cundo
1943 2384 2291 2439 Christianos
2312 2394 2755 2456 persequeretur,
2779 2386 2990 2456 primus
3010 2394 3133 2456 post
3150 2384 3295 2443 Nero
3318 2414 3326 2424 -

1741 2490 1894 2541 nem;
1922 2474 2017 2545 (Η.
2045 2474 2140 2546 m.)
2168 2461 2352 2546 inqua
2376 2478 2754 2545 persecutione
2778 2475 3082 2532 Jobannem
3106 2485 3325 2547 aposto-

1741 2565 1875 2633 lum.
1897 2573 1950 2619 et
1975 2566 2367 2638 evangelistam
2405 2567 2477 2621 ob
2517 2567 2946 2638 predieationcm
2979 2569 3129 2624 verbi
3154 2569 3323 2623 divini

1742 2656 1794 2710 in
1826 2654 2088 2710 Pathmos
2120 2656 2353 2710 insulam
2394 2656 2679 2726 relegavit,
2711 2664 2765 2710 et
2796 2654 3035 2710 Flaviam
3078 2655 3325 2711 Domitil-

1742 2747 1880 2812 lam,
1913 2745 2078 2800 ﬁliam
2109 2747 2318 2802 sororis
2342 2745 2514 2800 Flavii
2549 2744 2885 2812 Clementis,
2909 2745 2964 2799 in
2998 2744 3323 2800 Pontianam

1738 2839 1806 2870 “‘
1836 2839 2070 2893 insulam
2095 2855 2220 2893 cum
2245 2838 2432 2894 multis
2463 2837 2583 2892 aliis
2605 2837 2868 2901 exiliavit,
2894 2836 3206 2906 multosque
3229 2852 3324 2891 no-

1739 2929 1875 2993 biles
1900 2944 1967 2984 ex
1990 2925 2254 2983 Romanis
2285 2928 2515 2983 necavit.
2546 2925 2645 2982 Hic
2669 2926 2953 2982 dominum
2983 2941 3047 2981 ac
3072 2926 3235 2982 deum
3264 2941 3324 2982 se

1742 3020 1998 3091 appellari
2037 3020 2310 3090 scribique
2342 3019 2541 3089 jussit,
2587 3018 2904 3088 nullamque
2949 3017 3057 3072 nisi
3097 3032 3323 3073 auream

1742 3114 1822 3168 vel
1860 3121 2174 3183 argenteam
2205 3120 2441 3167 statuam
2476 3111 2579 3167 sibi
2617 3112 2671 3166 in
2700 3110 2905 3182 palatio
2928 3109 3093 3165 statui
3123 3108 3325 3180 permi-

1738 3205 1826 3260 sit.
1870 3204 1928 3258 ln
1966 3213 2173 3259 tantam
2202 3219 2333 3259 vero
2366 3205 2567 3259 mentis
2605 3202 2891 3276 segnitiem
2928 3202 3180 3271 devenit,
3229 3211 3321 3269 ut,

1736 3297 1959 3352 remotis
1981 3297 2237 3351 omnibus
2254 3339 2269 3364 ,
2294 3296 2444 3351 solus
2467 3296 2520 3350 in
2560 3296 2761 3367 palatio
2792 3309 3110 3350 muscarum
3132 3308 3321 3365 perse-

1735 3399 1992 3460 queretur
2009 3388 2247 3459 agmina.
2263 3389 2433 3455 Quem
2456 3404 2580 3442 cum
2597 3387 2821 3458 quidam
2874 3393 3325 3457 percunctaretur

1736 3496 1805 3535 an
1844 3480 2044 3551 aliquis
2086 3487 2234 3536 esset
2280 3480 2337 3534 in
2385 3479 2620 3550 palatio,
2659 3478 2979 3549 respondit:
3022 3476 3106 3533 Ne
3141 3492 3322 3531 musca

1735 3574 1963 3643 quidem.
2015 3573 2263 3644 Cumque
2293 3574 2519 3629 odiosus
2560 3580 2705 3628 esset
2735 3571 3022 3636 omnibus,
3057 3569 3319 3641 conjura-

1739 3665 1883 3719 tione
1917 3680 2145 3720 suorum
2180 3663 2500 3720 interfectus
2540 3671 2628 3719 est
2660 3662 2714 3718 in
2754 3662 2986 3733 palatio,
3032 3660 3234 3717 asscita
3265 3661 3320 3715 in

1736 3757 2025 3812 consilium
2058 3774 2229 3815 uxore
2250 3774 2347 3814 sua
2372 3756 2615 3814 Domicia
2635 3757 2705 3812 ob
2732 3772 2972 3813 amorem
2996 3756 3208 3812 Paridis
3230 3755 3323 3828 by-

1737 3850 1991 3917 strionis,
2025 3866 2170 3905 anno
2197 3850 2323 3905 vita:
2350 3865 2464 3905 sua:
2496 3849 2607 3905 55°.
2638 3847 2827 3905 Funus
2849 3849 2968 3919 ejus
2995 3864 3089 3920 per
3131 3848 3318 3918 vispil-

1735 3942 1909 3997 liones
1937 3958 2062 3997 cum
2087 3942 2289 4013 ingenti
2311 3942 2575 3998 dedecore
2605 3949 2951 4011 exportatum
2985 3949 3040 3996 et
3068 3940 3321 4012 ignobili-

1736 4043 1818 4089 ter
1846 4043 1930 4090 est
1969 4033 2274 4103 sepultum,
2307 4042 2638 4103 senatusque
2663 4048 2863 4088 nomen
2903 4032 3023 4103 ejus
3049 4033 3319 4087 abraden-

1734 4128 1863 4183 dum
1888 4128 1956 4158 ⁵³⁵³
1980 4125 2240 4193 decrevit,
2271 4140 2339 4180 ne
2361 4124 2484 4197 quis
2509 4139 2635 4178 eum
2660 4124 3042 4193 imperatorem
3068 4123 3315 4178 nomina-

1735 4228 1836 4272 ret.
1879 4215 1974 4271 Hic
2004 4216 2057 4271 in
2096 4225 2211 4270 arte
2234 4214 2527 4286 sagittandi
2556 4222 2666 4269 tam
2695 4214 2890 4269 doctus
2920 4211 3054 4280 fuit,
3091 4220 3153 4268 ut
3177 4212 3320 4267 inter

1734 4325 2007 4382 expansos
2036 4309 2233 4379 digitus
2273 4306 2511 4362 hominis
2552 4322 2585 4362 a
2635 4306 2794 4378 longe
2825 4304 3023 4361 stantis
3065 4304 3318 4376 sagittam

98 4410 151 4464 ab
170 4410 295 4469 Urbe
320 4419 536 4473 condita
564 4416 693 4483 εει,
727 4414 912 4485 Titus,
942 4414 1264 4486 Vespasiani
1301 4424 1358 4471 et
1384 4414 1633 4471 Domitil—
1666 4419 1711 4474 ι)
1736 4400 2151 4457 transmitteret-

98 4497 319 4574 kelilius,
358 4518 590 4565 octavus
629 4507 701 4562 ab
729 4507 1004 4577 Augusto,
1037 4506 1324 4577 imperium
1365 4507 1633 4579 suscepit,

97 4601 139 4645 et
159 4593 344 4655 duobus
373 4601 536 4657 annis
561 4600 885 4670 duobusque
912 4599 1198 4673 mensibus
1232 4601 1496 4671 regnavit.
1536 4600 1636 4657 llic

96 4685 229 4743 etiam
258 4688 616 4763 Vespasianus
646 4707 713 4747 ex
746 4691 967 4747 nomine
991 4691 1165 4762 patris
1204 4691 1383 4748 dictus
1412 4701 1525 4759 est,
1553 4693 1635 4747 vir

97 4774 141 4827 in
161 4787 364 4852 utraque
386 4783 600 4855 lingua,
639 4769 850 4840 scilicet
870 4781 1043 4837 Greca
1066 4792 1120 4837 et
1144 4781 1336 4838 Latina
1352 4824 1369 4851 ,
1392 4784 1635 4841 disertis-

99 4865 263 4938 simus,
293 4874 769 4942 bellicosissimus,
812 4874 1315 4942 moderatissimns,
1351 4876 1614 4931 omnium-

99 4972 182 5025 (μεθ
197 4979 373 5033 genere
394 4968 657 5023 virtutum
678 4966 970 5032 mirabilis,
1001 4966 1138 5022 adeo
1171 4975 1232 5020 ut
1252 4965 1419 5021 Amor
1446 4976 1500 5022 et
1527 4966 1631 5023 De-

101 5047 201 5108 lilize
226 5061 427 5128 generis
461 5061 688 5116 humani
722 5061 1016 5117 diceretur.
1051 5058 1242 5116 Tantae
1260 5061 1479 5116 vero'“
1516 5061 1611 5117 lar-

100 5143 251 5211 ιίιδιὶο
270 5162 409 5220 erat,
445 5163 508 5209 ut
541 5154 677 5210 nulli
700 5169 733 5209 a
769 5169 831 5209 se
854 5153 1060 5223 petenti
1100 5162 1339 5224 negaret.
1381 5151 1630 5224 Cumque

103 5239 541 5304 reprehenderetur
568 5245 640 5300 ab
667 5244 860 5300 amicis
880 5258 982 5298 cur
1008 5242 1114 5299 hoc
1137 5240 1368 5308 faceret,
1396 5257 1630 5313 respou-

104 5323 167 5379 dit
218 5333 415 5391 nullum
457 5335 656 5393 debere
688 5334 759 5391 ah
811 5334 1141 5407 imperatore
1183 5333 1396 5390 tristem
1445 5334 1619 5390 exire.

1808 4498 1860 4552 I.
1894 4493 2100 4569 (Ηιειι.)
2127 4492 2228 4550 llic
2248 4492 2426 4565 primo
2448 4506 2594 4547 anno
2616 4506 2719 4547 suo
2737 4490 3024 4547 eunuchos
3049 4487 3167 4544 ﬁeri
3189 4503 3317 4560 pro-

1735 4589 2052 4752 ιηέιῗιῖϐἠπ
2090 4675 2206 4749 W.)
2234 4675 2301 4731 Α.
2335 4673 2399 4730 D.
2429 4673 2519 4730 84.
2549 4672 2706 4728 Titus
2727 4671 2947 4727 decreto
2976 4676 3199 4725 senatus
3229 4666 3315 4721 in-

1738 4782 1819 4829 ter
1854 4772 1986 4828 deos
2023 4777 2326 4841 reputatur.

1809 4864 1861 4919 5.
1905 4861 2112 4932 (Ηιειι.)
2138 4860 2205 4914 Α.
2235 4858 2297 4913 D.
2331 4857 2422 4913 85.
2464 4854 2820 4911 Domicianus
2853 4851 3122 4925 plurimos
3157 4861 3317 4905 sena-

1735 4968 1915 5013 torum
1943 4955 2000 5010 in
2025 4953 2248 5008 exilium
2277 4950 2445 5005 mittit
2469 4949 2561 5003 ⁸³³.

1805 5050 1860 5105 4.
1904 5048 2054 5122 (Chr.
2085 5046 2199 5118 W.)
2223 5045 2270 5099 A
2296 5043 2361 5099 D.
2386 5042 2475 5098 86.
2514 5041 2761 5097 Arrianus
2794 5039 3006 5111 primus
3026 5044 3151 5109 post
3170 5031 3316 5090 Mar-

1739 5159 1865 5201 cum
1887 5138 2250 5204 Alexandriaa,
2287 5136 2579 5208 episcopus
2599 5133 2755 5200 obiit,
2777 5140 2903 5203 post
2918 5130 2989 5207 22
3035 5128 3319 5200 episcopa-

1742 5246 1830 5293 tus
1857 5235 1945 5291 sni
1970 5248 2196 5290 annum.
2228 5229 2329 5286 Cui
2355 5227 2567 5283 Abilins
2589 5224 2864 5280 secundus
2888 5220 3170 5279 successit.

1810 5331 1862 5387 5.
1904 5327 2112 5400 (Ηιιιι.)
2146 5326 2214 5381 Δ.
2257 5322 2321 5378 D.
2361 5321 2449 5378 87.
2477 5319 2808 5388 Quintianus
2835 5317 2907 5351 ⁸³⁵
2933 5331 3002 5371 ex
3040 5307 3315 5384 Hyspania

1364 5464 1597 5523 VARl/E
1636 5456 2042 5522 LECTIONES.

156 5555 389 5618 "sane
408 5506 496 5618 9s.
520 5560 774 5618 LXVIIII.
807 5560 905 5616 El.
980 5559 1054 5594 ⁸¹³
1069 5560 1209 5614 deest
1238 5560 1324 5616 9°.
2117 5553 2171 5607 5.
2249 5548 2320 5582 ⁸¹⁸
2334 5548 2477 5604 deest
2495 5546 2603 5618 9'.
2671 5539 3063 5618 “'dnm-fdie
3086 5540 3310 5618 iunior-‘-

106 5626 202 5701 εῖδει
221 5606 441 5687 δῖ’-’ίίῖ
457 5606 498 5690 ῐ.
522 5606 774 5690 milia-'5:-
807 5606 1224 5690 ’δί’-Βεεῶσῖἧῆ
1240 5606 1741 5701 ζιιιιιειιιιιῖιξλιιᾶξ
1756 5626 1826 5701 Ε.
1877 5606 2273 5701 -ἧῖιέιζιῄρ
2288 5619 2560 5701 Chronica
2585 5613 2879 5701 lberonimi
2898 5612 3089 5701 dicunt
3102 5606 3308 5670 Clelus.

106 5684 182 5767 ἧυί
197 5709 244 5757 et
259 5684 556 5763 “sciet-ns:
561 5684 1563 5775 'mﬁ‘vpontiamv5W—‘ﬁadradeiidum
1593 5700 1646 5755 5.
1723 5699 1794 5731 ⁸³³
1818 5698 1966 5754 misit
1987 5699 2041 5753 5.
2118 5695 2189 5728 ”"
2226 5695 2303 5748 ita
2339 5707 2435 5761 pro
2463 5689 2824 5760 quintilianus
2858 5684 3080 5736 codices.
