3876 6306
532 325 635 380 6-79

1691 323 2086 380 EKKEHARDI
2126 322 2591 383 URAUGIENSIS
3685 323 3773 379 σω

531 458 981 531 Calagurritanus
1021 456 1231 530 primus
1273 459 1460 516 Romae
1494 461 1768 532 publicam
1798 461 2007 515 scolam
2045 461 2116 494 ³⁸⁸
2156 443 2200 501 Α
2231 453 2300 492 ex
2331 435 2538 532 “milia
2568 435 2793 532 anﬁqf‘a
2833 433 3010 506 magis
3035 449 3201 532 ("la")
3247 433 3417 532 θμτξο
3461 449 3584 489 cum

533 552 724 609 habuit
744 561 798 606 et
828 551 1089 606 salarium
1125 568 1155 606 e
1177 553 1310 606 ﬁsco
1345 553 1573 622 accepit.

604 645 658 698 6.
683 643 747 697 A.
775 642 836 695 D.
867 642 955 696 88.
1001 641 1354 698 Domicianus
1394 643 1813 699 mathematicos
1844 651 1898 698 et
1922 643 2120 715 phylo-

540 735 746 804 sophos
775 731 920 788 Urbe
948 733 1174 802 pepulit.

610 827 659 879 7.
718 824 783 878 A.
829 823 893 878 D.
939 825 1026 878 89.
1077 824 1391 891 Anacletus,
1440 826 1635 881 tertius
1680 842 1710 880 a
1761 816 1945 892 Petro,
1997 820 2121 881 Cle-

535 917 704 973 menti
728 917 1014 981 successit,
1045 917 1351 987 sedensque
1377 933 1504 972 ann.
1525 919 1612 983 12,
1637 934 1855 974 menses
1883 918 1966 985 l0,
1992 936 2122 989 pas—

535 1024 630 1063 sus
653 1017 737 1062 est
767 1007 870 1062 sub
895 1005 1152 1076 Trajano,
1182 1008 1214 1060 6
1237 1007 1355 1061 Kal.
1387 1007 1510 1062 Mai.

604 1098 658 1154 8.
700 1097 907 1168 (illum)
936 1097 1002 1152 Α.
1034 1098 1099 1154 D.
1133 1099 1221 1155 90.
1263 1099 1620 1156 Domicianus
1665 1099 1845 1156 forum
1868 1110 1922 1158 et
1952 1104 2124 1158 multa

536 1190 763 1246 nidiﬁcia
793 1190 941 1246 fecit.
1310 1196 1313 1198 ’

607 1278 659 1338 9.
701 1282 849 1355 (Chr.
888 1283 1003 1354 W.)
1029 1279 1092 1338 Α.
1128 1277 1189 1338 D.
1236 1285 1322 1339 9|.
1349 1274 1570 1339 Heresis
1595 1282 1877 1340 Menandri
1908 1296 1963 1342 et
1985 1286 2123 1341 alios

533 1388 658 1429 rum
686 1375 986 1429 multorum
1021 1375 1286 1429 exoritur.

608 1467 694 1521 l0.
720 1469 785 1520 A.
819 1466 881 1519 Β.
908 1466 996 1520 92.
1026 1465 1381 1520 Domicianus
1406 1465 1472 1520 de
1498 1464 1660 1521 θείοις
1685 1473 1740 1522 et
1783 1462 2124 1524 Germanicis

535 1559 912 1628 triumphavit.

608 1651 695 1704 11.
738 1651 802 1703 Α.
839 1649 902 1704 D.
942 1651 1031 1704 95.
1073 1648 1426 1706 Domicianus
1451 1649 1730 1722 prohibuit
1770 1652 1908 1706 vites
1937 1652 1990 1706 in
2027 1667 2124 1708 ur-

539 1741 705 1796 bibus
728 1742 835 1796 seri
861 1736 951 1795 ⁸³³.
1542 1730 1548 1737 ’

2222 538 2378 600 pater
2401 529 2521 598 ejus
2547 527 2740 582 consul
2764 535 2942 592 esset,
2979 528 3124 597 apud
3163 526 3544 598 Agrippinam,
3573 528 3780 583 nobilem

2223 618 2410 674 Galliae
2443 617 2737 682 civitatem,
2765 616 3062 686 imperator
3092 616 3270 671 factus
3302 624 3408 682 est,
3435 617 3782 686 mgnavitque,

2225 710 2548 766 undecimus
2570 709 2640 764 ab
2663 709 2935 780 Augusto,
2958 709 3120 764 annis
3151 709 3239 775 19,
3267 724 3491 764 menses
3506 709 3557 774 6,
3584 709 3693 763 dies
3713 711 3783 763 15.

2224 805 2323 860 llic
2377 819 2494 859 rem
2543 803 2817 873 publicam
2870 803 2943 857 ita
2993 803 3396 858 administravit
3457 810 3521 855 ut
3563 804 3786 858 omnibus

2225 896 2567 966 principibus
2587 895 2784 950 merito
2806 903 3220 965 preponeretur.
3245 893 3383 948 Nam
3410 910 3543 950 cum
3565 895 3668 949 duo
3698 897 3788 950 sint

2226 1002 2350 1058 qua:
2376 987 2446 1041 ab
2471 986 2706 1057 egregiis
2745 985 3091 1056 principibus
3125 993 3460 1055 expetantur
3495 984 3585 1050 “',
3615 987 3790 1040 sancti—

2219 1075 2309 1134 tas
2338 1078 2508 1145 domi,
2553 1079 2610 1132 in
2651 1078 2825 1133 armis
2864 1076 3148 1142 fortitudo,
3186 1077 3486 1148 utrobique
3514 1077 3789 1147 prudentia,

2224 1180 2410 1230 tantus
2457 1173 2514 1228 in
2553 1188 2619 1228 eo
2661 1174 3029 1228 maximarum
3069 1187 3255 1226 rerum
3287 1169 3472 1226 fuerat
3510 1172 3716 1236 modus,
3746 1179 3793 1224 ut

2225 1265 2383 1336 quasi
2416 1273 2852 1335 temperamento
2875 1265 3117 1335 quodam
3151 1265 3386 1318 virtutes
3415 1263 3701 1318 miscuisse
3723 1265 3790 1317 vi-

2224 1361 2466 1426 deretur,
2510 1358 2618 1415 nisi
2659 1360 2806 1429 qvod
2841 1360 2967 1414 cibo
3009 1359 3249 1428 vinoque
3282 1359 3576 1429 paululum
3610 1358 3794 1413 dedits

2225 1461 2361 1508 erat.
2400 1452 2630 1508 Laboris
2661 1452 2873 1522 patiens
2913 1451 3036 1517 fuit,
3063 1452 3302 1522 justicim
3317 1451 3578 1522 jurisque
3600 1449 3792 1505 humani

2226 1552 2280 1598 et
2306 1543 2474 1598 divini
2515 1551 2625 1597 tam
2667 1549 2914 1612 repertor
2943 1542 3070 1596 novi
3114 1559 3281 1612 quam
3311 1551 3564 1597 veterum
3613 1551 3790 1596 custos.

2229 1632 2388 1704 (Ann.
2413 1632 2503 1703 V.)
2539 1633 2706 1687 Multa
2743 1633 2994 1688 Romano
3017 1633 3247 1703 imperio
3293 1634 3613 1702 adjiciebat,
3654 1633 3792 1687 multa

2227 1724 2496 1779 beneﬁcia
2526 1739 2623 1794 per
2647 1732 2824 1778 totum
2851 1723 3040 1777 orbem
3062 1723 3372 1792 quibusque
3398 1722 3701 1792 prestabat;
3717 1721 3796 1774 fuit

610 1833 698 1886 12.
731 1831 937 1903 (Ηιεη.)
967 1832 1030 1886 Α.
1060 1832 1121 1886 D.
1154 1834 1241 1888 9-1.
1284 1833 1635 1891 Domicianus
1683 1837 2122 1905 persecutionem

2234 1816 2370 1870 enim
2406 1816 2705 1871 bellicosus
2743 1816 2872 1870 etin
2905 1816 3161 1871 omnibus
3190 1816 3353 1870 bonis
3389 1816 3695 1870 studiosus.
3718 1813 3791 1882 (Π.

542 1924 834 1980 secundam
886 1925 938 1977 in
974 1922 1342 1987 Christianos.
1403 1926 1613 1994 primus
1656 1935 1781 1995 post
1832 1919 2124 1996 Neronem,

539 2015 727 2070 movit.
759 2015 921 2069 Juxta
942 2016 1008 2046 ⁵³⁷
1045 2015 1490 2071 aacclesiastieam
1528 2017 1830 2087 hystoriam
1860 2018 2009 2087 (Eos.
2046 2017 2111 2074 ll.

539 2123 587 2160 ε.
616 2122 696 2174 m,
729 2107 937 2176 “,34.)
969 2106 1026 2161 in
1055 2109 1189 2163 urbe
1218 2107 1390 2162 Roma
1429 2108 1742 2170 Anacletus,
1786 2109 1852 2162 12
1884 2111 2042 2164 annis
2074 2111 2128 2166 in

537 2199 857 2269 episcopatu
899 2200 1128 2265 exactis,
1171 2201 1462 2256 sacerdotii
1501 2201 1682 2255 sedem
1717 2199 1982 2256 Clementi
2019 2211 2130 2256 tra-

538 2291 696 2358 didit,
721 2307 886 2361 quam
918 2292 1007 2346 ille
1032 2293 1064 2346 9
1095 2292 1254 2346 annis
1285 2294 1480 2347 tenuit.

610 2383 697 2437 15.
751 2381 959 2454 (illam)
990 2384 1056 2438 A.
1107 2382 1170 2437 D.
1217 2384 1307 2439 95.
1349 2382 1704 2439 Domicianus
1741 2385 1943 2440 multos
1975 2385 2130 2440 nobis

538 2475 675 2530 lium
703 2475 958 2545 perdidit.

613 2567 701 2620 M.
742 2565 897 2636 (Vita
932 2565 990 2622 S.
1021 2563 1208 2635 Dion.)
1238 2563 1305 2622 Α.
1332 2563 1396 2623 D.
1434 2567 1523 2624 96.
1575 2567 1856 2624 Dionisius
1894 2566 2127 2639 Ariopa-

538 2656 670 2727 gita,
697 2657 906 2727 primus
929 2655 1348 2712 Atheniensium
1375 2657 1679 2730 episcopus
1727 2675 1758 2714 a
1787 2657 1958 2714 Paulo
1999 2675 2132 2730 apo-

538 2748 682 2804 stolo
698 2749 1052 2816 constitutus,
1077 2749 1170 2804 sed
1194 2758 1384 2820 postea
1403 2750 1457 2805 in
1479 2749 1684 2821 Gallias
1709 2752 2021 2822 predicator
2045 2753 2130 2807 di-

539 2849 746 2906 rectus,
795 2841 938 2912 apud
975 2838 1248 2896 Parisium
1295 2842 1600 2899 decollatus
1631 2854 1714 2900 est
1736 2861 1861 2900 cum
1904 2845 2130 2901 Rustico

539 2940 594 2986 et
629 2931 962 2997 Eleutherio,
1000 2933 1104 2988 sub
1136 2931 1382 2988 Sisinnio
1426 2932 1688 3004 prefecto,
1733 2951 1879 2990 anno
1929 2951 1960 2990 a
2002 2952 2132 3007 pas-

543 3023 701 3079 sione
723 3021 941 3078 Domini
979 3023 1068 3078 6-1.

621 3113 708 3168 15.
742 3112 949 3185 (Ηιιςιι.)
989 3113 1053 3168 Α.
1097 3113 1160 3168 1).
1203 3115 1292 3171 97.
1335 3115 1521 3172 Flavia
1563 3115 1836 3173 Domitilla
1882 3118 1938 3172 in
1978 3119 2132 3175 insu-

550 3202 661 3257 lam
681 3203 1008 3258 Pontianam
1038 3205 1256 3260 exiliata
1285 3214 1388 3261 est.

623 3292 711 3348 16.
747 3293 896 3365 (Chr.
927 3293 1040 3372 Ν.)
1072 3295 1116 3348 Α
1140 3295 1202 3351 D.
1231 3297 1320 3352 98.
1348 3296 1702 3354 Domicianus
1736 3315 1767 3353 a
1803 3299 1920 3355 suis
1961 3300 2133 3355 inter-

548 3382 730 3441 fectus
759 3391 864 3440 est.

608 3475 791 3527 Nerva.

619 3563 670 3617 1.
705 3559 802 3631 (Ii.
838 3561 935 3631 ιη.)
965 3562 1124 3619 Anno
1159 3562 1458 3620 Dominicze
1485 3565 1877 3622 incarnationis
1901 3567 1991 3633 99,
2029 3566 2136 3621 Ur.

544 3651 632 3710 bis
680 3668 812 3709 vero
860 3652 929 3686 ⁸³⁸
977 3655 1210 3710 conditae
1257 3655 1385 3723 849,
1424 3655 1600 3712 Nerva
1644 3657 1926 3724 Cocceius,
1963 3659 2134 3730 'opido

547 3745 841 3801 Narniensi
866 3745 1103 3817 genitus,
1139 3747 1332 3803 media:
1364 3749 1685 3817 nobilitatis,
1726 3751 2020 3805 admodum
2048 3766 2134 3807 se-

547 3854 674 3903 nex,
703 3838 948 3893 decimus
997 3839 1066 3893 ab
1103 3838 1373 3911 Augusto,
1418 3841 1660 3913 suscepit
1697 3843 2009 3910 imperium,
2050 3859 2136 3898 re-

546 3933 838 4004 gnavitque
864 3947 1007 3986 anno
1035 3948 1165 3999 uno,
1201 3949 1419 3989 menses
1440 3943 1696 4004 quatuor,
1728 3935 1843 3991 dies
1874 3946 2016 3991 octo.
2038 3935 2136 3992 llic

551 4023 607 4075 in
630 4022 840 4092 privata
863 4021 971 4076 vita
998 4023 1314 4079 moderatus
1330 4033 1384 4080 et
1397 4032 1677 4090 strenuus,
1692 4026 1743 4080 in
1767 4027 1997 4097 imperio
2011 4025 2139 4083 civi-

541 4111 825 4173 .Iissimum
850 4127 910 4166 se
947 4120 1000 4165 et
1033 4112 1410 4182 :equissimum
1442 4115 1676 4184 prebnit.
1709 4115 1914 4187 (Ηιειι.)
1941 4115 2041 4172 llic
2067 4133 2134 4171 ex

549 4202 769 4259 decreto
812 4213 1035 4259 senatus
1084 4205 1371 4260 constituit
1418 4206 1634 4261 irritum
1689 4207 1804 4263 ﬁeri
1872 4209 2132 4279 quicquid

551 4292 906 4350 Domicianus
938 4293 1055 4349 ﬁeri
1080 4295 1266 4365 jussit,
1293 4306 1348 4352 et
1377 4298 1554 4354 edicto
1582 4315 1683 4354 suo
1724 4299 1912 4354 exules
1945 4316 2135 4356 omnes

549 4387 844 4442 revocavit.
875 4385 972 4458 (11.
1003 4388 1103 4458 m.)
1146 4385 1302 4444 Unde
1327 4397 1382 4444 et
1421 4400 1648 4446 sanctus
1681 4391 1959 4447 Johannes
1998 4407 2134 4462 apo-

550 4478 726 4532 stolus
758 4477 826 4532 ab
856 4478 1021 4532 exilio
1046 4477 1322 4548 Ephesum
1354 4481 1589 4548 rediens,
1626 4493 1680 4538 et
1700 4484 2002 4538 mcclcsiam
2035 4485 2133 4539 he-

549 4571 768 4626 resibns
791 4572 1066 4626 turbatam
1105 4573 1409 4640 inveniens,
1449 4574 1670 4630 hortatu
1699 4576 1934 4638 fratrum
1969 4593 2136 4632 evan-

550 4664 752 4734 gelium
794 4663 1035 4734 scripsit,
1071 4679 1180 4734 quo
1211 4665 1372 4721 ﬁdem
1410 4676 1616 4723 rectam
1645 4669 1992 4723 conﬁrmavit
2025 4667 2132 4740 (Cf.

551 4751 700 4809 Beas
716 4751 1092 4826 Cun.).Nerva
1110 4756 1530 4827 vero,ad0ptato
1556 4759 1609 4812 in
1634 4775 1860 4830 regnum
1877 4757 2136 4829 Trajano,

552 4846 753 4904 morbo
765 4846 1215 4914 confectusobiit,
1230 4864 1416 4904 mense
1427 4851 1619 4920 quinto
1629 4851 1996 4907 annisecundi
2023 4852 2132 4906 im-

550 4937 689 5006 perii
700 4938 807 5007 sui,
819 4939 1074 4995 etatis”
1092 4956 1238 4996 anno
1255 4939 1323 4995 72
1345 4939 1451 5012 (Cf.
1468 4938 1674 5010 illum).

615 5027 746 5081 Anni
763 5030 957 5094 Trajaui
975 5032 1070 5080 Ν.

631 5108 729 5177 (Η.
762 5113 859 5182 νη.)
885 5114 1044 5168 Anno
1065 5113 1362 5170 Dominicaa
1389 5113 1785 5172 incarnatiOnis
1815 5116 2138 5183 centesimo,

558 5193 727 5254 Urbis
763 5217 894 5257 vero
935 5205 1002 5236 ’δ’
1040 5207 1272 5262 condita:
1319 5207 1444 5262 850.
1488 5206 1682 5279 Ulpius
1715 5208 1986 5280 Trajanus
2015 5210 2142 5264 Cri-

560 5290 733 5358 nitus,
760 5308 823 5348 ex
849 5295 982 5351 urbe
1010 5295 1306 5352 Tudertina
1331 5300 1566 5369 genitus,
1599 5317 1796 5372 genere
1830 5300 2140 5373 llyspanus,

2232 1909 2328 1980 m.)
2364 1907 2521 1964 Hunc
2548 1925 2673 1964 eum
2705 1909 2868 1964 amici
2902 1909 3207 1977 culparent,
3233 1906 3384 1977 quod
3416 1907 3655 1960 nimium
3676 1922 3796 1960 com-

2216 1994 2414 2054 ‘munis
2447 2009 2592 2055 esset
2625 2015 2752 2070 erga
2785 2014 2999 2064 omnes,
3033 1999 3318 2068 respondit
3347 2013 3360 2054 :
3399 1997 3702 2069 Imperator
3732 2007 3795 2048 ta-

2230 2088 2297 2145 lis
2325 2108 2435 2145 esse
2463 2091 2610 2144 debet
2645 2108 2772 2162 erga
2806 2090 3090 2160 subjectos,
3119 2090 3303 2160 quales
3333 2106 3464 2161 erga
3491 2105 3555 2144 se
3599 2091 3796 2159 impera-

2233 2191 2368 2236 tores
2397 2199 2507 2236 esse
2529 2192 2734 2253 optaret
2757 2183 2868 2253 ipse
2889 2183 3148 2252 privatus.
3176 2181 3350 2251 Hujus
3373 2197 3511 2252 ergo
3542 2182 3797 2250 imperium

2231 2273 2555 2330 credebatur
2580 2275 2845 2330 divinitus
2885 2275 3075 2330 datum
3105 2274 3160 2328 in
3202 2274 3514 2328 remedium
3556 2272 3799 2344 perditiet

2230 2367 2492 2438 prostrati
2533 2376 2758 2422 senatus
2799 2366 3057 2432 Romani,
3112 2381 3210 2436 pro
3255 2381 3324 2421 eo
3364 2365 3519 2436 quod
3577 2367 3798 2435 pleraque

2231 2460 2523 2532 magniﬁca
2557 2459 2691 2514 illud
2736 2459 3187 2515 denunciaverint
3207 2453 3300 2525 “‘,
3337 2457 3396 2512 in
3447 2457 3658 2528 quibus
3695 2455 3798 2510 illud

2231 2567 2574 2624 precnpuum,
2612 2551 2760 2622 quod
2797 2551 2990 2606 cornix
3020 2565 3051 2605 e
3092 2548 3314 2620 fastigio
3339 2548 3611 2619 Capitolii
3655 2547 3798 2601 Attico

2233 2655 2484 2700 sermone
2509 2642 2766 2699 clamavit
2801 2661 2813 2696 :
2847 2641 3017 2696 kalos.
3052 2640 3150 2695 llic
3200 2649 3392 2710 postea
3424 2640 3691 2710 deceptus
3732 2654 3798 2692 cr-

2231 2751 2377 2802 rore,
2407 2751 2535 2790 cum
2567 2734 3006 2804 persecutionem
3043 2733 3269 2788 terciam
3302 2741 3560 2786 moveret
3582 2732 3635 2785 in
3668 2729 3801 2784 Chri-

2233 2829 2460 2893 stianos,
2499 2836 2555 2882 et
2575 2827 2786 2883 Plinius
2837 2826 3142 2891 Secundus,
3185 2825 3283 2896 qui
3317 2825 3461 2878 inter
3490 2835 3702 2878 ceteros
3735 2822 3802 2890 ju-

2232 2919 2402 2984 dices,
2433 2927 2494 2972 ut
2515 2916 2886 2972 Tertullianus
2927 2915 3113 2980 refert,
3141 2920 3466 2985 persecutor
3495 2915 3662 2968 datus
3691 2921 3800 2970 erat.

2233 3009 2281 3064 ei
2306 3017 2640 3080 suggereret,
2663 3023 2760 3063 eos
2788 3008 3042 3064 homines
3071 3006 3241 3062 nichil
3267 3015 3448 3060 morte
3481 3005 3707 3076 dignum
3731 3019 3802 3073 ge-

2235 3115 2376 3166 rere,
2410 3100 2515 3155 nisi
2555 3101 2702 3170 quod
2739 3100 2845 3155 diis
2875 3114 2986 3154 non
3026 3098 3400 3164 immolat-ent,
3440 3105 3502 3152 et
3553 3096 3800 3152 Christum

2161 3171 2201 3226 ο
2236 3192 2402 3246 veluti
2446 3191 2640 3259 Deum,
2685 3199 2813 3246 ante
2877 3191 3054 3246 lucem
3100 3197 3413 3260 surgentes,
3453 3189 3752 3249 laudarent,
3781 3201 3802 3236 ε

2239 3285 2398 3339 malis
2420 3299 2548 3338 vero
2573 3283 2831 3338 omnibus
2859 3282 3230 3338 abstinerent:
3251 3280 3549 3350 rescripsit
3578 3281 3628 3336 ei
3649 3278 3805 3346 Traja-

2238 3392 2344 3432 nus
2401 3375 2746 3430 Christianos
2781 3390 2883 3446 pro
2927 3374 3032 3429 ﬁde
3085 3373 3403 3428 nullatenus
3445 3370 3801 3443 inquirendos;

2233 3468 2423 3538 sicque
2462 3469 2770 3537 persecutio
2809 3466 2996 3522 sedata
3035 3475 3140 3521 est.
3185 3463 3357 3534 igitur
3397 3463 3676 3533 Traianus
3708 3471 3804 3531 post

2234 3559 2506 3629 ingentem
2540 3559 2769 3630 gloriam
2791 3558 2934 3613 bello
2960 3556 3220 3626 domique
3243 3556 3530 3626 quesitam
3560 3571 3591 3610 e
3620 3552 3803 3608 Perside

2234 3650 2472 3715 rediens,
2504 3650 2646 3721 apud
2682 3649 2985 3704 Seleuciam
3034 3647 3288 3703 Ysaurize
3321 3647 3606 3717 proﬂuvio
3633 3646 3802 3700 vermis

2235 3741 2543 3796 exstinctus
2587 3750 2700 3807 est,
2744 3756 2889 3796 anno
2930 3739 3055 3795 vitae
3092 3755 3206 3794 sua:
3241 3739 3358 3804 65°,
3406 3754 3605 3794 mense
3631 3736 3797 3808 prime.

2236 3835 2325 3890 die
2351 3836 2427 3902 4°,
2458 3851 2648 3890 mense
2677 3834 2748 3867 ⁵⁵⁸
2787 3848 2916 3890 vero
2960 3833 3014 3887 7°
3044 3834 3174 3887 anni
3215 3831 3470 3887 vicesimi
3517 3832 3671 3902 regni
3717 3827 3799 3882 sui.

2234 3925 2406 3997 Cujus
2430 3927 2609 3982 exusti
2662 3927 2911 3997 corporis
2946 3925 3160 3980 cineres
3199 3925 3256 3978 in
3286 3939 3428 3978 urna
3462 3939 3637 3978 aurea
3679 3919 3800 3976 relati

2236 4017 2489 4087 Romam,
2520 4020 2730 4074 humati
2771 4027 2902 4075 sunt
2944 4017 3000 4072 in
3029 4016 3152 4070 foro
3180 4014 3409 4086 Trajani
3431 4016 3546 4069 sub
3582 4014 3696 4084 ejus
3731 4026 3803 4064 co-

2234 4111 2443 4178 lumna,
2469 4112 2627 4182 cujus
2649 4112 2888 4166 altitudo
2904 4110 3008 4166 MO
3031 4111 3196 4181 pedes
3221 4109 3482 4175 habet,et
3507 4110 3686 4180 imago
3706 4106 3804 4160 sul:-

2233 4204 2412 4275 posita
2445 4213 2548 4269 est,
2589 4204 3050 4274 triumphantium
3091 4217 3243 4257 more
3275 4202 3520 4267 invecta,
3557 4208 3736 4256 senatu
3760 4207 3800 4249 et

2233 4297 2476 4351 exercitu
2503 4305 2789 4366 preeunte,
2845 4297 3108 4366 solusque
3149 4295 3401 4348 omnium
3446 4294 3595 4348 intra
3633 4290 3797 4346 Urbem

2235 4387 2480 4457 sepultus
2507 4395 2611 4441 est.
2645 4385 2820 4456 Hujus
2860 4385 3140 4440 memoriae
3171 4393 3386 4438 tantum
3423 4385 3668 4439 delatum
3714 4387 3796 4440 est,

2236 4485 2298 4532 ut
2330 4493 2506 4547 usque
2534 4477 2600 4532 ad
2634 4486 2879 4532 nostram
2919 4483 3134 4530 aetatem
3184 4490 3294 4528 non
3339 4473 3507 4529 aliter
3548 4475 3604 4527 in
3640 4479 3798 4528 seual-

2237 4570 2574 4640 principibus
2598 4571 2996 4625 acclamaretur
3017 4567 3155 4622 nisi:
3183 4565 3230 4619 Ρ
3229 4566 3422 4620 elicior
3443 4567 3702 4638 Augusto,
3717 4577 3804 4615 lf-

2235 4659 2340 4713 lt'or
2374 4657 2607 4728 Trajano
2636 4658 2732 4729 (cf.
2768 4657 2962 4729 H.R.).

2310 4751 2361 4805 1.
2401 4750 2548 4821 (Chr.
2579 4750 2694 4818 W.)
2718 4749 2894 4822 Hujus
2907 4766 3052 4806 anno
3076 4750 3261 4821 primo
3287 4749 3576 4805 Iohannes
3605 4755 3794 4820 aposttr

2239 4842 2328 4898 lus
2349 4850 2404 4896 et
2429 4843 2761 4913 evangelista
2809 4843 2952 4913 apud
2984 4842 3650 4912 Ephesum'obdormivit,
3684 4851 3800 4892 anno

2244 4948 2274 4990 ι
2319 4933 2577 5005 passione
2623 4932 2842 4988 Domini
2891 4934 3005 5000 68°,
3047 4935 3175 4990 vitae
3227 4949 3346 4989 sua:
3396 4934 3596 4988 99'.—
3627 4928 3798 5002 (an)

2240 5025 2583 5080 Alexandria:
2612 5025 2817 5081 tercius
2853 5026 3142 5082 ordinatur
3165 5026 3462 5097 episcopus
3493 5023 3685 5086 Cerdo.
3725 5016 3796 5087 Fi

2240 5119 2381 5174 sedit
2415 5118 2488 5173 ibi
2516 5119 2678 5173 annis
2713 5119 2799 5173 11.

2309 5208 2364 5262 2.
2394 5207 2458 5262 Λ.
2501 5207 2564 5262 D.
2607 5208 2728 5264 101.
2759 5206 2933 5263 Nerva
2959 5208 3120 5279 jussu
3141 5215 3374 5263 senatus
3405 5207 3551 5261 inter
3581 5203 3796 5259 Duos!!-

2241 5299 2416 5356 fertur
2441 5300 2532 5355 W.

1839 5459 2068 5514 VARUS
2111 5459 2521 5518 LECTIONES.

632 5575 875 5650 "idem
899 5579 974 5635 9’.
1039 5583 1117 5615 ³³⁸⁵
1147 5582 1260 5639 ﬁeri
1297 5586 1381 5641 9°.
1437 5588 1493 5642 in
1535 5605 1590 5643 ιι.
1642 5606 1692 5644 v.
1733 5607 1777 5645 s.
1809 5593 1862 5646 5.
1955 5591 2024 5624 ³³⁷
2051 5591 2485 5650 Juxta—tenuit
2513 5595 2702 5650 desunt
2733 5595 2829 5650 El.

1260 5657 1358 5732 “‘_
1374 5659 1516 5732 deest
1538 5661 1605 5732 5.7
1685 5661 1753 5694 ³³⁸
1783 5672 2138 5732 expectantur
2175 5663 2273 5718 El.

537 5646 638 5690 ι⁸⁵⁸
677 5645 804 5702 "ore
841 5651 950 5706 des.
999 5654 1152 5708 codd.

2928 5597 2996 5630 ⁸³⁸
3033 5599 3177 5652 deest
3210 5597 3278 5651 Ei
3294 5639 3307 5651 .

2370 5666 2440 5697 ⁸³⁸
2493 5669 2994 5735 pronunciaverunt
3045 5669 3098 5723 5.

3399 5599 3471 5632 ⁸⁸⁸
3493 5615 3545 5652 a.
3586 5612 3681 5653 sue
3727 5595 3790 5644 9‘-

3205 5670 3274 5700 '“
3301 5683 3570 5724 mense—
3606 5669 3690 5724 sui
3719 5667 3791 5717 ὼ-

568 5729 690 5774 sunt
726 5719 810 5774 9ο.
917 5722 983 5755 ⁵⁸⁵
1017 5726 1102 5779 9°.
1135 5726 1670 5786 add.:Passionales
1718 5719 2065 5790 consentiunt
2119 5735 2408 5801 leronimo,
2457 5719 3605 5809 3'7anno'frajaiii_Clemontum‘p;ssun
