3876 6306
93 283 160 341 G8!
938 281 1303 337 CHRONICA.
1348 312 1414 322 --
1450 277 1847 336 CHRONICON
1888 276 2351 334 UNlVEBSALE.

3170 286 3278 341 683

141 397 182 449 1.
211 391 336 464 (Chr.
373 389 480 463 W.)
506 392 571 447 A.
604 390 667 447 1).
700 392 821 447 105.
852 391 1134 449 Evaristus
1182 409 1320 464 papa
1357 403 1597 464 quartus
1629 398 1672 453 Α
1704 391 1909 446 luntate
1956 390 2075 460 ejus
2124 390 2301 445 factus
2340 397 2435 444 cst.
2470 388 2786 461 imperator,
2831 408 3066 464 operam,
3092 405 3277 461 tamen

90 485 327 549 ordinatur,
356 484 662 553 sedensque
695 485 855 540 annis
890 485 943 551 8,
983 487 1184 556 patitur
1210 487 1314 542 sub
1341 484 1598 558 Traiano,

91 581 129 633 6.
153 576 245 633 Kal.
270 572 603 630 Novembris.

138 667 178 721 5.
199 665 252 720 A.
276 663 313 717 Ι)
380 663 501 720 104.
535 664 807 736 Trajanus
847 667 1046 723 multos
1089 666 1337 723 Romano
1369 669 1603 739 subjecit

90 773 280 829 imperio.

1699 479 1862 535 dante
1877 478 2109 547 Plotina,
2140 497 2308 535 uxore
2326 479 2565 551 Trajani.
2595 479 2748 538 Unde
2766 492 2821 538 et
2842 484 3026 556 gloriae
3055 485 3277 557 Trajam

1696 570 1981 637 invidens,
2026 580 2141 627 tres
2184 571 2497 643 provincias
2541 573 2780 643 reliquit,
2828 590 2968 645 quas
3008 576 3277 649 Trajanus

1699 661 1915 730 adjecit,
1946 662 2284 729 Armeniam,
2315 662 2596 735 Assyriam
2621 673 2676 719 et
2697 663 3162 735 Mesopotamiam.
3179 668 3277 724 Hic

1697 752 2103 809 eruditissimus
2148 761 2203 810 et
2241 752 2668 811 facundissimus
2706 754 2810 810 fuit
2839 754 3014 814 Greco
3051 758 3274 816 Latino-

139 849 252 904 1A.
282 848 338 902 υ,
380 849 502 906 εοθ,
542 850 814 922 Trajanus
842 853 908 910 de
943 852 1179 910 Daciset
1208 853 1386 927 δεμες
1406 857 1601 913 mum-
1692 857 1803 914 que
1850 859 2126 912 sermone,
2169 854 2364 902 acutus
2405 847 2569 904 nimis
2610 848 2683 903 ad
2734 849 3177 921 interrogandum
3226 862 3280 909 et

80 940 240 1009 pharii.
304 958 309 965 ·

137 1031 175 1084 8.
201 1028 386 1103 (Hunc)
411 1030 478 1086 A.
523 1030 588 1086 Ι).
632 1032 755 1090 107.
795 1033 1116 1091 Terremotu
1156 1045 1393 1107 quatuor
1436 1038 1601 1095 urbes

82 1122 188 1177 Asia:
210 1114 467 1178 subversae
487 1131 635 1179 sunt.

137 1213 201 1267 t0.
225 1214 278 1267 A.
309 1211 372 1269 D.
408 1215 531 1270 109.
574 1213 845 1285 Trajanus
872 1220 1310 1288 persecutionem
1345 1231 1597 1292 quartam

78 1305 135 1335 ‘“
158 1305 299 1360 movit
321 1306 376 1360 in
399 1306 754 1376 christianos,
781 1308 837 1364 in
863 1324 973 1379 qua
993 1308 1250 1382 Symeon,
1279 1313 1424 1369 ﬁlius
1441 1314 1601 1370 Cleo-

82 1396 186 1466 pilae,
209 1396 287 1466 qui
317 1397 372 1453 in
422 1396 801 1456 Hierosolimis
847 1401 1219 1472 episcopatum
1259 1405 1434 1460 tenuit
1477 1415 1601 1477 post

79 1487 305 1554 Jacobum,
339 1489 695 1560 cruciﬁgitur,
729 1506 854 1545 cum
881 1501 1028 1548 esset
1049 1508 1319 1549 annorum
1352 1495 1474 1562 12ος
1500 1512 1599 1568 pro

79 1594 160 1648 quo
181 1577 346 1635 Justus
396 1581 700 1637 ordinatur.
743 1581 896 1655 (Chr.
939 1582 1053 1656 W.)
1095 1584 1336 1657 Ignatius
1379 1604 1600 1659 quoque

72 1670 297 1726 secundus
335 1670 638 1728 Antiochia:
690 1675 980 1747 episcopus
1026 1675 1261 1733 Romam
1311 1678 1596 1749 adductus,

1698 935 2158 1005 respondendum,
2192 936 2443 992 ordinata
2493 940 2832 1011 respondens
2862 942 3150 1011 ordinatis,
3187 942 3277 1013 jo—

1696 1041 1827 1082 cosa
1848 1026 2077 1098 joeosis,
2112 1028 2379 1084 maledica
2410 1030 2712 1097 maledicis,
2737 1033 3068 1090 cantilenam
3096 1024 3273 1091 canti-

1696 1117 1856 1185 lenis,
1885 1119 2009 1175 (icta
2036 1118 2197 1182 ﬁctis.
2226 1122 2299 1175 ita
2327 1129 2387 1175 ut
2423 1123 2846 1190 premeditatum
2877 1126 3127 1183 crederes
3148 1142 3273 1183 eun.

1697 1218 1889 1265 contra
1914 1211 2121 1279 omnia.
2152 1211 2211 1266 In
2235 1213 2501 1269 omnibus
2516 1214 2662 1269 enim
2693 1217 2876 1273 omnia
2903 1218 3083 1273 studia
3108 1217 3249 1275 Athe

1697 1302 1969 1357 niensium
2004 1312 2225 1360 secutus
2251 1314 2356 1371 est,
2398 1305 2454 1360 in
2490 1304 2783 1377 loquendo,
2821 1309 2878 1364 in
2912 1311 3177 1377 canendo,
3219 1310 3274 1369 in

1697 1391 1999 1461 psallendo,
2035 1392 2088 1447 in
2132 1394 2420 1450 mediciuaa
2450 1405 2619 1452 artem
2651 1397 2931 1467 discendo,
2961 1400 3015 1455 in
3046 1401 3277 1468 musica,

1699 1483 1753 1537 in
1783 1485 2098 1554 geometria.
2129 1485 2290 1556 (Ann.
2323 1487 2401 1558 v.)
2429 1487 2561 1543 Item
2585 1490 2856 1559 pictorum
2892 1500 2946 1547 et
2986 1493 3274 1563 ligulorum

1699 1575 1982 1632 scientiam
2008 1578 2216 1643 habuit,
2246 1588 2301 1634 et
2326 1581 2513 1636 omnia
2534 1583 2650 1638 haec
2675 1581 2913 1653 perfecte
2926 1568 3124 1640 “didicit
3148 1585 3282 1643 alia-

1702 1682 1810 1737 que
1834 1669 2026 1735 multa,
2058 1669 2133 1724 ita
2161 1678 2223 1725 ut
2255 1686 2380 1726 rara
2414 1681 2563 1728 esset
2600 1689 2688 1728 res
2716 1674 2804 1728 illi
2822 1690 2931 1730 non
2960 1683 3203 1745 experta,
3226 1686 3281 1732 et

79 1760 224 1817 hostiis
265 1763 525 1831 traditur;
564 1781 664 1835 pro
684 1781 797 1837 quo
833 1766 1034 1823 tercius
1059 1766 1232 1827 Heres
1252 1772 1602 1829 constituitur
1635 1754 1677 1809 Β
1703 1776 1868 1830 super
1889 1777 2052 1831 quam
2079 1762 2226 1818 ονθῶ
2254 1764 2426 1833 Ροδδίῑ
2450 1764 2521 1796 ⁸²⁹
2546 1764 2663 1820 haec
2692 1765 2747 1820 in
2779 1768 3043 1822 memoria
3081 1768 3283 1823 τίθιίηθ·

77 1850 255 1922 (litem).

128 1943 335 1999 ll.AD.
383 1945 504 2001 110.
545 1946 755 2004 Plinius
796 1947 1082 2006 Secundus
1124 1951 1305 2008 clarus
1349 1953 1597 2022 habetur,

70 2042 111 2087 et
128 2050 208 2104 pro
230 2037 536 2094 Christianis
564 2040 695 2111 agit.

125 2125 192 2180 li.
218 2127 277 2182 A.
299 2126 359 2182 D.
398 2130 517 2183 111.
552 2130 858 2188 Alexander
879 2132 1104 2204 quintus
1132 2135 1391 2193 Romana:
1414 2140 1599 2195 aeecle-

70 2215 141 2270 size
166 2233 284 2288 papa
314 2220 621 2288 ordinatur,
644 2224 953 2296 sedensque
980 2226 1140 2282 annis
1171 2227 1257 2294 l0,
1274 2244 1399 2285 cum
1424 2229 1599 2285 Even-

71 2307 127 2360 Iio
150 2319 194 2363 et
225 2307 494 2368 Theodoto
527 2315 734 2385 patitur
773 2316 808 2371 5
847 2315 1032 2373 Nonas
1057 2317 1163 2374 Mai
1200 2320 1306 2375 sub
1336 2321 1595 2388 Adriano,

67 2398 174 2455 duce
197 2402 477 2461 Aureliano
521 2407 615 2479 (cf.
649 2408 775 2464 Clzr.
799 2409 938 2482 W.).
980 2410 1219 2479 Quartus
1258 2413 1600 2472 Alexandriae

70 2494 300 2550 ordinatur
319 2498 610 2571 episcopus
636 2502 858 2558 nomine
892 2503 1130 2573 Primus,
1158 2506 1406 2577 seditque
1439 2509 1597 2565 annis

72 2582 119 2635 12
144 2583 349 2659 (Hiram).

121 2676 190 2731 11.
210 2677 270 2735 Α.
294 2679 355 2735 Ι).
402 2681 522 2736 115.
566 2681 702 2739 Tres
743 2684 991 2743 civitates
1030 2687 1260 2744 Galatiae
1296 2697 1596 2746 terremotu

65 2778 359 2827 corruerunt.

117 2849 195 2911 15.
224 2860 284 2915 A.
331 2861 394 2917 D.
442 2864 564 2920 lu.
611 2864 989 2923 ﬂicrosolimm
1033 2878 1267 2939 quartus
1308 2869 1601 2941 episcopus

66 2946 303 3005 ordinatur
324 2951 600 3026 Zacbeus,
623 2966 747 3028 post
771 2974 934 3029 quem
959 2958 1160 3019 Tobias
1183 2961 1429 3032 quintus,
1452 2961 1596 3018 Ben-

57 3034 193 3149 i'z‘llluin
219 3053 423 3113 sextus,
456 3044 738 3104 Johannes
772 3052 1055 3122 septimus,
1085 3053 1316 3110 Mathias
1349 3061 1595 3121 octavus,
1624 3090 1667 3149 ο

62 3123 299 3203 Philippus
341 3153 546 3206 nonus,
591 3139 799 3197 Seneca
841 3143 1108 3209 decimus,
1142 3143 1334 3200 Justus
1375 3145 1599 3201 undeci-

60 3233 157 3276 mus
198 3223 284 3292 “7,
340 3226 475 3283 Levi
525 3229 914 3299 duodecimus,
971 3232 1168 3290 Eﬂrcm
1231 3234 1601 3301 tredecimus,

59 3306 180 3368 loses
221 3317 300 3371 vel
339 3317 543 3390 Joseph
584 3321 831 3379 decimus
863 3332 1115 3394 quartus,
1154 3324 1324 3381 ludas
1355 3326 1605 3383 decimus

54 3405 264 3471 quintus.
296 3408 362 3466 lli
388 3412 702 3482 quindecim
751 3416 823 3471 ab
865 3417 1127 3485 apostolis
1158 3432 1332 3488 usque
1354 3419 1425 3473 ad
1445 3434 1601 3475 ever-

58 3494 233 3553 sionem
277 3510 331 3556 et
393 3505 852 3561 restaurationem
907 3506 1270 3575 Hierusalem,
1326 3524 1450 3578 qua:
1495 3510 1602 3566 sub

55 3584 257 3646 Adriano
286 3591 434 3650 facta
459 3602 565 3661 est,
586 3611 652 3652 ex
677 3597 1097 3655 circumcisione
1118 3598 1442 3669 prefuernnt
1466 3598 1599 3655 Bie-

55 3678 293 3737 rcsolimis
329 3699 361 3738 a
407 3679 666 3755 passione
705 3685 919 3744 Domini
959 3705 1058 3760 per
1099 3705 1276 3749 annos
1313 3688 1428 3747 fere
1471 3706 1596 3747 cen-

51 3774 143 3822 tum
163 3780 213 3826 et
231 3788 345 3829 sex.

107 3860 181 3915 l6.
208 3863 270 3919 A.
307 3865 370 3922 Ι).
408 3868 534 3923 1-15.
568 3868 837 3940 Trajanus
866 3872 1178 3929 Armeniam
1209 3882 1262 3928 et
1291 3872 1506 3946 Syriam
1535 3890 1601 3930 ac

47 3945 470 4022 Mesopotamiam
494 3957 624 4015 fecit
656 3961 989 4030 provincias.

106 4042 179 4098 l8.
208 4047 273 4102 Α.
306 4048 373 4105 D.
404 4050 528 4105 117.
553 4050 888 4109 Salaminam
912 4054 1076 4126 Cypri
1105 4056 1293 4112 urbem
1319 4056 1603 4112 subverte-

47 4144 149 4189 runt
168 4135 360 4197 Judaei.

105 4227 178 4283 19.
205 4232 272 4288 A.
302 4233 369 4290 D.
420 4236 543 4291 118.
586 4236 859 4308 Trajanus
894 4238 1165 4310 proﬂuvio
1192 4243 1398 4298 ventris
1432 4244 1602 4298 mori-

46 4323 132 4376 tur.
153 4320 245 4381 His
271 4328 623 4400 temporibus
649 4330 791 4401 apud
825 4330 1015 4389 Asiam
1043 4343 1327 4404 supererat
1346 4334 1527 4391 adhuc
1545 4344 1603 4391 et

1703 1850 1816 1919 bat,
1863 1852 2005 1921 loca,
2058 1869 2165 1920 res,
2196 1869 2414 1923 causas,
2460 1856 2682 1924 milites,
2713 1866 2769 1912 et
2808 1872 2904 1914 eos
2936 1874 3079 1928 quos
3117 1875 3279 1914 num-

1702 1957 1870 2013 quam
1911 1943 2127 1999 videbat
2168 1946 2402 2015 propriis
2430 1946 2748 2004 nominibus
2782 1950 3113 2019 appellabat.
3159 1950 3285 2007 Fuit

1702 2035 1867 2090 homo
1894 2035 2080 2093 varius
2114 2046 2169 2092 et
2191 2038 2261 2069 ’³ο
2293 2039 2577 2109 multiplex
2616 2055 2679 2094 ac
2709 2039 3081 2108 multiformis,
3120 2043 3283 2098 dissi—

1702 2126 1938 2182 mulator
1964 2126 2021 2185 in
2050 2128 2196 2184 bono
2222 2138 2277 2184 et
2310 2130 2453 2185 malo
2474 2130 2581 2197 ‘5‘;
2615 2139 2751 2186 etut
2774 2132 2978 2188 bonum
3008 2149 3067 2189 se
3092 2143 3281 2190 ostcn-
3308 2177 3312 2180 ‹

1700 2216 1871 2284 deret,
1895 2217 2024 2273 vitia
2045 2235 2167 2290 qua:
2196 2220 2635 2278 habebatcallide
2659 2223 3045 2280 abscondebat.
3061 2225 3159 2297 (Η.
3182 2230 3282 2297 m.)

1700 2306 1801 2364 llic
1817 2325 1915 2378 per
1943 2308 2306 2379 Quadratum,
2340 2315 2720 2384 apostolorum
2742 2315 3094 2388 discipulum,
3116 2327 3171 2374 et
3185 2334 3286 2390 per

1700 2398 1999 2456 Aristidem
2050 2402 2473 2471 Atheniensem,
2523 2406 2707 2461 virum
2757 2407 2861 2463 ﬁde
2908 2409 3286 2480 sapientiaque

1699 2490 1942 2557 plenum,
1969 2498 2024 2544 et
2048 2505 2144 2560 per
2172 2491 2438 2549 Serenum
2471 2491 2734 2550 Granium
2764 2495 3001 2566 legatum
3037 2497 3193 2553 libris
3212 2498 3283 2553 de

1699 2578 2001 2635 christiana
2043 2580 2304 2652 religione
2350 2583 2673 2654 compositis
2716 2585 3049 2653 instructus,
3098 2587 3283 2643 mitior

1697 2671 2016 2727 christianis
2052 2671 2301 2729 eilicitur.
2334 2673 2514 2746 (Jonn.
2543 2692 2610 2730 ne
2643 2694 2688 2730 r.
2716 2676 2935 2732 s.—H.
2962 2678 3058 2746 m.)
3082 2678 3284 2735 Multos

1698 2762 1914 2819 labores
1950 2762 2214 2819 sustinuit
2255 2765 2443 2820 orbem
2489 2766 2803 2822 circuiendo
2833 2776 2889 2823 et
2928 2769 3265 2843 multarepa

1700 2854 1892 2920 rando,
1940 2854 2324 2911 Alexandriam
2358 2866 2414 2912 et
2453 2856 2869 2915 llierosolimam
2904 2860 3111 2917 dudum
3149 2862 3284 2917 sub-

1697 2962 1889 3002 versas
1941 2948 2288 3016 restauravit,
2339 2934 2557 3006 Judaeos
2604 2952 2785 3007 denuo
2826 2952 3054 3010 rebelles
3095 2954 3285 3010 ultima

1698 3039 1848 3095 caede
1884 3041 2215 3111 perdomuit,
2265 3042 2446 3097 ablata
2485 3042 2567 3098 eis
2606 3043 2829 3101 licentia
2866 3043 3284 3107 Hierosolimam

1701 3131 2038 3201 introeundi,
2050 3149 2214 3201 quam
2237 3134 2420 3206 ipsein
2444 3133 2724 3190 meliorem
2744 3144 2948 3193 statum
2973 3137 3031 3194 in
3054 3153 3120 3195 eo
3137 3139 3284 3205 loco,

1703 3224 1794 3278 ubi
1825 3221 2092 3281 Dominus
2129 3226 2198 3258 ""
2226 3236 2379 3283 extra
2419 3236 2636 3299 portam
2672 3229 2970 3285 cruciﬁxus
3011 3239 3117 3298 est,
3165 3246 3286 3287 res-

1698 3316 1943 3372 tauravit
1984 3325 2040 3373 et
2084 3315 2294 3374 Heliam
2336 3320 2403 3375 de
2443 3336 2547 3381 suo
2578 3323 2799 3376 nomine
2833 3322 3069 3393 vocavit.
3098 3322 3283 3394 (Βειιιε

1700 3406 1861 3480 Cum.)
1888 3407 2036 3464 Obiit
2055 3409 2126 3442 ⁸⁸³
2154 3409 2209 3465 in
2230 3410 2530 3482 Campania
2570 3413 2715 3483 apud
2749 3411 2911 3470 Baias
2941 3415 3134 3470 morbo
3160 3416 3287 3470 sub-

1701 3509 1955 3568 cutanco,
1984 3517 2128 3558 anno
2162 3503 2340 3559 relatis
2379 3520 2494 3560 sua:
2534 3503 2647 3571 62⁸³ν
2686 3505 2902 3576 imperii
2943 3505 3066 3573 2l°,
3098 3522 3288 3563 mense

1702 3592 1937 3649 decimo.

1775 3685 1826 3740 1.
1859 3684 2007 3741 (Chr.
2040 3686 2152 3742 WA
2180 3686 2370 3743 Primo
2410 3705 2561 3744 anno
2608 3705 2711 3745 suo
2749 3688 3137 3747 Alexandriam
3184 3706 3288 3762 pu-

1701 3776 1858 3833 blicis
1879 3776 1950 3810 ⁸⁸⁵
1977 3780 2311 3839 restauravit
2345 3780 2625 3851 impensis.
3172 3854 3177 3857 χ

1771 3867 1827 3921 2.
1869 3866 2083 3942 (Ηιειι.)
2110 3869 2173 3925 Α.
2210 3869 2272 3926 D.
2324 3871 2448 3926 ΕΟ.
2490 3871 2732 3929 Senatus
2771 3871 2915 3930 inter
2951 3872 3087 3932 deos
3121 3873 3289 3932 refert

1703 3957 2022 4030 Trajauum.

1770 4053 1826 4107 5.
1860 4051 2010 4124 (Chr.
2048 4053 2159 4125 W.)
2191 4056 2255 4110 A.
2284 4055 2346 4110 D.
2394 4056 2516 4110 121.
2565 4056 2873 4112 Alexander
2911 4074 3050 4130 papa
3090 4075 3288 4130 passus

1700 4151 1804 4199 est.
1833 4143 1937 4200 Cui
1968 4146 2269 4203 succedens
2302 4146 2495 4203 Sixtus
2523 4163 2663 4220 papa
2706 4156 2918 4216 sextus,
2957 4151 3099 4221 sedit
3126 4151 3287 4208 annis

1703 4236 1757 4302 9,
1792 4237 2106 4308 patiturque
2142 4239 2245 4295 sub
2271 4239 2533 4307 Adriano,
2569 4240 2603 4295 8
2627 4239 2755 4296 ldus
2776 4240 2999 4312 Aprilis.

1775 4328 1828 4384 4.
1860 4327 2069 4401 (Iliam)
2098 4330 2162 4385 A.
2195 4330 2407 4386 D.'l22.
2450 4330 2643 4387 Justus
2686 4330 3029 4389 Alexandria:
3058 4334 3287 4405 quintus

43 4411 239 4476 ﬂorebat
256 4437 326 4477 ex
358 4425 737 4495 apostolorum
767 4426 1050 4498 discipulis
1081 4428 1398 4502 Policarpus
1429 4430 1604 4487 Smir—
1635 4440 1680 4497 [ι
1704 4422 1992 4476 ordinatur

44 4518 121 4598 nec
129 4525 242 4568 rum
271 4518 545 4574 meclesiae
557 4519 870 4591 episcopus,
891 4529 948 4577 et
966 4520 1165 4594 Papias
1187 4525 1438 4581 similiter
1456 4528 1600 4598 apud

43 4593 350 4674 Hierapolim
381 4611 751 4668 sacerdotium
776 4628 989 4685 gerens.

43 4685 159 4745 Anni
194 4693 449 4754 Adriani.

94 4778 181 4848 (H.
210 4788 310 4856 τη.)
335 4785 505 4843 Anno
539 4788 827 4847 dominica:
854 4790 1250 4848 incarnationis
1279 4792 1402 4848 119.
1434 4792 1599 4850 Urbis

43 4872 243 4929 condite
264 4875 397 4932 870.
429 4876 617 4939 Helius
641 4881 935 4949 Adrianus,
960 4898 1158 4954 genere
1191 4881 1430 4951 Italicus,
1452 4884 1599 4941 ﬁlius

44 4958 233 5020 Adriani
256 4969 358 5038 qui
402 4967 509 5025 fuit
534 4973 897 5031 consobrinus
932 4973 1178 5045 Traiani,
1218 4974 1286 5031 de
1324 4974 1491 5031 Adria
1520 4977 1598 5033 ci-

43 5049 177 5107 titalc
206 5059 325 5128 agri
354 5058 568 5126 Piceni,
601 5063 743 5119 unde
767 5073 822 5119 et
844 5080 995 5121 mare
1021 5066 1361 5123 Adriaticum
1376 5066 1597 5136 dicitur,

43 5140 375 5207 luodecimus
401 5154 474 5209 ab
499 5155 768 5226 Augusto,
796 5167 1092 5228 imperator
1128 5158 1379 5225 etIieitur,
1410 5174 1603 5231 regna-

43 5232 196 5305 tilque
240 5242 413 5298 annis
440 5243 527 5298 2!.
579 5243 678 5300 llic
730 5246 857 5302 licet
901 5256 1046 5303 esset
1098 5247 1243 5303 ﬁlius
1286 5249 1601 5303 consobrini

43 5320 254 5399 Traiani.
269 5334 456 5389 noluit
485 5344 664 5391 tamen
684 5350 810 5392 eum
826 5337 898 5369 ⁸⁷⁵⁸
927 5338 1206 5409 adoptare.
1239 5337 1346 5394 Sed
1371 5338 1488 5395 sine
1508 5354 1604 5393 vo—

1775 4513 1827 4568 8.
1854 4514 1919 4568 A.
1952 4513 2013 4568 D.
2046 4514 2183 4569 >126.
2204 4513 2523 4571 Saturnides
2546 4525 2603 4571 et
2632 4515 2729 4570 alii
2753 4515 2867 4572 duo
2895 4515 3133 4571 heresim
3153 4529 3287 4570 con—

1703 4606 1976 4663 diderunt.

1774 4697 1861 4752 10.
1898 4698 2047 4770 (Chr.
2076 4696 2446 4765 11⁷.-ωειλ.)
2473 4698 2538 4753 A.
2565 4698 2627 4753 D.
2658 4697 2782 4753 128.
2805 4697 3287 4768 Quadratus,apo—

1700 4789 1970 4846 stolorum
1995 4790 2320 4862 discipulus,
2344 4798 2399 4846 et
2417 4791 2684 4847 Aristides
2716 4788 3068 4845 Atheniensis
3098 4796 3288 4844 noster

1703 4880 2079 4953 phylosophus
2104 4882 2273 4938 libros
2294 4881 2362 4938 de
2386 4883 2492 4938 [ide
2548 4887 2997 4953 composuerunt.

1778 4972 1864 5027 ιε.
1893 4970 2042 5045 (Chr.
2069 4973 2183 5045 W.)
2209 4974 2274 5029 A.
2304 4973 2367 5028 ι).
2402 4974 2521 5030 rso.
2568 4973 2978 5044 Thelesphorus
3015 4986 3156 5044 papa
3193 4970 3281 5024 τυ·

1706 5064 2010 5131 ordinatur,
2033 5067 2338 5136 sedensque
2370 5066 2529 5120 annis
2552 5064 2640 5132 10,
2666 5066 2872 5135 patitur
2895 5065 3000 5121 sub
3019 5063 3283 5128 Adriano,

1704 5156 1893 5214 Nonas
1921 5156 2148 5213 Januar.
2176 5157 2357 5229 (Bson:
2382 5156 2587 5212 Man-rd
2623 5156 2723 5213 Hic
2764 5158 3047 5214 constituit
3083 5157 3285 5213 missas

1704 5250 1761 5305 in
1807 5259 1998 5305 saneta
2032 5248 2321 5304 dominicae
2350 5247 2419 5279 ⁵⁸⁸
2466 5248 2762 5304 nativitatis
2792 5258 2954 5306 nocte
2996 5250 3281 5313 celebrari,

1704 5349 1759 5396 et
1809 5349 2051 5411 tempore
2107 5338 2359 5394 sacriﬁcii
2417 5336 2600 5394 Gloria
2648 5339 2702 5393 in
2752 5340 2982 5397 excelsis
3050 5342 3280 5398 cantari.

1301 5513 1535 5570 νΑιιιΛῑ
1566 5511 1968 5569 LECTIONES.

86 5646 155 5681 ‘“
180 5652 422 5709 terciam
462 5654 520 5745 9:
688 5655 728 5711 l.
756 5674 811 5711 u.
838 5659 1025 5713 desunt
1049 5657 1135 5713 9c.
1154 5655 1282 5745 mm
1302 5656 1444 5745 dies:
1472 5655 1542 5745 9:
1614 5653 1900 5745 'itnposset
1997 5662 2177 5745 potest
2322 5656 2392 5689 "°
2422 5673 2486 5714 ac
2515 5658 2568 5713 5.
2642 5658 2708 5695 δ”
2738 5657 2792 5716 in
2819 5672 2893 5714 n1.
2919 5655 3018 5711 Ei.
3080 5653 3160 5745 1'"
3185 5651 3280 5713 ubi

43 5731 68 5770 :.
103 5729 183 5775 est
207 5724 263 5778 d.
288 5739 351 5778 e.
392 5738 454 5791 p.
483 5725 535 5777 5.
605 5726 675 5756 ⁸⁸³
705 5741 756 5779 ο.
788 5737 967 5782 autem
996 5729 1078 5785 9ο.

344 5814 632 5875 Psrnon.
680 5815 885 5878 CLIV.

1152 5728 1223 5760 ut
1270 5726 1483 5798 publica
1510 5727 1570 5782 9c
1644 5725 1714 5757 ⁸⁵⁸
1740 5741 1785 5779 s.
1812 5733 1971 5780 nocte
1999 5725 2066 5780 de
2099 5741 2154 5778 n.
2188 5726 2241 5779 5.

2887 5816 2971 5876 22
