3876 6306
574 354 699 410 “885

1715 341 2110 398 EKKEIIARD]
2149 337 2612 396 URAUGIENSIS
3715 344 3788 397 su

589 466 804 538 (Πιει.)
849 463 1149 522 Antiochia
1199 461 1289 516 1'"
1347 458 1634 530 episcopus
1686 457 1973 512 Cornelius
2021 456 2170 512 ordi-
2202 463 2246 517 Α
2343 455 2430 510 11.
2473 453 2541 518 A.
2581 452 2644 508 D.
2691 451 2814 507 150.
2853 451 3175 522 Apollonius
3211 449 3431 507 Stoicus
3467 449 3793 510 Calcedouiws

586 569 925 722 militiam.
956 644 1070 716 W.)
1102 645 1167 699 Α.
1223 642 1444 698 0.131.
1500 639 1776 710 Nicopolis
1817 647 1874 694 et
1921 638 2168 694 Cresareal

594 749 884 797 ιοτῖρηιοιυ
919 745 1262 794 corruerunt.

662 832 750 888 14.
781 828 1079 901 (Ηιειι.)Ἀ.
1105 828 1166 882 Ι).
1201 827 1322 881 152.
1361 824 1634 880 Eumenes
1661 821 2014 878 Alexandria:
2044 835 2169 876 sex-

594 935 683 980 tus
711 921 995 978 ordinatus
1021 920 1112 986 ‘5',
1141 918 1280 974 salit
1309 917 1471 972 annis
1502 916 1588 970 15.

665 1016 751 1070 19.
783 1013 933 1085 (Chr.
979 1011 1092 1080 W.)
1123 1011 1188 1064 A.
1237 1009 1296 1064 D.
1341 1005 1858 1063 157."llierosolima
1898 1005 1968 1061 ab
2013 1003 2168 1060 Helio

590 1107 832 1162 Adriano
856 1112 1162 1161 restaurata
1194 1111 1250 1158 et
1281 1101 1350 1157 ab
1373 1100 1494 1172 ejus
1520 1100 1741 1155 nomine
1783 1094 1939 1154 Helia
1974 1105 2166 1153 vocata

589 1207 691 1253 est.
1130 1237 1134 1240 ~

658 1286 749 1343 ρο.
784 1285 992 1360 (Πιειι.)
1021 1286 1086 1341 A.
1113 1283 1177 1339 D.
1203 1282 1325 1339 158.
1350 1280 1565 1338 Marcus
1602 1278 1974 1335 Hierosolima
2017 1277 2166 1334 ordi-

591 1388 754 1434 natur
777 1378 1069 1449 episcopus
1097 1375 1308 1447 primus
1335 1390 1398 1430 ex
1428 1373 1700 1444 gentibus,
1725 1387 1849 1427 cum
1873 1369 2166 1426 antea‘l‘ue—

587 1472 698 1527 rint
721 1469 1035 1543 quindecim
1059 1483 1126 1523 ex
1147 1466 1584 1524 circumcisione.

659 1563 753 1618 21.
793 1559 972 1633 (Joan.
1008 1559 1085 1614 De
1111 1575 1156 1614 r.
1189 1559 1260 1627 ε.)
1295 1558 1361 1612 A.
1392 1556 1455 1611 D.
1496 1556 1618 1611 159.
1656 1553 1930 1609 Adrianus
1970 1551 2163 1608 morbo

590 1655 925 1710 subeutaneo
953 1652 1206 1708 moritur.
1239 1649 1352 1708 Hoc
1377 1657 1655 1721 regnante,
1678 1648 1871 1718 Aquila
1902 1645 2164 1702 Ponticus

591 1746 902 1816 Scripturas
924 1758 1112 1800 sacras
1129 1741 1422 1799 de’llcbreo
1441 1741 1720 1796 transtulit
1753 1740 1809 1794 in
1831 1739 2086 1795 Grecum.

591 1837 731 1890 Anni
762 1835 1046 1890 Antonini.

662 1925 757 1998 (Η.
785 1927 881 1996 m.)
915 1926 1074 1982 Anno
1101 1925 1387 1981 dominica
1431 1923 1825 1979 incarnationis
1851 1921 2168 1979 110.‘Urbis

588 2017 817 2072 condita
851 2017 974 2071 891.
1016 2016 1325 2070 Antoninus
1352 2013 1880 2080 FulviusBoionius,
1910 2013 2004 2084 qui
2041 2028 2168 2083 pro-

588 2117 706 2177 pter
731 2108 1070 2163 clementiam
1104 2116 1292 2178 postea
1317 2105 1735 2177 cognominatus
1762 2096 1846 2161 est
1887 2104 2039 2171 Pius,
2077 2120 2168 2174 ge-

594 2214 722 2254 nere
743 2199 812 2232 '"
844 2199 1017 2265 claro,
1041 2198 1135 2255 sed
1159 2213 1268 2252 non
1301 2197 1594 2253 admodum
1614 2205 1815 2263 vetere,
1847 2197 2051 2252 tercius
2073 2195 2168 2251 de-

589 2291 766 2346 cimus
802 2290 870 2346 ab
902 2291 1173 2362 Augusto,
1202 2287 1430 2344 sortitus
1455 2295 1541 2342 est
1575 2286 1865 2356 imperium
1897 2285 2168 2356 regnavit-

590 2398 696 2452 que
721 2381 880 2438 annis
913 2381 1006 2448 2‘2,
1036 2395 1256 2436 menses
1297 2387 1428 2436 tres.
1464 2378 1624 2448 (Ann.
1652 2375 1889 2435 V.—H.
1928 2377 2026 2448 m.)
2062 2377 2168 2434 Iste

580 2475 660 2529 ab
693 2472 934 2528 Adriano
971 2472 1260 2542 adoptatus
1287 2479 1371 2527 est
1405 2470 1462 2524 in
1499 2469 1692 2537 tilium,
1719 2469 1878 2540 cujus
1907 2477 1963 2526 et
2004 2485 2168 2542 gener

585 2563 712 2632 fuit,
747 2565 833 2620 vir
859 2563 1111 2634 insignis,
1134 2571 1188 2618 et
1209 2563 1302 2634 qui
1323 2561 1518 2617 merito
1537 2559 1728 2617 Numa
1747 2560 2014 2632 Pompilio
2035 2577 2168 2617 con-

592 2656 820 2724 feratur,
861 2656 1006 2712 sicut
1039 2665 1094 2711 et
1127 2655 1398 2726 Trajanus
1438 2653 1673 2710 Romulo
1712 2663 1980 2725 aquatur.
2013 2654 2169 2712 Vixit

587 2749 794 2820 ingenti
831 2748 1118 2804 honestate
1147 2747 1410 2819 privatus,
1437 2747 1613 2818 major
1638 2747 1692 2801 in
1737 2747 1986 2818 imperio,
2030 2749 2166 2803 nulli

586 2841 840 2907 acerbus,
884 2841 1096 2897 cunctis
1138 2841 1442 2910 benignus,
1498 2839 1553 2894 in
1605 2855 1665 2894 re
1712 2839 1937 2894 militari
1981 2839 2168 2910 gloria

580 2933 922 2999 moderator,
954 2931 1243 2988 defendere
1279 2932 1453 3003 magis
1493 2931 1804 3001 provincias
1840 2946 2006 3002 quam
2045 2947 2164 2985 am-

589 3025 761 3096 pliare
791 3025 1037 3091 studens,
1067 3025 1215 3080 viros
1248 3039 1436 3095 aquos
1461 3023 1529 3078 ad
1554 3023 1625 3056 1”
1652 3022 2164 3079 amministrandam

591 3132 704 3170 rem
729 3117 1002 3186 publicam
1031 3131 1288 3186 querens.
1336 3114 1402 3170 Et
1437 3130 1562 3170 eum
1591 3115 1780 3170 orbem
1820 3119 1976 3170 terra
2013 3115 2164 3171 nullo
2192 3138 2238 3200 ρ

590 3205 730 3259 bello
755 3220 851 3275 per
901 3220 1076 3261 annos
1111 3205 1184 3259 22
1230 3205 1550 3260 auctoritate
1605 3204 1720 3260 sola
1757 3205 1978 3273 rexerit,
2029 3206 2166 3262 adeo

591 3295 893 3361 tremebant
917 3312 1043 3352 eum
1068 3304 1123 3351 et
1145 3296 1401 3351 amabant
1425 3295 1609 3351 cuncti
1639 3310 1794 3366 reges
1827 3303 1882 3350 et
1917 3296 2165 3352 nationes

591 3402 658 3442 ac
686 3386 893 3458 populi,
919 3395 981 3442 ut
1012 3395 1291 3458 parentem
1319 3387 1434 3443 sive
1464 3395 1756 3457 patronum
1797 3387 1974 3458 magis
1999 3402 2166 3458 quam

591 3478 871 3533 dominum
898 3478 982 3534 vel
1005 3479 1388 3550 imperatorem
1422 3493 1548 3534 eum
1579 3486 1916 3548 reputarent,
1948 3493 2167 3535 omnes-

591 3586 700 3641 que
729 3570 789 3625 in
835 3585 1044 3626 morem
1082 3569 1378 3626 calestium
1419 3569 1726 3641 propicium
1768 3577 2050 3640 optantes,
2100 3570 2168 3625 de

576 3663 986 3717 ~controversiis
1016 3662 1155 3718 inter
1187 3677 1248 3717 se
1269 3659 1516 3733 'judicem
1550 3670 1855 3732 poscerent.
1886 3660 2034 3718 Obiit
2064 3677 2164 3718 au-

596 3762 703 3808 tem
729 3768 874 3809 anno
902 3754 1025 3809 vita
1054 3769 1165 3809 sua
1193 3752 1280 3808 77.

663 3843 716 3902 1.
749 3843 898 3916 (Chr.
926 3842 1038 3912 W.)
1065 3843 1250 3899 Primo
1281 3839 1444 3913 hujus
1472 3858 1616 3898 anno
1647 3841 1857 3914 Yginus
1895 3857 2034 3915 papa
2069 3857 2165 3899 oc-

583 3944 752 3990 tavus
785 3935 1086 4002 ordinatus,
1128 3937 1266 3991 sedit
1299 3935 1460 3990 annis
1486 3935 1552 4001 4,
1592 3933 1932 4004 decessitque
1964 3937 1998 3990 4
2041 3934 2168 3990 ldus

572 4021 814 4078 ..*.lanuar.
849 4023 1030 4095 (Βευιε
1061 4023 1252 4096 mur.)
1285 4022 1384 4080 ilic
1411 4024 1618 4080 clerum
1647 4024 1935 4081 constituit
1954 4031 2010 4081 et
2039 4039 2167 4096 gra-

577 4111 695 4168 tdus
711 4112 1014 4169 distribuit.
1864 4124 1870 4128 ’

657 4203 712 4258 2.
731 4202 897 4276 (Chr.
924 4205 1036 4274 W.)
1055 4207 1127 4261 Ἀ.
1168 4211 1228 4261 ι).
1258 4205 1393 4263 1111.
1422 4204 1745 4263 Valentinus
1769 4215 1824 4262 et
1850 4205 2028 4263 Cerdo
2061 4221 2169 4262 ae-

588 4297 808 4354 clesiam
841 4297 1163 4369 impugnant
1183 4297 1383 4354 heresi.

657 4389 710 4443 5.
742 4387 948 4460 (Hiemi
988 4391 1052 4444 A.
1092 4387 1154 4445 D.
1197 4386 1319 4444 142.
1356 4387 1501 4444 Idem
1533 4388 1896 4446 heresiarcha
1935 4389 2166 4446 Romam

589 4488 875 4533 venerunt.

659 4568 715 4623 4.
750 4569 964 4641 mem.)
995 4568 1286 4627 A.D.145.
1315 4569 1569 4627 Justinus
1583 4570 1954 4643 phylosophus
1967 4571 2166 4628 librum

587 4674 688 4729 pro
712 4660 1007 4717 christiana
1035 4662 1295 4733 religione
1325 4663 1686 4734 compositum
1714 4663 1989 4719 Antonino
2010 4665 2170 4722 obtu-

588 4753 650 4805 lit
677 4766 911 4824 eumque.
939 4753 1249 4808 benivolum
1273 4769 1400 4826 erga
1428 4753 1763 4810 christianos
1799 4754 1946 4810 fecit.

656 4843 710 4896 5.
737 4841 898 4914 (Chr.
928 4842 1042 4915 W.)
1066 4843 1128 4898 A.
1160 4843 1223 4897 D.
1253 4843 1375 4898 114.
1404 4843 1535 4899 Pius
1556 4860 1696 4915 papa
1717 4859 1897 4900 nonus
1917 4844 2052 4901 sedit
2071 4860 2170 4901 an-

589 4932 674 4986 nis
713 4933 809 4999 15;
841 4933 1094 5005 migravit
1117 4934 1188 4966 ⁸⁵⁹
1219 4934 1253 4988 5
1275 4931 1400 4989 ldus
1437 4932 1588 4988 Julii.

659 5023 712 5077 6.
733 5023 950 5095 (11mm)
981 5026 1045 5081 A.
1071 5025 1134 5081 Ι).
1163 5026 1286 5082 145.
1321 5024 1624 5081 Antiochia
1643 5026 1869 5097 quintus
1885 5026 2168 5083 constitui-

589 5120 680 5166 tur
699 5112 982 5186 episcopus
1010 5113 1204 5172 Heres.

663 5200 714 5258 7.
746 5202 813 5257 A.
841 5203 902 5259 D.
924 5205 1050 5260 146.
1072 5206 1418 5264 Alexandria
1439 5207 1704 5278 septimus
1720 5207 2003 5263 ordinatur
2022 5207 2167 5262 Mar-

589 5307 689 5349 cus
711 5307 809 5365 per
828 5295 897 5328 ¹¹⁶⁰
918 5311 1092 5352 annos
1121 5297 1206 5352 10.

2271 549 2488 606 claruit.

2340 641 2426 695 14.
2456 641 2520 694 A.
2555 639 2616 694 D.
2647 639 2770 694 155.
2804 636 3072 694 Crescens
3094 637 3315 709 quidam
3337 635 3582 709 Cynicus
3603 637 3796 708 plu-lose

2267 737 2410 808 phus
2453 737 2510 790 in
2561 735 2861 802 Justinum,
2908 736 3084 791 nostri
3119 735 3394 806 dogmatis
3433 736 3797 806 phylosophnm,

2269 825 2703 898 persecutionem
2735 826 2926 893 movit,
2956 825 3087 896 quia
3124 826 3277 880 illum
3306 825 3566 898 gulosum
3590 835 3640 880 et
3656 828 3786 898 phylo

2266 918 2472 988 sophia
2505 917 2959 988 prevaricatorem
2995 932 3121 972 esse
3150 917 3421 986 coarguit,
3455 917 3512 970 in
3536 932 3639 987 qua
3667 933 3799 986 perse-

2265 1006 2484 1062 cutione
2535 1005 2786 1062 Justinus
2829 1005 3067 1078 gloriose
3105 1020 3207 1077 pro
3261 1005 3492 1061 Christo
3537 1006 3798 1076 sanguinem

2266 1095 2425 1152 fudit.

2338 1190 2425 1244 15.
2457 1189 2522 1244 A.
2547 1188 2612 1244 D.
2642 1189 2763 1244 151.
2785 1187 2935 1260 (Eus.
2965 1187 3038 1243 H.
3068 1204 3114 1243 ε.
3142 1203 3216 1254 iv,
3241 1187 3356 1258 15.)
3377 1186 3800 1241 Antoninusean-

2264 1295 2450 1341 motus
2497 1285 2677 1340 heresi
2733 1285 3064 1349 Crescentis,
3112 1282 3385 1338 universis
3427 1280 3576 1337 Asia
3610 1282 3804 1350 plebibus

2266 1377 2489 1448 scripsit
2513 1377 2802 1446 epistolam
2823 1393 2924 1447 pro
2945 1375 3280 1431 Christianis.

2333 1471 2423 1524 16.
2465 1469 2529 1523 A.
2569 1469 2632 1524 D.
2671 1470 2805 1524 155.
2847 1468 3057 1542 (Ηιειιξ)
3103 1467 3450 1522 Alexandria
3490 1465 3730 1522 Celadion
3753 1466 3801 1498 ’δ’

2265 1561 2553 1615 ordinatur
2581 1569 2827 1626 octavus,
2855 1560 2951 1631 qui
2978 1561 3120 1616 sedit
3139 1560 3298 1614 annis
3337 1560 3426 1613 11-.

2331 1649 2420 1704 20.
2455 1649 2520 1704 A.
2556 1648 2622 1705 D.
2649 1651 2771 1706 159'.
2799 1648 2945 1721 (Chr.
2973 1649 3060 1704 W.
3085 1681 3155 1689 —
3174 1648 3334 1704 litt-2n.
3356 1680 3432 1688 —
3453 1648 3620 1704 Rana:
3647 1648 3801 1708 ﬂint.)

2262 1738 2521 1796 Anicetus
2542 1756 2680 1810 papa
2698 1740 2941 1796 decimus
2958 1741 3268 1806 ordinatur,
3293 1739 3389 1810 qui
3418 1739 3566 1794 sedit
3586 1741 3724 1794 annis
3743 1741 3801 1790 1U.

1570 1832 1713 1886 Anni
1737 1832 1806 1886 ab
1825 1831 1980 1886 initio
2002 1813 2160 1885 4100.
2190 1811 2238 1872 Β
2270 1829 2384 1885 Sub
2411 1847 2521 1902 quo
2546 1830 2864 1902 Poliearpus
2899 1829 3130 1886 Romam
3158 1831 3407 1897 veniens,
3441 1831 3648 1885 multos
3669 1846 3802 1884 eone

2269 1922 2367 1990 xit,
2394 1937 2534 1994 quos
2561 1921 2828 1979 Valentini
2863 1931 2921 1979 et
2947 1922 3214 1979 Cerdonis
3243 1938 3402 1978 error
3432 1923 3708 1978 subvertit.
3739 1921 3803 1973 [hc

2268 2030 2396 2088 ergo
2425 2013 2688 2071 Anicetus
2721 2015 3025 2081 constituit,
3061 2025 3121 2070 ut
3156 2015 3336 2070 clerus
3364 2030 3590 2069 comam
3615 2029 3708 2068 non
3731 2031 3804 2067 nn-

2268 2107 2416 2171 triat,
2447 2120 2754 2179 passusque
2778 2114 2862 2162 est
2889 2107 2992 2163 sub
3012 2105 3195 2161 Marco
3216 2115 3270 2161 et
3299 2106 3506 2162 Severo
3534 2107 3603 2161 16
3630 2105 3804 2160 sum

2269 2195 2414 2252 Maii.

2337 2309 2426 2364 21.
2462 2309 2527 2364 A.
2555 2310 2619 2366 D.
2653 2309 2775 2365 160.
2806 2309 3012 2381 (ιιιειι.)
3051 2308 3428 2366 Hierosolima
3454 2317 3586 2380 post
3617 2309 3807 2363 Marcum

2269 2400 2555 2455 ordinatur
2573 2401 2873 2457 Cassianus
2895 2402 3046 2468 17“,
3071 2401 3262 2456 deinde
3287 2400 3525 2456 Publius
3567 2401 3703 2463 18‘",
3724 2398 3806 2451 ila-

2268 2491 2450 2546 ximus
2483 2491 2633 2560 19“,
2675 2491 2924 2548 Julianus
2949 2491 3018 2524 ⁸⁸³
3045 2491 3198 2558 2οιιε,
3234 2491 3482 2546 Gaianus
3524 2491 3674 2557 21“,
3707 2489 3812 2542 Sini-

2269 2588 2499 2645 machus
2516 2588 2847 2652 22‘",Gaius
2867 2588 3018 2656 25M,
3035 2587 3280 2643 Julianus
3303 2589 3464 2654 Ἄπη,
3488 2587 3681 2658 Capito
3696 2585 3809 2638 25".

2337 2698 2427 2752 22.
2463 2697 2528 2752 A.
2561 2697 2625 2754 D.
2659 2698 2780 2754 161.
2810 2697 3121 2753 Antoninus
3157 2697 3294 2754 obiit
3319 2698 3467 2769 apud
3496 2697 3713 2754 Dorium
3739 2697 3810 2749 vil-

2269 2789 2377 2844 lam
2399 2805 2577 2844 suam.

2267 2899 2409 2953 Anni
2447 2900 2704 2954 Antonini
2746 2899 2870 2956 Veri

2337 2991 2435 3064 (11.
2478 2993 2576 3062 m.)
2626 2993 2784 3048 Anno
2833 2992 3120 3049 dominica
3171 2992 3574 3050 incarnationis
3621 2993 3727 3054 162.
3765 2990 3815 3043 ab

2270 3082 2414 3138 Urbe
2435 3084 2651 3140 condita
2674 3084 2798 3141 915.
2825 3083 3040 3140 Marcus
3061 3081 3316 3140 Aurelius
3334 3085 3651 3139 Antoninus
3661 3083 3814 3144 Verax

2271 3171 2394 3226 11“-
2421 3172 2493 3226 ab
2518 3172 2765 3243 Augusto
2795 3172 2888 3240 ⁸⁸³,
2935 3172 3225 3243 imperium
3263 3174 3497 3242 adeptus
3526 3182 3632 3237 est,
3665 3173 3713 3226 in
3735 3187 3814 3238 quo

2265 3262 2510 3335 regnavit
2543 3263 2704 3319 annis
2735 3264 2822 3317 19.
2851 3263 2957 3319 Istc
2985 3264 3118 3318 haut
3147 3264 3312 3319 dubie
3329 3265 3702 3319 nobilissimus
3725 3263 3818 3318 fuit.

2266 3355 2464 3426 quippe
2501 3355 2660 3424 cujus
2685 3355 2838 3426 origo
2865 3364 3090 3426 paterna
3127 3372 3158 3410 a
3189 3355 3368 3410 Numa
3411 3355 3696 3426 Pompilio,
3731 3371 3816 3408 nsi—

2268 3455 2420 3503 terna
2444 3463 2574 3503 vero
2591 3464 2630 3504 a
2651 3446 2934 3504 Solentino
2951 3463 3076 3518 rege
3097 3448 3385 3518 pendebat.
3414 3449 3646 3518 (Anan.
3669 3447 3816 3500 Victi

2265 3537 2364 3595 Hic
2387 3555 2578 3596 omnes
2601 3541 2830 3596 virtutes
2857 3549 2911 3595 et
2938 3541 3152 3596 caleste
3187 3541 3424 3596 habebat
3459 3542 3745 3613 ingenium.
3780 3551 3817 3591 et

2267 3629 2320 3684 in
2350 3631 2751 3686 calamitatibus
2789 3632 3022 3701 publicis
3052 3630 3229 3687 factus
3271 3639 3357 3687 est
3395 3634 3558 3702 quasi
3586 3631 3817 3686 defensor.

2265 3731 2321 3778 et
2345 3723 2391 3778 si
2420 3723 2477 3777 in
2497 3722 2610 3779 illis
2643 3725 2980 3794 temporibus
3017 3724 3134 3793 ipse
3159 3739 3268 3778 non
3296 3723 3520 3786 fuisset.
3547 3725 3666 3779 sine
3688 3724 3816 3776 dubio

2267 3814 2435 3884 gloria
2464 3813 2709 3869 Romana
2746 3815 2995 3884 perisset.
3029 3813 3128 3884 (II.
3161 3831 3230 3868 m.
3268 3814 3340 3868 Η.
3377 3815 3469 3884 R.)
3507 3815 3612 3870 [ste
3635 3814 3819 3884 pmpino

2266 3921 2436 3976 quum
2468 3920 2630 3974 suum
2670 3905 2900 3960 Lucium
2931 3905 3170 3960 Annium
3200 3905 3539 3960 Antoninum
3576 3906 3818 3964 Severum.

2266 3997 2358 4068 qui
2379 4006 2494 4052 erat
2517 4012 2681 4068 gener
2700 3996 2962 4051 Antonini
3005 3996 3108 4064 Pii,
3154 4012 3295 4051 nova
3334 3997 3698 4052 benivolentia
3717 4011 3821 4048 con.

2267 4097 2472 4146 sortem
2509 4087 2723 4164 imperii
2758 4087 2905 4154 fecit,
2943 4097 3167 4158 tumque
3201 4088 3442 4158 primum
3492 4088 3727 4142 Romam
3754 4100 3818 4138 res

2266 4180 2483 4249 publica
2507 4179 2722 4234 duobus
2743 4194 2900 4249 aquo
2921 4179 3046 4249 jure
3075 4179 3369 4250 imperium
3402 4175 3820 4234 amministrand-

2266 4269 2370 4325 bus
2399 4270 2601 4341 paruit,
2625 4283 2750 4325 eum
2777 4285 2951 4340 usque
2982 4269 3050 4324 ad
3089 4270 3209 4324 illos
3233 4285 3453 4340 semper
3481 4269 3724 4340 singulos
3747 4268 3819 4318 ln-

2267 4361 2476 4417 buissct
2503 4369 2787 4433 augustos.
2830 4361 2900 4414 Hi
2934 4361 3134 4416 bellum
3167 4370 3361 4415 contra
3407 4361 3641 4417 Parthos
3676 4371 3820 4432 gessr

2191 4473 2246 4534 ι)
2270 4463 2420 4522 runt,
2453 4456 2522 4511 ad
2547 4456 2693 4527 quod
2736 4465 2918 4511 tamen
2948 4455 3152 4511 Lucius
3180 4457 3397 4511 Annius
3434 4455 3672 4511 Severus
3699 4468 3818 4523 perr-

2272 4547 2403 4614 exit,
2423 4549 2702 4618 multaque
2716 4557 2770 4603 et
2788 4540 3024 4618 ingentia
3045 4563 3140 4617 per
3161 4563 3221 4602 se
3242 4547 3520 4617 ducesque
3543 4563 3674 4601 suos
3694 4559 3817 4615 pd?

2271 4639 2366 4709 git,
2395 4639 2716 4709 rediensque
2740 4655 2864 4695 cum
2893 4639 3142 4702 victoria,
3167 4639 3234 4692 in
3275 4637 3500 4692 Venetia
3529 4639 3684 4695 obiit.
3707 4646 3821 4687 anno

2270 4729 2483 4800 imperii
2516 4731 2624 4796 11°,
2659 4731 2847 4800 sicque
2879 4730 3094 4785 Marcus
3122 4729 3432 4784 Antoninus
3471 4730 3670 4782 iterum
3702 4724 3818 4779 solui

2259 4820 2559 4896 imperium
2582 4819 2835 4876 obtinuit.

2344 4934 2394 4989 1.
2429 4932 2606 5005 (HIER.
2635 4943 2687 4988 et
2723 4932 2795 4987 H.
2839 4932 2933 5001 m.)
2957 4932 3140 4988 Primo
3175 4933 3343 5004 hujus
3370 4947 3511 4988 anno
3545 4931 3820 5000 Vologeses

2272 5041 2363 5080 rex
2390 5024 2716 5078 Parthorum
2746 5033 2871 5094 post
2891 5010 3174 5079 victoriam
3206 5023 3426 5093 Trajani
3454 5034 3586 5078 tunc
3616 5023 3818 5092 primum

2270 5115 2557 5182 rebellans,
2592 5115 2800 5169 vicinas
2839 5114 2941 5168 sibi
2969 5113 3245 5169 Romanas
3271 5113 3584 5183 provincias
3608 5113 3816 5182 depopu-

2268 5206 2412 5261 latus
2437 5213 2540 5280 (ζει,
2566 5215 2752 5260 contra
2776 5221 2936 5274 quem
2965 5203 3165 5259 Lucius
3189 5204 3401 5260 Annius
3437 5203 3712 5273 profectus
3736 5207 3815 5250 est.

2338 5297 2392 5351 2.
2427 5296 2632 5367 (Ηιειι.)
2666 5297 2730 5350 A.
2759 5295 2820 5350 D.
2850 5296 2971 5351 165.
3001 5295 3170 5352 Lucio
3195 5296 3391 5351 casari
3420 5295 3651 5350 Athenis
3678 5289 3816 5346 sacri-

1893 5469 2122 5524 VARI/13
2167 5467 2571 5525 LECTIONES.

657 5602 729 5676 f“
755 5601 1040 5676 ordinatim
1066 5613 1271 5660 sextus.
1303 5607 1460 5661 sedit.
1495 5607 1547 5659 5.
1590 5615 1779 5661 sextus
1808 5607 2096 5661 ordinatur
2122 5606 2372 5676 seditque
2406 5607 2490 5660 10.
2525 5606 2642 5661 ord.
2683 5607 2797 5662 sed.
2849 5607 2946 5666 ΕΙ.
3045 5609 3114 5642 ⁵⁵⁷

589 5671 629 5725 Ε
659 5673 704 5726 1.
780 5673 850 5706 ⁸⁸⁸
873 5674 948 5726 ita
981 5675 1018 5726 Ε
1048 5677 1095 5729 ’1.
1125 5676 1265 5729 deest
1297 5676 1411 5730 rell.
1492 5677 1558 5707 ⁵⁵⁸

1596 5677 1954 5746 migravitque
1981 5677 2019 5727 E
2052 5679 2100 5730 1.

589 5742 753 5808 iulius
774 5743 974 5798 XXI“.
1004 5749 1338 5800 siimnaehus
1367 5746 1446 5799 10.

1536 5748 1604 5780 5”
1629 5748 1695 5802 ab
1721 5764 1769 5800 ιι.
1806 5747 1990 5799 desunt
2028 5748 2109 5801 9P.

3140 5625 3190 5680 g.
3221 5624 3269 5665 c.
3321 5625 3366 5665 s.
3395 5626 3447 5664 ιι.
3487 5623 3546 5680 a.
3577 5625 3631 5664 v.
3657 5611 3813 5680 dm

2181 5677 2250 5706 "5°
2279 5679 2414 5755 sedit
2449 5693 2546 5745 per
2577 5676 2616 5729 E
2651 5677 2698 5731 1.
2776 5678 2843 5710 ⁸⁶¹
2873 5679 3123 5747 peladion
3145 5676 3255 5734 '15.
3330 5681 3398 5712 ⁸⁸⁸
3436 5679 3613 5747 julius
3661 5680 3708 5734 5.
3743 5678 3808 5730 9(-
