3876 6306
589 387 696 444 687

589 501 733 556 Anni
766 499 973 556 Severi.

661 590 759 666 (Η.
806 609 878 648 m.
921 601 975 648 et
1016 590 1091 647 H.
1128 590 1219 664 Β.)
1253 590 1415 646 Anno
1459 589 1749 647 dominicm
1790 589 2187 646 incarnationis

592 683 718 755 195,
753 685 823 742 ab
848 683 995 742 Urbe
1016 683 1235 742 condita
1251 683 1376 739 946.
1402 681 1637 739 Severus
1664 681 2026 753 Septimus”
2052 681 2185 737 ade-

589 788 717 852 ptus
744 786 829 835 est
863 776 1180 850 imperium,
1223 775 1347 831 17us
1401 776 1470 832 ab
1519 775 1790 848 Angusto,
1831 774 2186 846 regnavitquc

586 863 752 929 annis
782 869 869 939 17,
896 884 1117 926 menses
1145 869 1199 925 5.
1246 867 1353 925 Iste
1376 868 1644 925 oriundus
1679 885 1745 923 ex
1777 866 1983 935 Africa,
2034 867 2187 923 solus

589 960 856 1019 memoria
880 960 1126 1016 omnium
1160 976 1227 1015 ex
1257 959 1441 1016 Africa
1464 960 1763 1031 imperator
1786 958 1908 1015 fuit.
1938 957 2185 1014 Primum

590 1054 712 1111 ﬁsci
739 1053 1037 1131 advocatus
1060 1051 1184 1119 fuit,
1197 1068 1327 1108 mox
1348 1052 1603 1109 militaris
1619 1052 2002 1123 tribunus,per
2014 1051 2185 1107 multa

585 1138 782 1202 deinde
813 1154 867 1201 et
892 1144 1041 1200 varia
1082 1143 1258 1200 oﬁicia
1289 1159 1464 1215 usque
1512 1143 1581 1201 ad
1620 1143 2181 1214 amministrationem

587 1239 758 1313 totius
784 1237 1017 1308 publica;
1039 1236 1119 1312 rei
1141 1237 1422 1309 pervenit;
1441 1246 1493 1292 et
1517 1236 1644 1307 quia
1666 1235 1913 1291 Helvium
1938 1235 2185 1292 Pertina-

587 1347 709 1387 cem
736 1330 885 1387 ultus
913 1337 1000 1386 est
1027 1329 1083 1385 in
1117 1328 1358 1398 Iuliano,
1396 1329 1734 1386 Pertinacem
1765 1346 1824 1386 sc
1851 1329 1958 1385 dici
1991 1329 2181 1390 voluit.

586 1423 734 1479 Bella
752 1422 923 1479 multa
944 1420 1176 1477 feliciter
1198 1422 1330 1494 egit,
1354 1437 1421 1476 cx
1447 1421 1648 1493 quibus
1664 1422 1964 1478 maximum
1990 1421 2045 1476 in
2067 1421 2184 1478 Bri-

589 1494 794 1582 tannia,
832 1516 949 1582 ubi,
973 1524 1034 1571 ut
1063 1526 1308 1588 receptas
1344 1516 1653 1586 provincias
1683 1515 1740 1572 in
1780 1517 2071 1573 securitate
2098 1524 2185 1572 te-

591 1617 745 1665 neret
781 1608 875 1675 ⁸⁷⁸,
902 1607 1106 1663 vallum
1137 1607 1534 1675 ﬁrmissimum,
1570 1609 1777 1665 crebris
1810 1609 2058 1664 turribus
2086 1624 2183 1664 su-

589 1698 908 1772 perpositis,
938 1714 1037 1770 per
1074 1699 1177 1755 152
1207 1699 1355 1755 milia
1389 1716 1651 1771 passuum
1682 1716 1714 1756 a
1753 1701 1892 1756 mari
1924 1701 1993 1756 ad
2032 1716 2184 1757 mare

587 1790 862 1861 perduxit,
896 1790 1081 1863 ibique
1101 1791 1242 1861 apud
1267 1790 1576 1847 Eburacum
1598 1791 1851 1860 moritur,
1883 1801 2030 1847 anno
2058 1792 2184 1848 vitae

587 1896 704 1938 suae
735 1880 849 1949 65°,
879 1880 1092 1953 imperii
1118 1880 1225 1937 18°.
1258 1881 1408 1939 Duos
1422 1883 1564 1939 ﬁlios
1593 1883 1834 1955 reliquit,
1860 1882 2184 1941 Bassianum

586 1982 643 2029 et
681 1972 895 2042 Getam,
949 1974 1044 2030 sed
1078 1974 1213 2051 Geta
1253 1976 1430 2033 hostis
1470 1977 1724 2047 publicus
1763 1976 2042 2048 judicatus
2079 1988 2183 2046 est,

585 2064 911 2122 Bassianum
933 2081 1064 2123 vero
1084 2082 1463 2127 successorem
1484 2068 1725 2139 reliquit,
1745 2070 1834 2125 cui
1859 2086 2058 2125 nomen
2082 2070 2188 2126 An-

586 2157 761 2215 tonini
814 2158 1024 2229 imponi
1067 2159 1258 2215 voluit.
1303 2159 1480 2232 Hujus
1524 2170 1768 2232 tempore
1806 2163 2187 2232 persecutione

586 2249 777 2321 quinta
813 2250 868 2305 in
912 2251 1245 2307 christianos
1292 2251 1459 2319 facta,
1502 2254 1657 2308 multi
1706 2270 1806 2324 pro
1842 2254 1945 2310 ﬁde
1979 2254 2185 2311 Christi

589 2342 841 2399 coronati
884 2351 1037 2411 sunt,
1068 2343 1213 2398 inter
1233 2358 1374 2415 quos
1409 2353 1464 2399 et
1494 2343 1783 2411 Leonides,
1812 2353 1967 2416 pater
1993 2342 2185 2418 Orige-

587 2435 696 2501 nis,
738 2432 1115 2489 martirizatus
1159 2442 1263 2490 est.
1333 2434 1482 2505 (Chr.
1524 2434 1613 2493 W.
1639 2426 1888 2491 —Jono.
1930 2435 2008 2490 De
2041 2453 2084 2491 r.
2111 2436 2182 2508 δ.)

588 2524 703 2584 lloc
742 2533 1007 2598 regnante
1047 2524 1351 2581 Samarites
1394 2526 1616 2598 quidam
1668 2527 2049 2599 Symmachus,
2089 2527 2185 2582 Ju-

584 2620 832 2676 daeorum
856 2617 1035 2675 factus
1055 2619 1369 2690 proselitus,
1386 2620 1516 2675 item
1538 2619 1752 2675 divinas
1779 2619 2090 2692 Scripturas
2118 2636 2184 2676 ex

586 2709 799 2768 llebreo
821 2710 875 2764 in
924 2708 1161 2765 Grecum
1207 2708 1540 2777 transfudit,
1585 2725 1855 2782 suamque
1888 2710 2183 2767 editionem

587 2802 852 2861 condidit.
866 2801 974 2858 Sed
1004 2802 1115 2870 hic,
1132 2811 1193 2858 ut
1214 2802 1269 2858 in
1293 2802 1678 2859 azcclcsiastica
1704 2802 1945 2876 hystoria
1971 2803 2070 2875 (vl,
2095 2804 2183 2876 14)

587 2895 808 2967 legitur,
847 2891 1161 2950 chioneus
1210 2892 1344 2961 fuit,
1387 2909 1512 2964 quae
1544 2902 1629 2949 est
1667 2893 1879 2950 heresis
1931 2909 2185 2950 asserens

587 2988 898 3058 Christum,
917 2988 985 3044 de
1015 2985 1216 3058 Joseph
1244 2995 1298 3041 et
1324 2985 1494 3042 Maria
1525 2997 1734 3056 natum,
1779 3003 1976 3058 purum
2006 2987 2182 3042 homi-

587 3093 713 3133 nem
735 3076 927 3145 fuisse,
949 3086 1003 3132 et
1024 3076 1199 3147 legem
1226 3074 1333 3130 ritu
1357 3075 1671 3131 Iudaeorum
1689 3077 2012 3133 servandam
2039 3093 2179 3134 esse.

586 3168 1031 3225 Commentarios
1058 3168 1226 3223 etiam
1256 3168 1529 3238 quosdam
1561 3168 1705 3224 idem
1739 3169 2086 3241 conscripsit,
2126 3170 2180 3225 in

586 3262 793 3334 quibus
814 3269 1050 3317 conatur
1064 3260 1134 3316 de
1148 3258 1442 3332 Evangelio
1463 3261 1766 3317 secundum
1786 3260 2061 3318 Matheum
2077 3277 2179 3317 au-

587 3354 895 3411 ctoritatem
946 3367 1062 3409 sua:
1113 3352 1370 3409 hereseos
1419 3353 1765 3409 conﬁrmare.
1801 3352 2005 3427 (Ιοιω.)
2051 3353 2183 3411 Post

589 3447 741 3501 hunc
765 3460 915 3501 anno
935 3460 1073 3517 pene
1087 3443 1260 3501 tercio
1274 3443 1578 3500 Theodotio
1591 3443 1852 3502 Ponticus
1876 3446 2003 3503 item
2024 3462 2180 3503 suam

588 3541 647 3596 in
675 3538 869 3596 eodem
890 3552 1056 3610 Opere
1080 3536 1374 3593 editionem
1397 3535 1468 3569 ⁶τ⁹
1495 3537 1642 3593 fecit.

657 3653 713 3708 .1.
757 3649 966 3725 (Πιειι.)
1002 3650 1204 3706 Primo
1229 3665 1376 3706 anno
1401 3666 1505 3707 suo
1537 3651 1771 3709 Severus
1790 3651 2070 3708 lulianum
2098 3652 2182 3709 in-

588 3744 822 3811 terfecit,
851 3758 1020 3814 seque
1050 3741 1392 3799 Pertinacem
1418 3743 1678 3815 appellari
1704 3745 1964 3816 precepit.

650 3856 713 3919 2.
750 3854 816 3911 Δ.
846 3851 912 3910 D.
949 3853 1075 3910 I96.
1093 3853 1345 3911 Clemens
1370 3853 1750 3913 Alexandrinae
1772 3857 2032 3914 ecclesiae
2055 3872 2180 3928 pre-

588 3950 759 4005 sbiter
800 3957 855 4005 et
887 3945 1205 4003 Panthenus
1228 3946 1450 4004 Stoicus
1483 3949 1876 4022 phylosophus,
1908 3950 1965 4004 in
1989 3949 2182 4020 dispu—

586 4040 794 4095 tatione
825 4035 1100 4111 degmatis
1145 4038 1322 4094 nostri
1347 4038 1725 4110 disertissimi,
1763 4042 1943 4098 adhuc
1977 4043 2180 4098 ﬂorue-

591 4138 741 4186 ῙἮΙΙῐ.

654 4243 711 4299 3.
734 4242 801 4300 A.
843 4251 908 4299 ι).
939 4242 1064 4300 197.
1096 4241 1389 4301 Narcissus
1429 4242 1942 4303 Hierosolimitanus
1969 4247 2184 4318 episco-

586 4351 692 4407 pus
723 4343 779 4391 et
805 4333 1157 4408 Theophylus
1192 4338 1573 4407 Caesariensis,
1609 4339 1928 4411 Policarpus
1960 4355 2187 4412 quoque

586 4436 640 4505 et
666 4424 944 4495 Bachilus,
966 4427 1184 4484 Asiana}
1203 4429 1499 4500 provinciae
1522 4431 1786 4502 episcopi,
1815 4430 2059 4504 insignes
2087 4432 2185 4486 ha-

586 4523 806 4581 bentur.

653 4636 709 4692 4.
736 4635 802 4691 A.
841 4633 906 4692 Ι).
937 4635 1061 4692 198.
1096 4636 1266 4708 (BI-20A
1299 4637 1452 4707 Chr.)
1489 4637 1789 4705 Questione
1825 4646 1947 4693 orta
1972 4637 2026 4692 in
2051 4636 2180 4693 Asia

585 4726 730 4782 inter
764 4724 1077 4798 episcopos,
1120 4742 1189 4782 an
1233 4728 1534 4784 secundum
1576 4728 1749 4801 legem
1784 4727 1957 4802 Moysi
1990 4728 2057 4784 14
2092 4728 2181 4795 die

583 4817 793 4875 mensis
813 4818 976 4890 primi
996 4821 1200 4891 pascha
1222 4820 1610 4877 celebrandum
1625 4828 1789 4897 esset,
1807 4819 1996 4878 Victor
2016 4836 2176 4893 papa,

585 4910 730 4969 datis
751 4910 859 4969 late
885 4912 1106 4982 libellis,
1129 4914 1433 4983 constituit,
1457 4915 1544 4972 die
1559 4916 1831 4973 dominica
1858 4917 2062 4987 pascha
2084 4932 2176 4973 ce-

537 5005 543 5011 ’
586 5002 806 5071 lebrari,
834 5004 978 5061 sicut
1000 5015 1056 5062 et
1087 5007 1442 5078 predecessor
1466 5008 1589 5080 ejus
1618 5003 1988 5077 Eleutherius,
2020 5025 2052 5065 a
2088 5010 2174 5064 14.

586 5096 717 5151 luna
743 5097 905 5166 primi
937 5100 1145 5156 mensis
1164 5114 1342 5172 usque
1367 5101 1423 5156 in
1450 5101 1765 5158 vicesimam
1788 5101 2042 5172 primam.
2069 5101 2177 5158 (Ζιι-Δ

581 5186 677 5257 jus
709 5186 944 5245 decretis
980 5188 1170 5248 favens
1210 5189 1583 5265 Theophylus,
1610 5191 1863 5249 Caesaries
1894 5191 2179 5250 Palestina:

585 5277 896 5349 episcopus,
920 5295 1047 5338 cum
1076 5283 1276 5340 ceteris
1301 5284 1595 5355 episcopis,
1625 5285 1719 5357 qui
1745 5285 1798 5340 in
1827 5285 2016 5343 eodem
2044 5303 2177 5344 con-

586 5369 716 5426 cilio
747 5378 925 5438 erant,
961 5372 1182 5444 scripsit
1212 5375 1527 5446 synodicam
1563 5376 1849 5447 epistolam
1886 5378 2040 5434 valde
2063 5379 2175 5435 uti-

1692 380 2087 438 EKKEIIARDI
2129 378 2598 437 URAUGIENSIS

3724 387 3792 443 me

2214 499 2257 554 A
2286 495 2391 550 lem
2424 495 2688 551 adversus
2711 493 2779 525 "°
2808 507 2903 549 eos
2924 492 3019 564 qui
3046 508 3173 549 cum
3196 491 3398 549 Iudaeis
3419 492 3610 564 pascha
3627 494 3791 552 celem.

2289 588 2421 643 bant
2452 588 2543 642 ⁸⁸¹.

2356 680 2410 735 6.
2438 679 2590 751 (Chr.
2628 679 2742 752 ιν.)
2778 679 2841 735 A.
2877 679 2940 735 Ι).
2978 679 3359 736 ducentesimo
3387 677 3616 735 chcﬂts
3636 678 3795 736 Parthus

2286 779 2341 825 ct
2362 770 2572 826 Arabas
2594 781 2836 842 srrperat.

2314 928 2317 931 η
2357 864 2411 918 9.
2442 863 2507 916 A.
2531 862 2612 939 D.,
2635 863 2761 918 205.
2790 863 3129 935 Zepherinus
3150 863 3220 895 ⁸⁸⁸
3251 878 3388 934 papa
3427 862 3554 916 1i“
3576 864 3794 922 ordinatur.

2287 953 2593 1026 sedensque
2635 955 2797 1010 annis
2838 955 2924 1024 18,
2977 955 3233 1027 migravit
3278 954 3310 1008 7
3356 952 3583 1008 Kalend.
3625 953 3795 1026 Septem-

2287 1049 2423 1104 bris.

2359 1140 2444 1195 10.
2479 1142 2545 1196 A.
2581 1140 2644 1197 D.
2670 1141 2797 1197 201.
2827 1141 3141 1198 Persecutio
3163 1140 3355 1212 quinta
3383 1138 3529 1196 facta
3549 1150 3625 1196 est
3650 1139 3692 1195 in
3707 1140 3799 1194 diri.

2286 1233 2520 1301 stianos,
2545 1233 2600 1287 in
2637 1249 2745 1304 qua
2767 1234 2840 1265 ⁸⁸³
2864 1234 3004 1288 inter
3030 1233 3235 1289 multos
3256 1233 3394 1288 alios
3419 1230 3683 1296 Leonides,
3700 1242 3799 1300 pata

2285 1324 2555 1397 Origenis,
2572 1342 2771 1396 passus
2793 1336 2878 1381 est
2898 1342 2998 1397 pro
3020 1325 3275 1395 Christo;
3302 1324 3455 1396 (Eos.
3484 1322 3559 1378 ΙΙ.
3584 1341 3645 1389 e.,
3671 1340 3726 1376 vi.
3750 1324 3799 1376 5.:

2286 1416 2402 1488 ipse
2436 1435 2567 1473 vero
2599 1416 2863 1489 Origenes
2900 1428 3155 1473 octavum
3190 1417 3465 1473 decimum
3501 1432 3655 1487 agens
3687 1418 3800 1469 atatis

2285 1526 2514 1578 annum,
2539 1510 2593 1566 in
2612 1511 2909 1582 multisque
2939 1510 3253 1581 proﬁciens,
3276 1509 3676 1581 grammaticam
3696 1509 3803 1562 etiam

2285 1605 2511 1676 gentiles
2555 1605 2805 1672 docebat,
2850 1605 3163 1675 multosque
3196 1603 3263 1659 ad
3306 1603 3471 1658 ﬁdem
3517 1602 3802 1665 converteln,

2284 1697 2428 1752 inter
2460 1713 2600 1769 quos
2644 1696 2998 1752 Plutarchum
3047 1706 3104 1752 et
3147 1696 3370 1752 fratrem
3418 1695 3545 1766 ejus
3580 1693 3803 1749 lleraclam.

2285 1807 2520 1862 quorum
2543 1790 2874 1847 Plutarchus
2895 1792 3061 1847 etiam
3095 1790 3330 1845 martirii
3359 1791 3597 1861 palmam
3618 1804 3805 1844 conseru-

2290 1892 2378 1938 tus
2408 1891 2511 1951 est,
2552 1882 2809 1940 Hcraclas
2842 1899 2973 1939 vero
3009 1892 3133 1954 post
3174 1882 3517 1940 Demetrium
3553 1882 3807 1938 Alexandri:

2287 1976 2533 2047 prclatns
2560 1985 2663 2032 est.
3001 1986 3005 1990 '

2361 2068 2447 2123 11.
2493 2066 2700 2140 (Πιεη.)
2727 2069 2792 2123 A.
2828 2067 2890 2122 D.
2923 2068 3048 2124 205.
3068 2067 3375 2123 Aiexander
3393 2067 3467 2122 ob
3487 2065 3809 2122 confessione:

2286 2158 2493 2216 Christi
2523 2162 2706 2216 clarus
2732 2161 2984 2216 habetur.

2360 2252 2447 2307 15.
2475 2252 2624 2324 (Chr.
2654 2251 2768 2324 W.)
2798 2252 2861 2307 A.
2891 2252 2955 2307 D.
2982 2251 3108 2307 207.
3142 2250 3415 2323 Perpetua
3437 2261 3494 2307 et
3522 2251 3738 2307 Felicitas
3752 2250 3812 2303 le-

2288 2345 2411 2401 stiis
2435 2343 2769 2415 deputantur
2803 2344 3107 2416 Kartagini.

2359 2437 2446 2491 15.
2475 2434 2682 2509 (lin-3n.)
2732 2436 2798 2492 A.
2833 2436 2895 2492 D.
2921 2436 3048 2493 209.
3083 2435 3322 2492 Severus
3346 2437 3557 2492 bellum
3583 2436 3633 2490 in
3660 2433 3811 2488 Britan—

2287 2544 2389 2584 nos
2418 2529 2489 2562 m
2513 2527 2795 2584 transfert.

2360 2621 2448 2676 16.
2476 2621 2540 2676 A.
2574 2620 2638 2678 D.
2676 2622 2803 2676 210.
2835 2620 3209 2679 Tertullianus
3231 2622 3487 2678 omnium
3528 2639 3619 2677 ore
3638 2620 3815 2676 celebra-

2286 2723 2397 2769 tur.

2359 2804 2445 2860 17.
2472 2804 2536 2861 A.
2568 2805 2631 2860 1).
2661 2805 2785 2861 211.
2811 2804 3076 2878 Origenes
3100 2805 3451 2862 Alexandriae
3470 2805 3667 2863 studet.

2359 2895 2444 2950 18.
2471 2896 2535 2952 A.
2562 2895 2623 2951 D.
2655 2897 2779 2952 212.
2816 2898 3050 2954 Severus
3084 2898 3153 2930 ⁸⁸⁸
3175 2897 3416 2954 Eburaci
3450 2896 3819 2955 moriturinllr‘r

2288 2986 2501 3040 tannia.

2285 3078 2429 3132 Anni
2450 3077 2717 3133 Antonini
2745 3079 3064 3136 Caracallm.

2359 3168 2455 3242 (Η.
2482 3171 2576 3242 m.)
2597 3171 2757 3226 Anno
2778 3172 3069 3228 dominicae
3110 3180 3494 3229 ncarnattoms
3514 3175 3635 3237 215.
3650 3173 3707 3228 ab
3722 3170 3818 3226 [rit

2285 3263 2506 3318 condita
2537 3261 2662 3319 965.
2680 3263 2898 3321 Marcus
2918 3265 3231 3321 Antoninus
3254 3264 3564 3321 Bassianus
3582 3265 3822 3320 Caracalb.

2284 3354 2431 3411 ﬁlius
2479 3353 2687 3421 Severi,
2736 3356 2860 3411 180'l
2905 3357 2976 3411 ab
3017 3357 3289 3429 Angusto,
3337 3359 3611 3414 successit
3650 3354 3819 3429 patriin

2284 3446 2597 3518 imperium,
2624 3448 2982 3520 regnavitquc
2994 3449 3156 3504 annis
3170 3464 3268 3506 sex
3289 3464 3623 3522 mensesque
3636 3449 3822 3504 “‘dnoé.
3848 3484 3849 3489 η

2284 3536 2383 3595 Hic
2411 3539 2710 3597 Bassianus
2747 3558 2777 3596 a
2808 3542 3034 3597 nomine
3073 3542 3161 3597 avi
3190 3542 3428 3598 materni
3460 3544 3659 3610 dictus,
3682 3548 3820 3610 γένεια

2282 3632 2454 3702 patris
2480 3649 2511 3688 τι
2534 3643 2725 3689 senatu
2752 3634 3058 3705 appellatus
3090 3644 3174 3690 cst
3204 3635 3547 3692 Antoninus.
3592 3637 3733 3707 (Ars.
3766 3630 3821 3682 Η

2283 3722 2351 3778 Et
2383 3724 2512 3795 quia
2541 3724 2809 3795 plurimas
2849 3736 3029 3782 vestes
3065 3742 3096 3781 c
3136 3726 3313 3782 Gallia
3368 3728 3643 3793 deferens,
3681 3726 3849 3797 talarvs1

2283 3815 2587 3871 caracallas
2616 3831 2682 3871 ex
2706 3816 2792 3871 his
2822 3817 2891 3848 ³⁸⁸⁷
2924 3816 3072 3884 fecit,
3115 3819 3498 3889 populumque
3529 3820 3616 3874 his
3643 3815 3825 3873 vestias

2285 3908 2536 3964 indutum
2579 3910 2647 3966 ad
2684 3910 3032 3965 salutandum
3067 3926 3128 3967 se
3158 3911 3374 3983 ingredi
3408 3913 3669 3984 precepit,
3704 3908 3827 3963 Carr

2283 4000 2806 4073 callaanuncupatus
2838 4010 2942 4058 est.
2975 4000 3072 4074 (ΙΙ.
3101 4002 3199 4076 m.)
3230 4001 3335 4060 l-lic
3373 4020 3598 4061 morum
3637 4002 3734 4058 fere
3762 4015 3849 4069 με

2286 4100 2567 4149 ternorum
2610 4094 2774 4164 paulo
2820 4093 2924 4150 fuit
2962 4095 3213 4168 asperior
3250 4105 3307 4151 et
3335 4098 3552 4164 minax,
3596 4082 3849 4166 impetus

2216 1855 2262 1909 B

2213 3198 2254 3257 C

2286 4182 2389 4240 fuit
2435 4185 2701 4251 libidinis,
2732 4186 2787 4241 in
2819 4195 3030 4242 tantum
3061 4199 3125 4242 ut
3160 4202 3458 4245 novercam
3490 4204 3648 4244 suam
3677 4184 3849 4239 Julian

2284 4277 2532 4335 duxisset
2562 4294 2810 4333 uxorem.
2844 4277 2977 4346 Hic,
3029 4290 3330 4352 conspecto
3374 4279 3561 4353 Magni
3592 4260 3849 4335 Μειλιὼὶἰ

2285 4384 2534 4441 corpore,
2565 4368 2820 4441 Magnum
2845 4387 2905 4426 sc
2928 4380 3093 4442 atque
3112 4371 3490 4429 Alexande
3504 4372 3673 4444 jussit
3694 4364 3825 4440 anti-
3848 4378 3849 4381 “

2286 4466 2409 4535 lari,
2456 4466 2798 4521 adulantium
2855 4465 3088 4523 fallaciis
3131 4482 3200 4523 eo
3252 4467 3588 4539 perductus,
3630 4476 3685 4520 ut
3726 4460 3825 4516 tnui

2214 4548 2259 4604 1)
2284 4556 2462 4614 fronte
2474 4567 2529 4615 et
2552 4558 2621 4613 ad
2650 4558 2848 4614 laevum
2870 4559 3162 4615 humerum
3186 4576 3451 4617 conversa
3468 4560 3698 4625 cervice,
3720 4553 3825 4625 qm!

2285 4650 2343 4707 in
2375 4666 2471 4707 ore
2498 4649 2797 4707 Alexandri
2832 4659 3139 4720 notaverat,
3173 4652 3455 4721 incedens,
3487 4652 3652 4708 ﬁdem
3693 4647 3826 4703 vultis

2283 4742 2550 4799 simillimi
2571 4743 2925 4814 persuaderet
2955 4744 3078 4800 sibi.
3108 4744 3162 4801 Is
3182 4745 3474 4802 adversum
3502 4745 3725 4800 Parthos
3744 4754 3825 4795 utr

2278 4835 2421 4893 liens
2445 4837 2870 4908 expeditionem,
2907 4839 3051 4910 apud
3090 4837 3173 4895 Ed
3194 4856 3349 4895 ssam
3375 4840 3637 4895 secedens
3665 4836 3722 4891 ad
3745 4831 3827 4885 ηερ

2280 4926 2366 4981 cia
2398 4927 2688 4995 naturalia,
2716 4943 2748 4982 a
2791 4927 2984 4996 milite,
3026 4929 3119 5001 qui
3152 4931 3313 5001 quasi
3345 4931 3412 4986 ad
3446 4928 3739 4986 custodiam
3764 4936 3825 4977 sf“

2281 5018 2571 5089 qnebatur,
2600 5017 2922 5077 interfectus
2949 5031 3052 5089 est,
3089 5037 3237 5078 anno
3263 5022 3442 5078 aetatis
3465 5038 3587 5078 sum
3614 5021 3679 5054 ⁸⁸⁸
3704 5018 3775 5073 u.

2355 5111 2406 5164 1.
2442 5109 2651 5184 (Ηιειι.)
2689 5110 2876 5168 Primo
2904 5113 3074 5183 hujus
3103 5129 3251 5169 anno
3289 5114 3638 5185 Asclepiades
3660 5110 3825 5182 ᾤεθ-

2279 5216 2397 5273 pus.
2414 5218 2595 5259 nonus
2620 5204 2925 5261 Antiochiae
2953 5206 3260 5262 ordinatur.

2351 5295 2406 5351 2.
2441 5295 2593 5367 (Eos.
2630 5294 2704 5351 Η.
2736 5314 2808 5365 e.,
2839 5314 2915 5365 vr,
2945 5299 3022 5369 7.)
3052 5298 3120 5354 Α.
3158 5299 3224 5354 Ι).
3252 5301 3381 5356 214.
3420 5299 3716 5355 Alexanda'
3740 5291 3824 5363 qi-

2279 5400 2481 5457 scopus
2506 5386 2827 5457 Capadocia:
2840 5404 2965 5445 cum
2989 5389 3239 5446 locorum
3267 5399 3585 5447 sanctorum
3605 5384 3825 5444 desiderii

1872 5514 2107 5571 VARIIE
2148 5516 2560 5578 LECTIONES.

657 5599 1046 5689 fieri?!“
1069 5601 1142 5689 is
1160 5601 1512 5689 5:5.FP‘i‘EE‘F
1537 5619 1675 5689 ερντ·
1704 5604 1991 5689 Septimius
2025 5606 2069 5689 ιξ
2105 5609 2158 5689 .1-
2190 5610 2456 5689 seminus
2488 5628 2626 5689 w_rr_-
2677 5615 2971 5689 senarius
3001 5616 3120 5689 ιιι.-
3260 5605 3561 5689 possidet»:
3582 5618 3637 5673 ε.
3782 5610 3821 5659 in

588 5668 1000 5760 editionem‘ilg.‘
1037 5757 1052 5760 Α
1066 5668 1342 5760 f‘fadjgf.
1423 5676 1490 5707 ’δι
1512 5668 1790 5760 celebrant
1814 5692 1951 5760 corr.
1970 5668 2336 5760 celebrabant
2356 5683 2426 5760 _9c
2476 5668 2758 5760 celebrant
2786 5668 3050 5760 16:11.:
3073 5668 3150 5760 ’⁸1³³
3176 5668 3635 5760 ιριίῗῖξιῖῖῐῖιξξέίί⁷
3660 5687 3723 5718 ³¹³
3742 5695 3821 5753 qui

590 5738 830 5822 Leonide
852 5750 1006 5822 patre
1028 5757 1110 5797 or.
1136 5750 1197 5822 ut
1216 5743 1534 5822 dictum_est_
1553 5761 1790 5822 [ηις-ξολ).
1818 5748 1937 5822 chr.
1969 5748 2083 5822 ipse
2113 5750 2249 5822 orig.
2282 5750 2321 5803 E
2353 5753 2397 5805 1.
2477 5753 2547 5785 ⁸⁸⁵
2568 5738 2852 5811 britannos
2869 5738 3003 5813 74:6:
3035 5738 3497 5815 britannrios—flg."
3625 5777 3669 5812 s.
3694 5738 3819 5822 ςέυο

592 5812 734 5867 inim.
757 5813 810 5868 5.

886 5813 957 5845 ⁵⁸³
987 5814 1376 5882 mensibusquc
1409 5813 1624 5870 duobus
1649 5815 1690 5869 E
1719 5813 1764 5870 1⁷.
1844 5818 1912 5850 ⁵⁸⁷
1936 5813 2003 5872 cx
2036 5820 2090 5872 h.
2119 5813 2322 5876 (1059".

2400 5822 2470 5854 ⁸⁸³
2498 5824 2639 5878 dces!
2669 5825 2709 5879 E
2740 5827 2787 5881 1.
