3876 6306
110 313 183 369 689
634 312 639 321 ’
938 309 1307 368 CHRONICA.
1348 340 1419 351 —-
1455 308 1849 368 CHRONICON
1890 310 2366 372 UNIVERSALE..

3186 320 3326 377 σθω,

109 416 444 479 “ierosolimam
468 417 728 486 tenderet,
751 418 968 476 vivente
1005 394 1181 478 adhuc
1204 398 1462 479 Narcisso
1494 423 1610 493 epi«
1637 427 1683 483 A
1709 427 1926 496 assequi
1955 428 2195 484 nondum
2224 438 2458 500 poterat,
2491 430 2544 485 in
2574 447 2630 486 se
2653 432 3009 500 transferens,
3040 435 3291 492 muliebri

107 527 229 582 scopo
244 509 458 580 ejusdem
487 506 637 564 urbis
660 508 804 563 50M
824 551 839 577 ,
868 512 1158 581 persenilis
1184 513 1361 569 :etatis
1384 513 1522 581 viro,
1552 521 1605 567 et

108 606 189 674 ipse
206 602 265 656 ibi
302 600 563 680 ordinatus
587 609 671 656 est
694 602 1005 674 episcopus,
1030 603 1263 661 Domino
1294 615 1352 662 ut
1375 606 1428 662 id
1453 607 1608 663 fleret

105 710 173 764 [ur
190 691 526 748 revelationem
559 693 912 763 precipiente.
954 693 1053 751 Hic
1095 696 1278 767 itaque
1315 696 1605 754 Narcissus

105 783 214 838 mirae
232 780 502 838 sanctitatis
530 780 615 836 vir
637 780 761 849 fuit,
795 783 890 854 qui
914 785 1058 841 inter
1077 786 1314 857 plurima
1339 789 1603 845 virtutum

103 874 278 945 insignia
302 874 350 929 in
371 872 562 945 vigiliis
585 876 823 946 paschae,
855 893 981 932 cum
1020 879 1202 935 oleum
1241 880 1606 937 luminaribus

100 966 274 1031 deesset,
320 980 503 1037 aquam
549 965 763 1023 infundi
820 968 1007 1038 jussit,
1054 987 1221 1042 quam
1280 973 1607 1029 benedicens

98 1060 234 1114 oleum
253 1058 380 1116 fecit.
408 1058 598 1118 Postea
623 1078 654 1117 a
677 1063 1007 1133 quibusdam
1037 1066 1179 1121 male
1214 1066 1320 1123 sibi
1346 1067 1603 1135 consciis,

98 1169 187 1206 cum
203 1152 437 1222 judicium
455 1155 576 1226 ejus
605 1155 1016 1227 formidassent,
1042 1160 1208 1215 noxio
1235 1161 1475 1231 quodam
1496 1162 1605 1217 cri-

98 1242 203 1298 mine
229 1240 497 1302 infamatus
526 1254 645 1314 est;
695 1263 931 1319 quorum
967 1265 1110 1306 unus
1139 1251 1214 1306 ita
1248 1259 1310 1307 ut
1340 1267 1452 1308 non
1494 1252 1605 1325 igni

96 1349 454 1405 consumeretur,
495 1355 622 1396 vera
663 1357 722 1397 se
776 1342 957 1399 dicere
990 1346 1313 1413 testabatur,
1357 1347 1498 1402 alius
1537 1363 1608 1403 ne

96 1429 241 1485 morbo
275 1431 409 1502 regio
444 1443 910 1505 corrumperetur,
948 1436 1154 1493 tercius
1197 1453 1267 1494 ne
1306 1438 1607 1494 luminibus

96 1520 353 1588 privaretur.
380 1521 444 1577 Et
467 1526 721 1594 quamvis
747 1527 949 1595 nullus,
974 1529 1067 1599 qui
1098 1528 1267 1583 vitam
1295 1529 1416 1601 ejus
1439 1543 1607 1585 nove-

96 1618 169 1675 rat,
195 1610 284 1665 illis
312 1610 428 1667 licet
449 1612 763 1684 jurantibus
789 1617 1055 1686 crederet,
1090 1618 1180 1675 ille
1214 1628 1397 1676 tamen
1436 1620 1607 1676 mole-

95 1700 192 1755 stias
217 1717 308 1758 non
327 1703 497 1762 ferens
519 1716 579 1762 et
598 1708 668 1742 ⁸⁸³
700 1709 940 1779 quietam
975 1711 1142 1766 vitam
1184 1713 1437 1784 diligens,
1476 1713 1606 1769 sub-

1706 517 1928 573 nomine
1949 517 2238 576 Basianam
2267 537 2326 577 se
2348 538 2448 594 pro
2473 522 2706 580 Basiauo
2732 525 2802 557 ⁸⁹³
2822 526 2991 597 jussit
3008 527 3301 598 appellari,

1705 604 1978 663 Vestalem
2013 610 2279 683 virginem
2322 613 2596 684 quandam
2641 615 2802 684 quasi
2855 615 2909 671 iu
2940 617 3292 679 matrimonio

1700 700 1937 773 jungens
1961 702 2083 771 sibi,
2133 705 2471 778 abscisisque
2510 708 2860 779 genitalibus,
2893 707 3049 765 Matri
3084 709 3292 782 Magna:

1706 806 1766 847 se
1794 794 2154 850 consecravit.
2188 794 2288 853 llic
2334 795 2648 853 Marcellum
2688 799 3079 856 consobrinum
3105 816 3305 867 suum,.

1705 884 1799 955 qui
1825 894 2012 947 postea
2042 887 2348 945 Alexander
2372 890 2550 946 dictus
2576 901 2678 955 est,
2705 882 2964 948 czesarem
2991 890 3136 948 fecit.
3161 891 3293 948 Post
3391 939 3409 952 .

1704 977 2001 1033 triennium
2024 994 2155 1035 vero
2201 988 2255 1035 et
2277 971 2553 1039 menses'8
2579 999 2644 1039 ex
2679 1000 2789 1054 quo
2839 972 3066 1056 regnare
3104 984 3289 1054 coepit,

1707 1066 1895 1125 Romae
1934 1071 2171 1126 tumultu
2202 1072 2426 1129 militari
2467 1056 2591 1130 cum
2639 1084 2810 1131 matre
2838 1092 2937 1133 sua
2972 1062 3305 1135 interfeétus

1705 1170 1808 1229 est,
1849 1178 1995 1217 anno
2040 1162 2217 1220 a:tatis
2253 1165 2321 1198 ⁸9⁸
2354 1165 2436 1233 l6,
2479 1183 2794 1245 corpusque.
2828 1168 2948 1239 ejus
2988 1184 3085 1239 per
3126 1166 3292 1224 Urbis

1706 1254 1823 1312 vias
1851 1271 2004 1314 more
2045 1257 2229 1312 canini
2273 1260 2557 1315 cadaveris
2587 1252 2818 1316 tractum
2846 1269 2931 1316 est
2951 1277 2982 1316 a
3005 1261 3317 1329 militibus,.

1706 1348 1903 1403 cavillo
1951 1348 2175 1404 militari
2206 1350 2607 1421 appellantibus
2649 1368 2773 1407 eum
2820 1351 3096 1407 indomitae
3146 1352 3293 1408 rabi-

1706 1436 1897 1507 daeque
1919 1436 2162 1494 libidinis
2191 1440 2449 1495 catulam.
2478 1438 2692 1511 (Βευλ.)
2735 1438 3054 1512 llyppolitus
3076 1441 3291 1512 episeo-

1706 1544 1832 1598 pus,
1890 1530 2188 1586 multorum
2247 1532 2499 1589 conditor
2555 1533 2970 1604 opusculorum,
3024 1548 3312 1589 eanonem.

1708 1628 2015 1691 temporum
2064 1638 2226 1692 quem
2278 1624 2499 1693 scripsit
2550 1624 2833 1695 hucusque
2883 1623 3156 1694 perduxit,
3198 1622 3295 1693 qui

1705 1711 1870 1766 etiam
1929 1712 2338 1769 sedecennalem
2397 1715 2615 1784 paschae
2674 1710 2941 1770 circulum
2995 1715 3322 1786 reperiensk

95 1791 275 1864 Ierfugit,
301 1796 422 1851 etin
456 1801 844 1857 secretioribus
881 1802 1016 1860 locis
1053 1820 1149 1875 per
1174 1821 1351 1860 annos
1373 1803 1604 1861 delituit.
1641 1803 1683 1858 B
1709 1800 1965 1871 Eusebio,
1996 1803 2089 1874 qui
2118 1802 2648 1860 deeennovennalem
2689 1803 3018 1876 composuit,
3046 1802 3291 1860 occasio-

91 1880 256 1942 Primus
286 1897 451 1944 autem
494 1890 586 1946 ille
622 1893 797 1962 testis,
836 1909 905 1950 ex
934 1912 1116 1973 parva
1143 1898 1381 1953 scintilla
1449 1905 1608 1953 nocte

90 1973 212 2032 domo
235 1995 319 2035 sua
348 1976 625 2050 succensa,
650 1999 777 2039 cum
804 1970 957 2042 omni
982 1970 1189 2047 familia
1216 1989 1327 2063 igni
1348 2005 1609 2046 consum-

88 2076 282 2138 ptusest,
304 2068 436 2129 alius
454 2075 608 2147 regio
633 2078 827 2132 morbo
854 2095 883 2133 a
909 2080 1044 2149 pede
1060 2097 1235 2153 usque
1257 2083 1323 2137 ad
1350 2082 1606 2138 verticem

87 2170 318 2230 comptus
338 2172 436 2230 est,
461 2164 665 2221 tercius
689 2167 936 2237 priorum
963 2185 1194 2227 cernens
1228 2172 1459 2239 exitum,
1486 2182 1609 2228 tan-

83 2248 172 2304 dem
192 2252 449 2311 confessus
473 2264 563 2313 est
588 2268 803 2313 reatum
831 2275 1014 2326 suum,
1037 2269 1093 2316 et
1121 2276 1190 2317 eo
1212 2278 1388 2334 usque
1410 2265 1608 2334 persti-

86 2338 130 2394 tit
158 2341 202 2396 in
226 2342 422 2403 fletibus
461 2347 778 2420 [quousque
804 2351 874 2383 ⁸⁹⁶
906 2352 1207 2409 luminibus
1253 2355 1604 2427 privaretur].

83 2428 314 2494 Narcissus
352 2455 479 2497 vero
518 2457 648 2497 cum
687 2458 798 2498 non
840 2444 1196 2514 inveniretur,
1236 2447 1608 2503 necessarium

84 2523 219 2581 visum
242 2539 317 2585 est
333 2520 625 2604 episcopis,
653 2543 713 2589 ut
733 2535 1055 2592 ordinarent
1082 2553 1183 2607 pro
1204 2554 1270 2593 eo
1305 2539 1496 2605 alium,
1520 2538 1609 2594 cui

82 2633 234 2675 nomen
251 2621 402 2692 Dius;
429 2627 519 2681 cui
539 2635 662 2696 post
689 2642 919 2701 parvum
944 2636 1161 2698 tempus
1188 2629 1456 2684 successit
1475 2628 1610 2684 Ger-

81 2709 250 2777 manic,
284 2722 333 2769 et
371 2714 497 2773 huic
536 2716 795 2773 Gordius.
832 2716 981 2789 (Eos.
1028 2718 1100 2773 Η.
1142 2736 1188 2774 e.
1226 2736 1302 2787 vt,
1344 2720 1423 2792 8.)
1469 2720 1606 2776 Cum

78 2814 171 2856 ecce
191 2804 350 2861 subito
378 2807 542 2878 quasi
565 2808 838 2864 redivivus
863 2810 1117 2880 apparuit
1138 2808 1450 2878 Narcissus,
1488 2828 1610 2868 rur-

78 2904 237 2961 susque
265 2906 447 2968 rogatu
478 2898 713 2955 fratrum
756 2899 877 2956 loco
917 2916 1019 2957 suo
1047 2910 1131 2956 est
1171 2903 1486 2971 restitutus;
1520 2904 1609 2960 cui

72 2978 155 3046 iam
185 2995 378 3043 centum
407 2994 462 3045 et
493 2990 736 3047 sedecim
774 2976 1046 3047 annorum
1088 2992 1394 3048 Alexander
1426 2994 1611 3050 divino

76 3072 240 3127 monitu
270 3077 387 3133 vivo
411 3079 710 3147 successit,
741 3086 798 3136 et
823 3095 948 3136 eum
975 3096 1040 3137 eo
1064 3081 1366 3138 :ecclesiam
1390 3091 1611 3138 strenue

74 3162 194 3218 rexit.

126 3252 163 3306 7.
192 3255 348 3325 (Juno.
382 3260 458 3319 De
486 3280 536 3317 r.
569 3264 641 3335 ε.)
670 3264 736 3318 A.
769 3261 831 3318 D.
863 3263 989 3320 2l9.
1020 3263 1200 3320 Editio
1230 3280 1397 3335 quam
1423 3266 1604 3321 nomi-

73 3358 225 3404 namus
249 3352 488 3422 quintam
516 3353 897 3413 Hierosolimis
917 3364 1003 3412 est
1033 3357 1275 3412 inventa.

124 3436 202 3503 (Η.
240 3447 330 3513 m.)
374 3445 540 3501 Anno
581 3446 870 3503 dominicae
916 3448 1311 3505 incarnationis
1358 3448 1485 3515 220,
1539 3449 1608 3504 ab

73 3522 182 3583 Utile
207 3535 409 3591 condita
440 3537 571 3592 971.
610 3536 820 3608 Opilius
859 3537 1156 3608 Macrinus,
1194 3540 1291 3610 qui
1335 3539 1609 3611 prefectus

68 3628 159 3674 erat
177 3627 377 3691 pretorii
402 3629 535 3684 l9“
567 3630 637 3685 ab
656 3631 924 3701 Augusto,
952 3630 1249 3701 imperator
1274 3632 1505 3687 edicitur
1540 3633 1609 3688 ab

68 3714 266 3771 exercitu
321 3734 445 3776 cum
506 3720 850 3778 Diadumene
906 3722 1017 3777 tilio
1071 3738 1194 3789 suo,
1264 3739 1609 3795 regnausquc

68 3816 233 3861 annum
276 3824 443 3867 unum
472 3821 532 3868 et
576 3829 793 3869 menses
824 3814 985 3881 duos,
1020 3814 1089 3869 ab
1141 3816 1331 3870 eodem
1364 3816 1607 3871 exercitu

67 3895 179 3964 apud
207 3898 583 3960 Archelaidem
641 3906 945 3961 tumulante
990 3906 1258 3961 occiditur
1305 3922 1431 3961 cum
1474 3907 1603 3961 lilio.

67 3984 234 4062 illum)
266 3993 576 4054 Antiochia:
604 3997 887 4053 ordinatur
910 3996 1155 4053 Philetus
1195 3997 1487 4069 episcopus
1515 4000 1608 4054 de-

67 4094 222 4139 Willis.

67 4169 176 4228 Anni
196 4176 413 4236 Aurelii.

117 4264 219 4334 (Η.
246 4287 314 4326 m.
358 4282 415 4328 et
448 4272 527 4329 Η.
560 4273 651 4344 R.)
692 4274 852 4330 Anno
886 4275 1176 4332 dominicte
1216 4274 1611 4345 incarnationis

1710 1910 1835 1950 nem
1865 1894 2032 1951 dedit.

1780 1987 1831 2041 1.
1864 1984 2051 2043 Primo
2078 1988 2286 2043 Aurelii
2325 2004 2471 2045 anno
2509 1987 2748 2044 Calistus
2785 2004 2923 2059 papa
2971 1987 3098 2044 15‘"
3149 1987 3295 2042 ordi-

1709 2085 1891 2145 natus,
1923 2077 2063 2134 sedit
2097 2079 2257 2134 annis
2294 2078 2556 2149 quinque,
2592 2093 2899 2149 passusque
2925 2086 3012 2133 est
3040 2077 3145 2132 sub
3165 2077 3294 2131 Ale-

1710 2167 1919 2223 xandro
1961 2167 2291 2238 imperatore
2324 2168 2359 2222 2
2398 2166 2523 2224 ldus
2560 2165 2813 2223 Octobris
2866 2166 2961 2238 (cf.
3009 2165 3135 2222 Chr.
3177 2164 3319 2232 W.),

1778 2261 1831 2315 5.
1862 2259 2067 2331 (llum)
2090 2259 2154 2314 A.
2175 2261 2236 2316 Ι).
2256 2261 2381 2316 225.
2406 2259 2703 2332 Nicopolis,
2723 2276 2845 2332 qua:
2856 2261 3011 2332 prius
3033 2259 3325 2317 Emmaus-

1707 2352 2025 2419 vocabatur,
2053 2352 2269 2407 condita
2293 2361 2398 2419 est,
2428 2352 2715 2425 legationis
2753 2352 3078 2408 industriam
3107 2367 3205 2423 pro
3230 2367 3294 2408 ea

1708 2443 2037 2514 suscipiente
2059 2444 2319 2499 Africano
2345 2453 2655 2515 temporum
2684 2446 2970 2517 scriptore.
3036 2464 3037 2467 η

1779 2534 1832 2588 4.
1865 2533 2013 2604 (Chr.
2046 2533 2160 2603 W.)
2187 2534 2249 2587 A.
2279 2532 2341 2588 Ι).
2367 2532 2491 2589 221.
2529 2535 2785 2591 Aurelius
2809 2534 3031 2591 militari
3059 2537 3293 2592 tumultu

1708 2623 1996 2679 occiditur.
2938 2630 2941 2633 “
3128 2624 3132 2629 ’

1708 2715 1850 2769 Anni
1880 2715 2190 2770 Alexandri.

1781 2806 1938 2861 Anno
1983 2806 2270 2862 dominicae
2316 2806 2711 2863 incarnationis
2754 2807 2937 2874 225,a
2983 2806 3293 2863 conditione

1709 2896 1872 2954 Urbis
1894 2899 2018 2954 976.
2065 2897 2171 2970 (Cf.
2205 2897 2363 2954 Jonn.
2414 2898 2490 2955 De
2536 2918 2581 2954 r.
2627 2900 2697 2972 δ.)
2743 2900 2998 2957 Aurelius
3051 2899 3295 2957 Severus

1708 2990 2031 3056 Alexander,
2068 2986 2321 3062 ignobilis
2354 2990 2606 3059 fortuna},
2647 2992 2775 3046 2i“
2808 2992 2877 3048 ab
2913 2990 3160 3064 Augusto
3192 2993 3295 3048 im-

1708 3091 1930 3154 perator
1970 3082 2146 3139 factus
2179 3092 2280 3148 est,
2314 3083 2533 3155 juvenis
2577 3083 2894 3152 admodum,
2942 3084 3012 3139 ab
3052 3084 3292 3140 exercitu

1631 3179 1672 3237 C
1706 3190 1883 3230 cresar
1910 3173 2244 3241 nominatus,
2287 3191 2318 3230 a
2359 3186 2552 3232 senatu
2596 3185 2885 3249 angustus,
2940 3177 3315 3248 regnavitque.

1708 3266 1866 3321 annis
1910 3266 1997 3321 l5.
2048 3264 2147 3322 llic
2185 3265 2508 3323 Mammcam
2555 3276 2786 3324 matrem
2831 3274 2988 3325 suam
3032 3267 3102 3301 "'
3133 3266 3323 3340 picei"

1708 3357 1868 3412 unice
1897 3356 2105 3425 dilexit,
2133 3373 2234 3428 pro
2248 3358 2366 3429 ‘quo
2399 3358 2655 3414 omnibus
2677 3359 2902 3430 placuit.
2932 3355 3029 3431 (H.
3065 3360 3163 3429 m.)
3198 3357 3294 3414 llla

1708 3466 1837 3506 vero
1859 3450 1907 3505 ei
1935 3449 2165 3527 multum
2192 3451 2490 3523 dominata,
2518 3466 2584 3506 eo
2612 3459 2785 3522 usque
2816 3451 2969 3507 illum
3004 3451 3200 3522 coegit,
3236 3460 3325 3507 ut.

1710 3543 1797 3597 illa
1856 3544 1974 3613 ipsa
2028 3538 2362 3614 permodica,
2418 3542 2463 3596 si
2511 3558 2619 3612 qua
2670 3557 2875 3599 mensa:
2919 3549 3292 3613 superessent,

1709 3634 1960 3705 quamvis
2018 3649 2261 3702 semesa,
2326 3635 2480 3690 alteri
2542 3635 2793 3699 convivio
2864 3644 3292 3692 reservarentur.

1712 3725 1924 3799 (Βεοιι.)
1959 3724 2094 3792 Quae
2138 3734 2319 3782 tamen
2361 3735 2552 3796 postea
2600 3724 2890 3797 Origencm
2933 3725 3294 3797 presbiterum

1710 3818 1899 3874 audire
1922 3818 2154 3884 curavit,
2188 3833 2424 3887 eumque
2457 3816 2803 3873 Antiochiam
2837 3824 3093 3873 vocatum
3119 3817 3295 3873 hono-

1710 3908 1862 3963 riﬁce
1907 3908 2177 3974 tractavit,
2219 3916 2273 3963 et
2311 3923 2377 3962 eo
2426 3906 2642 3974 audito,
2671 3906 2972 3963 christiana
3020 3906 3159 3964 facta
3191 3917 3301 3963 est:

1712 3999 1809 4071 (Η.
1837 3999 1933 4070 m.)
1952 3999 2258 4073 Alexander
2282 3999 2487 4068 itaque,
2511 4007 2765 4069 suscepto
2790 3998 2929 4054 bello
2944 3998 3205 4057 adversus
3227 3984 3297 4031 δία

1710 4091 1936 4158 Persas,
1976 4089 2188 4146 Xersen
2236 4104 2417 4160 regem
2459 4103 2652 4143 eorum
2707 4089 3102 4160 gloriosissime
3145 4091 3304 4155 vicit,a

1712 4182 2003 4237 militarem
2057 4179 2401 4250 disciplinam
2463 4166 2808 4237 severissime
2873 4179 3046 4246 rexit,
3107 4179 3297 4236 Romae

1712 4289 1931 4345 quoque
1973 4271 2289 4329 favorabilis
2319 4281 2373 4327 et
2417 4272 2670 4329 amabilis
2693 4270 2815 4328 fuit.
2853 4270 3025 4342 Cujus
3052 4279 3314 4353 temporc-

67 4353 332 4425 ﬂlﬂirbis
349 4381 487 4421 vero
512 4366 746 4422 conditae
768 4366 893 4421 972.
922 4366 1140 4423 Marcus
1168 4366 1421 4423 Aurelius
1442 4364 1613 4421 Anto-
1714 4365 1988 4422 Taurinus
2031 4364 2086 4420 in
2139 4364 2348 4420 oriente
2398 4364 2637 4435 sumpsit
2682 4363 2997 4435 imperium,
3049 4361 3327 4417 Julianus

67 4447 193 4507 uinus
216 4452 411 4525 Varus,
438 4459 537 4529 qui
562 4459 858 4528 putabatur
881 4458 1025 4514 filius
1040 4458 1299 4514 Antonini
1319 4440 1615 4515 Caracallae
1649 4518 1683 4529 ﬁ
1715 4457 1985 4513 Maximus
2006 4457 2061 4512 in
2089 4455 2281 4511 Gallia.
2317 4450 2624 4512 Alexander
2652 4471 2783 4512 vero
2830 4455 2973 4526 apud
2997 4454 3321 4528 Mogontia-H

67 4552 109 4592 ει
137 4518 475 4604 consobrina.
500 4518 601 4606 sua
649 4550 861 4606 occulte
899 4558 1164 4620 stuprata,
1206 4550 1500 4607 vicesimus
1543 4550 1613 4607 ab
1649 4518 1689 4572 υ
1715 4565 1842 4605 cum
1884 4549 2127 4621 positus,
2166 4563 2290 4604 cum
2339 4547 2550 4603 videret
2592 4564 2653 4605 se
2701 4563 2732 4604 a
2788 4547 3053 4605 militibus
3100 4546 3325 4609 deseri;

67 4628 287 4705 Augusto,
322 4639 627 4711 imperator
659 4639 859 4709 factus,
892 4642 1140 4712 regnavit
1165 4643 1324 4698 annis
1352 4651 1607 4713 quatuor.
1716 4644 1925 4714 optavit
1963 4650 2026 4698 ut
2056 4640 2254 4714 aliquis
2293 4658 2421 4698 cum
2455 4640 2747 4697 occideret.
2792 4641 3040 4716 Cumque
3081 4640 3131 4695 ei
3159 4654 3301 4694 unus

73 4720 206 4781 loss.
231 4728 305 4785 De
327 4748 373 4786 r.
397 4749 446 4787 ε.
485 4762 560 4772 -
592 4731 664 4787 Η.
692 4735 790 4804 m.)
822 4731 1000 4803 Hujus
1038 4734 1232 4790 matris
1259 4750 1394 4789 avus
1425 4733 1612 4790 Basia-
1713 4751 1839 4791 cum
1871 4735 2049 4806 gladio
2073 4733 2425 4801 occurrisset,
2448 4733 2538 4788 ille
2557 4733 2815 4788 obvoluto
2838 4731 3015 4802 capite
3034 4731 3313 4786 cervicem

67 4827 140 4871 tus
159 4822 407 4879 sacerdos
453 4823 562 4879 fuit
604 4824 760 4891 solis,
793 4838 957 4894 quem
985 4824 1252 4880 Phenices
1290 4823 1612 4895 lleliogaba-
1714 4825 1956 4897 prebuit,
2002 4824 2297 4895 statimque
2332 4824 2513 4894 periit,
2554 4838 2700 4878 anno
2726 4820 2852 4878 vitae
2878 4821 2952 4854 ’θ’
2983 4819 3096 4888 26°,
3126 4820 3304 4889 impe-

70 4911 226 4962 Ilm‘“
250 4916 568 4983 nominant,
601 4917 748 4972 unde
787 4924 844 4972 et
871 4916 986 4972 iste
1028 4915 1407 4988 Heliogabalus
1432 4916 1612 4971 dictus
1715 4917 1781 4972 rli
1812 4917 1918 4971 15°.
1959 4914 2135 4986 (Jonn.
2162 4913 2238 4970 De
2266 4932 2311 4969 r.
2345 4914 2418 4986 δ.)
2466 4913 2581 4969 Sub
2625 4911 2783 4983 cujus
2819 4911 2948 4966 item
2983 4908 3213 4980 imperio
3242 4907 3299 4964 in
3352 4962 3353 4965 η

68 5006 136 5065 νει,
156 5005 404 5061 sacerdos
445 5015 506 5063 et
539 5007 658 5077 ipse
698 5008 755 5062 in
790 5008 993 5077 templo
1024 5006 1377 5073 lleliogabali.
1403 5006 1457 5062 ls
1490 5022 1617 5062 cum
1715 5006 1959 5079 Nicopoli
1983 5006 2223 5073 Actiaca,
2253 5005 2306 5061 id
2330 5014 2415 5062 est
2448 5005 2515 5061 inv
2547 5002 2748 5077 Eper,
2785 5003 2952 5061 editio
2978 5018 3144 5074 quam
3172 5015 3299 5058 sex-

68 5086 251 5151 iomam
281 5097 499 5170 ingenti
531 5099 770 5155 militum
800 5108 856 5154 et
893 5099 963 5131 ⁸⁹²
994 5106 1216 5155 senatus
1246 5096 1620 5169 expectatione
1718 5109 1826 5155 tam
1856 5098 2091 5155 dicimus
2117 5107 2337 5153 inventa
2360 5105 2464 5171 est.
3092 5116 3095 5117 '
3214 5116 3215 5119 η

67 5184 278 5254 venisset,
306 5188 535 5260 probris
570 5191 828 5247 omnibus
849 5205 910 5248 se
936 5189 1350 5258 contaminavit,
1381 5191 1618 5261 impudi-
1790 5193 1840 5246 1.
1874 5190 2023 5261 (Chr.
2054 5189 2167 5260 W.)
2196 5188 2295 5245 Hic
2322 5188 2499 5259 primo
2526 5187 2677 5257 regni
2711 5184 2796 5241 sui
2817 5200 2963 5241 anno
2986 5180 3199 5242 Xersen
3220 5194 3301 5241 re-

67 5274 353 5354 isstmeque
381 5285 603 5351 vivens,
639 5285 851 5340 nullum
879 5282 1258 5339 obscaenitatis
1286 5298 1460 5355 genus
1480 5282 1619 5337 omi-
1720 5297 1839 5353 gem
1868 5279 2162 5336 Persarum
2188 5278 2339 5334 vicit.
3264 5308 3267 5311 λ

67 5367 363 5432 it.Undeet
385 5377 744 5447 cupiditatem
770 5375 965 5447 stupri,
984 5389 1150 5446 quam
1176 5383 1386 5430 naturae
1405 5374 1620 5430 defectu
1790 5371 1846 5424 2.
1875 5370 1940 5424 A.
1991 5368 2052 5423 D.
2104 5368 2231 5422 226.
2276 5365 2531 5424 Urbanus
2576 5383 2714 5439 papa
2756 5366 2881 5425 16'"
2924 5367 3173 5437 emitur,
3214 5378 3301 5420 se-

1362 5512 1593 5568 VARME
1625 5509 2025 5566 LECTIONES.

103 5648 167 5684 ⁸⁸³
195 5653 336 5707 deest
366 5657 461 5711 9°.
540 5657 605 5689 ³⁹⁰
637 5656 746 5710 lm’c
769 5653 909 5707 solus
949 5653 1042 5706 El.
1115 5653 1179 5684 ⁶⁰¹
1210 5651 1588 5711 eliogahallum
1614 5648 1665 5701 6.
1695 5647 2060 5711 eliogabalum
2094 5647 2134 5702 ι.
2165 5648 2246 5702 9ν.
2330 5646 2397 5676 m
2426 5661 2489 5703 ac
2651 5646 2720 5677 ⁸⁸³
2746 5641 3004 5702 bassiano
3021 5642 3070 5696 5.
3104 5640 3297 5696 9".10.

103 5648 167 5684 ⁸⁸’
195 5653 336 5707 deest
366 5657 461 5711 9°.
540 5657 605 5689 ³⁸⁰
637 5656 746 5710 Ιταέ
769 5653 909 5707 solus
949 5653 1042 5706 El.
1115 5653 1179 5684 ⁶⁰¹
1210 5651 1588 5721 elingahallum
1614 5648 1665 5701 6.
1695 5647 2060 5717 eliogabalum
2094 5647 2134 5702 l.
2165 5648 2246 5702 9".

67 5718 102 5749 “
130 5736 176 5776 a.
212 5740 326 5780 sua:
365 5727 455 5781 9ο.
542 5727 607 5760 ⁸9⁸
638 5726 777 5781 deest
812 5723 909 5778 El.
990 5725 1056 5755 ’9“
1096 5724 1386 5780 adversum
1438 5720 1533 5777 El.
1602 5720 1669 5752 "7
1703 5735 1752 5774 v.
1784 5733 1896 5776 sua:
1919 5718 2002 5775 9ο.

542 5727 607 5760 ⁸9⁸
638 5726 777 5781 deest
812 5723 909 5778 El.
990 5725 1056 5755 ’9“
1096 5718 1386 5780 adversum
1438 5720 1533 5777 El.
1602 5720 1669 5752 "7
1703 5735 1752 5774 v.
1784 5733 1896 5776 sua:
1919 5718 2002 5775 9ο.
