3876 6306
494 322 596 381 691

1576 372 1581 377 .
1696 326 2109 389 summum
2145 302 2611 391 υιιΑυειΕΝειε

498 434 765 506 densque‘
789 425 950 491 annis
992 433 1046 503 8,
1071 433 1272 492 multos
1315 437 1580 493 convertit
1617 439 1684 493 ad
1724 439 1884 494 ﬁdem
1918 449 1973 495 et
2019 440 2087 495 ad
2117 443 2464 512 Axhabetur;
2517 444 2612 516 qui
2664 446 2719 501 in
2750 438 3014 503 'cronicis
3061 461 3184 518 qua).
3230 438 3456 520 scripsit
3503 450 3665 507 refert
3706 470 3761 510 se

500 522 826 597 martyrium
876 525 1197 583 exhortatus
1237 525 1311 584 .m
1354 536 1458 594 est,
1500 527 1723 599 ipseque
1766 544 1964 599 passus
2007 539 2092 586 est

503 616 610 673 sub
641 616 971 684 Alexandro,
992 617 1026 672 8
1049 616 1168 673 Kal.
1193 617 1362 674 Junii.

574 705 869 777 4.011211.)
918 708 983 761 Α.
1014 707 1080 763 D.
1121 708 1249 769 228.
1293 708 1562 781 Ulpianus
1600 711 1735 768 iuris
1783 714 2097 781 consultus,

505 813 755 855 assessor
779 799 1095 868 Alexandri,
1131 801 1347 858 claruit.
1771 869 1775 872 ~

572 889 631 949 ,7.
658 888 725 945 Δ.
780 889 843 945 Ι).
896 891 1022 947 251.
1066 892 1371 949 Antiochiae
1414 895 1767 951 constituitur
1807 895 2094 953 Zcbcnnus

504 980 795 1052 cpiscopus
822 982 970 1038 11⁸³⁸.

577 1072 664 1127 to.
690 1073 798 1144 (cr.
831 1073 957 1130 cm.
989 1073 1102 1147 W.)
1127 1076 1191 1131 A.
1219 1075 1282 1133 υ.
1322 1078 1448 1135 254.
1478 1077 1779 1137 Pontianus
1804 1096 1943 1152 papa
1968 1062 2091 1135 m-

505 1164 816 1235 ordinatus,
854 1168 994 1224 sedit
1033 1170 1194 1226 annis
1231 1186 1348 1237 sex,
1392 1187 1699 1243 passusque
1726 1183 1810 1231 est
1840 1176 1944 1232 sub
1977 1173 2094 1232 Ma-

507 1257 737 1326 ximino,
779 1259 848 1314 l2
902 1259 1129 1317 Kalend.
1191 1260 1529 1321 Decembris.
1588 1266 1794 1339 (Ηιειι.)
1842 1267 2097 1325 Heracles

506 1348 848 1406 Alexandria:
874 1353 1161 1408 ordinatur
1186 1354 1343 1410 l2“.

578 1441 666 1496 ll.
697 1443 763 1497 A.
799 1441 863 1497 D.
894 1443 1021 1499 235.
1066 1442 1328 1516 Origenes
1361 1447 1429 1504 de
1473 1447 1803 1507 Alexandria
1851 1453 1905 1507 in
1944 1452 2098 1510 Pale-

506 1520 666 1589 stinfe
692 1521 996 1591 Cassaream
1035 1537 1250 1593 transit.

583 1624 668 1680 l5.
696 1626 762 1681 A.
797 1624 858 1680 D.
889 1626 1017 1682 237.
1044 1627 1352 1686 Alexander
1370 1629 1659 1704 Mogontize
1689 1635 1977 1692 occiditur.

506 1717 653 1773 Anni
690 1719 1004 1777 Maximini.

582 1810 680 1881 (Η.
718 1814 816 1884 m.)
843 1815 1002 1871 Anno
1031 1816 1320 1874 dominicae
1349 1817 1744 1878 incarnationis
1780 1823 1915 1879 238..
1935 1823 2099 1882 Urbis

420 1975 425 1980 l
507 1904 744 1961 condita:
772 1905 897 1964 989.
924 1906 1103 1964 Julius
1122 1908 1472 1978 Maximinus,
1496 1928 1694 1984 genere
1719 1914 1884 1984 Trax,
1908 1916 2102 1973 ordine

508 1996 692 2064 miles,
729 1997 859 2052 22“
889 1999 959 2054 ab
990 1999 1263 2071 Augusto,
1312 2000 1609 2072 imperator
1644 2002 1822 2060 factus
1850 2014 1965 2072 est,
1985 2008 2101 2064 sola

508 2086 744 2143 militum
787 2089 1087 2157 voluntate,
1116 2091 1236 2147 sine
1256 2102 1482 2150 senatus
1524 2097 1877 2166 auctoritate,
1903 2114 2102 2171 regna-

406 2234 415 2237 _
509 2178 695 2249 vitque
740 2182 903 2236 annis
949 2183 1145 2239 tribus.
1193 2183 1293 2242 Hic
1333 2189 1770 2257 persecutionem
1817 2199 2027 2247 sextam
2071 2208 2103 2248 a

511 2267 728 2329 Nerone
761 2272 815 2331 in
853 2272 1188 2331 christianos
1212 2277 1477 2335 exercuit.
1522 2277 1700 2349 Hujus
1728 2288 1970 2351 tempore
1994 2281 2105 2337 duo

509 2361 795 2431 Gordiani,
822 2373 986 2435 pater
1017 2376 1071 2421 et
1119 2366 1284 2434 ﬁlius,
1314 2368 1604 2439 imperium
1639 2371 1708 2403 ⁸⁵⁸
1734 2371 2113 2442 arripuerunt,

510 2455 609 2511 sed
631 2472 776 2512 unus
803 2466 931 2527 post
951 2474 1122 2513 unum
1156 2459 1501 2521 interierunt.
1544 2461 1874 2519 Maximinus
1898 2473 2103 2532 autem,

511 2547 656 2603 bello
675 2548 939 2606 adversus
972 2549 1275 2609 Germanos
1323 2561 1582 2622 suscepto
1620 2563 1675 2609 et
1704 2553 1933 2613 feliciter
1958 2565 2102 2623 acto,

510 2638 656 2709 apud
682 2640 990 2711 Aquileiam
1024 2657 1057 2696 a
1086 2641 1375 2714 Puppiano
1399 2644 1638 2715 quodam
1676 2646 1995 2704 ititeiiectus
2023 2658 2108 2705 est

510 2746 652 2786 cum
684 2731 797 2791 ﬁlio
842 2733 1024 2790 adhuc
1071 2736 1304 2804 puerulo
1327 2737 1420 2803 '°°,
1472 2738 1689 2794 cunctis
1721 2739 1944 2795 militari
1986 2741 2106 2796 loco

511 2824 900 2895 clamantibus,
929 2843 1001 2884 ex
1024 2829 1488 2901 pessimogenere
1509 2847 1612 2888 nec
1635 2832 1877 2887 catulum
1908 2833 2109 2889 baben-

511 2916 645 2972 dum
666 2917 803 2975 fore.

584 3009 640 3065 2.
678 3009 741 3068 A.
774 3010 837 3067 D.
874 3012 1005 3069 259.
1036 3012 1373 3071 Maximinus
1410 3015 1845 3086 persecutionem
1893 3025 2103 3073 sextam

2190 535 2573 592 Alexandriam
2588 552 2932 608 properasse,
2950 538 3140 597 Arada:
3155 541 3419 611 opinione
3430 543 3763 601 celeber-riu

2190 636 2577 698 provocatum,
2606 644 2770 700 quem
2817 638 2873 686 et
2902 629 2973 686 in
3011 630 3217 688 divinis
3257 640 3313 687 et
3344 634 3404 688 in
3441 634 3692 690 humanis
3717 645 3767 690 et

2190 719 2599 792 phylosophieis
2629 721 2829 778 studiis
2861 729 3028 794 atque
3056 723 3114 779 in
3145 724 3298 781 omni
3330 724 3511 782 Greca
3537 726 3767 783 ἁοωὶω

2192 811 2681 869 instructissimum
2703 811 2848 869 fama
2876 813 3224 886 loquebatur.

2262 903 2319 957 2.
2355 901 2508 973 (Eos.
2554 903 2627 958 II.
2682 921 2732 959 e.
2775 921 2852 971 vi,
2879 904 2997 977 22.)
3033 905 3098 961 Α.
3143 906 3209 963 1}.
3255 907 3385 964 242.
3429 906 3690 980 Origenes
3719 908 3769 965 in

2194 992 2442 1050 Caesarea
2463 994 2752 1052 Palestina:
2785 994 3162 1066 Theodorum,
3190 1010 3560 1070 cognomento
3583 1000 3767 1073 Grego-

2196 1086 2364 1157 rium,
2389 1096 2445 1144 et
2468 1088 2942 1158 Anthenodorum,
2968 1089 3197 1148 fratrem
3224 1092 3370 1164 ejus,
3400 1102 3595 1164 postea
3631 1094 3781 1152 Ponti

2195 1180 2789 1252 episcoposinsignes,
2806 1182 2993 1239 divina
3029 1182 3228 1248 imbuit
3262 1186 3559 1256 sapientia.

2267 1271 2445 1345 3.01.
2483 1272 2582 1341 m.)
2616 1273 2682 1328 A.
2716 1272 2780 1345 υ.
2825 1273 2957 1332 eis.
2991 1274 3336 1346 Porpbirius,
3372 1275 3581 1333 Plotini
3615 1276 3772 1334 Plato-

2199 1363 2311 1420 nici
2332 1364 2659 1436 phylosophi
2681 1365 2919 1433 auditor,
2950 1366 3137 1423 Romae
3160 1369 3347 1425 clarus
3381 1368 3641 1426 habetur.

2268 1458 2329 1513 4.
2358 1456 2457 1529 (Η.
2485 1458 2583 1531 m.)
2606 1458 2671 1513 A.
2711 1457 2776 1514 D.
2799 1459 2927 1514 24.5.
2962 1458 3353 1532 Theopompus
3388 1460 3697 1519 Chaoniae
3720 1462 3781 1493 ”‘

2199 1557 2253 1605 et
2273 1546 2511 1606 Nicanor
2540 1550 2787 1621 sophista
2809 1551 3042 1607 Athenis
3069 1552 3411 1612 claruerunt.

2269 1641 2330 1697 5.
2377 1641 2453 1697 Α..
2497 1640 2563 1697 D.
2610 1643 2743 1698 245.
2769 1642 3083 1700 Gordianus
3114 1643 3320 1701 bonum
3376 1643 3608 1704 Parthis
3650 1646 3779 1703 iutu—

2129 1781 2175 1840 Β
2200 1733 2264 1789 lit
2297 1732 2391 1840 (cf:
2424 1733 2719 1840 αρτ-,μμ

2273 1788 2445 1880 όζΑζ
2461 1788 2689 1881 θέλω.
2704 1788 3016 1883 Gordianus
3039 1788 3343 1899 aPhilippo
3371 1828 3721 1885 interﬁcitur.

2201 1917 2346 1972 Anni
2374 1916 2632 1988 Philippi.
2740 1978 2743 1983 ν

2274 2008 2372 2081 (Ηο
2401 2009 2500 2082 ιη.)
2522 1978 2685 2066 Anno
2709 1978 3002 2069 dominicae
3031 2012 3431 2069 incarnationis
3482 2013 3619 2069 247.
3647 2012 3793 2069 Urbis
3874 1984 3876 2035 ί

2202 2102 2439 2158 condita:
2463 2101 2590 2159 998.
2628 2102 2846 2160 Marcus
2881 2102 3061 2160 Julius
3092 2103 3403 2176 Philippus,
3431 2105 3575 2161 24⁸³⁸
3608 2107 3678 2162 ab
3692 2108 3786 2161 AI-

2203 2203 2387 2267 gusto,
2434 2194 2637 2251 invasit
2683 2195 2975 2265 imperium
3018 2195 3206 2252 occiso
3246 2195 3564 2264 Gordiano,
3604 2206 3662 2252 et
3694 2212 3793 2252 una
3874 2246 3876 2253 .

2205 2301 2330 2343 cum
2363 2287 2476 2342 ﬁlio
2506 2302 2612 2342 suo
2652 2285 2788 2343 Gaio
2821 2285 2967 2342 Julio
3001 2286 3595 2359 SaturniquPbilippo
3615 2303 3788 2360 lepa-

2204 2376 2286 2430 vit
2302 2375 2467 2431 annis
2479 2375 2530 2430 7.
2548 2374 2643 2431 Isti
2660 2375 2905 2432 monium
2929 2376 3321 2447 imperatorum
3340 2378 3519 2448 primi
3532 2377 3717 2434 Bome
3728 2378 3789 2410 ‘"

2204 2466 2490 2545 christiani
2521 2465 2696 2522 effecti
2717 2476 2868 2534 sunt,
2895 2474 2950 2522 et
2969 2466 3025 2522 iu
3051 2467 3187 2538 ipsis
3201 2468 3425 2538 pascha:
3454 2467 3793 2540 vigiliis”
3874 2502 3876 2515 ε

2201 2556 2357 2628 jungi
2393 2555 2594 2613 vellent
2627 2555 2912 2612 sacrificiis
2951 2564 3007 2611 et
3042 2556 3483 2625 communicare.
3506 2572 3543 2615 a
3572 2556 3795 2613 Fabiano
3874 2596 3876 2617 ς

2205 2644 2459 2715 pontiﬁce
2494 2643 2743 2700 Romano
2765 2660 2870 2701 non
2897 2645 3153 2716 permissi
3181 2653 3331 2713 sunt,
3354 2646 3472 2701 nisi
3500 2648 3662 2717 prius
3678 2661 3795 2703 oon-

2208 2737 2491 2792 ﬁterentur
2534 2745 2753 2807 peccata
2807 2752 2908 2792 sua
2936 2745 2991 2792 et
3020 2735 3164 2794 inter
3200 2736 3541 2807 pmoitentes
3587 2747 3789 2793 starem

2208 2831 2366 2898 Quod
2391 2830 2469 2887 illi
2492 2830 2865 2901 suscipientes.
2888 2829 3269 2899 libentissime,
3288 2830 3551 2887 divinum
3573 2830 3682 2888 sibi
3697 2844 3793 2885 me-

2210 2932 2325 2979 tum
2359 2931 2414 2978 et
2449 2922 2822 2993 plenissimam
2867 2922 3284 2979 christianitatis
3336 2922 3509 2990 fidem
3560 2923 3721 2979 rebus
3749 2930 3793 2975 et
3874 2922 3876 2979 Ι

2211 3014 2483 3086 operibus.
2515 3014 2873 3085 comprobant
2894 3014 2965 3045 ⁶⁰⁰
3011 3013 3213 3070 inesse.
3256 3012 3475 3087 (litt-:3.)
3531 3013 3631 3071 llis
3666 3026 3793 3069 anno
3874 3014 3876 3087 !

513 3100 686 3167 movit
719 3101 774 3157 in
815 3102 1168 3171 christianos,
1209 3105 1267 3160 in
1312 3121 1421 3176 qua
1465 3121 1602 3161 cu'n.
1626 3105 1929 3162 Pontianus
1966 3122 2103 3177 papa
2132 3130 2175 3186 ε
2203 3107 2318 3178 jam
2349 3106 2417 3138 ⁶⁰⁷
2447 3107 2615 3162 tercio
2660 3105 3081 3176 imperantibus,
3119 3105 3454 3163 millesimus
3480 3120 3793 3162 annuet-

515 3191 889 3260 occubuisset,
940 3193 1211 3250 Antheros
1255 3196 1307 3250 ei
1356 3198 1626 3253 successit
1666 3198 1790 3255 18“
1819 3215 1983 3270 papa,
2011 3199 2106 3255 sed
2209 3201 2336 3258 dita:
2364 3199 2517 3255 urbis
2537 3198 2726 3254 Romae
2762 3197 3019 3268 impletus
3038 3207 3123 3255 est
3144 3216 3158 3265 ;
3182 3212 3297 3269 quo
3331 3198 3712 3269 sollempuiter
3736 3196 3795 3250 ab

517 3294 642 3354 post
667 3299 915 3341 menSem
948 3300 1120 3339 unum
1151 3285 1380 3357 diesque
1403 3287 1664 3344 tredecim
1693 3297 1748 3346 et
1767 3289 2119 3362 ipsepassus.

517 3383 625 3443 est,
654 3376 689 3431 3
711 3373 896 3433 Nonas
920 3374 1167 3433 Januarii
1199 3378 1301 3451 (cf.
1336 3379 1463 3436 Chr.
1498 3379 1611 3451 W.)

517 3467 665 3523 Anni
691 3467 761 3524 ab
788 3467 955 3524 inicio
983 3470 1146 3525 4200.
1586 3508 1591 3509 κ

591 3561 646 3617 5.
677 3561 744 3616 Α.
778 3560 843 3616 Ι).
880 3562 1007 3617 240.
1056 3562 1332 3620 Fabianus
1365 3580 1502 3636 papa
1535 3565 1660 3622 l9“
1689 3566 1995 3634 ordinatur,
2027 3586 2114 3626 se—

520 3652 661 3708 dens
688 3651 756 3684 ⁶⁹⁸
800 3653 964 3709 annis
988 3653 1056 3707 15
1082 3662 1137 3709 ει
1164 3655 1509 3722 menses“,
1540 3671 1739 3725 passus
1768 3666 1853 3714 est
1881 3659 1983 3714 sub
2007 3658 2112 3714 De-

522 3740 633 3810 cio,
670 3744 737 3798 l'5
781 3743 1008 3803 Kalend.
1040 3744 1203 3802 Febr.
1242 3745 1574 3805 Maximinus
1618 3749 1914 3820 imperator
1939 3751 2114 3822 Aqui-

524 3837 644 3892 leia!
674 3837 967 3894 occiditur.
1017 3837 1226 3911 (thum)
1273 3839 1581 3897 Antiochiae
1617 3840 1855 3899 Babillas
1897 3843 2118 3899 ordinar-

525 3939 620 3986 tur
644 3930 796 3984 l2“.

526 4022 674 4077 Anni
697 4022 978 4096 Gordiani.
1582 4072 1585 4078 .

600 4113 698 4186 (Η.
732 4131 805 4170 m.
837 4124 893 4172 et
945 4115 1018 4172 H.
1047 4115 1141 4188 Β.)
1183 4116 1343 4173 Anno
1382 4116 1674 4174 dominicae
1722 4117 2127 4176 incarnationis

526 4206 657 4274 2-H,
676 4207 747 4263 ab
760 4206 907 4287 Urbe
929 4208 1150 4265 condita
1171 4209 1297 4265 992.
1320 4208 1655 4278 Gordianus,
1674 4225 1846 4281 nepos
1860 4210 2127 4267 Gordiani

527 4315 596 4355 ex
622 4298 756 4367 ﬁlia,
790 4308 948 4356 ortus
984 4299 1174 4357 Romae
1215 4316 1283 4357 ex
1323 4301 1632 4359 clarissimo
1659 4309 1832 4374 patre,
1872 4303 2004 4357 2511'
2052 4302 2122 4358 ab

2209 3290 2468 3347 omnibus
2508 3289 2801 3356 celebrato,
2842 3287 3279 3344 innumerabiles
3318 3287 3522 3343 bestia:
3559 3286 3619 3341 in
3666 3285 3796 3340 circa

2212 3396 2411 3453 magno
2435 3379 2735 3436 interfectae
2767 3388 2918 3447 sunt,
2954 3378 3181 3450 ludique
3209 3378 3521 3435 theatrales
3541 3379 3600 3433 in
3622 3391 3796 3445 canlpo
3874 3378 3876 3453 ξ

2212 3473 2406 3530 Martio
2445 3473 2724 3539 celebrati,
2757 3473 2936 3529 tribus
2970 3470 3166 3528 diebus
3203 3487 3272 3528 ac
3312 3472 3582 3528 noctibus
3616 3470 3793 3541 popa“
3874 3466 3876 3539 ῤ

2213 3566 2601 3639 pervigilante..
2621 3566 2718 3638 (Η.
2750 3566 2848 3637 m.)
2875 3566 3065 3622 Ambo
3091 3565 3310 3633 deinde,
3338 3565 3561 3621 scilicet
3586 3573 3731 3635 pater
3752 3570 3797 3616 et

2215 3661 2382 3727 ﬁlius,
2427 3647 2497 3715 εἰ)
2541 3659 2785 3715 exercitu
2845 3657 3118 3715 interfecti
3153 3666 3305 3724 sunt,
3358 3665 3524 3729 pater
3567 3655 3795 3717 Verona.

2216 3752 2397 3817 medio
2444 3751 2622 3822 capite
2668 3766 2835 3821 supra
2877 3749 3373 3810 ordinesdentium

2216 3861 2358 3901 vero
2401 3844 2609 3911 Romae,
2642 3860 2769 3899 cum
2810 3852 2957 3899 esset
2979 3858 3250 3898 annorum
3288 3842 3386 3897 l2.
3420 3840 3533 3898 Hie
3566 3842 3703 3897 adeo
3724 3854 3796 3894 εε-
3874 3836 3876 3911 ς

2220 3937 2334 3993 veri
2380 3936 2488 3992 fuit
2533 3936 2725 4003 animi,
2754 3944 2816 3991 ut
2847 3935 2962 4006 jam
2987 3950 3019 3989 a
3047 3934 3417 4005 quinquennii
3463 3940 3630 3990 atate
3668 3929 3799 3986 nullo

2219 4029 2549 4101 cujusquam
2581 4037 2891 4085 commento
2935 4027 3004 4083 ad
3049 4026 3343 4082 ridendum
3388 4025 3534 4082 solvi
3583 4023 3797 4096 potuerit
3874 4084 3876 4089 ι

2220 4132 2542 4194 patremque
2571 4122 2718 4178 ludis
2740 4119 3081 4177 secularibus
3108 4118 3454 4189 petulantius
3482 4118 3797 4173 cachinnr

2221 4223 2353 4282 tem,
2387 4214 2515 4271 licet
2541 4214 2721 4269 adhuc
2741 4228 2896 4283 puer,
2922 4211 3077 4266 vultu
3105 4220 3366 4266 aversata
3391 4208 3691 4267 notaverit.

2256 4346 2261 4347 κ
2292 4308 2350 4364 1.
2381 4307 2538 4380 (Chr.
2563 4306 2679 4377 W.)
2709 4305 2991 4375 Philippus
3017 4303 3198 4375 primo
3223 4302 3384 4374 regni
3405 4303 3498 4359 sui
3525 4316 3675 4359 anno
3694 4297 3795 4354 Phi-

529 4393 809 4471 Augusto,
845 4392 1141 4463 imperator
1176 4402 1414 4459 creatus,
1450 4394 1695 4465 regnavit
1727 4393 1891 4449 annis
1936 4393 1996 4452 6.
2024 4392 2123 4449 llic
2224 4401 2432 4472 lippum
2456 4384 2630 4455 ﬁlium
2657 4412 2822 4454 suum
2850 4396 2930 4429 m
2951 4403 3266 4452 consertam
3299 4395 3461 4467 regni
3485 4393 3620 4448 fecit
3641 4392 3726 4445 “'.

531 4502 661 4542 cum
681 4468 916 4541 Romam
951 4486 1211 4552 venisset,
1260 4484 1576 4556 Puppianus
1617 4494 1672 4541 et
1704 4485 1964 4542 Balbinus
2008 4484 2121 4541 fra-
2156 4472 2200 4528 D
2265 4468 2675 4562 ”ἐ.(11ιειι.)Α.
2700 4488 2765 4543 D.
2809 4487 2941 4544 249.
2964 4486 3312 4545 Alexandria:
3354 4484 3640 4542 Dionisius
3664 4482 3773 4537 ordi

531 4587 668 4645 tres,
692 4577 787 4648 qui
809 4577 996 4633 occiso
1026 4576 1327 4633 Maximino
1370 4576 1659 4647 imperium
1697 4576 2034 4643 invaserunt,
2055 4576 2125 4632 de

533 4670 746 4727 rustico
769 4684 986 4741 genere,
1020 4668 1076 4724 in
1103 4665 1307 4739 palatio
1330 4666 1596 4724 interfecti
1633 4676 1780 4723 sunt.
1813 4668 2125 4724 Gordianus

534 4771 720 4817 autem
761 4760 1056 4817 admodum
1092 4776 1249 4831 puer,
1297 4775 1422 4815 cum
1454 4758 1889 4829 Tranquillinam
1919 4759 1989 4790 ⁶⁰²
2017 4758 2122 4814 du-

537 4852 707 4910 xisset
727 4868 955 4910 uxorem
981 4852 1188 4919 Romae,
1213 4853 1283 4908 ad
1310 4851 1579 4908 orientem
1603 4850 1898 4922 profectus,
1923 4851 2123 4906 bellum

527 4942 756 5002 Parthis
789 4946 1009 5013 intulit;
1044 4961 1157 5017 quo
1184 4944 1414 5002 feliciter
1441 4952 1616 5015 gesto,
1660 4942 1857 4998 Persas
1896 4941 2122 5013 ingenti-

536 5035 868 5106 buspraaliis
911 5036 1121 5104 aﬁlixit,
1154 5044 1211 5093 et
1249 5048 1376 5094 cum
1411 5034 1633 5102 rediret,
1664 5048 1696 5089 a
1730 5032 1999 5103 Philippo,
2026 5033 2124 5103 qui

538 5135 667 5197 post
711 5142 839 5182 eum
872 5127 1135 5200 regnavit,
1176 5127 1395 5186 occisus
1425 5135 1530 5195 est,
1558 5141 1704 5183 anno
1730 5124 1855 5182 vitae
1879 5125 1949 5158 ⁵⁸³
1974 5124 2122 5181 vice-

525 5218 705 5275 simo.
727 5256 731 5261 ο
1132 5274 1133 5277 η
1304 5288 1307 5292 ι

614 5327 924 5404 1-(Βεω.)
977 5332 1150 5404 Hujus
1207 5348 1353 5389 anno
1396 5331 1576 5404 primo
1615 5329 1796 5386 Julius
1837 5328 2132 5385 Africanus

544 5424 958 5497 cronographus
993 5425 1136 5483 inter
1155 5425 1577 5497 tocclcsiasticos
1607 5422 1899 5494 scriptores
1930 5419 2131 5476 nobilis

2225 4592 2389 4640 natur
2432 4584 2734 4655 episcopus
2763 4581 2913 4636 l3“.
2974 4579 3127 4649 (Chr.
3152 4578 3268 4650 W.)
3317 4579 3515 4634 Annus
3547 4579 3624 4633 ab
3675 4572 3799 4631 Urbe

2224 4676 2445 4734 condita
2470 4675 2797 4737 millesimus
2821 4672 3013 4729 festive
3046 4672 3359 4729 celebratus
3380 4682 3470 4726 est
3501 4670 3709 4726 Roma.

2296 4769 2350 4823 6.
2384 4767 2592 4840 (Ηιειι.)
2619 4766 2685 4822 A.
2733 4766 2799 4820 D.
2831 4766 2961 4821 252.
3005 4764 3291 4836 Philippus
3335 4764 3529 4820 urbem
3578 4762 3799 4819 nominis

2225 4863 2312 4919 sui
2333 4860 2643 4918 construxit
2669 4860 2723 4914 in
2745 4858 2961 4914 Traeia.

2299 4953 2352 5007 7.
2383 4952 2449 5007 A.
2485 4951 2550 5007 D.
2600 4951 2733 5007 253.
2771 4949 3057 5020 Philippus
3102 4947 3289 5005 senior
3330 4947 3590 5016 Verona,
3632 4943 3795 5018 iusim

2227 5044 2495 5102 occiditur
2527 5043 2740 5100 Romae.

2230 5136 2374 5193 Anni
2400 5134 2572 5191 Decii.
2594 5156 2614 5174 -
2860 5192 2861 5195 η

2304 5230 2403 5303 (Η.
2429 5228 2528 5301 m.)
2549 5227 2708 5283 Anno
2722 5225 3015 5283 dominica:
3027 5224 3425 5281 incarnationis
3441 5223 3571 5288 25b,
3583 5223 3656 5277 ab
3670 5214 3791 5275 Urbe

2230 5324 2453 5381 condita
2488 5321 2781 5379 millesimo
2803 5320 3020 5390 quinto.
3045 5317 3244 5374 Decius
3274 5318 3334 5387 in
3370 5315 3651 5371 Pannonia
3676 5312 3791 5366 infe

2230 5415 2365 5472 riori
2389 5413 2625 5469 Bubaliae
2651 5422 2833 5479 natus,
2873 5411 3001 5466 25“
3030 5410 3102 5466 ab
3129 5410 3403 5482 Augusto,
3423 5407 3626 5465 invasit
3642 5407 3791 5477 inope

1844 5533 2077 5591 νΑιωΕ
2116 5529 2516 5588 LECTIONES.

614 5637 688 5671 m
721 5643 999 5693 coartatus
1040 5636 1125 5691 9ο.

545 5723 663 5767 sum
704 5708 789 5762 9η.

546 5779 635 5836 10.
670 5778 753 5836 ll.

1203 5636 1271 5669 ³³⁸
1313 5651 1540 5705 regnum
1589 5635 1641 5705 5.
1721 5632 1790 5705 Ὗ

868 5707 941 5741 ⁸⁸⁸
973 5706 1249 5763 cheroniae
1286 5705 1326 5761 Ε
1351 5707 1399 5762 1.

1835 5630 2062 5703 parvulo
2114 5625 2212 5678 El.

1479 5706 1546 5737 εοδ
1575 5704 1714 5759 deest
1744 5703 1784 5757 Ε
1809 5690 1855 5758 ιῖ
1934 5702 2002 5734 ⁶⁰⁶
2038 5694 2466 5766 comprobabaut
2494 5690 2591 5746 El.

2963 5618 3032 5693 5‘”
3074 5618 3422 5693 "‘aeauilhw
3458 5615 3562 5693 El:
3601 5615 3701 5693 -“T
3742 5628 3783 5693 I-

3115 5690 3184 5751 f"
3212 5682 3258 5746 ἐ.
3294 5688 3331 5744 f.
3366 5688 3417 5743 5.
3488 5685 3564 5717 η’
3596 5682 3717 5741 [ad
3740 5682 3783 5732 5-
