3876 6306
94 370 182 427 693
981 362 1351 420 CHRONICA.
1392 392 1459 400 -—
1494 354 1891 415 CHBONICON
1918 355 2391 416 UNIVERSALE.
3222 354 3351 412 69l-

93 487 231 552 rium,
256 483 552 543 interfectis
571 484 693 556 ejus
722 482 910 538 fraude
938 480 1224 551 Philippis,
1254 481 1361 536 hoc
1389 487 1473 535 est
1497 485 1648 548 patre
1677 487 1720 541 Α
1750 477 2148 548 persecutione,
2189 474 2466 533 Fabianus
2510 489 2653 547 papa
2687 473 2828 531 ts»
2865 487 3063 547 passus
3106 481 3213 540 est,
3263 476 3351 531 ἰδ’

90 591 134 633 et
153 579 273 645 ﬁlio,
314 586 371 634 et
397 578 467 633 '50
512 575 795 633 mensibus
825 575 1070 647 regnavit
1090 574 1186 641 ⁸³⁸,
1236 572 1289 628 id
1323 581 1407 629 est
1432 570 1647 627 duobus
1749 569 1869 624 lial.
1898 568 2054 624 Febr.
2076 570 2178 625 Cui
2206 568 2493 625 Cornelius
2518 567 2815 623 vicesimus
2841 566 3164 634 succedens,
3190 568 3355 623 sedit~

87 670 223 725 anuis
262 678 316 725 et
358 669 608 726 dimidio.
644 667 852 741 (Ηιει.)
886 666 1119 735 Quidam
1156 674 1341 722 autem
1375 664 1644 728 scribunt,
1747 678 1953 718 annum
1980 663 2139 718 meet
2169 677 2388 719 menses
2419 669 2626 733 septem
2649 670 2705 717 et
2721 660 3095 731 dies-aliquot,
3117 659 3245 716 licet
3273 660 3329 715 in

85 778 190 816 eum
217 777 324 817 uno
365 769 578 816 tantum
622 776 769 815 anno
812 775 1104 833 regnasse;
1143 758 1237 815 sed
1276 758 1381 814 hoc
1411 756 1645 813 multum
1745 751 2130 807 accelesiastica
2157 751 2400 823 hysteria
2439 750 2560 822 (vn,
2590 749 2644 804 3.
2676 747 2761 804 Cl'.
2793 764 2868 815 Vl,
2903 748 2996 819 29)
3020 749 3233 820 lcgatur
3258 777 3328 835 έ-

84 853 329 910 discordat
362 853 427 885 ⁶¹¹
466 843 818 924 ρεέεἰοιιίὺυε
868 860 1184 909 sanctorum
1238 850 1335 923 qui
1390 852 1647 922 leguntur
1744 843 1793 900 si
1824 851 2009 898 tamen
2027 841 2160 899 vitio
2186 842 2519 913 scriptorum
2568 841 2705 896 liber
2747 839 3077 911 depravatus
3106 855 3216 895 non
3243 848 3353 896 est».

84 944 170 999 sub
189 943 411 1014 eopassi
446 942 634 1000 fuisse.
666 942 845 1016 (Jono.
879 941 956 999 De
992 959 1036 998 r.
1069 940 1140 1015 δ.)
1168 939 1307 997 Nam
1335 956 1465 998 cum
1496 941 1645 1012 lega-
1742 963 1815 973 —
1838 933 2018 991 tribus
2056 933 2217 989 annis
2250 934 2434 990 sedem
2479 930 2745 998 tenuisse,
2783 929 2928 1003 quod
2957 929 3157 986 rationi
3176 926 3330 986 ’tem-
3368 976 3369 983 η

84 1046 157 1090 tur
177 1035 438 1092 Fabianus
461 1051 601 1107 papa
628 1036 751 1091 li“
785 1035 871 1092 sui
905 1035 1255 1106 episcopatus
1277 1046 1424 1090 anno
1448 1033 1639 1091 marti-
1743 1040 1957 1109 porum
1985 1024 2142 1081 Decii
2170 1039 2279 1080 non
2307 1024 2522 1080 videtur
2551 1023 2848 1080 convenire
2895 1021 2990 1096 (cf.
3031 1020 3190 1078 Hisn.
3209 1063 3225 1090 ,
3253 1052 3351 1065 -ι

82 1128 201 1182 rium
223 1127 321 1183 sub
347 1128 445 1184 illo
472 1129 771 1199 accepisse,
816 1136 872 1185 et
894 1127 1023 1183 huic
1058 1125 1377 1184 Cornelium
1405 1124 1613 1183 trienni.

1797 1113 1985 1171 us..H.'
2016 1132 2065 1170 e.
2092 1129 2170 1181 vi,
2216 1112 2294 1185 9).
2329 1112 2637 1171 Alexander
2668 1112 3184 1171 Hierosolimitaous
3209 1115 3328 1186 cpi—-

82 1220 131 1286 ξιιμ
177 1218 295 1275 sede
354 1219 690 1280 successisse
746 1220 986 1291 itemque
1040 1219 1145 1276 sub
1186 1218 1378 1275 eodem
1414 1232 1638 1288 passum
1739 1222 1962 1279 scopus,
1985 1204 2230 1263 Narcissi
2249 1219 2555 1273 successor,
2586 1218 2809 1263 cursum
2837 1205 3323 1262 bonum-consum-

80 1309 242 1376 lu'sse,
288 1307 504 1365 Sixtum
548 1324 769 1382 quoque
801 1319 857 1365 et
889 1309 1245 1367 Laurentium
1271 1317 1327 1366 et
1361 1307 1611 1380 Ypolitun

1824 1299 1928 1368 ivit,
1953 1299 2040 1356 cui
2067 1298 2390 1355 Azabbanes
2402 1297 2688 1354 successit.
2705 1297 3080 1353 Antiochenus
3101 1312 3355 1368 quoque:

79 1401 292 1471 aliosque
329 1402 717 1473 quamplures,
757 1411 904 1460 stare
935 1418 1047 1459 non
1087 1410 1289 1474 potest,
1337 1411 1398 1458 ut
1425 1410 1504 1459 tot
1531 1402 1610 1458 sib

1814 1392 1943 1449 esul’
1976 1390 2261 1465 aequaliter
2307 1389 2618 1445 Alexandro
2661 1388 2969 1457 decertans,
2995 1390 3051 1444 in
3089 1390 3345 1446 vinculisi

80 1494 122 1545 in
147 1491 375 1548 Romana
414 1494 543 1550 sede
564 1496 917 1551 succedentes
946 1510 1059 1550 uno
1085 1509 1230 1550 anno
1262 1495 1611 1550 trucidaverit

1738 1481 1991 1549 moritur,
2022 1489 2148 1552 post
2170 1494 2335 1551 quem
2364 1477 2643 1534 Fabianus
2681 1478 2806 1534 l3!“
2840 1479 3212 1535 constituitur.

79 1585 283 1640 maxime
302 1601 430 1641 cum
457 1586 768 1654 Cornelius,
789 1595 851 1643 ut
869 1586 1252 1643 aecclesiastica
1275 1586 1435 1642 docet
1454 1586 1639 1658 bysto-
1803 1575 1862 1630 2-
1887 1573 1953 1630 Α·
1984 1572 2049 1629 Ι)-
2081 1572 2211 1628 955-
2257 1569 2551 1628 (ἷοηιθιίιιε
2575 1586 2714 1641 Palla
2757 1570 2886 1625 2°“
2920 1586 3117 1640 9³⁸³1³⁸

79 1677 143 1730 ria
185 1675 325 1746 (lies.
368 1675 438 1732 Η.
492 1695 538 1733 e.
586 1694 685 1745 vn,
712 1679 793 1750 5,)
844 1679 1084 1735 triennio
1133 1677 1319 1733 sedem
1375 1677 1631 1732 tenuerit.
1736 1663 1857 1722 Kal.
1880 1662 2179 1732 Octobris;
2214 1661 2305 1719 olli
2335 1661 2642 1719 Succedens
2664 1660 2867 1734 Sinus
2895 1673 3035 1733 papa
3057 1661 3211 1729 21⁸³⁸,
3238 1676 3324 1717 se-

80 1766 208 1823 Unde
232 1778 284 1824 et
311 1769 378 1825 de
401 1771 649 1841 ipsorum
676 1787 897 1842 quoque
925 1770 1242 1841 pontiﬁcum
1283 1768 1636 1825 successione
1667 1825 1709 1842 η
1734 1757 1816 1814 dit
1839 1771 2062 1813 menses
2088 1754 2175 1811 10·

78 1859 264 1928 questio
290 1825 537 1915 animum
575 1825 757 1932 pulsat
783 1825 1078 1932 quomodo,
1102 1859 1269 1916 Decio
1296 1874 1525 1932 regnum
1551 1859 1635 1915 vel
1666 1825 1711 1884 Β
1771 1885 1775 1890 ν
1809 1851 1864 1906 5-
1890 1848 1956 1904 Α·
1982 1848 2047 1904 Ι)-
2073 1846 2202 1904 ἳῦδ-
2237 1845 2442 1919 Sinus
2470 1861 2609 1917 papa
2636 1860 2840 1916 passus
2858 1851 2945 1901 est
2970 1844 3005 1900 8
3027 1842 3156 1900 ldus
3182 1843 3329 1915 Aug.

78 1964 168 2002 uno
193 1950 270 2004 vel
293 1950 511 2007 duobus
534 1960 589 2007 et
629 1951 858 2007 dimidio
900 1967 1046 2008 anno
1077 1958 1310 2018 tenente,
1347 1949 1635 2008 Cornelius
1738 1956 1865 1998 cum
1898 1940 2042 1997 aliis-
2086 1937 2244 1995 Ρειεεί
2285 1946 2418 1994 sum
2457 1937 2564 1992 1100
2597 1951 2743 1991 ³ηηο
2793 1935 3187 1991 Ροιοοδΐοηίυε
3211 1935 3327 2004 θρί-

74 2037 416 2108 rpiscopatum
454 2039 766 2097 Romanum
793 2042 972 2098 tribus
1001 2042 1158 2112 juxta
1187 2040 1632 2099 acclesiasticam
1737 2048 1938 2103 scopus
1961 2047 2089 2089 cum
2120 2031 2330 2098 multis,
2353 2029 2507 2085 Abdo
2536 2028 2607 2060 ⁶¹³
2645 2035 2702 2083 et
2732 2026 2966 2095 Sennes,
2990 2024 3351 2098 Olimpiades.

75 2126 341 2195 hystoriam
386 2129 552 2185 annis
586 2130 847 2198 tenuerit,
898 2131 1060 2202 eique
1105 2130 1311 2187 Lucius
1364 2145 1463 2202 per
1509 2139 1635 2188 octo
1734 2133 1791 2182 et
1813 2124 2104 2191 Maximus;
2140 2121 2475 2179 Laurentius
2492 2129 2618 2192 post
2643 2117 2897 2194 Syxtum,
2924 2117 3179 2189 Ypolitus
3196 2134 3345 2175 cum

74 2230 277 2285 menses,
304 2217 622 2290 Stephanus
642 2236 773 2276 vero
787 2237 887 2291 per
906 2221 1633 2291 biennium,dehinc~Sixtus
1734 2215 1900 2274 sociis
1950 2215 2088 2283 suis,
2120 2215 2325 2287 aliique
2363 2212 2721 2285 quamplures
2753 2210 2850 2283 (cf.
2895 2209 3107 2281 Mam).
3135 2209 3329 2266 Dioni-

72 2322 151 2374 per
166 2308 406 2365 undecim
435 2325 634 2379 annos,
659 2312 786 2366 exin
824 2310 1102 2368 Dionisius
1123 2328 1221 2383 per
1239 2327 1435 2368 novem
1455 2327 1632 2368 annos
1734 2308 1851 2365 sius
1871 2323 2011 2380 papa
2031 2307 2163 2362 22“-
2191 2313 2317 2378 post
2328 2304 2559 2378 Syxtum
2581 2303 2889 2364 ordinatus.
2918 2301 3059 2359 sedit
3075 2300 3238 2359 annis
3255 2301 3347 2337 ων

74 2402 387 2471 successerit,
426 2418 555 2461 cum
604 2419 704 2476 per
730 2418 949 2461 omnem
991 2406 1294 2462 a'cclesiam
1342 2406 1632 2463 Cornelius
1732 2401 1968 2468 duobus,
1991 2400 2314 2456 menses5}.

71 2501 114 2547 et
136 2492 327 2565 Sixtus,
351 2496 517 2569 cujus
553 2497 820 2555 diaconus
848 2506 966 2555 erat
1005 2496 1356 2567 Laurentius,
1395 2500 1500 2557 sub
1525 2499 1631 2556 Dc-
1731 2490 2042 2548 Amli-Galli
2066 2499 2123 2548 ει
2152 2488 2458 2548 ῩοΙιιείθιιίο

71 2586 140 2639 cio
159 2588 293 2657 passi
313 2590 685 2660 predicentur,
724 2588 929 2647 Lucius
949 2606 1079 2647 vero
1109 2600 1164 2647 et
1196 2590 1505 2663 Stephanus
1525 2593 1631 2649 sub
1799 2583 1901 2656 (Hi
1920 2582 2192 2654 tu.)Anno
2211 2581 2501 2639 dominica
2519 2577 2917 2636 incarnationis
2934 2577 3068 2645 257,
3093 2578 3165 2634 ab
3182 2576 3356 2633 Urbe-

76 2673 328 2733 \'aleriano
374 2687 435 2735 et
478 2679 725 2735 Gallieno
754 2679 1079 2737 martirizati
1112 2680 1380 2752 legantur.
1411 2680 1531 2749 Qua
1561 2682 1651 2739 de»
1730 2674 1950 2732 condita
1974 2675 2270 2731 millesimo
2295 2674 2351 2730 8.
2372 2672 2557 2730 Virius
2579 2672 2768 2730 Gallus
2790 2671 3077 2738 Hostilius,
3091 2672 3233 2726 26“
3253 2673 3349 2725 ab.

71 2778 118 2818 rc
138 2766 317 2836 conjici
339 2775 546 2838 potest,
577 2769 1005 2825 successionum
1038 2770 1188 2828 vices
1216 2772 1351 2827 vitio
1391 2772 1598 2844 scripto

1817 2776 1998 2839 gusto,
2025 2768 2323 2839 imperator
2354 2767 2426 2824 ab
2456 2766 2701 2823 exercitu
2731 2772 2952 2823 creatur
2978 2765 3071 2833 “',
3108 2771 3347 2820 etcum

71 2871 168 2910 mm
196 2873 289 2927 pro
310 2857 677 2914 similitudine
718 2861 1274 2918 nominummutatas
1295 2861 1472 2919 fuisse
1493 2881 1508 2931 ;
1531 2878 1630 2918 au—
1733 2858 2033 2916 Volusiano
2072 2860 2186 2915 ﬁlio
2229 2873 2336 2916 suo
2359 2858 2607 2930 regnavit
2630 2857 2806 2914 .annis
2832 2856 3069 2924 duobus,
3105 2860 3325 2913 menses

70 2944 340 3001 duritatem
385 2960 520 3001 vero
554 2947 837 3004 catholicae
882 2949 1149 3005 aecclesite
1190 2950 1258 3005 ad
1307 2966 1410 3006 nos
1451 2967 1631 3023 usque
1730 2952 1784 3007 4.
1828 2951 2046 3023 (Deos)
2102 2950 2278 3023 Hujus
2328 2951 2544 3022 imperii
2597 2948 2878 3005 Dionisius
2920 2947 3331 3014 Alexandrinus

70 3037 320 3107 perlatam,
352 3038 642 3110 probabile
668 3045 772 3109 est,
804 3042 1139 3113 sequendam
1172 3058 1313 3099 esse.
1343 3042 1449 3099 Sed
1472 3053 1533 3100 ut
1558 3045 1629 3102 ad
1730 3042 2021 3114 episcopus
2046 3043 2297 3099 meminit
2319 3043 2393 3098 ita
2429 3061 2442 3098 :
2477 3061 2497 3094 ι
2529 3040 2602 3096 At
2626 3056 2696 3096 ne
2722 3041 2912 3097 Gallus
2949 3040 3171 3111 quidem
3206 3055 3324 3095 ma-

69 3130 317 3232 supeﬁora
366 3131 686 3199 redeamus,
735 3130 833 3203 (Η.
863 3132 961 3205 m.)
993 3131 1188 3190 Decius
1233 3134 1404 3189 ﬁlium
1466 3150 1628 3191 suum
1657 3174 1699 3232 ο
1732 3132 1845 3190 lum
1868 3133 2018 3191 Decii
2042 3143 2140 3190 aut
2155 3134 2342 3191 videre
2361 3134 2541 3206 potuit
2555 3141 2653 3189 aut
2666 3133 2993 3216 cavere,.~sed
3017 3131 3348 3188 ineund'enL

71 3217 260 3276 Decium
288 3233 554 3279 cessarem
592 3222 741 3291 fecit,
772 3230 828 3279 et
861 3224 1295 3295 persecutionem
1339 3225 1629 3296 septimam
1660 3217 1699 3232 “
1732 3225 1964 3296 lapidem
1986 3225 2306 3282 offensionis
2326 3225 2669 3297 impingens,
2715 3232 2938 3281 sanctos
2962 3224 3112 3280 viros
3136 3239 3331 3294 perse-

69 3322 167 3381 post
192 3313 464 3371 Neronem
490 3316 548 3370 in
572 3315 908 3373 christianos
941 3316 1132 3385 movit,
1156 3317 1502 3374 occasionem
1530 3334 1629 3376 su-
1730 3325 1893 3372 cutus
1915 3325 2018 3373 est.
2062 3336 2081 3370 ι
2108 3316 2270 3390 (Acs.
2297 3315 2481 3388 Vter.)
2510 3315 2613 3373 His
2633 3315 2971 3387 temporibus
2992 3313 3326 3373 Emilianus

68 3420 200 3461 mens
247 3406 442 3464 odium
497 3406 873 3478 Philipporum
904 3424 1046 3480 quos
1081 3407 1373 3478 interfecit,
1420 3409 1476 3465 in
1519 3425 1629 3482 qua
1730 3409 1956 3480 quidam
2002 3409 2059 3465 in
2104 3409 2327 3467 Mtesia.~.
2348 3410 2649 3482 imperator
2691 3409 2940 3465 elevatus
2972 3415 3109 3475 est,‘
3130 3412 3323 3464 contra

68 3499 415 3563 persecutione
442 3498 601 3554 multi
629 3507 943 3556 sanctorum
979 3501 1129 3571 passi
1172 3508 1320 3558 sunt.
1356 3501 1535 3575 (Htsn.
1556 3533 1631 3543 —
1729 3515 1894 3571 quem
1923 3500 2113 3569 ambo;
2137 3509 2293 3572 pater
2338 3500 2549 3558 scilicet
2595 3499 2666 3533 “‘
2687 3515 2753 3557 ac
2794 3498 2966 3562 ﬁlius,
2988 3508 3321 3570 pergentes,

69 3584 127 3642 Η.
151 3590 237 3659 ut.)
258 3589 438 3662 Hujus
460 3591 797 3661 temporibus
822 3608 950 3648 cum
966 3593 1184 3664 plurimi
1199 3594 1362 3651 Gothi
1384 3593 1627 3651 Histrum
1730 3591 1802 3647 ab
1827 3591 2070 3647 exercitu
2094 3606 2200 3648 suo
2229 3591 2501 3648 interfecti
2546 3601 2696 3660 sunt,
2728 3599 2884 3663 pater
2908 3591 3119 3646 habens
3144 3604 3341 3646 annosi

66 3678 260 3737 ﬂuvium
279 3690 705 3751 transmeantes,
724 3682 1097 3740 Romanorum
1108 3687 1356 3744 civitates
1375 3687 1626 3744 devasta-
1730 3682 1855 3739 νίιω
1881 3682 1974 3751 47,
2001 3682 2336 3741 Elimiam”
2367 3692 2553 3741 autem
2577 3684 2670 3754 ⁸¹⁷ν
2698 3682 2923 3740 Mallius
2944 3688 3166 3755 Εθυθνθν
3196 3692 3321 3754 9"5‘

66 3781 183 3839 rent,
212 3771 408 3830 Decius
443 3789 570 3830 cum
603 3774 724 3830 ﬁlio
755 3791 859 3831 suo
886 3776 1008 3833 illos
1042 3778 1183 3834 bello
1212 3793 1528 3851 aggressus,
1558 3779 1629 3834 '50
1729 3792 1951 3835 menses
1969 3785 2210 3850 quatuor
2230 3777 2449 3835 occisus
2475 3786 2581 3835 est.
2606 3827 2614 3831 ,

66 3864 189 3919 milia
210 3880 274 3921 ex
295 3866 378 3921 eis
424 3864 647 3932 occidit,
692 3866 762 3922 de
805 3867 924 3924 suis
957 3882 1177 3939 quoque
1198 3870 1399 3925 multos
1421 3870 1627 3925 amisit.
1746 3910 1749 3913 μ
1799 3869 1851 3924 1.
1887 3868 2104 3941 (Bt-zu.)
2124 3868 2408 3925 Primo-m
2431 3885 2581 3925 anno
2606 3867 2932 3941 regnicalli
2958 3867 3323 3925 θυνοωείΜὶ

65 3952 209 4012 Filius
230 3957 399 4014 etiam
429 3958 551 4030 ejus
586 3957 907 4015 interfectus
938 3968 1044 4033 est,
1082 3960 1307 4031 ipseque
1335 3960 1391 4015 in
1433 3960 1629 4016 eonfu—
1728 3958 1990 4031 Origenes
2036 3961 2328 4032 presbiter,
2384 3977 2547 4018 anno.
2576 3961 2759 4018 aetatis
2788 3977 2920 4035 sua:
2968 3961 3035 4017 70
3074 3963 3322 4022 nondum

65 4062 139 4102 sas
162 4049 341 4107 turbas
369 4050 574 4123 gnrgiti
611 4050 900 4123 cujusdam
936 4052 1153 4127 paludis
1176 4052 1496 4109 submersus
1520 4062 1628 4124 est,
1730 4051 2235 4122 impleto,.moritur
2252 4062 2309 4110 et
2330 4053 2391 4108 in
2418 4051 2565 4126 Tyro
2579 4053 2861 4124 sepelitur,
2890 4053 3073 4124 quiin
3104 4061 3319 4112 tantum

62 4138 125 4215 ita
159 4151 213 4198 ut
244 4159 344 4200 nec
371 4144 610 4200 cadaver
631 4144 752 4216 ejus
796 4144 1028 4200 inveniri
1063 4145 1321 4216 potuerit,
1351 4161 1496 4201 anno
1519 4145 1627 4201 im--
1729 4143 1953 4200 sedulus
1985 4143 2419 4211 fuitrscribendi,
2452 4153 2516 4202 ut
2554 4143 2913 4201 iheronimus
2934 4144 3174 4217 quodam
3199 4147 3322 4203 loco

64 4235 175 4301 perii
211 4237 294 4291 sui
347 4237 544 4303 tercio,
597 4237 725 4292 vita:
766 4235 1243 4307 quinquagesimo.
1295 4235 1423 4293 Haec
1469 4236 1628 4309 juxta
1728 4239 1896 4308 dicat,
1921 4239 2166 4312 quinque
2186 4240 2339 4295 milia
2362 4240 2632 4296 librorum
2650 4239 2772 4312 ejus
2792 4240 3087 4312 selegisse.
3112 4230 3322 4311 (Ηιει.)

64 4322 334 4395 hysteriam
362 4373 378 4396 ,
417 4329 469 4382 in
497 4328 819 4399 passionum
843 4342 975 4383 vero
1001 4327 1143 4384 libro
1171 4328 1437 4399 scriptum
1474 4345 1630 4401 repe-
1729 4331 2033 4390 Antiochite
2051 4332 2406 4389 constituitur
2431 4331 2817 4409 Demetrianus
2848 4331 3316 4403 episcopus'uu'.

62 4417 199 4477 ritur.
224 4421 395 4491 quod.
426 4419 712 4477 interfecto
737 4419 911 4493 Syxto
941 4435 1083 4492 papa
1102 4428 1159 4476 et
1179 4421 1300 4493 ejus
1329 4423 1628 4480 archiadia-
1797 4425 1853 4480 2.
1878 4424 1945 4480 Α.
1992 4424 2069 4480 D-
2102 4423 2232 4481 258.
2274 4423 2463 4481 Gallus
2504 4432 2561 4480 et
2596 4422 2931 4480 Volusianus
2971 4420 3329 4479 occiduntur..-

60 4520 179 4564 ωηο
244 4510 546 4567 Laurentio
604 4512 860 4584 aliisque,
908 4526 975 4568 ac
1018 4511 1216 4569 deinde
1270 4511 1489 4583 Ypolito
1531 4530 1627 4571 so-
1658 4508 1706 4570 D
1733 4516 2015 4573 Dionisius
2053 4530 2195 4588 papa
2239 4514 2371 4570 22W
2402 4514 2659 4588 migravit
2703 4514 2774 4548 ⁸³⁸
2825 4514 2860 4572 6
2902 4512 3022 4569 Kal.
3056 4511 3180 4569 Jan.
3220 4510 3342 4569 Hic.

60 4599 243 4672 ciisque
267 4603 413 4674 ejus,
440 4602 514 4656 27
538 4602 627 4659 die
652 4611 780 4674 post
827 4603 1144 4673 passionem
1178 4612 1496 4660 sanctorum
1523 4603 1627 4662 De-
1731 4608 2051 4680 presbitaeris
2070 4606 2349 4665 ecclesias
2371 4605 2658 4664 distribuit
2675 4616 2730 4663 et
2758 4606 3080 4679 parrochias
3103 4603 3344 4679 divisit..-

60 4692 161 4749 cius
198 4703 250 4750 et
290 4693 618 4751 Valerianus
662 4694 937 4766 prefectus
969 4694 1226 4751 sedentes
1268 4695 1326 4751 in
1374 4711 1626 4765 carruca,
1733 4698 1919 4769 (Bson
1946 4697 2141 4771 Mart.)
2562 4687 2570 4694 ’

60 4799 166 4840 eum
189 4795 489 4843 tractarent
513 4787 694 4844 adhuc
728 4787 798 4843 de
824 4801 959 4843 nece
990 4795 1329 4854 sanctorum,
1355 4788 1630 4846 demoniis
1686 4855 1698 4867 ι
1734 4789 1877 4845 Anni
1909 4788 2185 4847 Valeriani
2211 4800 2268 4848 et
2301 4790 2553 4848 Gallieni.
3140 4822 3144 4827 -
3196 4859 3204 4867 .

61 4880 238 4949 arrepti
270 4889 425 4948 sunt,
462 4881 593 4938 etin
621 4879 897 4951 presentia
924 4878 1074 4937 Decii
1104 4878 1428 4937 Valerianus
1453 4882 1630 4952 exspi-
1805 4880 1905 4950 (H.
1935 4881 2034 4952 τη.)
2061 4881 2223 4938 Anno
2244 4881 2535 4938 dominicas
2561 4874 3331 4954 incarnationis'259,,._llrbis:

62 4971 259 5039 merit,
297 4972 498 5028 Decius
522 4986 655 5028 vero
689 4970 910 5028 rediens
932 4971 989 5026 in
1017 4971 1505 5042 palatium,triduo
1531 4988 1627 5028 ve-
1734 4985 1864 5026 vero
1908 4970 2141 5026 conditas
2180 4971 2474 5028 millesimo
2520 4971 2609 5027 lo.
2656 4970 2920 5028 Lucioius
2963 4968 3315 5032 Valerianus,

64 5068 203 5117 ratus
250 5065 342 5131 sit,
379 5073 435 5120 et
489 5064 545 5120 in
585 5071 883 5136 conspectu
928 5062 1243 5135 Triphonia:
1285 5064 1477 5120 uxoris
1513 5080 1629 5121 suae
1732 5069 2095 5132 cognomento
2113 5060 2397 5129 Colobius,
2432 5061 2488 5117 in
2521 5059 2678 5117 Retia
2715 5068 2774 5115 et
2805 5057 3007 5116 Norico
3026 5058 3324 5130 δείξας,ιώ

62 5153 354 5219 exalaverit.
392 5155 640 5225 Qualiter
684 5164 870 5213 autem
904 5172 1070 5228 super
1100 5156 1186 5213 his
1216 5156 1417 5213 veritas
1446 5171 1507 5213 se
1528 5155 1628 5213 ha-
1731 5154 1973 5210 exercitu
2010 5153 2308 5225 imperator
2353 5162 2593 5223 creatus,
2637 5169 2766 5212 mox
2799 5163 3069 5224 augustas
3089 5161 3192 5211 est
3224 5168 3319 5223 ap-

63 5243 186 5312 beat,
214 5248 270 5303 in
296 5249 628 5319 scriptorum
650 5249 863 5305 ratione
889 5249 1174 5305 consistat.
1550 5268 1555 5273 ’
1729 5246 1981 5317 pellatus,
2001 5247 2129 5301 27M
2157 5249 2228 5304 ab
2247 5247 2530 5320 Augusto;
2563 5246 2751 5304 Romae
2769 5262 2900 5304 vero
2919 5245 3319 5313 Galuettus.'?',

124 5335 168 5390 l.
193 5336 343 5407 (Chr.
370 5337 686 5410 ιν.)Ρήωο
709 5337 858 5396 Decii
884 5353 1031 5396 anno
1048 5337 1191 5396 facta
1217 5338 1272 5393 in
1293 5337 1625 5394 christianos
1731 5338 1874 5395 ﬁlius
1894 5338 2016 5410 ejus
2044 5339 2135 5409 ⁸³⁸,
2157 5355 2190 5396 a
2216 5349 2410 5399 senatu
2443 5354 2615 5398 caesar
2641 5339 2944 5412 appellatus
2979 5347 3096 5409 est,
3115 5352 3329 5415 regna-

1343 5499 1431 5555 VA
1440 5498 1580 5556 RIJE
1610 5496 2012 5558 LECTIONES.

126 5650 199 5727 ⁵¹ξΔ
237 5653 377 5727 deest
407 5652 606 5727 1th“.
686 5657 754 5689 ω
812 5658 955 5713 deest
1002 5658 1098 5715 El.
1177 5660 1245 5691 ⁸³³
1279 5677 1328 5713 a.
1358 5675 1527 5714 unum
1569 5658 1621 5713 5.
1702 5656 1770 5691 ⁶¹³
1798 5655 1976 5711 abdon
2004 5656 2087 5712 9‘.
2134 5656 2215 5712 ll.
2272 5656 2365 5727 7‘“
2391 5673 2566 5713 annos
2614 5656 2717 5711 110³
2758 5655 2853 5711 ΕΙ.
2886 5656 2977 5727 qui
3008 5653 3320 5727 increpitis

64 5721 317 5801 «reliquis
368 5724 577 5801 recedit.
653 5727 961 5801 mcuratus
1010 5747 1129 5785 cum
1177 5731 1227 5783 5.
1305 5730 1374 5761 ⁸⁸⁸
1402 5746 1538 5801 p.
1568 5730 1619 5785 5.
1702 5729 1781 5760 ⁴¹⁷
1822 5728 1964 5783 deest
1994 5726 2089 5784 El.
2153 5728 2236 5801 f"
2266 5726 2326 5785 P.
2357 5737 2538 5787 autem
2562 5745 2612 5786 a.
2648 5727 2744 5785 El.
2823 5721 2994 5783 “Vm.
3042 5725 3110 5781 ad
3132 5721 3316 5784 doli-

64 5801 180 5844 num
214 5794 266 5847 5.
373 5794 437 5828 ⁶²⁶
474 5796 720 5867 galicnus
749 5799 798 5853 5.
830 5816 1047 5869 semper.
1125 5801 1189 5834 ⁶²¹
1228 5802 1372 5856 deest
1400 5794 1495 5855 El.
