3876 6306
1704 318 2101 380 EKKEHARDI
2144 324 2606 383 URAUGIENSIS
3681 319 3767 379 σε

522 452 830 512 verumque
857 436 1020 497 simul
1049 441 1209 499 annis
1236 454 1350 508 sex,
1374 441 1653 502 Gallienus
1682 455 1814 497 vero
1835 439 1985 511 solus
2014 454 2110 513 po-
2141 444 2184 505 Α
2214 438 2520 498 Ysmeneus
2556 443 2860 497 oniiuatur.
2911 439 3255 497 Alexandria:
3295 435 3640 495 constituitur
3674 437 3771 507 epi-

522 543 641 591 stea
677 534 746 566 ⁶⁹¹
777 547 995 599 novem,
1044 531 1143 602 qui
1185 530 1397 588 faciunt
1441 547 1617 588 annos
1657 532 1745 587 15.
1788 528 2112 589 Valerianus

522 628 708 697 itaque
732 624 934 683 nobilis
959 623 1180 695 quidem
1197 631 1317 680 erat
1337 636 1533 696 genere
1553 623 1643 691 ⁶¹³,
1669 623 1899 682 stolidus
1924 632 2110 680 tamen

521 727 576 771 ct
603 713 672 747 ⁸⁸⁸
711 714 862 771 iners
895 714 1152 782 multum,
1192 729 1294 771 nec
1327 713 1396 769 ad
1425 714 1663 785 aliquem
1700 729 1860 771 usum
1902 714 2110 785 publici

521 804 683 863 cilicii
706 804 938 863 consilio
980 821 1079 861 seu
1123 806 1789 877 gestisaccommodatus.
1832 805 2110 864 Gallienus

520 911 704 959 autem
727 903 962 974 primum
994 903 1223 961 feliciter
1255 906 1523 978 regnavit,
1558 915 1748 977 postea
1775 922 1906 963 vero
1929 906 1997 939 "‘
2024 903 2111 961 lu-

524 996 744 1054 xuriose
764 996 975 1064 vivens,
1007 997 1299 1068 imperium
1328 998 1444 1054 fere
1470 998 1844 1056 adnichilavit.
1864 997 2109 1055 Valeria-

522 1104 627 1145 nus
651 1088 819 1160 igitur
836 1088 1010 1144 ﬁlium
1034 1104 1205 1145 suum
1229 1088 1539 1147 Gallienum
1561 1090 1689 1147 fecit
1715 1099 2029 1163 augustum,
2056 1100 2110 1146 et

518 1180 839 1237 Cornelium
888 1177 1243 1237 Valerianum
1261 1224 1277 1249 ,
1325 1181 1557 1238 Gallieni
1604 1181 1799 1249 filium,
1850 1198 2108 1240 eiusat-em

519 1270 822 1326 constituit.
863 1268 985 1326 Mor
1035 1281 1219 1329 autem
1273 1281 1334 1327 ut
1375 1287 1606 1345 regnare
1648 1274 1817 1344 coepit
1863 1272 2109 1329 Licinius

525 1359 865 1431 Valerianus,
912 1365 1352 1435 persecutionem
1407 1382 1441 1422 a
1487 1364 1701 1423 Nerone
1753 1376 2003 1423 octavam
2053 1367 2110 1421 in

518 1456 850 1513 christianos
872 1458 1153 1525 exercuit;
1184 1467 1372 1529 postea
1402 1459 1456 1514 in
1482 1457 1875 1530 Mesopotamia
1905 1459 2109 1515 bellum

518 1564 735 1621 gerens,
763 1565 796 1604 a
821 1548 1029 1620 Sapore
1057 1548 1349 1606 Persarum
1395 1566 1523 1622 rege
1552 1552 1623 1585 ‘“
1649 1559 1841 1622 captus
1882 1550 2107 1607 lumini-

516 1640 732 1710 busque
759 1639 1029 1709 privatus,
1065 1639 1365 1697 miserabili
1403 1640 1664 1697 servitute
1692 1641 1768 1697 ibi
1796 1640 2104 1697 consenuit.

517 1727 669 1794 (Chr.
728 1725 842 1796 W.)
888 1725 1027 1782 Nam
1070 1728 1333 1798 quamdiu
1362 1730 1598 1797 vivebat,
1642 1745 1859 1800 semper
1883 1725 2115 1785 acclinis

517 1822 691 1889 humi,
716 1837 899 1893 regem
919 1821 975 1877 in
998 1838 1200 1893 equum
1224 1838 1582 1879 ascensurum
1613 1825 1778 1881 dorso
1807 1825 2106 1882 attollebat.

517 1914 733 1984 (Βευλ.)
766 1912 920 1969 Unde
941 1914 1011 1948 ⁸³⁸
1031 1914 1309 1971 Gallienus
1331 1924 1443 1971 tam
1473 1917 1624 1972 claro
1645 1916 1738 1971 Dei
1758 1916 1968 1987 judicio
1997 1926 2110 1973 ter-

517 2002 676 2069 ritus,
710 2017 899 2074 pacem
933 2004 1139 2059 nostris
1166 2004 1343 2071 dedit;
1384 2006 1456 2060 ob
1491 2005 1749 2061 meritum
1798 2014 1981 2061 tamen
2027 2006 2112 2061 vel

521 2095 757 2166 propria:
780 2095 1026 2152 libidinis
1044 2097 1139 2152 vel
1161 2104 1399 2168 paternae
1420 2098 1778 2155 theomachiae
1797 2100 2109 2167 innumera,

524 2187 773 2244 barbaris
816 2190 1263 2261 assurgentibus,
1308 2189 1542 2247 Romani
1588 2192 1744 2262 regni
1784 2188 2108 2254 detrimenta

520 2280 804 2336 sustinuit.
844 2280 945 2350 (H.
977 2282 1076 2353 ιη.)
1101 2282 1185 2337 Ad
1220 2273 1497 2339 ultimum'
1529 2283 1808 2355 profectus
1848 2286 2111 2343 adversus

520 2374 819 2431 Aureolum
859 2375 1053 2431 ducem
1089 2392 1274 2442 suum,
1310 2377 1406 2446 qui
1435 2376 1743 2433 Mediolano
1768 2393 2000 2450 regnare
2042 2379 2112 2411 ‘“

516 2463 821 2532 temptavit,
854 2466 1266 2535 comprehendit
1297 2466 1450 2521 illqu
1473 2468 1617 2537 apud
1648 2478 1868 2538 pontem
1910 2468 2006 2538 qui
2043 2485 2111 2525 ex

516 2553 740 2609 nomine
756 2554 879 2625 ejus
906 2555 1180 2613 Aureolus
1204 2558 1527 2627 appellatur,
1550 2568 1606 2615 et
1627 2558 1991 2616 Mediolanum
2012 2561 2112 2616 ob-

452 2638 469 2647 ”
514 2645 683 2712 sedit;
714 2647 811 2703 sed
840 2663 966 2702 cum
998 2648 1071 2703 ibi
1095 2649 1378 2707 luxuriose
1416 2651 1646 2718 viveret,
1690 2653 1927 2709 artificio
1964 2653 2113 2724 ejus-

514 2735 639 2791 dem
671 2736 894 2792 Aureoli
921 2754 955 2794 a
983 2739 1102 2795 suis
1133 2739 1457 2797 interfectus
1486 2750 1594 2809 est,
1637 2759 1784 2798 anno
1813 2745 1994 2799 anatis
2042 2744 2108 2775 "7

516 2830 589 2884 50
622 2830 716 2898 (cf.
747 2830 915 2890 Onus.
938 2850 1041 2901 vn,
1060 2835 1177 2903 22).
1216 2834 1330 2892 liae
1352 2846 1536 2892 autem
1563 2840 1965 2908 persecutione,
1988 2856 2114 2911 quae

516 2923 623 2978 sub
641 2933 795 2994 patre
822 2941 925 2982 suo
946 2926 1088 2983 facta
1113 2939 1219 2995 est,
1243 2929 1410 3000 aliqui
1435 2928 1585 3001 (Chr.
1624 2931 1736 3000 W.)
1767 2947 1961 3002 passos
1989 2950 2112 2989 esse

516 3018 846 3074 confirmant
880 3020 1219 3089 Cornelium,
1268 3020 1521 3090 Lucium,
1565 3023 1903 3094 Stephanum
1950 3026 2020 3058 ⁸³⁸
2057 3036 2112 3083 et

519 3111 737 3167 Sixtum
774 3111 1053 3169 Romanos
1088 3114 1395 3183 pontifices,
1439 3131 1566 3170 cum
1597 3125 1781 3172 tamen
1822 3118 2109 3175 Cornelius

517 3212 571 3257 et
600 3202 811 3269 Sixtus,
842 3212 907 3258 ut
928 3220 1103 3274 supra
1117 3205 1324 3260 dictum
1356 3215 1461 3273 est,
1507 3206 1562 3261 in
1591 3208 1909 3277 passionum
1954 3212 2109 3267 libris

521 3294 626 3349 sub
654 3294 822 3349 Decio
848 3296 997 3365 passi
1025 3296 1293 3367 lcgantur.

592 3385 643 3438 Ι.
686 3384 838 3455 (Chr.
877 3384 987 3457 W.)
1016 3384 1203 3441 Primo
1224 3388 1377 3458 regni
1412 3388 1498 3444 sui
1521 3404 1667 3444 anno
1711 3387 1958 3447 Licinius
2000 3390 2109 3447 Va-

519 3476 764 3534 lerianus
786 3478 1223 3548 persecutionem
1250 3480 1304 3534 in
1330 3481 1665 3537 christianos
1691 3483 1880 3537 movit.
1908 3483 2112 3540 Lucius

519 3584 660 3640 papa
681 3569 812 3625 25⁸⁸
840 3578 1147 3637 mutuatur,
1171 3572 1477 3644 sedensque
1494 3583 1881 3641 menses-octo,
1907 3576 2113 3646 patitur

519 3661 555 3717 4
580 3659 721 3717 Non.
759 3662 917 3719 Mart.
957 3664 1060 3720 Cui
1089 3665 1390 3721 succedens
1428 3663 1741 3736 Stephanus
1777 3666 1933 3735 24⁸³³,
1974 3668 2114 3724 sedit

520 3754 683 3811 annis
710 3754 948 3822 duobus,
982 3756 1295 3828 patiturque
1315 3758 1351 3812 4
1379 3756 1563 3813 Nonas
1582 3757 1837 3830 Augusti.

589 3845 645 3900 4.
684 3845 752 3900 A.
788 3845 855 3901 D.
878 3847 1006 3903 262.
1041 3846 1227 3905 Sinus
1269 3864 1406 3920 papa
1445 3849 1589 3905 25Μ
1625 3850 1931 3917 ordinatus,
1974 3850 2117 3907 sedit

520 3939 683 3996 annis
715 3927 803 4007 il,
832 3943 1147 4013 patiturque
1173 3943 1209 3998 8
1231 3942 1358 3999 ldus
1378 3943 1610 4015 Augusti
1643 3944 1733 4000 “'.
1773 3944 1987 4016 (Βεολ.)
2009 3944 2115 4017 Cy-

518 4032 748 4103 prianus
784 4031 1197 4106 Kartaginensis
1221 4036 1539 4107 episcopus,
1570 4035 1764 4093 doctor
1793 4037 2120 4107 precipuus,

518 4125 679 4196 cujus
725 4125 1047 4184 doctissima
1085 4137 1303 4184 exstant
1336 4128 1619 4200 opuscula,
1666 4129 1917 4186 martirio
1951 4144 2113 4185 coro-

520 4228 704 4284 natur,
740 4219 806 4274 l8
832 4218 1062 4275 Kalend.
1094 4220 1365 4277 Octobris.
1922 4250 1933 4271 ν.

588 4311 643 4365 5.
684 4312 750 4366 Α.
783 4313 844 4366 ι).
875 4312 1002 4368 265.
1046 4312 1368 4371 Theodorus
1394 4322 1758 4387 cognomento
1795 4313 2113 4385 Gregorius,

516 4402 680 4472 cujus
723 4418 887 4474 supra
921 4405 995 4475 (a.
1026 4405 1156 4474 242)
1183 4407 1518 4462 mentionem
1547 4405 1807 4472 fecimus,
1833 4404 2116 4461 Neocaesa-

2212 550 2411 605 scppus
2443 536 2563 589 ll“
2602 533 2891 592 Maximus.

2283 627 2369 682 l3.
2407 628 2472 681 A.
2498 626 2560 683 D.
2589 627 2714 682 271.
2755 626 3057 686 Antiochia:
3080 625 3371 682 ordinatur
3403 621 3647 678 Domnus
3672 635 3771 690 ενι-

2212 735 2412 790 scopus
2438 719 2506 751 “‘
2543 718 2691 773 £6“.

2283 812 2370 867 15.
2412 810 2560 883 (Chr.
2598 810 2711 882 W.)
2734 811 2798 865 Δ.
2832 809 2895 865 D.
2918 810 3043 864 273.
3087 806 3371 862 Dionisius
3395 819 3534 875 papa
3558 802 3691 856 26"
3708 818 3776 855 or-

2211 905 2455 973 dinatus,
2499 905 2641 961 sedit
2676 904 2837 959 anuis
2867 904 2927 960 9.
2961 902 3243 958 Gallienus
3276 895 3569 954 Mediolani
3592 892 3775 949 interﬁ-

2211 999 2376 1055 citur.

2211 1092 2355 1147 Anni
2383 1089 2616 1146 Claudii.

2283 1182 2381 1256 (Η.
2414 1184 2590 1254 misr.)
2628 1182 2790 1237 Anno
2811 1179 3101 1236 dominica:
3130 1174 3535 1234 incarnationis
3550 1171 3671 1227 274.
3696 1166 3783 1224 ετο

2209 1275 2294 1331 bis
2332 1274 2566 1332 condita:
2611 1273 2905 1330 millesimo
2944 1272 3038 1328 25.
3077 1271 3235 1343 (Ann.
3294 1268 3454 1323 Vter.
3488 1296 3561 1306 —
3586 1263 3656 1319 Il.
3698 1266 3775 1314 sm

2210 1368 2494 1437 Claudius,
2519 1383 2680 1439 quem
2718 1365 2876 1422 multi
2899 1365 3091 1421 dicunt
3130 1378 3163 1417 a
3206 1360 3491 1417 Gordiano
3542 1364 3777 1415 creatum.

2208 1464 2336 1518 28“
2385 1463 2455 1518 ab
2483 1463 2755 1534 Angusto,
2787 1477 2819 1516 a
2854 1458 3121 1515 militibus
3149 1457 3381 1522 electus,
3416 1470 3448 1509 a
3487 1463 3685 1508 senatu
3699 1466 3777 1503 an.

2210 1565 2405 1632 gustus
2425 1556 2748 1628 appellatus,
2774 1555 3020 1627 regnavit
3043 1567 3250 1608 annum
3278 1565 3478 1614 unum,
3512 1561 3720 1601 menses
3737 1546 3779 1603 9.

2210 1652 2296 1707 vir
2314 1666 2515 1723 parcus
2541 1659 2596 1705 et
2621 1649 2906 1705 modestus
2942 1656 2997 1703 et
3021 1645 3157 1718 justi
3184 1654 3347 1700 tenax
3368 1658 3437 1697 ac
3469 1640 3557 1695 rei
3584 1638 3785 1710 publica

2213 1743 2466 1800 idoneus.
2505 1740 2605 1798 Hie
2633 1740 2866 1797 Gallieni
2894 1738 3182 1795 morientis
3212 1734 3488 1792 sententia
3519 1733 3781 1802 imperator

2212 1836 2531 1909 designatus
2557 1843 2662 1900 est,
2692 1832 2760 1889 ad
2783 1848 2949 1904 quem
2984 1829 3162 1886 Ticini
3198 1827 3441 1899 positum
3485 1824 3781 1881 vestimenta

2210 1929 2413 2001 regalia
2448 1928 2537 1983 ille
2568 1926 2787 1983 direxit.
2834 1923 2955 1991 Hic,
2992 1922 3279 1979 interfecto
3320 1937 3359 1976 a
3394 1921 3521 1976 suis
3560 1918 3793 1977 Aureolo.

2210 2021 2483 2090 recipiens
2516 2019 2779 2090 legiones,
2818 2016 3027 2074 Gothos
3051 2015 3169 2086 jam
3211 2030 3309 2086 per
3350 2013 3421 2069 15
3449 2028 3635 2067 annos
3657 2008 3779 2064 llliri-

2212 2129 2338 2169 cum
2374 2112 2858 2168 Macedoniamque
2892 2118 3170 2164 vastantes
3205 2106 3415 2178 ingenti
3456 2106 3649 2176 praelia
3663 2104 3786 2165 vicit.

2211 2202 2406 2259 deinde
2444 2202 2710 2258 adversus
2737 2199 2808 2255 50
2838 2200 2987 2256 milia
3027 2199 3465 2254 Alemannorum
3519 2196 3659 2251 haut
3685 2212 3786 2265 pro-

2211 2295 2301 2352 cul
2328 2313 2358 2352 a
2383 2297 2507 2352 lacu
2532 2294 2746 2350 Bonam
2764 2293 3067 2359 dimicans,
3083 2298 3292 2346 tantam
3316 2303 3525 2344 eorum
3570 2289 3789 2344 multum

2212 2402 2338 2443 nem
2365 2386 2524 2452 fudit,
2548 2394 2609 2441 ut
2632 2386 2723 2441 vix
2750 2383 2977 2439 dimidia
3014 2397 3144 2453 pars
3181 2389 3522 2436 remaneret.
3560 2378 3663 2445 Qui
3686 2393 3785 2433 cunt

2212 2477 2357 2532 intra
2397 2476 2681 2535 biennium
2724 2474 2918 2530 morbo
2950 2473 3219 2537 interiret,
3246 2479 3404 2526 tanto
3432 2486 3571 2525 eum
3598 2480 3795 2526 senatus

2212 2568 2489 2625 decoravit
2518 2568 2748 2633 honore,
2777 2574 2840 2621 ut
2861 2565 3023 2620 divus
3047 2563 3440 2634 appellaretur,
3478 2572 3542 2616 ct
3582 2562 3636 2616 in
3662 2562 3789 2617 cinia

2213 2661 2421 2730 clipeus
2448 2675 2677 2726 aureus,
2704 2658 2759 2713 in
2784 2656 3056 2728 Capitolio
3081 2672 3211 2711 vero
3231 2670 3401 2709 aurea
3425 2664 3618 2710 statua
3645 2654 3691 2709 ei
3708 2670 3791 2724 μα

2213 2758 2456 2805 neretur.
2497 2747 2670 2818 Cuju‘s
2711 2745 2882 2801 frater
2925 2743 3317 2812 Quintilianus,
3358 2742 3445 2797 vir
3483 2743 3661 2798 unica:
3696 2758 3792 2795 nio-

2212 2838 2512 2895 derationis
2531 2846 2587 2893 et
2609 2836 2888 2893 civilitatis
2901 2836 3161 2905 solusque
3189 2833 3351 2888 fratri
3381 2833 3749 2904 prefereudns,
3766 2848 3792 2885 ι

2213 2932 2480 2988 militibus
2530 2932 2781 2996 electus,
2834 2940 2894 2985 et
2942 2943 3217 2985 consensu
3270 2934 3508 2982 senatus
3556 2935 3793 2996 augustas

2213 3023 2519 3095 appellatus
2566 3022 2659 3089 ⁸³⁸,
2720 3021 2788 3076 17
2848 3018 3064 3091 imperii
3121 3017 3210 3074 die
3265 3016 3543 3089 Aquileia:
3604 3016 3795 3075 occulis

2211 3125 2314 3173 est.

2284 3209 2339 3263 2.
2384 3207 2599 3279 (Βεω.)
2625 3206 2691 3262 Α.
2719 3206 2783 3260 Ι).
2811 3205 2938 3260 275.
2985 3202 3190 3259 Paulus
3230 3201 3673 3259 Samosathenus
3700 3200 3787 3254 An-

2212 3301 2429 3358 tiochiae
2453 3300 2747 3371 episcopus
2774 3315 2805 3355 a
2836 3297 3025 3353 multis
3065 3295 3344 3367 episcopis
3382 3295 3666 3351 hereticus
3695 3309 3796 3348 esse

2214 3392 2589 3457 convincitur,
2625 3390 3007 3462 dogmatizans
3048 3387 3335 3443 Christum
3372 3386 3690 3442 communis
3715 3399 3793 3437 na-

2212 3493 2351 3541 tura:
2380 3484 2657 3539 hominem
2700 3490 2915 3537 tantum
2950 3479 3157 3546 fuisse;
3184 3479 3461 3534 adversus
3495 3494 3658 3549 quau
3684 3476 3793 3530 Ial-

2213 3575 2400 3642 chion,
2423 3574 2826 3631 disertissimus
2842 3572 3196 3628 Antiochenae
3220 3570 3505 3641 presbiter
3541 3568 3791 3627 accinxit.

2218 3675 2407 3738 utpote
2436 3668 2490 3721 in
2516 3667 2705 3723 eadem
2728 3665 2976 3722 tecclesia
3001 3663 3336 3720 rethoricam
3361 3663 3652 3726 docuerat,
3669 3660 3793 3715 acci-

2213 3760 2491 3830 pientibus
2547 3760 2779 3815 notariis
2827 3757 3163 3828 disputabat,
3207 3756 3308 3826 qui
3354 3756 3615 3827 dialogus
3650 3770 3793 3823 usque

2217 3852 2377 3907 hodie
2398 3860 2599 3907 exstat.
2639 3849 2848 3921 (illam)
2872 3848 3095 3919 Deiecto
3114 3856 3300 3902 autem
3325 3845 3528 3913 Paulo,
3555 3847 3676 3901 l6!"
3702 3846 3793 3898 An-

2217 3942 2431 3999 tiochiae
2453 3943 2521 3975 ⁸³³
2543 3943 2874 4014 subrogatur
2898 3940 3150 3995 Domnus
3178 3940 3503 4011 episcopus.

2215 4036 2367 4091 Anni-
2413 4034 2714 4091 Aureliani.

2287 4126 2385 4198 (Η.
2410 4127 2510 4198 m.)
2540 4128 2700 4181 Anno
2725 4125 3018 4182 dominicae
3052 4123 3459 4180 incarnationis
3484 4122 3615 4187 276,
3636 4139 3666 4175 a
3686 4136 3795 4176 tor

2216 4218 2330 4277 dita
2360 4218 2506 4275 Urbe
2532 4218 2825 4274 millesimo
2852 4216 2943 4271 27.
2982 4216 3335 4283 Aurelianus,
3371 4224 3531 4285 patre
3557 4202 3797 4269 ωεσίἰοσῖ

2215 4320 2290 4378 et,
2321 4320 2382 4367 ut
2417 4311 2628 4376 dicunt,
2664 4309 2872 4365 Aurelii
2913 4308 3186 4365 senatoris
3228 4307 3432 4364 colono
3477 4304 3787 4378 progenitas.

2214 4403 2343 4458 29'"
2373 4402 2443 4457 ab
2470 4401 2749 4472 Augusto,
2781 4400 3073 4471 imperator
3113 4400 3351 4466 electus,
3375 4398 3629 4470 regnavit
3656 4395 3791 4452 annis

516 4494 617 4550 rite
649 4496 718 4529 ⁸³⁸
745 4495 906 4551 Ponti
929 4497 1242 4568 episcopus,
1276 4514 1475 4570 magna
1501 4500 1764 4554 virtutum
1795 4499 1975 4570 gloria
1997 4499 2113 4554 ela-
2147 4512 2193 4568 [ι
2218 4497 2509 4562 5,menses
2528 4495 2583 4562 6,
2618 4496 2701 4550 vir
2726 4494 2781 4550 in
2814 4495 2955 4550 bello
2977 4501 3190 4564 potens,
3219 4492 3316 4548 sed
3340 4493 3517 4548 animi
3542 4489 3791 4546 immodici

516 4586 652 4652 ruit,
675 4587 771 4658 qui
793 4595 848 4642 et
868 4596 1121 4660 stagnum
1144 4590 1419 4660 quoddam
1446 4590 1704 4661 precibus
1723 4590 2041 4655 exsiccavit,
2057 4600 2117 4646 et

516 4687 784 4745 montem,
817 4690 877 4735 ut
909 4681 1172 4736 aacclesia:
1206 4682 1358 4738 locus
1396 4680 1684 4749 suﬂiceret,
1714 4682 1884 4738 movit

588 4771 643 4825 6.
678 4770 886 4841 (litate)
910 4772 975 4826 A.
1008 4771 1071 4826 D.
1100 4772 1231 4827 264.
1266 4773 1570 4829 Antiochia:
1590 4774 1878 4829 ordinatur
1897 4774 2111 4844 episco-
2158 4844 2163 4849 η

518 4878 622 4932 pus
648 4863 772 4919 15‘“
806 4862 1014 4919 Paulus
1036 4863 1490 4920 Samosathenus.

591 4952 641 5007 7.
685 4953 834 5023 (Chr.
872 4954 986 5025 W.)
1010 4956 1074 5010 A.
1100 4955 1163 5010 D.
1186 4957 1315 5011 265.
1357 4955 1676 5012 Valerianus
1698 4973 1729 5011 a
1755 4956 1960 5027 Sapore
1981 4955 2111 5012 Per-

522 5058 708 5099 sarum
730 5060 858 5118 rege
878 5048 1113 5117 capitur.

593 5135 645 5189 8.
698 5136 765 5191 A.
812 5137 875 5192 D.
916 5140 1041 5194 266.
1087 5137 1369 5197 Gallienus
1399 5156 1531 5197 casu
1566 5140 1738 5210 patris
1766 5140 2110 5210 perterritus,

522 5223 711 5297 pacem
741 5230 1058 5289 christianis
1094 5234 1206 5289 dat.

598 5320 683 5379 l2.
721 5320 928 5393 (litem)
963 5325 1026 5379 A.
1056 5324 1117 5381 D.
1140 5326 1271 5381 270.
1308 5325 1794 5383 Hierosolimorum
1818 5326 2111 5396 episcopus

2212 4598 2268 4645 et
2296 4590 2364 4643 ad
2395 4588 2773 4645 crudelitatem
2817 4586 3213 4658 propensioris,
3255 4585 3331 4640 ita
3373 4594 3436 4640 ut
3472 4600 3583 4639 non
3634 4582 3787 4638 solum

2215 4680 2427 4735 nobiles
2468 4680 2653 4750 plures
2682 4678 2991 4744 damnaret,
3041 4676 3137 4732 sed
3170 4676 3340 4732 etiam
3378 4676 3593 4731 sororis
3614 4690 3718 4730 sua:
3737 4672 3785 4725 i-

2212 4774 2347 4829 lium
2380 4784 2622 4830 neearet.
2657 4773 2972 4844 Disciplinae
2998 4782 3182 4828 tamen
3220 4772 3482 4828 militaris
3508 4782 3562 4828 et
3596 4786 3784 4826 morum

2211 4868 2605 4924 dissolutorum
2629 4882 2827 4937 magna
2854 4875 2974 4922 erat
2997 4882 3063 4921 ex
3095 4867 3164 4896 ⁸³⁸
3188 4874 3344 4935 parte
3368 4874 3664 4928 corrector,
3680 4862 3783 4931 qni-

2213 4976 2321 5031 que
2353 4959 2565 5015 Gothos
2601 4958 2985 5015 strenuissime
3010 4959 3167 5023 vicit,
3200 4958 3338 5013 haut
3366 4958 3651 5014 dissimilis
3688 4953 3781 5007 la-

2214 5069 2322 5124 gno
2342 5052 2651 5108 Alexandro
2670 5069 2766 5107 seu
2793 5050 2998 5106 Catsari
3019 5050 3299 5105 dictatori.
3337 5048 3477 5105 Nam
3504 5049 3780 5103 Romani!

2214 5143 2504 5213 imperium
2544 5142 2789 5197 triennio
2824 5140 2894 5195 ab
2925 5138 3277 5194 invasorihus
3327 5138 3643 5208 receptavit,
3677 5150 3779 5189 cunt

2213 5234 2519 5289 Alexander
2546 5233 2706 5289 annis
2730 5233 2805 5265 ⁸³⁸
2837 5232 2901 5286 l2
2928 5246 3024 5301 per
3054 5231 3304 5302 ingentes
3329 5229 3588 5287 victorias
3622 5227 3685 5283 ad
3710 5225 3777 5277 ln-

2212 5325 2359 5380 diam
2407 5325 2735 5395 pervenerit,
2780 5333 2835 5379 et
2874 5323 3042 5379 Caius
3071 5322 3259 5378 Caesar
3297 5322 3564 5379 decennis
3599 5318 3775 5377 Causas

1810 5479 1895 5535 VA
1904 5480 2045 5537 ΒΙᾹΞ
2080 5480 2484 5538 LECTIONES.

595 5617 664 5649 ⁵³⁸
701 5633 757 5688 p.
787 5617 938 5673 solus
953 5618 1011 5688 5.
1070 5617 1156 5688 6”
1212 5633 1262 5688 g.
1311 5619 1524 5688 erat}.
1602 5618 1669 5651 ⁸³³
1708 5618 1851 5672 deest
1879 5618 1967 5673 9°.

2040 5618 2110 5650 ⁶⁸⁵
2156 5634 2210 5671 ιι.
2257 5626 2312 5671 et
2348 5635 2399 5687 g.
2562 5620 2631 5650 ⁸³⁸
2654 5619 2795 5672 deest
2843 5619 2928 5671 9°.

3006 5618 3075 5649 “7
3106 5634 3163 5671 a.
3195 5632 3311 5671 sua:
3336 5617 3419 5671 9C.
3489 5614 3559 5646 "‘
3580 5614 3615 5668 Ι.
3644 5620 3691 5666 et
3712 5622 3763 5663 st.

520 5682 768 5768 atque-5.
791 5688 914 5768 m‘”
1030 5687 1101 5741 id.
1133 5703 1185 5741 a.
1215 5682 1403 5768 desunt
1565 5688 1797 5768 quod-in
1833 5705 2001 5768 "terg.
2046 5696 2282 5768 notatur.
2349 5682 2427 5719 “3“
2457 5690 2825 5768 gitcoresarite
2874 5689 2926 5743 3.
3001 5688 3066 5720 ⁸³³
3097 5704 3146 5742 e.
3202 5685 3381 5743 XVI"
3407 5684 3467 5741 D.
3510 5682 3565 5740 5.
3640 5682 3703 5714 ⁸³
3724 5696 3763 5731 =-

790 5759 857 5792 ⁸⁸³
882 5758 1165 5813 antioccne
1194 5757 1437 5813 ecclesize
1476 5758 1526 5811 .‘i.
1607 5759 1671 5789 δν·
1698 5759 1836 5812 deest
1870 5757 1964 5811 El.

525 5769 607 5818 est
632 5762 716 5814 υτ.

2046 5759 2114 5789 ⁸³⁸
2137 5773 2232 5828 per
2257 5774 2431 5815 annos
2456 5760 2507 5813 5.
2535 5761 2593 5815 9c
