3876 6306
92 356 181 415 697
972 357 1338 414 CllRONlCA.
1378 390 1385 398 -
1417 388 1447 398 -
1480 356 1874 414 CllRONlCON
1915 357 2372 417 UNIVERSALE.

3213 358 3320 420 698

91 466 413 539 superaverit,
438 466 699 524 adversus
727 469 874 526 cives
901 471 1275 541 quadriennio.-
1295 471 1632 542 pugnaverit.
1666 473 1708 530 A
1740 480 1828 526 tur
1873 472 2107 543 impleri,
2150 490 2218 530 ex
2264 491 2378 545 quo
2423 475 2614 533 insana
2651 477 3059 534 Manicheorum
3106 477 3317 534 heresis

91 559 170 616 llic
194 559 393 629 primus
437 560 577 629 apud
611 560 893 618 Romanos
931 562 1182 618 diadema
1210 562 1374 633 capiti
1396 579 1500 619 suo
1528 565 1634 617 im-

88 648 243 719 posuit
265 657 316 702 et
355 658 530 705 vestes
569 665 707 705 auro
742 651 1084 723 gemmisque
1129 659 1412 707 contextus
1445 652 1501 706 in
1528 668 1638 708 usu

88 741 264 805 habuit,
290 741 434 810 quod
468 750 629 797 antea
663 741 927 799 Romanis
958 743 1260 813 majoribus
1293 743 1631 815 incognitum

86 831 185 896 fuit,
211 832 441 901 porcina:
470 848 690 903 quoque
725 834 908 890 carnis
933 851 1096 890 usum
1126 836 1330 905 populo
1370 835 1635 890 instituit.

86 921 165 977 llic
197 938 311 978 cum
358 924 794 993 persecutionem
845 941 1049 980 nonam
1108 933 1231 995 post
1263 924 1531 981 Neronem
1575 926 1630 980 in

84 1014 389 1071 Chn'stianos
418 1016 681 1073 movisset
704 1017 793 1085 "5,
831 1016 1038 1073 fulmen
1068 1025 1195 1072 ante
1238 1018 1391 1073 illum
1431 1033 1632 1088 magno

84 1104 517 1162 circumstantium
561 1124 762 1179 pavore
816 1109 964 1180 ruit,
1007 1125 1073 1166 ac
1124 1126 1234 1165 non
1290 1110 1464 1165 multo
1509 1118 1632 1180 post

85 1197 199 1251 inter
222 1195 747 1271 Constantinopolim
774 1208 831 1256 et
851 1179 1158 1258 Heracliam
1189 1217 1223 1258 a
1253 1179 1525 1258 militibus
1545 1218 1633 1258 oc-

84 1302 205 1341 rtsus
234 1295 333 1342 est.

138 1375 182 1429 2.
220 1375 417 1449 (illum)
448 1379 511 1433 Λ.
553 1379 613 1434 D.
649 1381 774 1436 277.
814 1380 1116 1440 Antiochiae
1138 1383 1376 1456 Tymcus
1404 1385 1628 1441 ordina-

84 1475 153 1520 tur
171 1469 446 1541 episcopus
470 1472 620 1528 Πιιι.

136 1559 182 1612 ι.
210 1560 270 1615 A.
305 1560 365 1615 D.
394 1562 522 1618 279.
566 1564 834 1623 Eusebius
862 1567 1206 1626 Laodicenus
1236 1571 1303 1603 “7
1340 1571 1630 1643 episcopus

82 1648 276 1722 insignis
309 1654 560 1711 habetur.

135 1744 184 1797 5.
204 1744 261 1797 Α.
294 1745 355 1799 D.
387 1746 515 1803 280.
557 1750 888 1811 Aurelianus
917 1755 1202 1812 occiditur.

81 1832 239 1891 Annus
261 1835 451 1893 Taciti.

134 1925 271 1982 Auno
285 1929 574 1988 dominicae
598 1933 994 1994 incarnationis
1013 1939 1112 1994 28]
1125 1982 1140 2007 ,
1160 1941 1231 1994 ab
1253 1940 1396 1997 Urbe
1407 1942 1627 2001 condita

80 2018 332 2074 millesimo
371 2022 462 2077 52.
504 2023 750 2096 Tacitus,
795 2030 866 2085 ab
900 2030 1146 2104 Augusto
1195 2034 1346 2101 50“,
1386 2037 1629 2106 suscepit

79 2109 346 2179 imperium,
395 2115 481 2170 vir
527 2121 744 2192 egregie
778 2132 1024 2179 moratus
1058 2125 1127 2157 ⁸³⁸
1155 2134 1209 2181 et
1239 2126 1308 2181 ad
1336 2129 1626 2198 regendam

79 2216 167 2255 rem
196 2204 455 2273 publicam
491 2209 753 2278 idoneus;
788 2215 898 2269 sed
918 2216 1086 2271 nichil
1110 2218 1287 2287 potuit
1314 2221 1625 2289 ostendere,

77 2294 176 2361 quia
195 2308 305 2365 post
330 2316 424 2356 sex
454 2317 675 2360 menses
695 2306 840 2377 apud
863 2306 1099 2365 Pontum
1119 2312 1337 2367 occisus
1357 2321 1463 2368 est.
1486 2311 1627 2370 Huic

76 2383 324 2445 l'lurianus
352 2397 642 2465 successit,
666 2399 759 2454 sed
786 2416 889 2456 nec
916 2401 1007 2458 hic
1027 2404 1233 2475 aliquid
1257 2406 1480 2477 dignum
1511 2424 1626 2465 me-

76 2479 218 2534 moria
245 2482 371 2553 egit,
398 2487 535 2555 quia
562 2488 777 2547 duobus
809 2500 1021 2550 tantum
1053 2496 1121 2529 ⁶³⁹
1151 2499 1433 2555 mensibus
1459 2509 1514 2556 et
1543 2502 1626 2556 vi-

77 2565 185 2633 ginti
208 2570 391 2630 diebus
417 2576 473 2630 in
497 2578 732 2648 imperio
761 2582 915 2638 vixit.
954 2583 1092 2641 Nam
1115 2587 1244 2642 dum
1269 2604 1466 2659 magna
1496 2606 1627 2661 pars

76 2662 306 2753 exercitus
335 2666 564 2737 eligeret
601 2668 882 2740 Equitium
931 2674 1191 2746 Probum,
1236 2681 1443 2737 militiae
1481 2685 1625 2753 peri-

77 2752 184 2839 tum,
219 2749 406 2809 Florus
447 2755 519 2787 “°
549 2758 708 2826 quasi
750 2774 846 2828 per
884 2761 1072 2819 ludum
1114 2767 1288 2821 tenuit
1334 2749 1625 2839 imperium

76 2838 234 2897 diebus
257 2843 324 2899 60
358 2846 449 2913 ⁸η,
490 2847 690 2905 deinde
725 2851 945 2908 sibimet
977 2870 1146 2912 venas
1187 2838 1453 2927 incidens,
1497 2874 1625 2917 san-

75 2930 206 3076 guige
228 2932 428 3080 ἔπιθι-ἰὴ
454 2937 634 2995 effuso
656 2938 750 3012 (cf.
776 2939 848 2996 Η.
877 2958 973 3010 m.,
999 2942 1181 3013 litem,
1203 2944 1359 3002 Jonn.
1393 2948 1471 3004 De
1500 2967 1545 3004 r.
1573 2967 1618 3005 ε.

75 3031 115 3075 et
185 3065 198 3078 .
274 3026 332 3080 .l.

74 3031 115 3075 et
138 3026 198 3078 ll.
228 3026 332 3097 R.).

75 3112 186 3170 Auni
219 3118 391 3176 Probi.

128 3205 211 3277 (Il.
248 3211 339 3282 m.)
377 3212 544 3271 Anno
566 3216 854 3276 dominicae
884 3220 1277 3278 incarnationis
1298 3222 1424 3278 282.
1459 3223 1620 3281 Urbis

73 3302 265 3358 condita:
289 3306 584 3363 millesimo
606 3310 693 3365 55.
720 3311 954 3382 Probus,
983 3315 1053 3369 ab
1072 3314 1322 3385 Augusto
1345 3316 1494 3384 ὖιυε,
1520 3318 1622 3372 im-

72 3392 521 3487 periumadeptus,
546 3404 794 3473 regnavit
823 3407 984 3462 annis
1019 3410 1072 3474 ϐ,
1106 3423 1323 3466 menses
1360 3410 1413 3463 4.
1458 3410 1618 3482 (Aea.

73 3478 222 3555 Vicr.)
254 3486 357 3543 lste
392 3500 552 3559 patre
581 3494 798 3563 genitus
836 3497 1063 3564 rustico,
1096 3499 1380 3554 hortorum
1416 3478 1623 3557 cultore

72 3575 460 3648 studiosissimo,
506 3586 727 3640 nomine
766 3586 1057 3657 Dalmatio,
1093 3591 1265 3662 gloria
1295 3593 1514 3648 militari
1553 3594 1622 3649 ad

70 3670 589 3732 :uiministrationem
621 3679 898 3748 publicam
926 3684 1189 3751 accessit;
1227 3684 1323 3756 (Il.
1365 3685 1461 3755 νη.)
1491 3685 1620 3740 Gal-

70 3757 199 3817 liasa
231 3763 480 3824 barbaris
520 3781 813 3841 occupatas
852 3775 1057 3846 ingenti
1097 3778 1411 3846 praeliorum
1446 3779 1620 3835 felici-

69 3858 157 3906 tate
178 3857 425 3927 restituit,
460 3860 548 3914 vir
578 3878 722 3929 acer,
746 3872 1005 3921 strenuus
1034 3875 1088 3921 et
1107 3868 1313 3937 justus,
1338 3871 1507 3924 multa
1530 3887 1622 3941 ge-

70 3953 172 3995 rens
208 3943 360 4012 bella,
409 3959 467 4004 et
512 3953 607 4020 qui
643 3952 999 4010 Aurelianum
1048 3958 1218 4028 gloria
1263 3959 1483 4015 militari
1524 3978 1621 4018 co-

68 4045 275 4102 :equaret
311 4047 366 4093 et
413 4056 635 4096 morum
676 4044 934 4101 civilitate
959 4055 1258 4117 superaret.
1301 4046 1624 4106 Interfectus

70 4133 135 4177 est
163 4138 331 4184 autem
374 4132 522 4203 apud
557 4133 819 4190 Sirmium
854 4137 1079 4193 militari
1117 4141 1374 4195 tumultu.
1416 4140 1622 4209 (illam)

69 4212 147 4273 llis
176 4226 511 4294 temporibus
546 4224 892 4296 Anatholius,
940 4231 1162 4287 natione
1197 4232 1622 4299 Alexandrinus,

68 4304 301 4370 Laodicia:
332 4315 510 4389 Syriae
549 4320 860 4390 episcopus,
892 4322 1357 4394 phylosophorum
1389 4325 1627 4396 discipli-

66 4400 136 4457 nis
170 4407 429 4476 eruditus,
480 4411 720 4480 plurimo
755 4429 1009 4471 sermone
1049 4417 1384 4487 celebratur;
1432 4419 1623 4490 (Beas)

1732 571 1851 619 orta
1890 574 1993 619 est.
2764 592 2767 593 ν

1803 654 1856 707 4.
1901 652 2108 724 (Hiram)
2132 654 2197 710 A.
2225 654 2286 710 D.
2316 656 2443 712 285.
2477 657 2712 728 Cyrillus
2753 659 2871 712 l8“.
2899 658 3200 714 Antiochiae
3226 664 3319 713 or-

1731 744 1952 800 dinatur
1979 746 2287 816 episcopus.
3194 760 3197 763 '
3310 756 3315 761 ’

1710 839 1721 845 ’
1802 834 1855 889 6.
1884 835 1950 889 A.
1985 834 2047 891 D.
2086 836 2211 891 287.
2251 836 2609 894 Euthiciauus
2655 854 2791 909 papa
2834 839 2962 893 28υἰ
3006 839 3312 904 ordinatur,

1732 927 2037 995 sedensque
2055 938 2273 985 menses
2286 930 2502 997 decem,
2522 931 2754 986 decessit
2779 931 2811 986 6
2833 929 2960 987 ldus
2980 930 3310 987 Decembris.

1731 1018 1832 1074 Cui
1862 1020 2159 1075 succedens
2194 1020 2361 1076 Gaius
2387 1022 2540 1089 29'",
2574 1023 2713 1078 sedit
2756 1024 2916 1079 annis
2961 1024 3047 1090 15,
3084 1024 3317 1094 patitur-

1731 1127 1837 1184 que
1867 1113 1970 1168 sub
1991 1111 2326 1167 Diocletiano
2358 1112 2425 1167 l0
2460 1113 2685 1170 Kalend.
2723 1114 2831 1170 Mai
2861 1114 2953 1186 (cf.
3002 1114 3129 1170 Chr.
3176 1114 3316 1185 W.).

1730 1203 2070 1259 Alexandriae
2090 1203 2373 1260 ordinatur
2387 1204 2639 1261 Theonas
2656 1206 2945 1278 episcopus
2966 1207 3112 1263 l5".
3130 1206 3309 1277 (lima.

1729 1320 1801 1330 —
1819 1289 2012 1362 Beas.)
2033 1291 2335 1348 Archelaus
2368 1291 2772 1364 Mesopotamia:
2796 1296 3085 1367 episcopus
3114 1297 3321 1352 librum

1730 1380 2117 1452 disputationis
2141 1396 2274 1449 suae,
2304 1399 2470 1453 quam
2500 1385 2690 1439 habuit
2711 1387 2972 1443 adversus
2992 1387 3184 1442 Manen
3219 1387 3319 1442 he;

1731 1473 2090 1541 resiarebam,
2125 1473 2263 1546 Syro
2289 1490 2543 1531 sermone
2577 1478 2905 1548 composuit,
2950 1479 3044 1549 qui
3077 1479 3314 1534 transla~

1731 1575 1821 1623 tus
1860 1582 1893 1621 a
1923 1566 2113 1623 Grecis
2155 1568 2388 1624 habetur
2419 1585 2450 1624 a
2488 1571 2698 1627 multis.

1739 1660 1873 1715 Anni
1902 1660 2047 1715 Cari.

1802 1754 1853 1807 l.
1911 1751 2010 1825 (Η.
2056 1752 2155 1825 m.)
2201 1751 2362 1807 Anno
2408 1752 2698 1810 dominicae
2753 1752 3147 1810 incarnationis
3185 1753 3310 1809 288.

1656 1813 1702 1872 Β
1733 1843 1894 1900 Urbis
1918 1813 2152 1900 conditae
2176 1843 2468 1899 millesimo
2496 1844 2585 1899 39.
2625 1844 2802 1901 Carus
2822 1842 3074 1900 Narbone
3100 1843 3155 1899 in
3190 1844 3321 1899 Gal-

1729 1934 1799 1988 lia
1835 1940 2016 1999 natus,
2045 1933 2171 1987 329'
2202 1932 2272 1988 ab
2300 1932 2546 2003 Augusto
2591 1933 2678 1998 ⁸¹⁶⁶,
2727 1948 2964 2003 moxque
3002 1933 3143 1989 filios
3184 1947 3321 1988 suos

1727 2025 1987 2080 Carinum
2014 2032 2069 2079 et
2095 2023 2488 2080 Numerianum
2517 2040 2748 2080 caesares
2777 2023 3003 2091 iaciens,
3031 2025 3171 2079 duos
3190 2038 3317 2078 eum

1729 2116 1817 2172 his
1837 2132 2014 2173 annos
2048 2116 2312 2188 regnavit.
2355 2115 2424 2183 ls,
2459 2117 2722 2171 nunciato
2759 2115 2864 2171 sibi
2903 2102 3195 2170 Persarum
3225 2123 3317 2169 tu-

1728 2208 1924 2276 multu,
1954 2208 2231 2279 profectus
2260 2208 2316 2263 in
2336 2208 2624 2274 orientem,
2647 2222 2771 2261 cum
2796 2207 2939 2277 apud
2964 2205 3313 2260 Antiochiam

1727 2309 1994 2367 maneret,
2017 2298 2405 2367 Numerianus,
2428 2300 2577 2356 [ilius
2612 2300 2752 2369 ejus,
2794 2299 3095 2354 accelesiam
3142 2297 3323 2352 voluit

1728 2391 1934 2450 intrare
1952 2400 2005 2447 et
2028 2392 2457 2449 ehristianorutn
2482 2391 2787 2446 ministeria
2812 2392 3116 2461 explorare.
3141 2388 3323 2457 Quem

1726 2499 1852 2539 cum
1892 2492 2114 2539 sanctus
2152 2483 2389 2554 Cyrillus
2421 2482 2710 2553 episcopus
2744 2482 3074 2551 prohiberet,
3103 2481 3312 2545 dicens,

1726 2574 1805 2629 illi
1835 2590 1946 2631 non
1978 2575 2142 2631 licere
2164 2574 2377 2647 divina.
2400 2574 2647 2629 misteria
2688 2573 2889 2639 videre,
2936 2572 3030 2643 qui
3073 2573 3323 2643 pollutus

1725 2675 1872 2723 esset
1910 2666 2197 2722 sacriﬁciis
2240 2666 2549 2738 ydolorum,
2598 2665 2911 2735 indignatus
2960 2663 3070 2731 ille,
3117 2663 3319 2719 occidit

1723 2775 1870 2815 eum.
1907 2758 2086 2815 Carus
2128 2766 2312 2814 autem
2356 2773 2487 2813 cum
2513 2758 2579 2790 “7
2605 2757 2801 2812 Persas
2837 2756 3048 2812 fortiter
3085 2756 3142 2810 in
3171 2755 3319 2810 bello

1724 2859 1995 2907 sterneret
2018 2859 2074 2907 et
2099 2850 2421 2906 notissimas
2445 2849 2611 2905 urbes
2651 2863 2844 2903 eorum
2883 2854 3121 2917 caperet,
3150 2860 3316 2915 super

1725 2942 2014 3014 Tygridem
2041 2942 2266 2997 ﬂuvium
2291 2952 2473 2998 castra
2497 2956 2728 3011 ponens,
2763 2939 2873 2995 ictu
2901 2937 3150 2994 fulminis
3170 2937 3313 2992 intc-

1722 3037 1835 3090 riit.
1874 3034 2242 3094 Numeriauus
2269 3049 2422 3099 vero,
2449 3032 2597 3088 ﬁlius
2619 3031 2761 3102 ejus,
2796 3046 2921 3086 cum
2960 3030 3148 3085 dolore
3181 3044 3321 3084 σευ-ι

1650 3152 1691 3209 C
1725 3126 1904 3183 lorum
1933 3132 2125 3195 captus
2150 3125 2206 3179 in
2234 3124 2425 3179 lectica
2450 3123 2760 3188 veheretur,
2799 3120 3011 3176 insidiis
3050 3119 3182 3190 Apri
3217 3134 3321 3174 50--

1723 3218 1837 3273 eeri
1862 3217 1949 3274 sui
1971 3217 2190 3273 occisus
2213 3224 2315 3271 est.
2339 3215 2587 3284 Cumque
2612 3228 2761 3268 mors
2784 3212 2902 3282 ejus
2925 3212 3327 3277 occultaretur,_

1722 3312 1896 3368 donec
1917 3310 2063 3380 Aper
2083 3324 2311 3381 regnum
2334 3314 2522 3377 posset
2546 3305 2825 3369 invadere,
2853 3303 3048 3359 fictore
3067 3302 3321 3372 corporis

1724 3402 1904 3458 scelus
1943 3401 2218 3471 proditum
2264 3407 2367 3455 est.
2408 3397 2618 3453 Interea
2643 3395 2878 3452 Carinus
2913 3395 2969 3450 in
3003 3394 3156 3450 Italia
3190 3394 3316 3450 reli-

1723 3504 1865 3560 ctus,
1895 3491 2159 3548 Sabinum
2184 3489 2471 3547 Iulianum
2489 3486 3059 3547 invadentemltaliam
3085 3486 3140 3541 in
3167 3501 3318 3541 eam-

1722 3587 1810 3657 pis
1840 3583 2251 3641 Veronensibus
2294 3580 2516 3647 occidit,
2548 3594 2608 3636 se
2641 3580 2824 3649 ipsum
2856 3592 2998 3634 vero.
3020 3576 3318 3641 sceleribus

1724 3677 2052 3748 inquinavit,
2082 3676 2284 3733 multos
2314 3673 2470 3731 falsis
2501 3672 2828 3729 criminibus
2850 3670 3127 3736 occidens,
3154 3668 3323 3724 nohi-e

1723 3770 1860 3828 lium
1893 3778 2176 3829 matronas
2202 3768 2255 3824 vi
2278 3781 2668 3837 corrumpens,
2689 3764 3056 3835 omnibusque
3082 3761 3323 3826 invisus,

1724 3878 1835 3922 non
1862 3864 2039 3919 multo
2075 3871 2200 3933 post
2238 3860 2544 3917 trucidatur
2571 3858 2859 3928 cujusdam
2888 3856 3096 3912 tribuni
3139 3855 3319 3910 mani-

1725 3959 1849 4023 bus,
1880 3957 2040 4027 cujus
2067 3969 2293 4010 uxorem
2328 3952 2530 4009 dicitur
2555 3952 2840 4021 polluisse.

1797 4050 1850 4104 2.
1887 4047 1955 4102 A.
1981 4047 2044 4102 D.
2072 4046 2199 4101 289.
2239 4044 2415 4101 Carus
2441 4043 2671 4100 fulmine
2711 4043 2893 4115 periit,
2942 4043 3042 4099 filii
3076 4042 3200 4115 ejus
3224 4058 3321 4100 oc!

1725 4140 1828 4197 cisi
1861 4147 1990 4196 sunt
2019 4138 2112 4210 (cf.
2139 4137 2266 4193 Chr.
2298 4136 2432 4207 W.).
3316 4164 3317 4167 η

1727 4232 1870 4287 Anni
1897 4229 2217 4286 Diocletiani
2239 4238 2292 4284 et
2320 4227 2657 4282 Maximiani.

1797 4322 1896 4396 (H.
1949 4321 2048 4392 νη.)
2098 4322 2259 4377 Anno
2309 4319 2601 4376 dominicae
2644 4318 3041 4376 incarnationis
3088 4317 3215 4385 290,
3247 4319 3319 4373 ab

1729 4416 1874 4473 Urbe
1916 4415 2137 4472 condita
2179 4413 2474 4470 millesimo
2510 4412 2612 4467 41.
2664 4411 3052 4477 Diocletianus,
3091 4412 3218 4466 55Μ
3247 4411 3320 4466 ab

64 4492 195 4561 cujus
220 4497 421 4570 ingenii
450 4504 768 4574 magnitudo
787 4506 855 4561 de
880 4507 1020 4563 libro
1044 4525 1207 4579 quem
1234 4526 1398 4581 super
1420 4511 1624 4581 pascha
1657 4491 1700 4545 Ῐ)
1726 4509 1996 4581 Augusto,
2023 4507 2320 4578 imperator
2340 4506 2412 4561 ab
2438 4504 2682 4561 exercitu
2719 4511 2937 4560 creatus
2969 4511 3076 4568 est,
3116 4517 3317 4572 regna-

64 4592 339 4683 cumposuit
365 4603 421 4648 et
443 4594 632 4650 decem
664 4596 731 4629 ⁶⁸²
756 4597 911 4655 libris
934 4600 1293 4658 arithmetica:
1320 4602 1619 4658 institutio-

65 4688 133 4729 tns
153 4683 489 4749 apertissime
516 4685 585 4717 ‘“
610 4696 788 4756 potest
807 4691 1084 4760 cognosci.
1155 4708 1165 4716 ·

121 4769 163 4825 l.
198 4771 380 4831 Primo
403 4775 575 4833 Probi
587 4779 657 4813 ⁵⁵⁸
670 4795 815 4836 anno
839 4780 986 4837 Felix
1003 4799 1141 4853 papa
1161 4783 1287 4837 27ml
1314 4785 1620 4847 ordinatus.

64 4862 178 4916 sedit
196 4869 351 4924 annis
378 4871 435 4937 5,
459 4871 803 4944 decessitque
828 4874 863 4928 5
884 4874 1107 4930 Kalend.
1143 4875 1312 4931 Junii.
1357 4875 1457 4931 Hie
1491 4893 1623 4932 con-

64 4950 212 5009 stituit
248 4958 451 5015 missas
492 4962 755 5019 celebrari
795 4978 960 5034 super
995 4965 1289 5021 memorias
1334 4966 1622 5023 martirum

63 5041 139 5105 (ei.
182 5045 302 5103 Cltr.
336 5050 429 5106 W.
463 5050 624 5108 BEDE
667 5054 880 5126 Hart).

118 5134 428 5238 2-.(Ens.h.
456 5161 507 5198 ε.
530 5161 627 5211 vn,
651 5146 766 5217 27.)
808 5146 873 5200 A.
907 5146 969 5201 D.
1016 5148 1144 5203 285.
1183 5148 1370 5205 Manes
1398 5151 1621 5220 quidam

64 5233 215 5282 extitit
233 5246 431 5301 genere
454 5235 521 5268 ⁸⁸⁵⁸
550 5234 763 5304 Perses,
803 5238 914 5293 vita
948 5248 1003 5294 et
1043 5240 1290 5295 moribus
1333 5242 1619 5307 barbarus,

67 5321 155 5372 lant
188 5337 309 5379 acer
349 5326 591 5398 ingenio,
618 5337 679 5383 ut
709 5328 950 5385 insanire
1000 5331 1082 5385 vel
1135 5331 1367 5387 demone
1413 5332 1622 5387 videre-

1723 4602 1908 4674 vitque
1928 4600 2090 4657 annis
2109 4599 2201 4666 20,
2226 4599 2313 4654 vir
2334 4596 2727 4656 obscurissime
2749 4603 2911 4652 natus
2929 4594 2997 4651 de
3022 4592 3315 4649 Dalmatia.

1724 4692 1955 4760 Quidam
2003 4691 2152 4747 enim
2196 4689 2407 4756 dicunt,
2447 4701 2576 4745 eum
2617 4686 2790 4743 fuisse
2825 4684 2995 4740 tilium
3029 4681 3318 4753 cujusdam

1726 4784 1986 4845 Dalmatae
2010 4782 2225 4845 scribae,
2253 4781 2348 4837 alii
2372 4795 2503 4837 vero
2533 4777 2849 4835 libertinum
2881 4773 3071 4830 Anulii
3105 4778 3320 4831 senato-

1721 4877 1820 4932 ris.
1862 4873 2023 4940 (Aun.
2055 4872 2146 4944 ν.)
2172 4872 2300 4928 Fuit
2326 4880 2508 4926 autem
2532 4877 2696 4929 natus
2715 4867 2784 4924 de
2817 4864 3037 4922 civitate
3059 4871 3115 4918 et
3141 4870 3320 4919 matre

1727 4966 1965 5032 Dioclea,
1997 4965 2144 5021 unde
2173 4972 2226 5025 et
2254 4964 2392 5034 ipse,
2419 4975 2708 5032 quousque
2734 4956 3025 5030 imperium
3052 4960 3316 5019 sumeret,

1726 5058 1941 5114 Diocles
1975 5057 2279 5128 appellatus
2302 5063 2387 5110 est
2416 5051 2514 5125 (H.
2548 5054 2677 5123 m.);
2710 5059 2767 5107 at
2805 5049 2900 5111 ubi
2942 5046 3181 5119 sumpsit
3212 5045 3315 5101 im—

1726 5149 1960 5219 perium,
1990 5164 2189 5205 nomen
2213 5146 2440 5204 Graium
2477 5143 2746 5201 convertit
2774 5143 2830 5199 in
2866 5140 3145 5208 Latinum,
3187 5148 3250 5194 ut
3281 5152 3311 5193 a

1725 5239 1964 5296 Dioclete
1987 5241 2260 5296 diceretur
2281 5237 2668 5294 Diocletianus.
2710 5235 2843 5291 Erat
2863 5242 3049 5291 autem
3081 5229 3316 5289 callidus

1723 5343 1777 5388 et
1809 5349 1975 5405 sagax
2003 5346 2057 5390 et
2086 5333 2381 5390 admodum
2428 5329 2646 5388 subtilis
2690 5329 2914 5401 ingenii.
2956 5326 3127 5398 Cujus
3170 5334 3311 5381 teme

1345 5493 1577 5549 VARl/E
1618 5495 1908 5553 LECTION
1917 5496 2020 5552 ES.

127 5627 185 5657 ⁶³⁶
218 5641 461 5702 moveret
481 5633 530 5686 5.
606 5633 673 5664 ⁸³⁷
708 5631 1036 5688 laodicensis
1059 5634 1109 5687 5.
1183 5633 1252 5664 ⁸³⁸
1279 5632 1643 5702 morigeratus
1670 5632 1751 5686 ιι).
1778 5631 2142 5702 morigeratus
2178 5631 2267 5702 vel
2287 5636 2533 5702 moratus
2564 5626 2801 5702 El._‘_“’
2828 5642 2902 5680 m.
2933 5624 3056 5702 t_._'.5.
3091 5623 3187 5702 gf.“
3213 5622 3314 5702 llu-

69 5694 233 5783 fianus
260 5701 352 5783 ρι’.
372 5769 394 5783 Δ
433 5702 498 5783 ⁶ξ¹
526 5704 967 5783 quadraginta}:
1008 5704 1058 5757 5.
1138 5704 1206 5734 ⁸³³
1232 5712 1286 5757 et
1320 5704 1387 5757 de
1418 5694 1596 5783 d._El.
1765 5694 2077 5781 plenissime
2107 5701 2160 5755 5.

2234 5701 2301 5733 ⁵⁸³
2326 5700 2464 5755 deest
2501 5700 2589 5754 9“.
2665 5698 2731 5730 ⁵⁸³
2762 5712 2926 5766 gener
2951 5695 3004 5749 5.
3089 5691 3155 5724 ⁸⁸⁸
3181 5690 3313 5745 add.

69 5762 339 5835 imperator
369 5762 656 5829 factus'll‘.
684 5762 904 5843 iduquod
927 5774 1099 5828 deesse
1123 5786 1357 5842 npparrt.
1435 5772 1500 5805 “7
1544 5788 1666 5828 cum
1696 5774 1745 5827 5.
