3876 6306
480 304 586 365 899

1647 307 2042 365 EKKEHARDI
2081 306 2548 366 URAUCIENSIS

3642 308 3734 363 7M

481 435 614 489 pore
642 434 768 474 cum
799 419 1023 489 quidam
1051 419 1336 487 rusticani,
1380 420 1473 490 qui
1521 420 1785 491 Bagaudze
1813 422 2075 478 diceban-
2104 424 2151 479 A
2177 431 2335 478 antea
2365 438 2583 494 semper
2614 422 2949 480 christianos
2979 431 3459 494 persequerentur.
3501 420 3601 476 Sed
3623 432 3741 477 tunc

484 521 594 578 tur,
625 513 917 567 tumultum
952 512 1004 566 in
1033 512 1206 567 Gallia
1252 512 1511 579 facerent,
1558 530 1621 569 ac
1661 514 1968 570 Amandum
2017 525 2071 571 et

486 603 842 659 xEmilianum
874 605 1040 660 duces
1067 604 1347 669 haberem,
1379 604 1744 662 Diocletianus
1785 607 2071 662 Maximia-

486 714 621 751 nqu
668 697 757 764 “3,
815 706 1177 767 cognomento
1220 696 1556 764 Herculium,
1614 714 1873 755 caesarem
1923 699 2071 765 fecit,

487 805 724 858 eumque
752 789 806 843 in
837 789 1067 844 Galliam
1089 798 1278 844 contra
1306 792 1701 846 tumultuantes
1736 792 1905 859 misit,
1934 807 2075 862 quos

490 882 581 935 ille
605 881 763 937 facile
802 881 1019 937 devicit.
1060 881 1191 937 Erat
1223 889 1406 937 autem
1448 881 1591 938 idem
1622 882 1988 938 Maximianus
2008 885 2078 938 de

489 973 771 1029 Pannonia
803 982 986 1040 natus,
1023 990 1220 1045 genere
1248 973 1551 1040 rusticano,
1586 975 1821 1030 incivilis
1852 976 2075 1046 ingenii,

490 1066 659 1135 ferus,
688 1068 945 1134 crudelis,
977 1067 1326 1137 asperitatem
1354 1083 1511 1122 suam
1546 1069 1732 1122 vultus
1765 1068 1927 1123 etiam
1958 1069 2082 1123 hor-

490 1175 615 1213 rore
661 1159 1008 1229 significans,
1070 1159 1418 1225 luxuriosus,
1462 1160 1518 1212 in
1568 1159 1814 1214 consiliis
1858 1159 2075 1214 stultus.

490 1250 689 1305 Ccnuit
710 1265 840 1305 vero
873 1252 942 1305 de
976 1249 1257 1320 Eutropia,
1284 1250 1422 1321 Syra
1468 1250 1715 1317 muliere,
1746 1249 2076 1305 Maxentium

488 1350 543 1395 et
574 1341 852 1407 Faustam,
876 1341 1165 1412 conjugem
1186 1340 1571 1409 Constantini;
1593 1342 1752 1412 cujus
1774 1342 1915 1413 patri
1934 1342 2081 1397 Con-

489 1432 694 1487 stantio
733 1432 881 1488 dedit
909 1432 1212 1503 privignam
1257 1446 1412 1487 suam
1451 1433 1816 1501 Theodoram,
1861 1449 1925 1489 ex
1972 1449 2082 1504 qua

492 1523 584 1578 ille
620 1523 829 1592 accepit
861 1539 956 1578 sex
988 1523 1211 1591 liberos,
1260 1522 1460 1579 fratres
1501 1524 1866 1591 Constantini,
1918 1542 2081 1596 quem

2175 523 2285 569 tam
2320 515 2557 570 crudelis
2580 522 2635 569 et
2656 524 2767 570 tam
2815 529 2945 570 seva
2988 522 3210 583 tamque
3238 513 3433 567 crebra
3457 515 3745 582 persecutio

2174 605 2455 676 ﬂagrabat,
2483 614 2544 660 ut
2568 605 2711 660 intra
2733 621 2904 661 unum
2933 621 3178 660 mensem
3212 603 3279 658 17
3300 604 3451 658 milia
3479 603 3748 661 mar-timui

2175 713 2277 769 pro
2303 697 2524 753 Christo
2558 698 2908 753 inveniantur
2931 697 3022 752 ⁸⁸³.
3056 696 3195 753 Nam
3234 708 3287 751 ct
3319 696 3514 750 oceani
3536 694 3750 749 limbum

2177 799 2538 860 transgressa,
2567 789 2823 845 Albinum
2850 797 2907 845 ct
2940 788 3123 845 Aaron
3152 804 3217 845 ac
3250 786 3461 842 Iulium
3491 801 3614 842 cum
3643 787 3754 840 aliis

2178 883 2426 952 pluribus
2471 881 2604 936 viris
2651 897 2717 938 ac
2758 880 2980 938 feminis
3032 880 3331 936 Britanniae
3381 878 3525 934 felici
3570 893 3753 933 cruore

2178 975 2475 1030 damnavit.
2517 974 2723 1029 Passus
2758 983 2844 1029 est
2888 981 2944 1029 et
2984 972 3303 1044 Pamphilus
3342 970 3632 1042 presbiter,
3661 966 3756 1021 ευ-

2181 1068 2316 1124 sebii
2355 1066 2709 1122 Caesariensis
2757 1065 3001 1137 episc0pi
3051 1063 3423 1127 necessarius,
3467 1062 3626 1131 cujus
3656 1061 3757 1129 ipse

2179 1161 2353 1215 vitam
2398 1158 2578 1214 tribus
2632 1157 2789 1213 libris
2828 1157 3243 1229 cumprehendit
3290 1155 3390 1226 (cf.
3438 1153 3607 1210 Onus.
3652 1168 3759 1213 rm,

2181 1250 2463 1306 25.——H.
2509 1250 2621 1322 R.).
2664 1249 2921 1306 Secundo
2963 1259 3145 1306 autem
3178 1246 3588 1322 persecutionis
3631 1259 3763 1300 anno

2185 1344 2553 1399 Diocletianus
2597 1342 2788 1398 videns
2837 1358 2897 1399 se
2939 1353 3159 1414 propter
3204 1348 3549 1397 senectutem
3596 1337 3764 1392 minus

2186 1436 2442 1491 idoneum
2472 1436 2539 1490 ad
2567 1436 2865 1507 regendum
2891 1434 3202 1506 imperium,
3233 1431 3375 1487 dixit
3402 1430 3474 1486 ad
3499 1427 3765 1483 Maximia-

2185 1540 2316 1583 num
2344 1526 2684 1594 Herculium,
2709 1527 2881 1583 videri
2908 1526 3011 1582 sibi
3038 1525 3269 1590 bonum,
3302 1533 3369 1578 ut
3388 1521 3703 1594 junioribus
3723 1531 3768 1576 et

493 1629 562 1667 ex
590 1613 897 1669 concubina
930 1612 1131 1668 Helena
1165 1616 1443 1685 generavit
1476 1616 1529 1669 in
1570 1615 1764 1672 Callia.
1809 1616 1990 1687 (llisn.
2018 1647 2086 1656 -
2186 1619 2506 1675 fortioribus
2551 1618 2826 1689 publicam
2873 1632 3095 1673 causam
3141 1612 3440 1686 regendam
3481 1610 3769 1665 committe-

498 1702 579 1758 ΙΙ.
631 1704 727 1774 m.)
774 1704 919 1760 Inter
968 1707 1086 1761 haec
1131 1722 1227 1777 per
1275 1722 1467 1764 omnes
1505 1708 1781 1766 Romanos
1821 1711 2088 1766 terminos
2190 1719 2313 1767 rent
2338 1709 2552 1781 ipsique
2581 1709 2637 1763 in
2664 1708 2791 1764 ocio
2816 1707 3001 1779 quiete
3029 1705 3297 1760 viverent.
3338 1701 3506 1769 Quod
3542 1700 3666 1755 licet
3694 1698 3769 1752 ille

498 1797 737 1851 turbatio
767 1795 909 1853 facta
941 1806 1026 1854 est
1057 1817 1069 1852 :
1103 1798 1401 1856 Carausius
1440 1801 1683 1871 quidam,
1709 1811 1924 1873 sumpta
1965 1794 2090 1873 puré
2120 1780 2163 1841 Β
2190 1818 2301 1858 non
2331 1780 2398 1858 ex
2422 1810 2533 1857 tota
2555 1802 2836 1856 voluntate
2864 1799 3086 1865 faceret,
3114 1806 3298 1853 tamen
3329 1793 3639 1857 consensit,
3658 1792 3770 1846 etin

497 1904 655 1957 pura,
680 1891 968 1960 occupavit
984 1890 1341 1959 Britanniam,
1367 1892 1620 1949 Julianus
1637 1892 1871 1961 Italiam,
1895 1893 2086 1949 Achil-
2189 1909 2303 1949 uno
2324 1893 2413 1949 die
2445 1907 2743 1963 purpuram
2769 1889 3036 1961 regnique
3062 1886 3364 1959 potentiam
3390 1885 3770 1955 deposuerunt.

499 1981 619 2036 leus
648 1980 961 2053 Egyptum,
1006 1982 1503 2055 Quinquegentiani
1549 1984 1809 2053 Africam,
1850 1983 2090 2044 Narseus
2192 1982 2566 2039 Diocletianus
2608 1981 2751 2053 apud
2797 1978 3193 2043 Nicomediam,
3235 1974 3614 2029 Maximianus
3650 1972 3772 2041 apud

499 2089 596 2127 rex
623 2072 912 2129 Persarum
941 2075 1227 2130 orientem.
1255 2074 1338 2130 0b
1364 2078 1481 2132 huic
1515 2076 1885 2134 Diocletianus
1919 2077 2091 2133 Maxi-

503 2163 746 2218 miauum
780 2164 1090 2221 Herculium
1117 2165 1243 2221 fecit
1278 2167 1681 2238 imperatorem,
1710 2169 2095 2227 Constantium

501 2271 632 2309 vero
653 2264 709 2311 et
734 2256 1010 2312 Galerium
1032 2257 1101 2289 6"
1122 2257 1511 2314 Maximianum
1535 2275 1767 2317 cmsares
1789 2262 2091 2319 constituit.

504 2348 752 2415 Quorum
802 2347 1158 2407 Constantius
1215 2351 1428 2406 Claudii
1479 2368 1648 2423 nepos
1699 2353 1802 2411 fuit
1843 2370 1911 2410 ex
1955 2355 2094 2423 tilia;

505 2438 759 2497 Galerius
786 2455 917 2497 vero
944 2442 997 2496 in
1031 2441 1194 2497 Dacia
1230 2442 1455 2513 Ripensi
1494 2453 1657 2501 natus
1684 2454 1769 2502 est
1797 2462 1864 2503 ex
1899 2462 2098 2517 paron-

506 2530 662 2585 tibus.
701 2530 1122 2603 agricultoribus
1179 2532 1277 2600 ⁸³⁸,
1327 2532 1542 2604 fuitque
1594 2544 1783 2605 pastor
1824 2538 2097 2604 armenti,

507 2620 650 2676 unde
671 2630 726 2676 et
758 2621 1138 2680 Armentarius
1160 2625 1462 2695 appellatus
1489 2634 1602 2694 est;
1629 2628 1722 2684 sed
1748 2630 1882 2684 satis
1912 2629 2101 2685 lauda-

506 2713 633 2768 bilis
655 2712 778 2780 fuit,
805 2716 1030 2784 pulcher
1057 2732 1310 2787 corpore,
1343 2734 1574 2790 magnus
1597 2728 1652 2775 et
1674 2719 1829 2777 fortis
1851 2721 2096 2776 bellator.

510 2802 609 2859 llic
631 2806 838 2875 accepit
857 2806 1026 2862 ﬁliam
1048 2808 1114 2839 ⁸⁵³
1148 2807 1294 2864 Decii
1321 2807 1591 2864 Valeriam
1618 2825 1866 2867 uxorem.
1894 2812 2102 2867 Carau-

510 2895 629 2951 sius
657 2904 781 2967 post
803 2899 1145 2967 septennium
1173 2914 1204 2953 a
1232 2900 1384 2955 socio
1406 2915 1510 2956 suo
1530 2901 1741 2958 Allecto
1772 2895 1962 2959 fraude
2008 2920 2102 2960 oc-

510 2987 662 3045 cisus
686 2995 770 3043 est
800 2987 856 3042 in
878 2988 1186 3057 Britannia;
1216 2989 1580 3049 Maximianus
1606 2992 1894 3051 Herculius
1925 2994 2102 3062 Quin-

2193 2077 2593 2140 Mediolanum;
2645 2080 2702 2129 et
2750 2072 3023 2128 concessit
3077 2068 3456 2124 Diocletianus
3503 2064 3772 2125 Saluum,

2196 2168 2564 2224 Maximianus
2598 2166 2655 2220 iu
2696 2163 3030 2229 Lucaniam;
3075 2159 3389 2232 persecutio
3436 2164 3627 2212 tamen
3667 2171 3773 2224 ιιι-τε

2198 2259 2401 2315 mansit
2424 2272 2600 2329 usque
2632 2256 2689 2311 in
2716 2255 3009 2326 septimum
3040 2267 3246 2308 annum
3280 2247 3659 2313 Constantini,
3688 2244 3775 2299 lle-

2199 2352 2336 2407 lente
2358 2349 2475 2406 lilii.

2272 2443 2325 2497 1.
2362 2441 2549 2497 Primo
2584 2454 2732 2496 anno
2763 2437 3082 2494 Diocletiani
3118 2435 3391 2506 Bagauda:
3417 2432 3479 2487 in
3512 2431 3687 2486 Callia
3710 2438 3779 2482 tl-

2201 2536 2434 2591 multum
2463 2533 2709 2589 fecerunt
2736 2532 2830 2601 (cf.
2859 2530 3063 2601 supra).

2266 2627 2321 2681 ‘2.
2375 2624 2583 2697 (litem)
2635 2623 2702 2677 A.
2758 2622 2820 2676 D.
2871 2621 2999 2676 291.
3062 2612 3438 2674 Diocletianus
3485 2614 3781 2671 Herculium

2202 2716 2595 2775 Maximianum
2633 2728 2891 2770 caesarem
2926 2709 3084 2768 fecit-

2274 2810 2328 2864 5.
2362 2808 2428 2862 A.
2466 2807 2532 2861 D.
2565 2806 2692 2862 292.
2732 2803 3058 2870 Carausius,
3092 2808 3313 2871 sumpta
3362 2814 3639 2871 purpura,
3678 2791 3781 2850 bri-

2204 2901 2448 2957 tanniam
2483 2905 2736 2969 occupat.

2275 2996 2329 3050 4.
2371 2993 2436 3047 A.
2464 2991 2527 3047 D.
2553 2991 2679 3047 295.
2718 2986 3215 3061 Qumqucgentiani
3240 2984 3491 3041 Africam
3515 2982 3784 3039 infestave-

512 3080 908 3152 quegentianos
940 3082 1069 3137 vicit
1095 3083 1150 3136 in
1179 3082 1392 3152 Africa;
1427 3085 1782 3143 Constantius
1830 3088 1885 3142 in
1929 3088 2102 3144 Gallia
2135 3126 2174 3152 ρ
2208 3094 2355 3140 runt.

510 3173 667 3243 juxta
699 3173 972 3245 Lingonas
999 3190 1108 3228 una
1145 3175 1234 3230 die
1266 3184 1321 3230 et
1368 3177 1653 3232 adversam
1700 3188 1753 3235 et
1788 3195 2114 3251 prosperam

518 3264 710 3318 habuit
732 3264 1026 3321 fortunam.
1050 3265 1187 3321 Nam
1211 3282 1358 3333 cum,
1384 3277 1604 3338 repente
1626 3271 1873 3328 barbaris
1893 3272 2110 3327 irruen-

518 3355 687 3421 tibus,
721 3356 861 3411 intra
888 3359 1167 3413 civitatem
1204 3359 1384 3414 claudi
1419 3370 1724 3431 cogeretur,
1750 3363 1841 3419 vix
1867 3365 2115 3435 quinque

520 3447 675 3502 horis
733 3449 946 3514 mediis,
1000 3449 1325 3504 adventante
1367 3452 1631 3519 exercitu,
1690 3451 1803 3509 fere
1847 3453 1927 3509 60
1961 3456 2117 3510 milia

521 3536 952 3593 Alamannorum
975 3539 1045 3570 ⁶⁵²
1079 3539 1368 3595 interfecit.
1404 3540 1776 3599 Diocletianus
1802 3553 1983 3600 autem
1999 3546 2112 3601 rob-

522 3646 736 3686 sessum
785 3632 1127 3688 Alexandriae
1172 3632 1478 3690 Achilleum
1521 3643 1717 3691 octavo
1765 3635 1880 3692 fere
1926 3651 2115 3692 mense

523 3724 803 3794 superavit
828 3732 883 3778 et
913 3724 1128 3780 occidit.
1169 3724 1299 3781 Erat
1334 3736 1516 3782 autem
1564 3743 1691 3784 cum
1734 3728 1856 3798 ipso
1877 3737 1932 3784 et
1966 3728 2113 3784 Con-

526 3816 826 3882 stantinus,
858 3815 1005 3871 illius
1048 3816 1373 3872 Constantii.
1412 3817 1670 3885 Quicum
1697 3819 1877 3875 adhuc
1897 3820 2116 3890 juvenis

525 3915 694 3972 esset,
739 3906 952 3962 fortiter
994 3909 1188 3980 agebat
1216 3909 1271 3964 in
1300 3910 1519 3979 praeliis,
1553 3918 1610 3966 et
1649 3911 2119 3969 condescendebat

494 4016 495 4019 ‘
528 4015 745 4070 semper
772 4000 1107 4057 christianis.
1141 4001 1320 4068 Quem.
1345 4003 1540 4059 videns
1562 4002 1931 4060 Diocletianus
1958 4004 2119 4059 intel-

528 4094 672 4149 lectu
707 4093 878 4148 animi
918 4110 983 4150 ac
1017 4094 1216 4151 robore
1255 4096 1502 4166 corporis
1527 4096 1812 4167 prolicere,
1841 4104 1898 4153 et
1928 4096 2120 4167 depre-

530 4185 775 4241 hendens
801 4187 950 4242 hunc
970 4185 1217 4243 futurum
1239 4188 1544 4259 tyrannidis
1565 4202 1680 4244 suae
1698 4188 2116 4255 destructorem,

533 4280 736 4335 invidia
777 4291 981 4347 motus,
1021 4280 1148 4337 dolo
1187 4296 1316 4336 cum
1349 4281 1618 4351 perimere
1658 4280 1934 4353 cogitavit.
1976 4279 2123 4337 Deus

532 4381 715 4427 autem
743 4373 892 4429 hunc
918 4372 1195 4442 inopinate
1221 4372 1453 4429 salvavit
1478 4381 1534 4429 et
1559 4374 1702 4444 patri
1721 4373 1978 4429 restituit.
2015 4372 2124 4429 Ga-

2280 3177 2333 3233 5.
2358 3175 2433 3230 A..
2464 3175 2528 3230 ι).
2568 3173 2696 3230 291.
2736 3170 3016 3227 Achilleus
3040 3167 3332 3239 occupavit
3364 3164 3689 3238 Egyptum.

2283 3269 2337 3324 6.
2374 3268 2440 3323 A.
2480 3267 2545 3322 D.
2585 3266 2714 3323 295.
2756 3263 3131 3320 Diocletianus
3156 3260 3562 3316 Maximiauum
3603 3256 3782 3311 Hera-

2212 3366 2347 3420 lium
2390 3361 2518 3417 fecit
2549 3366 2844 3432 augustum
2873 3366 2935 3414 et
2959 3364 3271 3413 consortem
3322 3351 3505 3424 regni,
3534 3350 3781 3405 Constan-

2213 3459 2350 3513 tium
2384 3470 2535 3521 vero,
2578 3461 2788 3524 patrem
2832 3449 3202 3516 Constantini,
3230 3455 3288 3503 et
3310 3445 3599 3502 Galerium
3640 3441 3782 3496 laxi—

2215 3546 2460 3601 mianum
2486 3558 2721 3599 caesares
2749 3541 3053 3597 constituit.

2286 3638 2341 3694 9.
2384 3636 2448 3691 A.
2491 3634 2554 3690 D.
2595 3634 2722 3690 298.
2749 3622 2984 3689 .Primus
3008 3629 3384 3686 Diocletianus
3413 3627 3641 3683 adorari
3666 3641 3719 3681 se
3742 3633 3783 3678 ut

2216 3730 2382 3786 deum
2411 3728 2489 3761 ‘“-
2509 3728 2683 3799 jubet.

2294 3823 2381 3878 12.
2432 3821 2498 3875 A.
2554 3820 2616 3876 D.
2675 3819 2801 3876 501.
2852 3817 3035 3874 Zabda
3093 3815 3493 3873 Hierosolimis
3533 3812 3784 3868 ordinatur

2219 3916 2531 3989 episcopus.

2228 4045 2233 4049 -
2293 4010 2381 4065 15.
2419 4007 2484 4062 A.
2525 4006 2590 4062 D.
2631 4004 2757 4062 302.
2796 4001 3387 4074 Victurius,magistcr
3412 3995 3776 4065 militiaa,cbri-

2223 4101 2432 4158 stianos
2451 4097 2823 4171 persequitur,
2847 4095 3114 4167 paulatim
3145 4109 3211 4150 ex
3243 4093 3336 4148 illo
3364 4101 3614 4164 tempore
3634 4104 3783 4161 persc—

2224 4193 2445 4248 cutione
2467 4190 2525 4245 in
2548 4197 2769 4247 nostros
2798 4195 3099 4243 crescente.

2297 4284 2384 4340 14.
2425 4282 2491 4338 A.
2528 4282 2593 4337 D.
2633 4280 2758 4337 505.
2799 4277 3151 4334 Marcellinus
3191 4293 3334 4349 papa
3385 4276 3521 4332 30"
3560 4275 3629 4307 ⁸⁸⁸
3666 4269 3783 4327 ordi

2226 4386 2411 4447 natus,
2442 4376 2582 4433 sedit
2601 4375 2763 4432 annis
2791 4375 2846 4440 4,
2882 4368 3198 4445 patiturque
3225 4370 3280 4426 6.
3319 4369 3555 4424 Kalend.
3586 4365 3699 4421 Μαί.

533 4463 702 4519 lcrius
750 4472 935 4519 autem
977 4462 1342 4522 Maximianus
1390 4472 1582 4522 contra
1621 4464 1890 4523 Narseum
1941 4480 2102 4537 regen

2302 4492 2389 4548 16.
2432 4491 2498 4546 A.
2537 4489 2601 4545 D.
2641 4488 2767 4545 305.
2809 4485 3177 4543 Hierosilimis
3215 4484 3506 4557 proficitur
3544 4481 3781 4537 Thermo!

535 4554 829 4612 Persarum
854 4556 1147 4624 dimicans,
1174 4558 1414 4627 primum
1447 4557 1625 4613 victus
1658 4565 1765 4624 est,
1802 4556 2128 4629 fugiensque

536 4648 686 4704 venit
735 4649 805 4704 ad
852 4649 1247 4706 Diocletianum
1295 4650 1355 4704 in
1396 4649 1892 4720 Mesopotamiam;
1946 4665 1977 4704 a
2016 4663 2128 4719 quo

541 4740 684 4796 male
713 4748 999 4808 tractatus,
1028 4742 1103 4797 ita
1129 4750 1191 4797 ut
1224 4740 1426 4797 faceret
1453 4751 1588 4796 eum‘
1618 4739 1954 4812 aliquamdiu
2002 4748 2129 4795 ante

541 4844 763 4887 currum
788 4849 951 4889 suum
980 4848 1222 4901 currere,
1250 4833 1493 4889 collectis
1528 4833 1727 4889 iterum
1749 4832 2016 4888 militibus
2042 4848 2129 4888 re-

542 4922 663 4987 diit,
685 4940 1049 4997 magnamque
1070 4925 1353 4981 victoriam
1376 4925 1686 4996 acquisivit.

2228 4587 2537 4660 episcopus.
2560 4582 2863 4653 Antiochia:
2891 4581 3183 4653 Tyrannus
3204 4579 3502 4636 ordinatur
3530 4577 3671 4633 190’.

2301 4701 2389 4757 17.
2429 4700 2497 4755 A.
2537 4698 2601 4754 D.
2642 4696 2768 4754 506.
2804 4695 3001 4752 Petrus
3029 4691 3670 4750 Alexandrinaordiuatur
3692 4684 3781 4755 qi.

2230 4807 2432 4863 scopus
2454 4789 2604 4844 16“.

2304 4906 2392 4962 18.
2432 4905 2501 4960 A.
2540 4902 2606 4957 D.
2647 4899 2773 4957 507.
2811 4898 3102 4955 Marcellus
3156 4912 3296 4968 papa
3346 4896 3481 4951 31"
3512 4892 3776 4951 ordinm

614 4979 711 5085 (fl.
737 4979 807 5072 mi
835 4979 1492 5090 etBenn.)l;ionodccimo
1514 4979 1684 5091 igitur
1698 5020 1849 5092 regni
1875 5019 1963 5075 sui
1989 5034 2102 5075 ann

2235 4999 2374 5057 sedit
2418 5012 2566 5053 anno
2593 4995 2665 5031 ⁸⁵⁸
2702 5002 2757 5051 et
2803 5008 3024 5049 menses
3049 4992 3104 5059 8,
3150 5005 3469 5062 passusque
3516 4997 3596 5045 est
3633 4985 3693 5019 "'
3728 4979 3777 5035 17

547 5106 917 5168 Diocletianus
961 5114 1018 5168 in
1064 5112 1306 5181 Oriente,
1341 5112 1706 5169 Maximianus
1750 5113 2036 5171 Herculius
2078 5115 2133 5170 in

547 5198 837 5259 Occidente
884 5207 1317 5275 persecutionem
1367 5207 1637 5264 decimam
1688 5217 1814 5278 post
1863 5208 2131 5268 Neronem

549 5306 915 5353 exercuerunt
956 5299 1011 5353 in
1043 5299 1406 5367 christianos,
1449 5316 1573 5370 qua:
1600 5300 1798 5359 ceteris
1832 5300 2011 5356 serior
2038 5318 2136 5372 per

2234 5089 2465 5147 Kalend.
2495 5087 2661 5143 Febr.

2311 5205 2397 5260 19.
2441 5201 2592 5274 (Chr.
2627 5198 2742 5271 W.)
2781 5198 2847 5254 A.
2880 5197 2947 5253 D.
2971 5196 3078 5253 508
3105 5194 3414 5285 ,Publicata
3431 5191 3660 5285 undique

2237 5296 2538 5360 secutione,
2570 5290 2942 5347 Diocletianus
2985 5289 3040 5344 in
3069 5286 3312 5353 Oriente,
3356 5282 3700 5340 Maximianus
3734 5282 3773 5327 il

551 5383 621 5441 10
650 5402 826 5444 annos
848 5388 1150 5447 accelesiam
1185 5390 1374 5447 amixit
1408 5391 1769 5459 incessanter,
1799 5390 2052 5464 quamvis
2083 5400 2138 5446 et
2238 5388 2532 5445 Occidente
2562 5382 2840 5441 aicclcsias
2865 5381 3213 5446 subvertunt,
3243 5378 3418 5435 libros
3449 5376 3650 5434 divinos
3672 5383 3767 5423 SIC‘

1879 5498 2111 5557 VARle
2126 5494 2440 5555 .LECTION
2447 5494 2549 5552 ES.

626 5592 696 5624 ³³³
724 5591 989 5645 aurelium
1039 5604 1112 5645 in.
1167 5590 1262 5645 El.
1339 5588 1405 5622 θ’θ’
1455 5592 1737 5661 gallerium
1785 5593 1869 5647 9°.
1948 5590 2017 5623 "°
2053 5590 2102 5643 de

2229 5586 2314 5642 10.
2354 5587 2436 5661 ll.
2610 5601 2659 5661 a.
2693 5597 2919 5661 uxorem
2945 5578 3071 5661 mnf.
3097 5595 3148 5633 v.
3180 5579 3231 5633 5.
3292 5577 3374 5661 ,ξδ’
3406 5577 3766 5661 ρζθωθερξιοξξιξ

556 5666 607 5718 5.
642 5663 738 5717 ΕΙ.
815 5662 883 5693 ⁸⁵³
909 5662 1115 5732 passii.
1148 5663 1199 5716 4.
1232 5661 1413 5715 occisa
1453 5662 1489 5718 i.
1538 5664 1622 5717 9r.

554 5735 649 5791 Et.
683 5743 765 5792 est
801 5730 1260 5792 sub'dioclctiano

1714 5642 1809 5697 δ’δ’
1825 5642 1883 5719 se
1904 5661 2068 5734 jussit
2098 5642 2102 5643 ν

2226 5674 2345 5716 cum
2384 5658 2433 5715 5.
2517 5655 2585 5687 ⁸⁵⁸
2626 5655 2767 5709 deest
2812 5654 2895 5709 9°.
2977 5651 3047 5683 ⁸³⁸
3086 5665 3116 5704 a
3150 5664 3262 5704 uno
3291 5648 3378 5703 9*.
3409 5647 3489 5704 11.
3563 5644 3626 5675 ⁸³⁷
3658 5642 3766 5693 dwt
