3876 6306
113 290 186 363 7ol

975 301 1341 362 CHRONICA.
1381 337 1451 346 —~
1485 306 1878 368 CHRONICON
1919 311 2381 387 UNIVERSALE.

3218 319 3323 379 702

111 421 319 486 eendunt,
342 425 396 473 et
423 417 752 478 christianos
772 419 984 476 decima
1010 431 1135 492 post
1161 421 1432 481 Neronem
1459 439 1645 495 perse-
1676 436 1725 492 Α,
1748 429 1982 486 militum
2017 440 2073 487 et
2127 430 2543 503 provincialium
2576 442 2784 504 tngentt
2829 450 2943 506 jam
2998 444 3184 493 levore
3231 453 3319 495 re-

110 515 287 571 cutionc
306 510 569 582 affligunt.

160 604 232 659 20.
269 601 468 674 (Ηιειι.)
507 602 573 657 Α.
615 601 679 657 D.
720 602 843 659 509.
890 603 1338 662 Diocletianus'et
1356 605 1643 663 Maximia-

110 713 189 753 nus
206 710 490 767 purpuram
515 694 815 766 deponunt.
850 694 1107 752 Marcello
1123 712 1261 768 papa
1284 697 1641 765 martirizato,

110 786 326 843 successit
370 784 640 843 Eusebius
673 802 812 857 papa
850 788 1012 855 52“;
1054 788 1145 845 cui
1187 798 1311 859 post
1364 804 1582 846 menses
1612 790 1667 844 8‘

108 894 240 949 passo
262 877 552 934 succedens
577 877 869 934 Melciades
898 879 1051 945 35W,
1089 879 1229 936 sedit
1253 880 1414 938 annis
1449 881 1503 948 4,
1545 882 1643 937 dc—

109 968 388 1039 oessitque4
410 967 536 1026 Idus
573 968 887 1027 Decembris
911 970 1005 1043 (cf.
1041 971 1167 1028 Chr.
1202 971 1339 1044 W.)._

108 1060 260 1114 Annus
280 1057 591 1115 Constantii
616 1070 670 1116 et
698 1060 922 1118 Galerii.

160 1150 241 1220 (H.
277 1151 373 1224 m.)
409 1152 570 1209 Anno
604 1153 897 1211 dominicae
952 1155 1347 1213 incarnationis
1396 1155 1530 1222 510,
1578 1157 1649 1212 ab

109 1240 224 1298 Urbe
255 1242 468 1299 condita
507 1243 801 1302 millesimo
853 1246 940 1301 61.
991 1246 1131 1304 Cum
1186 1247 1554 1304 Diocletianus
1595 1257 1652 1303 et

107 1333 431 1392 Maximianus
469 1335 585 1407 jam
620 1352 652 1392 a
687 1353 859 1411 regno
897 1340 1300 1407 decessissent,
1340 1340 1408 1395 ad
1455 1340 1652 1395 ammi-

109 1425 446 1481 nistrationem
486 1427 567 1482 rei
610 1428 844 1499 publicae
895 1428 1253 1485 Constantius
1297 1439 1352 1485 et
1404 1430 1651 1486 Galerius

108 1517 287 1588 augusti
315 1518 489 1574 creati
533 1527 697 1587 sunt,
746 1519 1063 1592 divisusque
1109 1532 1192 1578 est
1231 1522 1373 1578 inter
1426 1537 1523 1578 eos
1579 1522 1652 1578 ita

109 1604 346 1665 Romanus
372 1609 545 1677 orbis,
579 1619 640 1666 ut
666 1610 1027 1669 Constantius
1056 1613 1290 1681 Italiam,
1322 1613 1554 1670 Calliam
1601 1623 1654 1669 et

106 1696 324 1768 Africam,
374 1698 627 1757 Galerius
675 1702 972 1771 Illiricum,
1025 1705 1212 1760 Asiam
1261 1714 1317 1761 ct
1376 1704 1653 1762 Orientem

1742 523 1963 591 gnabat.
1993 522 2090 595 (H.
2119 523 2216 595 m.)
2239 523 2475 580 Detectis
2505 532 2687 581 autem
2722 525 2934 585 insidiis
2972 528 3093 599 ejus
3127 545 3225 601 per
3260 530 3322 585 ﬁ-

1744 612 1872 667 liam
1916 613 2196 681 Faustam,
2233 630 2356 685 qua:
2385 616 2571 671 dolum
2601 615 2721 687 ejus
2741 617 2859 673 viro
2877 620 3175 688 nunciavit,
3198 619 3324 676 inde

1744 702 2019 776 profugit;
2080 706 2175 762 sed
2224 722 2257 761 a
2311 706 2675 763 Constantino
2745 708 3071 782 insequente
3127 709 3317 768 Massi~

1746 797 1833 854 lize
1850 805 2074 868 captus,
2105 796 2294 855 fractis
2322 799 2524 870 laqueo
2569 800 2895 869 cervicibus,
2936 801 3176 872 perﬁdia:
3211 817 3325 859 suae

1747 906 1940 962 pamas
1964 891 2132 959 dedit,
2171 906 2316 947 anno
2340 892 2468 948 vitae
2488 907 2602 949 sua:
2628 894 2990 967 sexagesimo.

1747 982 1892 1038 Anni
1911 982 2260 1039 Constantini
2286 982 2375 1038 ⁸⁸⁸.

1821 1072 1979 1127 Anno
2003 1071 2293 1128 dominicae
2328 1072 2726 1129 incarnationis
2751 1073 2876 1130 5H.
2903 1072 3070 1131 Urbis
3095 1073 3329 1151 conditae

1751 1162 2045 1220 millesimo
2093 1162 2182 1219 62.
2231 1162 2644 1231 Constantinus,
2682 1179 2750 1220 cx
2792 1165 3099 1222 obscuriori
3138 1165 3329 1220 matri-

1752 1255 1961 1323 monio,
2010 1254 2218 1312 scilicet
2259 1269 2327 1311 ex
2382 1253 2583 1311 Helena
2630 1256 2969 1325 concubina,
3021 1254 3328 1314 Constantii

1753 1349 1919 1416 ﬁlius,
1965 1356 2185 1406 mortuo
2209 1357 2391 1420 patre,
2434 1347 2808 1405 annitentibus
2850 1348 3065 1405 cunctis
3107 1349 3201 1420 qui
3229 1350 3327 1404 ad-

1753 1450 1913 1498 erant
1971 1443 2341 1513 precipueque
2386 1438 2565 1497 Croco
2600 1441 2671 1474 ⁸⁸³
2712 1441 3142 1496 Alamannorum
3181 1456 3329 1511 rege,

1755 1531 1944 1588 auxilii
1970 1531 2145 1602 gratia
2185 1546 2313 1586 cum
2340 1546 2408 1586 eo
2447 1530 2766 1597 comitante,
2798 1531 2925 1584 διατι
2969 1530 3040 1585 ab
3065 1528 3331 1601 Augusto,

1758 1623 1814 1678 in
1845 1622 2126 1678 Britannia
2154 1631 2371 1679 creatus
2398 1632 2485 1678 est
2526 1622 2823 1693 imperator
2846 1620 2900 1676 6.
2928 1619 3051 1676 Kal.
3077 1622 3332 1690 Augusti,

1757 1716 1890 1771 etin
1946 1715 2128 1771 locum
2171 1715 2343 1785 patris
2383 1714 2836 1785 exoptatissimus
2884 1712 3195 1769 moderator
3244 1726 3337 1766 ac-

106 1790 353 1849 obtineret.
402 1792 508 1849 Sed
546 1793 903 1851 Constantius
947 1796 1168 1868 augusti
1221 1796 1485 1867 dignitate
1527 1812 1657 1852 con-
1691 1799 1731 1858 Β
1759 1807 1962 1875 cessit,
2007 1807 2366 1878 regnavitque
2403 1806 2566 1863 annis
2616 1805 2709 1874 50,
2748 1820 2967 1862 menses
3001 1804 3072 1838 ηαδ
3114 1803 3205 1858 10,
3239 1801 3339 1857 Hic

106 1890 272 1950 tentus,
295 1884 848 1941 amministrationem
869 1884 1038 1943 Italia:
1058 1897 1112 1943 et
1132 1886 1332 1944 Africae
1353 1888 1649 1954 recusavit,

107 1972 297 2028 Galliam
319 1982 538 2030 tantum
559 1976 817 2045 obtinuit,
842 1976 926 2032 vir
959 1978 1213 2050 egregius
1241 1988 1296 2034 et
1328 1972 1651 2034 mansuetus

104 2067 592 2133 etprestantissimte
611 2068 912 2137 civilitatis,
937 2085 1048 2124 non
1076 2070 1240 2126 modo
1267 2070 1521 2126 amabilis
1558 2070 1652 2126 scd

103 2165 145 2211 et
183 2159 500 2215 venerabilis
544 2159 716 2217 Gallis
742 2203 757 2228 ,
806 2162 1067 2233 precipue
1123 2163 1271 2233 quod
1335 2161 1651 2219 Diocletiani

102 2260 379 2321 suspectam
408 2252 757 2324 prudentiam
799 2263 855 2310 et
890 2252 1208 2310 Maximiani
1244 2255 1655 2328 sanguinariam

104 2342 430 2399 temeritatem
457 2343 688 2415 imperio
709 2345 829 2416 ejus
848 2354 1161 2402 evaserunt.
1180 2346 1429 2404 Galerius
1451 2355 1654 2413 autem,

104 2431 172 2486 vir
192 2434 351 2503 probe
402 2443 652 2493 moratus
696 2436 767 2469 ⁸⁸⁸
826 2445 883 2492 et
930 2438 1180 2510 egregius
1218 2438 1272 2493 in
1311 2454 1371 2495 re
1411 2439 1655 2506 militari,

103 2522 260 2581 videns
286 2524 500 2581 Italiam
533 2543 756 2598 quoque
793 2544 907 2585 suae
950 2529 1434 2585 amministrationi
1469 2545 1657 2586 acces-

106 2614 240 2683 sisse,
281 2618 495 2674 sinente
535 2634 689 2675 socro
735 2635 837 2675 suo
871 2619 1215 2689 Constantio,
1250 2637 1482 2677 caesares
1520 2621 1660 2677 duos

103 2709 295 2777 creavit,
323 2709 710 2778 Maximinum,
741 2727 904 2782 quem
935 2710 1143 2768 Orienti
1183 2712 1431 2784 prefecit,
1478 2713 1573 2784 qui
1607 2720 1663 2768 et

105 2798 201 2869 ipse
226 2811 539 2872 persecutor
564 2803 993 2859 christianorum
1018 2803 1141 2870 fuit,
1180 2812 1235 2860 et
1263 2803 1543 2870 Severum,
1570 2802 1659 2859 cui

101 2888 283 2949 Italiam
332 2893 505 2963 dedit,
556 2895 675 2965 ipse
721 2910 853 2950 vero
903 2894 960 2950 in
1014 2894 1217 2952 lllirico
1261 2903 1507 2951 moratus
1556 2907 1658 2951 est.

101 2982 432 3043 Constantius
481 3003 612 3043 vero
664 2986 839 3043 ﬁlium
896 3002 1059 3043 suum
1110 2986 1179 3019 “9
1243 2985 1662 3042 Constantinum

101 3091 330 3135 cessarem
356 3078 512 3148 fecit,
539 3079 705 3151 eique
749 3079 981 3135 Galliam
1007 3079 1313 3146 commisit;
1341 3078 1457 3149 ipse
1481 3085 1660 3133 autem

103 3169 247 3226 tercio
275 3187 425 3229 anno
457 3139 882 3244 persecutionis,
909 3170 1004 3243 qui
1026 3180 1113 3227 est
1148 3139 1476 3241 imperii-sui
1512 3170 1661 3236 16‘",
1691 3139 1734 3198 δ

101 3261 308 3321 Eburaci
351 3266 413 3322 in
468 3265 753 3322 Britannia
801 3266 955 3322 obiit.
990 3264 1112 3333 Quo
1143 3273 1382 3330 mortuo,
1416 3261 1665 3318 Galerius

102 3351 345 3414 Licinium
369 3375 640 3416 caesarem
668 3358 816 3428 fecit,
841 3367 1031 3415 natum
1055 3359 1122 3416 de
1144 3356 1322 3424 Datia,
1340 3363 1533 3411 notum
1560 3353 1665 3410 sibi

100 3446 298 3519 antiqua
323 3450 726 3506 consuetudine
753 3466 823 3506 ex
856 3450 1002 3505 bello
1046 3448 1194 3521 quod
1233 3448 1499 3505 adversus
1529 3443 1666 3500 Nar-

102 3551 233 3594 soum
254 3556 440 3612 regem
463 3550 707 3613 gesserat
732 3541 827 3614 (cf.
852 3541 1083 3612 Bassa).
1119 3539 1218 3613 (H.
1244 3540 1342 3611 m.)
1366 3539 1497 3593 Erat
1519 3538 1666 3594 enim

101 3635 334 3687 strenuus
370 3632 657 3689 laboribus
704 3641 759 3689 et
807 3632 999 3689 ofﬁciis
1040 3641 1317 3704 acceptus.
1359 3662 1431 3671 -
1456 3630 1667 3686 Interea

102 3716 268 3779 Romae
310 3724 612 3795 pretoriani
634 3767 650 3792 ,
689 3725 929 3781 excitato
971 3725 1242 3791 tumultu,
1300 3723 1666 3790 Maxentium,

98 3808 316 3871 Herculii
363 3816 687 3872 Maximiani
736 3816 943 3883 ﬁlium,
994 3822 1453 3889 nuncupaverunt
1491 3828 1667 3883 augu-

99 3907 247 3958 stum.
276 3903 399 3972 Quo
423 3905 635 3974 audito,
651 3914 806 3977 pater
825 3905 947 3976 ejus
966 3903 1335 3959 Maximianus
1357 3901 1667 3968 Herculius,

97 4002 330 4051 arrectus
382 3996 444 4051 in
498 4011 653 4068 spem
705 3994 1020 4052 resumendi
1081 3992 1419 4064 principatus
1441 4032 1456 4058 ,
1506 4005 1669 4061 quem

99 4098 249 4142 suasu
274 4087 603 4144 Diocletiani
628 4088 833 4143 invitus
863 4086 1146 4154 amiserat,
1177 4083 1408 4139 Romam
1447 4082 1671 4139 advola-

97 4174 163 4231 vit
205 4193 237 4234 e
284 4178 566 4248 Lucania,
616 4178 1014 4235 Diocletianum
1063 4191 1281 4248 quoque
1332 4190 1428 4246 per
1466 4173 1673 4229 litteras

97 4267 408 4343 adhortatus
435 4280 541 4339 est,
573 4280 635 4327 ut
665 4271 969 4342 depositam
1001 4276 1304 4324 resumeret
1324 4273 1671 4337 potestatem,

96 4374 221 4429 quas
248 4363 339 4420 ille
363 4365 552 4420 irritas
582 4364 777 4420 habuit
802 4372 857 4420 et
908 4361 1132 4433 sprevit.
1186 4359 1440 4416 Galerius
1489 4368 1672 4414 autem

1754 1912 2001 1953 sororem
2060 1912 2218 1952 suam
2262 1895 2641 1953 Constantiam
2695 1894 2908 1952 Licinio
2971 1893 3338 1950 Mediolanum

1754 1989 1932 2046 accito
1953 1988 2262 2060 conjunxit,
2292 1988 2575 2059 ﬁliumque
2604 2004 2789 2056 suum,
2822 1986 3042 2042 nomine
3059 1984 3337 2055 Crispum,

1754 2096 1823 2137 ex
1876 2080 2141 2137 Minervia
2197 2081 2504 2136 concubina
2556 2078 2768 2137 eisdem
2815 2078 3008 2134 diebus
3035 2075 3340 2132 Arelatensi

1756 2172 1921 2244 opido
1944 2182 2160 2242 natum,
2196 2182 2254 2230 et
2296 2171 2665 2238 Licinianum,
2712 2169 2910 2227 Licinii
2951 2168 3146 2235 ﬁlium,
3183 2182 3339 2222 men—

1759 2265 1905 2321 sium
1939 2262 2054 2321 fere
2083 2264 2177 2333 20,
2207 2278 2442 2321 caesares
2469 2260 2617 2318 fecit.
2647 2260 2862 2316 Interea
2886 2258 3137 2316 Galerius
3165 2257 3344 2312 Maxi-

1758 2356 1980 2412 mianus
2001 2371 2128 2412 cum
2156 2355 2597 2427 persecutionem
2626 2370 2659 2410 a
2695 2353 3035 2411 Diocletiano
3078 2359 3134 2409 et
3166 2350 3345 2406 Maxi-

1760 2447 1945 2503 miano
1962 2447 2269 2504 immissam
2294 2447 2411 2517 ipse
2424 2444 2789 2502 atrocioribus
2809 2443 3003 2501 edictis
3017 2442 3342 2509 cumularet,

1759 2538 1944 2595 divina
1974 2548 2152 2595 tactus
2177 2539 2439 2605 vindicta,
2460 2535 2767 2608 putrefacto
2798 2536 3129 2592 intrinsecus
3153 2542 3345 2605 pecto-

1761 2642 1841 2695 re,
1864 2635 1920 2683 et
1941 2628 2199 2684 vitalibus
2223 2627 2528 2694 dissolutis,
2551 2641 2678 2683 cum
2701 2625 2846 2683 ultra
2867 2626 3122 2681 humanae
3149 2624 3346 2680 horro-

1763 2735 1878 2774 rem
1901 2720 2139 2777 miseriae
2163 2735 2379 2775 vermes
2402 2718 2567 2775 etiam
2590 2724 2887 2785 eructaret,
2910 2726 2965 2773 et
2995 2714 3193 2772 medici
3230 2714 3346 2785 jam

1764 2808 2015 2868 fmtorem
2041 2826 2152 2866 non
2176 2810 2435 2877 ferentes,
2467 2810 2669 2867 crebro
2684 2809 2846 2880 jussu
2881 2808 3011 2887 ejus
3032 2804 3348 2862 occideren—

1767 2915 1875 2973 tur,
1903 2922 1935 2961 a
1961 2905 2202 2976 quodam
2228 2904 2462 2971 medico,
2480 2920 2547 2959 ex
2578 2901 2958 2972 desperatione
2982 2898 3347 2957 constantiam

1766 3005 2038 3064 sumente,
2089 2996 2405 3066 increpatus
2451 3002 2557 3063 est,
2608 2994 2842 3062 dicente,
2888 3006 3109 3064 penam
3157 2990 3279 3061 ejus
3315 3004 3357 3045 a:

1766 3087 1881 3145 Deo
1904 3103 2027 3145 esse
2058 3096 2115 3144 et
2152 3088 2277 3144 ideo
2326 3088 2514 3144 sanari
2561 3100 2675 3142 non
2718 3099 2910 3156 posse;
2955 3097 3195 3154 moxque
3244 3081 3352 3136 late

1766 3180 1957 3237 missis
1990 3180 2207 3246 edictis,
2246 3179 2581 3236 christianos
2613 3178 2683 3235 de
2707 3176 2874 3234 exilio
2902 3174 3199 3241 revocavit,
3234 3172 3354 3244 ipse

1766 3278 1950 3326 tamen
1977 3269 2253 3326 cruciatus
2283 3285 2391 3325 non
2416 3269 2718 3335 sustinens,
2744 3267 2873 3323 vitae
2897 3266 3065 3321 ﬁnem
3093 3264 3242 3321 fecit.

1837 3362 1983 3419 Inter
2004 3363 2122 3418 haec
2142 3378 2234 3419 res
2275 3363 2494 3434 publica
2536 3378 2568 3418 a
2600 3361 2761 3418 novis
2793 3366 3033 3432 quatuor
3058 3358 3354 3428 imperato-

1767 3455 1924 3511 ribus
1984 3454 2301 3521 tenebatur,
2360 3453 2723 3510 Constantino
2781 3460 2837 3508 et
2871 3448 3146 3505 Maxentio
3170 3489 3186 3516 ,
3227 3446 3356 3503 ﬁliis

1768 3554 2147 3617 augustorum,
2171 3544 2385 3601 Licinio
2413 3553 2469 3603 et
2486 3544 2806 3611 Maximino,
2835 3540 3159 3598 hominibus
3174 3537 3352 3595 novis.

1768 3635 1972 3704 Quinto
2003 3644 2186 3691 tamen
2215 3636 2430 3707 imperii
2478 3635 2565 3692 sui
2612 3650 2759 3691 anno
2802 3632 3197 3691 Constantinus
3236 3630 3355 3685 bel-

1768 3728 1885 3783 lum
1926 3726 2085 3784 civile
2115 3726 2392 3784 Maxentio
2430 3727 2636 3795 intulit,
2682 3726 2914 3797 ejusque
2942 3724 3131 3795 cupias
3167 3720 3358 3777 multis

1771 3821 1974 3892 praeliis
1997 3821 2165 3889 fudit;
2192 3830 2420 3892 propter
2444 3821 2687 3893 magicas
2712 3829 2896 3876 tamen
2919 3817 2992 3851 ⁸⁸⁸
3017 3825 3185 3883 artes,
3215 3829 3358 3885 quas

1772 3911 1862 3967 ille
1882 3913 2119 3967 multum
2145 3911 2431 3978 dilexerat,
2454 3910 2734 3967 metuebat
2761 3924 2910 3965 eum.
2940 3906 3191 3978 Cumque
3225 3921 3354 3961 con-

1772 4001 1923 4072 gredi
1970 4018 2094 4055 cum
2138 4017 2207 4057 eo
2250 4004 2483 4057 multum
2514 4002 2779 4058 hesitaret
2815 4009 2871 4056 et
2908 4000 2977 4055 de
3022 4000 3192 4066 ccelo,
3234 3997 3360 4053 licet

1775 4092 1954 4148 adhuc
1983 4107 2250 4163 paganus,
2289 4092 2557 4147 auxilium
2600 4099 2875 4161 quereret,
2898 4089 3034 4145 vidit
3074 4103 3172 4159 per
3196 4102 3357 4156 sopo-

1774 4196 1891 4239 rem
1920 4182 1990 4238 ad
2009 4182 2239 4238 orientis
2264 4189 2474 4252 partem
2498 4181 2555 4236 in
2580 4180 2722 4236 caelo
2745 4180 2964 4251 signum
2994 4178 3176 4234 crucis
3201 4176 3363 4247 igneo

1776 4274 1991 4346 fulgore
2017 4272 2245 4329 rutilare
2280 4281 2337 4328 et
2380 4275 2533 4328 tanto
2568 4271 2693 4326 visu
2718 4269 2981 4326 exterrito
3024 4266 3132 4324 sibi
3179 4273 3364 4322 astare

1778 4367 2003 4437 angelos
2031 4365 2275 4421 dicentes
2302 4383 2315 4419 :
2341 4364 2711 4429 Constantine,
2736 4364 2793 4417 in
2833 4361 2929 4415 hoc
2952 4361 3142 4415 vinces.
3168 4358 3362 4413 Fertur

96 4451 349 4511 Severum
393 4472 521 4512 cum
565 4457 808 4512 exercitu
861 4464 1052 4511 contra
1099 4452 1434 4508 Maxentium
1487 4449 1672 4516 misit;
1710 4479 1753 4534 ι)
1779 4467 1961 4514 autem
1982 4467 2037 4514 ει
2062 4457 2180 4529 ipse
2204 4457 2462 4513 Christus
2506 4456 2611 4513 sibi
2665 4453 2986 4525 apparuisse
3032 4459 3090 4508 et
3140 4450 3362 4522 signum

94 4547 177 4615 qui
218 4550 452 4607 veniens
503 4548 766 4617 Romam,
813 4548 1028 4605 obsedit
1082 4563 1239 4615 eam;
1292 4546 1388 4602 sed
1436 4544 1671 4601 militum

93 4653 309 4696 suorum
358 4643 571 4699 scelere
617 4641 900 4709 desertus,
952 4639 1270 4695 Ravennam
1312 4637 1471 4710 fugit,
1514 4645 1570 4692 et
1618 4635 1674 4690 in

96 4728 277 4787 itinere
309 4734 384 4789 ab
404 4732 665 4789 Herculio
680 4742 766 4790 est
792 4737 1010 4789 occisus
1045 4731 1138 4803 (cf.
1172 4730 1244 4784 H.
1264 4730 1373 4802 3.).
1400 4730 1531 4786 Post
1559 4730 1677 4785 haec

94 4817 377 4881 llerculius
436 4823 803 4882 Maximianus
840 4825 897 4881 in
936 4822 1290 4881 contentione
1337 4822 1674 4877 exercituum

96 4910 257 4970 ﬁlium
306 4932 481 4973 suum
536 4915 870 4973 Maxentium
906 4917 1138 4988 imperio
1184 4914 1395 4970 nudare
1421 4922 1674 4981 conatus,

91 5004 179 5059 sed
206 5022 239 5061 a
281 5007 560 5063 militibus
588 5008 848 5064 conviciis
890 5008 1204 5080 injuriatus,
1235 5007 1303 5062 ad
1347 5004 1550 5062 Callias
1596 5013 1678 5060 tc—

92 5098 288 5168 tendit,
331 5098 467 5157 dolo
519 5101 852 5172 composito,
883 5102 1031 5172 quod
1080 5117 1112 5156 a
1153 5101 1267 5156 lilio
1305 5099 1373 5131 W’
1417 5098 1678 5170 expulsus

88 5199 255 5259 esset,
304 5203 373 5249 ut
425 5209 628 5265 genero
655 5194 722 5227 ⁶⁸¹
754 5192 1117 5251 Constantino
1152 5193 1508 5264 jungeretur,
1558 5204 1679 5245 mo-

91 5278 222 5337 liens
255 5292 314 5339 et
344 5284 555 5356 ipsum,
595 5284 644 5342 si
675 5294 883 5357 posset,
923 5292 1140 5356 reperta
1179 5282 1470 5340 occasione
1508 5281 1678 5337 inter-

1775 4550 1960 4607 crucis
1981 4549 2033 4606 ei
2062 4557 2404 4606 monstrasse
2424 4557 2481 4604 et
2505 4556 2568 4604 ut
2588 4547 2770 4604 simile
2796 4546 3004 4603 faceret
3031 4540 3359 4615 precepisse.

1776 4644 1933 4711 Quod
1965 4652 2020 4699 et
2072 4641 2235 4709 fecit,
2265 4642 2477 4698 habens
2529 4658 2655 4698 eam
2704 4642 2762 4696 in
2815 4639 3029 4696 vexillis
3065 4635 3359 4706 depictam.

1778 4733 1951 4806 Igitur
1977 4733 2376 4792 Constantinus
2405 4732 2637 4789 Romam
2674 4730 2902 4788 veniens
2925 4736 3119 4785 contra
3139 4724 3350 4780 Maxen-

1778 4826 1915 4883 tium
1955 4834 2136 4884 castra
2164 4827 2349 4897 posuit
2373 4826 2530 4897 juxta
2564 4832 2785 4895 pontem
2811 4822 3098 4887 Molbium;
3142 4826 3198 4874 et
3237 4829 3366 4872 ecce

1781 4918 2088 4976 Maxentius
2140 4920 2314 4989 portis
2358 4932 2674 4987 erumpens,
2731 4914 3089 4985 sequentibus
3132 4909 3360 4973 ceteris,

1780 5010 2127 5082 precucurrit
2173 5019 2449 5077 armatus;
2502 5007 2899 5064 Constantinus
2957 5019 3088 5060 vero
3143 5015 3366 5058 crucem

1781 5119 1948 5174 quam
1990 5101 2323 5158 formaverat
2349 5110 2476 5158 ante
2515 5117 2575 5158 se
2609 5100 2781 5172 jussit
2822 5097 3061 5169 portari;
3111 5094 3369 5163 factaque

1780 5195 2201 5267 congressione,
2227 5195 2471 5265 superati
2521 5202 2651 5249 sunt
2694 5191 2791 5263 qui
2836 5192 2983 5248 circa
3032 5186 3366 5244 Maxentium

1784 5286 2037 5354 fuerunt;
2062 5286 2179 5357 ipse
2210 5295 2392 5343 autem
2421 5285 2656 5357 fugiens,
2681 5285 2845 5357 paulo
2875 5281 3129 5354 superius
3149 5295 3181 5335 a
3201 5284 3368 5350 ponte

89 5369 266 5444 ﬁcere,
309 5392 661 5450 regnumque
706 5378 827 5450 ejus
870 5376 1152 5443 invadere,
1191 5376 1286 5448 qui
1318 5375 1374 5430 in
1407 5372 1596 5430 Galliis
1625 5382 1682 5429 et
1784 5378 2004 5445 Molliio,
2048 5380 2139 5435 ubi
2166 5379 2321 5451 prius
2346 5378 2414 5435 ad
2449 5379 2758 5450 decipulam
2805 5376 2932 5434 fecit
2960 5374 3121 5447 quasi
3144 5377 3366 5443 pontem

1388 5511 1620 5571 νΑιιιΑε
1656 5512 2053 5571 LECTIONES.

159 5650 230 5684 ⁸⁸⁸
268 5650 644 5719 morigeratus
690 5651 774 5704 Ib.
874 5651 942 5683 ⁸³⁸
980 5666 1030 5705 c.
1062 5648 1101 5703 f.
1153 5646 1453 5719 sLConst.
1501 5645 1553 5719 5.

112 5717 177 5751 ⁸⁸³
195 5736 366 5777 croco
397 5717 532 5774 corr.
577 5721 687 5777 cric
745 5722 830 5776 9t.

1634 5646 1702 5676 ⁶⁶⁰
1745 5644 1781 5701 f.
1830 5664 1928 5704 suo
1978 5649 2072 5705 ΕΙ.

910 5720 976 5753 θοι
1014 5727 1066 5775 ct
1092 5735 1165 5774 ω.
1200 5717 1240 5771 E
1270 5719 1316 5772 1.
1397 5718 1464 5748 εει
1500 5717 1639 5771 deest
1673 5716 1756 5772 9c.

2164 5653 2229 5683 5“
2274 5670 2323 5724 g.
2382 5669 2483 5710 suo
2520 5653 2613 5708 El.
2705 5653 2771 5685 σε’
2811 5650 2940 5707 Ηιιτ
2980 5648 3168 5703 desunt
3209 5642 3362 5698 codd.
