3876 6306
475 339 585 399 103

1682 333 2079 391 EKKEIIARDI
2125 329 2584 389 URAUGIENSIS

3645 334 3743 391 ἳοι

479 475 547 516 ex
595 454 830 529 navigiis
876 455 945 490 ⁶⁶⁶
992 454 1132 523 fieri,
1159 454 1361 512 tabulis
1395 454 1631 526 desuper
1679 458 1895 522 stratis,
1944 471 2071 510 cum
2102 466 2147 512 A
2174 456 2357 509 sedem
2398 451 2634 509 Romam
2675 467 2890 522 imperti
2914 460 2969 506 et
2990 458 3155 521 caput
3176 449 3347 507 totius
3375 450 3604 508 Orientis
3624 468 3747 510 esse

478 547 642 603 vellet
663 545 898 602 eundem
929 553 1151 616 pontem
1182 561 1248 601 ex
1279 545 1450 601 latere
1493 545 1720 611 intrare,
1751 546 1909 615 lapsu
1943 544 2070 615 equi

480 641 538 697 in
586 639 921 713 profundum
975 639 1261 696 demersus
1306 645 1422 705 est,
1457 638 1658 709 vixque
1701 652 1901 708 corpus
1951 638 2072 707 ejus

482 734 763 790 inventum
793 741 890 787 est.
912 728 1041 787 Erat
1069 741 1201 788 tunc
1222 747 1400 787 annus
1418 730 1765 787 Constantini
1784 730 2069 801 septimus.

484 823 692 881 interea
722 824 869 881 cives
907 824 1142 879 Romani
1190 824 1467 880 civitatem
1513 832 1802 890 coronant,
1855 831 1910 878 et
1946 838 2070 877 cum

480 915 683 988 gaudio
715 915 978 972 victorem
998 914 1423 972 Constantinum
1448 915 1829 986 viviticamque
1853 922 2072 970 crucem

481 1013 810 1083 suscipiunt.
846 1042 919 1050 —
945 1010 1097 1081 (Evs.
1133 1010 1206 1066 ΙΙ.
1233 1028 1278 1066 e.
1315 1028 1395 1079 ιχ,
1425 1011 1534 1082 lli.)
1580 1011 1727 1066 Inter
1754 1012 1870 1066 lucc
1895 1010 2071 1065 Maxi-

481 1106 688 1173 minus,
721 1104 1151 1162 christianorum
1166 1114 1220 1161 et
1242 1105 1359 1176 ipse
1383 1113 1705 1175 persecutor
1729 1103 2071 1170 sevissimus,

483 1196 540 1251 in
582 1192 806 1253 Oriente
847 1197 1112 1253 adversus
1147 1196 1419 1253 Licinium
1465 1211 1554 1251 res
1609 1210 1782 1250 novas
1827 1195 2071 1260 molitus,

483 1302 610 1343 cum
675 1288 941 1345 adversus
1006 1305 1133 1344 eum
1189 1290 1415 1344 duceret
1464 1287 1763 1343 exereitum
1789 1329 1803 1353 ,
1854 1295 2075 1357 repente

483 1376 672 1433 divino
706 1378 916 1448 judicio
941 1378 1227 1435 doloribus
1262 1370 1537 1433 viscerum
1575 1377 1916 1432 internarum
1952 1391 2076 1431 cor-

483 1478 692 1539 reptus,
725 1471 1078 1526 vehementer
1129 1470 1393 1542 exagitari
1439 1470 1637 1540 coepit;
1671 1469 1866 1524 deinde
1909 1468 2075 1523 homo

484 1570 646 1616 antea
698 1578 869 1617 vorax
921 1578 1248 1633 semperque
1301 1563 1433 1617 vino
1483 1563 1756 1632 repletus,
1800 1577 1948 1616 nunc
2006 1574 2077 1615 ne

484 1652 719 1708 summis
753 1653 974 1723 quidem
998 1653 1166 1709 labris
1204 1653 1387 1709 cibum
1430 1653 1721 1724 degustare
1766 1660 1861 1706 aut
1885 1650 2074 1705 vinum

484 1745 664 1815 potuit
693 1745 942 1813 odorari;
988 1746 1179 1817 sicque
1212 1746 1473 1825 carnibus
1504 1745 1622 1801 suis
1671 1743 1849 1799 inedia
1882 1752 1936 1798 et
1965 1743 2074 1798 ari-

2171 545 2362 601 voluit.
2391 543 2543 599 Fecit
2563 551 2617 598 et
2636 552 2857 615 pontem
2876 544 2932 598 in
2958 542 3240 609 Danubio;
3265 558 3562 613 otnnesque
3581 544 3745 606 bona:

2171 645 2319 692 artes
2366 651 2499 692 suos
2545 635 2757 691 discere
2787 633 3044 701 faciebat,
3080 635 3321 689 maxime
3342 635 3523 690 studia
3550 635 3747 691 littera-

2170 746 2325 799 rum;
2354 730 2470 800 ipse
2498 728 2550 783 in
2580 728 2828 799 legendo,
2854 727 3166 794 scribendo,
3188 727 3507 783 meditando
3528 729 3749 784 multum

2173 836 2232 877 se
2249 820 2559 876 exercebat.
2608 818 2757 891 (Eos.
2806 817 2880 872 Η.
2913 835 2960 873 e.
2994 835 3071 885 ix,
3102 817 3181 888 7.)
3232 816 3407 888 Cujus
3449 828 3621 874 mater
3654 819 3751 874 lle

2172 914 2293 969 lena
2344 913 2626 984 religiosa,
2657 910 2858 966 divinis
2903 910 3183 966 admonita
3227 910 3558 978 visionibus,
3580 909 3753 966 Hiero-

2174 1006 2426 1061 solimam
2474 1004 2649 1075 petiit,
2698 1012 2754 1058 et
2782 1004 2966 1057 locum
3015 1002 3111 1057 ubi
3151 1001 3410 1058 Christus
3468 1003 3754 1059 cruciﬁxus

2173 1105 2257 1154 est
2286 1097 2378 1165 ⁸⁷³,
2411 1097 2480 1151 ab
2526 1095 2721 1151 incolis
2767 1093 3079 1172 requisivit,
3111 1094 3206 1165 qui
3248 1094 3458 1149 idcirco
3502 1096 3570 1150 ad
3610 1096 3754 1150 inre-

2174 1189 2435 1244 niendum
2471 1186 2702 1243 difficilis
2731 1196 2871 1253 erat,
2901 1185 3031 1257 quia
3059 1186 3128 1240 ab
3157 1185 3403 1256 antiquis
3445 1196 3756 1257 persecutm

2173 1282 2330 1337 ribus
2357 1281 2712 1336 simulacrum
2742 1277 2975 1334 Veneris
3003 1279 3058 1332 in
3087 1292 3153 1333 eo
3206 1276 3387 1333 fuerat
3416 1277 3611 1344 ﬁxum,
3639 1286 3699 1333 ut
3714 1280 3757 1333 si

2175 1374 2300 1446 quis
2325 1373 2607 1429 Christum
2638 1372 2707 1404 ⁶⁷²
2742 1371 2973 1426 adorare
3012 1370 3193 1437 vellet,
3232 1370 3285 1424 in
3312 1370 3438 1425 loco
3466 1370 3565 1424 illo
3594 1367 3759 1425 Vene-

2175 1482 2290 1522 rem
2335 1465 2614 1521 videretur
2651 1464 2883 1519 adorare
2915 1462 3013 1529 ‘7';
3046 1470 3114 1517 .et
3178 1463 3250 1517 ob
3298 1463 3405 1518 hoc
3457 1463 3617 1518 locus
3661 1479 3757 1517 non

2177 1558 2629 1629 frequentabatur
2684 1571 2930 1628 peneque
2972 1554 3030 1609 in
3084 1554 3360 1609 oblivione
3406 1553 3613 1610 fuerat.
3666 1551 3759 1608 Sed

2176 1650 2401 1707 veniens
2443 1648 2644 1705 Helena
2671 1690 2685 1715 ,
2737 1647 2954 1702 caelitus
3008 1646 3111 1701 sibi
3169 1646 3524 1718 designatum
3568 1646 3761 1700 invenit

2178 1743 2399 1808 locum,
2447 1740 2805 1813 purgatisqne
2851 1738 2907 1793 in
2958 1738 3128 1793 altum
3176 1738 3504 1805 ruderibus,
3556 1753 3761 1793 crum

486 1840 614 1895 date
642 1841 1006 1911 consumptis,
1034 1841 1102 1896 ad
1148 1840 1253 1895 boc
1298 1841 1475 1895 solum
1508 1838 1739 1910 profecit
1778 1836 1988 1904 infelix,
2016 1844 2078 1891 ut
2110 1828 2153 1882 Β
2179 1844 2427 1891 sanctam
2467 1833 2688 1905 reperit,
2724 1831 2828 1888 sub
2865 1831 3124 1902 episcopo
3168 1830 3415 1902 ejusdem
3465 1830 3627 1886 urbis
3655 1828 3762 1883 Ia-

487 1932 694 2002 justam
720 1946 844 1987 esse
886 1930 981 1986 Dei
1033 1931 1334 1987 vindictam
1386 1931 1443 1985 in
1479 1947 1539 1986 se
1578 1929 1942 2000 profiteretur.
1993 1925 2075 1981 Ad

491 2023 747 2078 ultimum
780 2032 985 2091 tamen,
1017 2024 1211 2079 morbo
1243 2023 1398 2094 prius
1428 2022 1650 2077 amissis
1697 2020 1958 2077 carnibus
1984 2019 2074 2085 “7,

489 2115 709 2171 vivendi
756 2117 921 2170 linem
971 2116 1200 2185 accepit.
1247 2114 1344 2185 (Η.
1379 2117 1479 2186 m.)
1512 2113 1712 2168 Valens
1753 2126 1974 2183 quoque
2021 2111 2077 2166 in

489 2206 715 2263 Oriente
739 2208 808 2262 ab
845 2208 1087 2262 exercitu
1128 2208 1425 2277 imperator
1455 2207 1778 2276 appellatus.
1812 2222 1840 2260 a
1871 2204 2080 2260 Licinio

491 2298 712 2354 occisus
740 2306 844 2353 est.
899 2298 1206 2353 Alexander
1240 2298 1403 2353 etiam
1436 2297 1657 2368 quidam
1708 2297 1851 2367 apud
1887 2295 2083 2350 Karta-

422 2405 427 2410 '
492 2389 675 2459 ginem
727 2389 1024 2458 imperator
1056 2389 1304 2456 effectus,
1345 2391 1414 2444 ab
1464 2388 1706 2445 exercitu
1735 2386 2080 2444 Constantini

490 2480 792 2551 iugulatur.
838 2481 930 2536 Sic
979 2481 1165 2551 itaque
1213 2481 1394 2537 omnis
1444 2490 1687 2551 potestas
1746 2480 1958 2551 imperii
2014 2479 2082 2534 ad

407 2619 418 2627 .
492 2572 918 2628 Constantinum
973 2582 1027 2628 et
1072 2572 1341 2628 Licinium
1370 2574 1631 2643 pervenit.
1681 2572 1786 2640 Qui
1838 2572 2083 2629 Licinius

491 2679 618 2719 cum
657 2664 836 2734 primo
890 2680 951 2720 se
997 2664 1229 2735 probum
1273 2672 1328 2719 et
1376 2664 1535 2734 quasi
1584 2680 1710 2736 erga
1752 2665 2084 2719 christianos

491 2756 809 2812 ostenderet
832 2757 1109 2823 devotum,
1133 2765 1323 2827 postea
1360 2757 1550 2812 videns
1574 2757 1880 2828 profectum
1914 2757 2086 2826 impe-

492 2849 697 2905 ratoris
727 2848 1095 2914 Constantini,
1134 2848 1334 2905 ductus
1357 2848 1580 2914 invidia,
1615 2847 1846 2905 occultis
1872 2849 2085 2904 insidiis

494 2941 733 2995 maxime
747 2923 846 3010 per
875 2938 1177 2995 familiares
1198 2955 1263 2994 ac
1284 2939 1569 2994 ministros
1600 2938 1902 3009 principem
1938 2939 2087 2994 deci-

491 3045 622 3100 pere
670 3031 899 3086 molitus
940 3039 1062 3099 est;
1110 3031 1206 3086 sed
1243 3046 1368 3086 cum
1400 3030 1454 3085 id
1500 3046 1696 3101 parum
1746 3031 2084 3101 procederet,

434 3122 445 3135 '
490 3131 742 3194 apertum
771 3122 850 3177 illi
878 3122 1080 3177 bellum
1104 3122 1315 3189 indicit,
1352 3121 1687 3177 christianos
1717 3137 1848 3177 vero
1872 3122 2084 3191 privato

492 3224 551 3272 et
590 3216 816 3285 speciali
871 3216 1000 3270 odio
1033 3215 1291 3285 persequi
1338 3223 1516 3284 parat,
1557 3215 1663 3269 hoc
1716 3214 1771 3267 in
1804 3216 2083 3284 querelam

495 3306 793 3372 devocuns,
820 3306 967 3376 quod
1009 3321 1119 3360 non
1149 3305 1221 3359 ita
1253 3319 1353 3374 pro
1395 3320 1455 3359 se
1505 3304 1646 3359 sicut
1677 3319 1777 3374 pro
1810 3304 2084 3360 Constan-

495 3396 616 3452 tino
649 3398 986 3452 excubarent
1038 3397 1401 3452 orationibus.
1450 3395 1624 3466 Cujus
1671 3395 1888 3467 flagitiis
1935 3396 2085 3451 Con-

497 3488 777 3544 stantinus
828 3489 1046 3544 obviam
1099 3489 1178 3543 ire
1227 3497 1415 3559 parat,
1469 3487 1793 3559 devictoque
1852 3488 2085 3556 Licinio,

498 3581 654 3637 solus
676 3596 803 3636 cum
836 3580 967 3635 filiis
1017 3580 1132 3636 suis
1161 3579 1379 3650 imperii
1411 3581 1792 3636 monarehiam
1830 3583 2085 3647 obtinuit,

499 3676 649 3728 anno
677 3673 831 3743 regni
871 3673 957 3727 sui
994 3673 1080 3727 14.
1113 3672 1209 3741 (II.
1236 3673 1331 3743 m.)
1361 3670 1518 3727 Unde
1545 3689 1640 3743 per
1665 3674 2010 3730 insolentiam
2036 3684 2091 3730 rt

502 3766 641 3834 ipse,
678 3772 743 3819 ut
775 3764 951 3831 aiunt,
982 3773 1226 3821 mutatus
1273 3773 1327 3820 et
1356 3765 1632 3820 crudelior
1671 3766 1919 3831 effectus,
1974 3767 2089 3838 pri-

503 3870 658 3910 mum
703 3856 913 3911 sororis
939 3871 1054 3911 sua:
1080 3856 1274 3922 tilium,
1305 3855 1536 3928 egregia:
1578 3856 1774 3912 indolis
1810 3857 2089 3927 juvenem,

504 3946 800 4010 interfecit,
833 3963 959 4003 mox
983 3947 1262 4018 Crispum,
1299 3948 1472 4003 lilium
1508 3964 1670 4004 suum
1710 3965 1775 4005 ex
1804 3949 2089 4013 Minervia,

506 4049 851 4111 suggerente,
887 4050 947 4096 ut
989 4041 1200 4107 dicunt,
1230 4040 1431 4097 Fausta
1463 4056 1696 4114 conjuge
1742 4059 1863 4109 sua,
1910 4043 2093 4097 necari

503 4130 697 4202 jussit;
733 4131 929 4187 deinde
964 4131 1139 4202 ipsam
1171 4131 1431 4189 Faustam
1471 4132 1541 4166 ⁶⁶⁸
1567 4134 1621 4188 in
1657 4133 1880 4189 balneas
1898 4134 2094 4188 arden-

505 4232 590 4280 tes
620 4224 923 4292 conjectam
956 4225 1253 4289 interemit,
1295 4241 1420 4281 cum
1451 4241 1578 4281 eum
1612 4226 1799 4281 dolore
1833 4225 2003 4281 nimio
2025 4225 2095 4258 “’

507 4325 683 4373 mater
723 4316 923 4374 Helena
973 4336 1075 4390 pro
1111 4336 1241 4375 nece
1271 4308 1489 4391 nepotis
1533 4321 1859 4391 increparet,
1906 4330 2096 4392 postea

509 4409 832 4466 innumeros
865 4411 1135 4466 interfecit
1160 4411 1386 4466 amicos.
1416 4410 1483 4466 Et
1519 4410 1669 4483 (221)
1702 4427 1825 4465 eum
1863 4412 1916 4465 in
1952 4412 2096 4466 mul-

2177 1927 2389 1984 chario.

2251 2018 2439 2092 (Osos.
2483 2035 2582 2084 vn,
2623 2015 2742 2089 28.)
2780 2017 3039 2089 Ejusdem
3080 2014 3346 2088 principis
3374 2025 3631 2086 tempore
3670 2014 3762 2068 Ar-

2180 2115 2317 2181 rius,
2346 2111 2693 2167 Alexandriae
2714 2111 2983 2182 presbiter
3002 2109 3291 2176 aeeclesiaa,
3315 2125 3348 2164 a
3388 2109 3628 2165 veritate
3656 2108 3763 2163 ﬁdei

2180 2206 2467 2263 catholica:
2494 2203 2752 2270 devians,
2778 2203 3056 2260 exitiabile
3098 2200 3354 2273 plurimis
3395 2199 3605 2272 dogma
3650 2216 3765 2255 wn-

2182 2300 2397 2354 stituit.
2443 2298 2537 2354 sed
2591 2312 2720 2353 mox
2784 2297 2854 2353 ab
2912 2296 3265 2362 Alexandro,
3306 2294 3568 2364 ejusdem

2182 2392 2538 2462 episcopo,ex
2563 2390 2697 2445 urbe
2717 2390 2911 2460 pulsus
2936 2398 3038 2445 est.
3065 2388 3315 2458 Cumque
3336 2386 3624 2450 homines,
3645 2400 3764 2455 quos

2184 2483 2237 2538 in
2261 2498 2503 2538 errorem
2535 2481 2845 2548 induxerat,
2865 2482 3030 2538 etiam
3061 2481 3115 2535 in
3140 2480 3473 2537 seditionem
3497 2478 3763 2538 excitaret,

2185 2575 2326 2646 apud
2349 2572 2572 2653 Niceam
2599 2574 2790 2630 urbem
2812 2573 3067 2628 Bithiniae
3102 2579 3408 2628 conventus
3435 2569 3553 2624 318
3573 2569 3765 2639 episco-

2185 2684 2377 2738 porum
2423 2666 2602 2723 factus
2649 2676 2735 2722 est
2781 2665 2884 2722 sub
2946 2664 3212 2721 Silvestre
3260 2678 3436 2734 papa,
3497 2677 3600 2731 per
3644 2675 3765 2732 quos

2184 2757 2480 2813 Arrianum
2536 2757 2730 2829 dogma
2789 2755 3068 2811 exitiabile
3120 2753 3398 2825 proditum
3465 2753 3654 2823 palam
3694 2762 3767 2805 est

2187 2851 2531 2906 damnatum.
2569 2847 2720 2922 (Eus.
2748 2847 2819 2903 II.
2858 2865 2905 2903 ε.
2939 2864 3018 2915 ix,
3046 2846 3155 2917 ll.)
3178 2846 3487 2916 Postquam
3514 2858 3646 2898 vero
3664 2858 3765 2897 mae

2189 2947 2272 2995 ter
2311 2939 2658 3011 imperatoris
2680 2937 2881 2994 Helena
2927 2954 2994 2994 ex
3025 2938 3131 2992 hac
3169 2936 3292 2991 luce
3330 2934 3619 3000 discessit,
3643 2933 3766 2987 Con-

2190 3032 2412 3099 stantia,
2435 3030 2629 3087 Licinii
2654 3040 2783 3087 tunc
2812 3030 3093 3096 derelicta,
3120 3026 3305 3084 fratris
3326 3026 3559 3098 augusti
3580 3022 3767 3081 solatiis

2190 3126 2463 3181 utebatur.
2492 3123 2629 3180 lluic
2650 3123 2707 3179 in
2742 3124 3001 3180 notieiam
3038 3122 3193 3177 venit
3230 3120 3511 3193 presbiter
3544 3118 3768 3190 quibit.

2190 3220 2426 3274 latenter
2470 3218 2719 3288 partibus
2760 3216 2904 3272 Arrii
2965 3214 3185 3272 favens:
3239 3229 3337 3285 qut
3395 3214 3587 3279 primo
3624 3210 3768 3265 nichil

2189 3312 2387 3366 horum
2419 3310 2560 3380 apud
2598 3325 2719 3364 eam
2767 3318 2909 3380 egit,
2954 3308 3050 3364 sed
3088 3307 3181 3364 ubi
3222 3309 3398 3363 multa
3442 3304 3767 3360 familiaritas

2188 3405 2402 3475 copiam
2429 3403 2597 3471 dedit,
2641 3403 2906 3474 paulatim
2936 3400 3103 3472 carpit
3148 3398 3370 3455 Arrium
3411 3398 3469 3453 ei
3513 3409 3773 3452 comma—

2190 3498 2342 3563 dare,
2379 3496 2555 3551 donec
2597 3495 2842 3550 animum
2873 3492 3211 3549 Constantia!
3252 3506 3416 3547 suum
3462 3489 3615 3545 fecit.
3656 3485 3768 3553 Qua

2191 3605 2317 3643 cum
2351 3588 2621 3643 moritura
2660 3587 2979 3643 visitaretur
3019 3602 3051 3641 a
3094 3583 3304 3652 fratre,
3347 3592 3657 3638 extremam
3688 3592 3771 3651 po-

2191 3681 2366 3751 poscit
2405 3680 2474 3736 ab
2515 3695 2581 3735 eo
2625 3679 2891 3751 gratiam,
2933 3689 2997 3734 ut
3039 3677 3276 3755 eundem
3318 3674 3685 3755 presbiternm
3724 3670 3767 3721 in

2192 3772 2621 3828 familiaritatem
2649 3773 2911 3842 reciperet
2931 3780 2987 3827 et
3005 3786 3129 3841 quae
3149 3753 3253 3824 sibi
3272 3753 3378 3840 pro
3397 3767 3583 3823 salute
3607 3777 3697 3819 sua
3714 3760 3769 3816 ab

2192 3880 2260 3921 eo
2316 3873 2680 3936 suggerentur
2730 3863 2800 3895 ⁸⁷³
2859 3863 3186 3929 audiret;se
3227 3860 3376 3916 enim
3427 3858 3649 3913 dicebat
3686 3870 3769 3925 pm

2195 3956 2371 4012 salute
2400 3956 2548 4011 illius
2575 3972 2698 4012 esse
2723 3955 3038 4011 sollicitam.
3064 3951 3239 4023 Cujus
3260 3951 3446 4006 verbis
3469 3950 3639 4005 frater
3669 3961 3767 4002 cre-

2195 4045 2382 4113 dulus,
2400 4061 2588 4101 aurem
2616 4044 2920 4115 presbitero
2940 4041 3345 4108 accommodat,
3367 4041 3607 4110 ejusque
3624 4052 3765 4093 suasu

2196 4137 2419 4192 Arrium
2453 4138 2521 4194 de
2560 4137 2726 4192 exilio
2763 4137 2920 4208 jubet
2967 4134 3244 4199 revocari,
3302 4142 3369 4188 ut
3402 4132 3542 4203 quid
3584 4131 3649 4185 de
3683 4127 3767 4182 ﬁde

2198 4230 2426 4286 sentiret
2447 4236 2763 4299 exponeret.
2789 4227 2893 4295 Qui
2922 4243 3048 4283 eum
3085 4226 3153 4281 de
3179 4225 3282 4279 fide
3309 4224 3601 4288 scriberet,
3622 4220 3763 4275 mim-

2201 4330 2288 4378 tus
2340 4322 2672 4392 imperator,
2716 4336 2912 4375 rursus
2968 4334 3097 4374 eum
3159 4315 3227 4373 ad
3290 4315 3517 4372 concilii
3566 4324 3764 4369 enm

2200 4411 2434 4478 remisit,
2476 4425 2680 4481 rogans
2724 4417 2806 4476 ut,
2848 4409 2893 4465 si
2935 4408 3072 4463 ﬁdes
3115 4406 3239 4478 ejus
3281 4405 3635 4476 probaretur,
3678 4400 3767 4454 elc-

506 4499 581 4554 tis
615 4499 836 4570 flagitiis
883 4509 1248 4571 grassaretur,
1286 4516 1413 4556 cum
1466 4511 1649 4556 tamen
1693 4502 1746 4555 in
1801 4516 1867 4556 eo
1914 4502 2099 4556 multae
2130 4516 2174 4570 υ
2201 4504 2371 4560 menti
2391 4518 2520 4575 erga
2544 4518 2670 4558 eum
2691 4502 2903 4573 judicio
2926 4508 3237 4566 uterentur,
3259 4498 3308 4554 si
3340 4506 3529 4553 tamen
3555 4490 3763 4565 episcopi

509 4593 743 4648 virtutes
772 4594 939 4647 animi
983 4593 1338 4659 haberentur,
1370 4593 1635 4648 divinitus
1672 4592 1819 4663 lepra
1866 4608 2097 4663 percus—

510 4699 631 4753 sus,
655 4701 754 4756 per
775 4693 1027 4742 sanctum
1054 4683 1379 4740 Silvestrum
1404 4679 1624 4756 papam,
1645 4701 1750 4740 una
1770 4701 1895 4740 cum
1926 4694 2098 4740 matre

512 4776 747 4849 aliisque
768 4778 959 4833 multis
986 4777 1053 4833 ad
1072 4777 1232 4833 fidem
1251 4792 1550 4833 conversus
1566 4786 1650 4832 est
1679 4785 1733 4832 et
1758 4777 2096 4847 baptizatus;

511 4884 750 4942 moxque
782 4886 947 4927 omne
989 4869 1233 4926 studium
1275 4870 1342 4924 ad
1369 4870 1629 4925 tecclesite
1660 4869 1939 4924 transtulit
1967 4884 2098 4939 pro-

514 4962 741 5030 fectum,
768 4966 1021 5037 legesque
1043 4964 1112 4996 ⁸⁷³
1141 4972 1390 5019 statuens
1420 4962 1771 5027 ehristiauas,
1799 4961 1926 5016 fecit
1949 4961 2100 5017 basi-

514 5054 650 5109 licas
672 5058 892 5113 multas.
923 5056 1074 5113 Fecit
1097 5065 1152 5112 et
1172 5056 1363 5111 urbem
1393 5055 1635 5110 nominis
1670 5054 1753 5109 sui
1785 5053 2103 5109 Constanti-

516 5146 788 5216 nopolim,
843 5165 965 5220 quae
1016 5150 1173 5220 prius
1218 5148 1522 5204 Bizantiutn
1559 5147 1874 5212 dicebatur,
1933 5162 2101 5217 quam

2200 4596 2320 4667 ejus
2339 4594 2635 4650 Alexandri
2662 4609 2926 4652 assensus
2970 4590 3509 4649 accommodaretur.
3550 4587 3765 4652 Cumque

2202 4686 2589 4743 Alexandriam
2618 4686 2850 4744 veniret.
2875 4701 3038 4741 omne
3072 4684 3224 4740 illius
3256 4682 3539 4753 inceptum
3568 4678 3765 4733 frustu-

2204 4789 2320 4836 lum
2357 4789 2458 4835 est.

2275 4872 2484 4928 Interea
2511 4872 2641 4929 dum
2669 4874 2783 4928 haec
2801 4868 3144 4926 Alexandrim
3175 4867 3517 4940 agitarentur
3538 4864 3627 4926 ⁸⁷⁸,
3648 4858 3764 4915 (ἰου-

2203 4966 2503 5033 stautinus,
2527 4982 2587 5021 re
2619 4965 2837 5037 publica
2867 4964 3005 5019 bene
3026 4961 3303 5028 ordinata,
3335 4974 3465 5015 cum
3507 4966 3617 5011 tres
3651 4949 3763 5006 ﬁlios

2203 5073 2358 5124 suos,
2401 5058 2826 5113 Constantinum
2865 5065 2918 5111 et
2957 5054 3317 5111 Constantem
3349 5067 3414 5105 ac
3438 5050 3506 5081 ⁸⁷⁸
3527 5048 3761 5101 Constat.

2206 5149 2364 5217 tium,
2395 5159 2449 5205 et
2486 5151 2657 5205 lilium
2690 5149 2879 5206 fratris
2899 5147 2984 5205 sui
3007 5130 3340 5202 Dalmatium
3378 5155 3613 5199 caesarcs
3632 5132 3759 5191 fecis-

1819 5259 2053 5316 VARIE
2092 5260 2495 5320 LECTIONES.

593 5353 662 5386 ⁸⁸⁸
700 5354 870 5412 virttis
901 5354 970 5409 El
985 5398 998 5412 .

1078 5357 1145 5390 ⁸⁸⁷
1184 5358 1263 5412 ita
1299 5342 1396 5410 Ε·Ιῖ
1436 5353 1735 5410 luminibus
1776 5352 1852 5406 lb.
1891 5351 2034 5405 deest
2070 5354 2186 5409 rell.
2265 5356 2334 5388 ⁸⁸⁸
2374 5358 2515 5410 deest
2539 5356 2625 5411 9e.

518 5428 603 5481 9°.
646 5427 715 5459 ""
754 5423 842 5482 ch.
879 5442 1076 5497 passus
1127 5436 1296 5483 estet
1342 5426 1758 5497 ct‘ucilixusest
1785 5423 1837 5497 5;.
1888 5423 2114 5497 _"{f_ch.
2155 5426 2202 5479 si

2703 5355 2771 5387 “9
2793 5370 2919 5409 eum
2943 5370 3017 5407 m.
3044 5353 3098 5406 11.
3128 5368 3183 5406 n.
3208 5349 3399 5405 dolore
3421 5348 3475 5404 5.
3550 5342 3618 5375 θ’
3643 5339 3760 5409 “iis

2242 5407 2508 5497 quisﬁiiI—V
2545 5407 2622 5458 ἶτί
2668 5428 2751 5497 ita
2791 5407 3289 5497 lﬂﬁlsvencraretur
3421 5407 3757 5497 videretis!!-

519 5498 591 5569 Ψ
624 5482 1154 5569 suggeretituijgcorr.
1191 5482 1615 5569 suggererentur
1656 5494 1753 5548 El.
1795 5492 1897 5547 Sed
1941 5492 2100 5563 illud,
2146 5482 2285 5567 quod
2338 5498 2527 5569 reliqui
2578 5496 2731 5551 codd.
2779 5504 3011 5561 tuentur,
3074 5492 3200 5546 ἕως.
3250 5490 3521 5558 scripsisse
3568 5482 3754 5536 νίόιευο

523 5566 593 5600 (⁷⁸
632 5566 922 5640 agerentur
964 5568 1060 5622 El.
1139 5567 1210 5600 ‘7‘
1260 5566 1401 5623 deest
1456 5567 1553 5620 El.

2076 5658 2302 5715 NOTAE.

593 5758 741 5830 (221)
782 5757 978 5817 {Nescio
1008 5758 1133 5831 quis
1165 5760 1283 5817 btec
1317 5757 1640 5814 Ekkehardo
1680 5754 1991 5828 prmiuerit.
