3876 6306
126 373 211 429 705
840 382 847 391 ‘
1028 366 1394 423 CIIRONICA.
1437 399 1508 407 —-—
1545 366 1939 423 CHRONICON
1979 368 2439 432 UNIVERSALE.
3266 384 3368 442 706

122 498 209 555 set,
231 485 521 558 egritudine
557 493 751 556 captus
791 492 901 551 est;
928 491 1131 539 etcum
1174 484 1320 538 Illius
1358 484 1478 553 ejus
1516 484 1666 538 Con-
1699 488 1744 543 A
1839 484 1930 538 28.
1974 488 2037 538 A.
2084 486 2145 539 ῐ).
2188 489 2312 543 558.
2360 487 2577 547 Marcus
2637 504 2776 560 papa
2828 490 2957 547 55⁸³³
3013 494 3155 549 sedit
3205 513 3363 555 men-

125 579 343 644 stantius,
383 577 472 633 cui
498 575 736 633 Orientis
765 592 995 647 regnum
1035 577 1351 632 decreverat
1381 576 1472 641 ⁵⁷⁷,
1515 577 1672 632 abes.
1776 592 1866 632 ses
1894 576 1948 642 8,
1973 579 2350 650 requievitque
2384 579 2570 636 Nonas
2601 580 2826 638 Octobr.

124 671 288 738 set‘",
309 669 433 727 fecit
453 670 502 724 ei
532 677 946 736 testamentum,
968 669 1115 739 quod
1139 678 1335 723 vocato
1358 683 1424 723 an
1450 683 1509 724 se
1529 673 1669 723 clam
1843 667 1934 721 29.
1973 669 2037 722 A.
2083 668 2143 724 D.
2184 670 2309 727 559.
2349 670 2528 728 Julius
2549 687 2687 744 papa
2723 674 2851 728 36M
2897 676 3036 731 sedit
3065 678 3225 736 annis
3261 680 3329 735 I6

122 763 389 834 presbitero
407 777 438 816 a
460 776 647 816 sorore
667 762 1052 816 commendato
1072 761 1239 827 dedit,
1264 761 1574 831 precipiens
1595 762 1666 828 ei,
1773 759 1909 814 obiit
1934 760 1969 814 2
1997 760 2123 817 Idus
2158 761 2332 833 April.
2482 764 2625 819 Anni
2649 764 2718 820 ab
2741 766 2906 821 inicio
2927 768 3087 823 4500.

123 866 169 912 ιιι
201 855 321 911 nulli
366 855 470 909 hoc
514 854 621 909 nisi
670 852 998 908 Constantio
1047 853 1203 908 daret
1243 852 1338 923 (cf.
1386 852 1471 907 Η.
1504 870 1671 907 m.-—-
1845 847 1934 902 50.
1975 848 2039 904 A.
2095 850 2157 906 D.
2199 852 2324 907 540.
2373 853 2730 922 Constantia,
2774 870 2934 912 soror
2972 855 3357 928 Constantini,

121 946 224 1003 Eos.
244 946 280 1000 Ι.
304 946 387 1017 1.).
417 944 571 1011 Quod
607 960 734 1000 cum
786 943 875 999 ille
897 952 1023 1014 post
1060 951 1293 999 mortem
1322 943 1671 1014 imperatoris
1773 956 1913 998 uxor
1943 940 2160 1009 Licinii,
2186 945 2447 1011 moriens,
2475 947 2768 1001 Arrianum
2792 948 3063 1018 quendam
3097 951 3362 1020 presbite-

122 1035 312 1101 faeeret,
336 1035 498 1091 etiam
523 1035 666 1105 apud
689 1033 1075 1089 Constantium
1107 1035 1404 1089 maximam
1433 1034 1669 1089 familia-
1771 1047 1895 1087 rum
1928 1031 2085 1087 fratri
2108 1037 2475 1092 commendat.
2520 1037 2725 1111 (Ηιειι.)
2752 1038 3150 1099 Censtantinus
3188 1043 3362 1114 impe-

119 1127 300 1183 ritatem
319 1127 570 1182 obtinuit.
599 1125 860 1183 Scribunt
900 1134 1085 1182 autem
1126 1126 1371 1197 quidam,
1394 1125 1667 1183 Constan-
1769 1133 1921 1181 rator
1961 1126 2091 1182 dum
2137 1127 2340 1183 bellum
2383 1131 2609 1186 molitur
2658 1133 2948 1188 adversum
2999 1132 3218 1204 Persas,
3261 1139 3357 1207 qui

120 1220 263 1273 tinum
302 1219 679 1288 imperatorem
725 1218 781 1273 in
820 1218 1113 1273 Arrianam
1149 1218 1388 1274 heresim
1412 1219 1669 1275 incidisse
1770 1216 2217 1288 Mesopotamiam
2258 1220 2609 1287 infestabant,
2640 1224 2938 1296 egrediens
2968 1241 3000 1281 a
3036 1225 3357 1283 Constanti—

117 1310 237 1365 etab
262 1309 493 1366 Eusebio
536 1309 936 1366 Nicomediensi
976 1312 1235 1381 episcopo
1269 1310 1666 1381 rebaptizatum
1770 1306 1974 1379 nop'oli,
1998 1319 2154 1379 juxta
2184 1309 2560 1368 Nicomediam
2599 1315 2853 1370 moritur.

119 1401 280 1468 fuisse,
321 1402 465 1472 quod
493 1402 881 1458 acclesiastica
917 1402 1147 1458 historia
1186 1418 1298 1459 non
1338 1403 1516 1470 docet,
1544 1420 1669 1474 qua
1767 1398 1911 1454 Anni
1945 1398 2273 1456 Constantii.

117 1494 201 1548 sub
221 1509 400 1565 magna
436 1495 698 1565 religione
719 1495 873 1550 illum
896 1496 1200 1553 decessisse
1219 1498 1491 1568 perbibet.
1514 1497 1663 1570 (Eus.
1838 1494 1998 1548 Anno
2025 1495 2315 1551 dominicae
2343 1494 2739 1552 incarnationis
2760 1497 2884 1554 541.
2926 1498 3093 1557 Urbis
3123 1503 3355 1560 condita

119 1583 176 1639 Η.
226 1603 267 1639 e.
314 1585 368 1645 Ι.Δ
394 1586 458 1657 Ι.)
522 1584 671 1642 Obiit
710 1595 893 1642 autem
941 1588 996 1642 in
1039 1589 1357 1644 suburbana
1404 1587 1532 1645 villa
1572 1588 1667 1645 Ni-
1730 1614 1733 1615 ν
1770 1586 2063 1643 millesimo
2097 1588 2186 1643 92.
2221 1588 2617 1656 Constantius,
2653 1590 2800 1646 filius
2827 1590 3196 1662 Constantini,
3223 1595 3351 1651 55“

117 1677 363 1745 comedim,
424 1679 512 1732 11.
567 1678 686 1733 Kal.
731 1677 909 1746 Junii,
953 1695 1101 1734 anno
1148 1680 1274 1735 vita
1314 1680 1435 1747 66°,
1493 1680 1666 1751 impc-
1767 1677 1838 1732 ab
1876 1678 2145 1748 Augusto,
2192 1679 2485 1749 imperium
2525 1680 2775 1750 adeptus,
2801 1681 2875 1736 25
2900 1682 3060 1738 annis
3081 1698 3206 1738 eum
3236 1684 3351 1740 fra-

116 1770 170 1823 rii
203 1770 310 1834 31°,
365 1770 723 1841 sepultusque
785 1780 871 1826 est
922 1769 977 1825 in
1034 1770 1283 1827 Bizantio
1320 1773 1379 1827 in
1435 1773 1663 1829 basilica
1698 1840 1734 1847 _
1768 1769 1945 1825 tribus
1987 1770 2103 1825 suis
2126 1769 2493 1827 Constantino
2522 1780 2577 1828 et
2600 1772 2900 1830 Constante
2924 1776 3192 1847 regnavit.
3229 1776 3356 1833 Fuit

112 1857 481 1927 Apostolorum.
1696 1840 1739 1894 Β
1763 1864 1929 1917 etiam
1969 1863 2112 1918 inter
2137 1878 2490 1919 successores
2529 1864 2878 1920 Constantini
2908 1840 3233 1936 Dalmatius,
3284 1869 3353 1924 ﬁ-

170 1951 212 2005 l.
248 1951 387 2019 (Chr.
423 1952 539 2022 W.)
579 1951 754 2023 Hujus
782 1968 929 2009 anno
969 1954 1150 2024 primo
1174 1955 1502 2025 Maxentius,
1526 1955 1662 2013 Her—
1764 1955 1872 2011 lius
1906 1954 2096 2011 fratris
2138 1956 2224 2011 sui
2262 1954 2538 2022 Dalmatii,
2570 1972 2734 2026 quem
2787 1957 2902 2027 ipse
2957 1956 3355 2016 Constantinus

114 2042 217 2096 culii
237 2044 392 2110 Illius,
414 2054 683 2116 angustus
704 2046 1031 2115 appellatur.
1765 2047 1820 2102 in
1853 2048 2195 2103 consortium
2225 2046 2381 2119 regni
2413 2047 2713 2117 adoptavit.
2770 2047 2835 2102 Hi
2878 2050 3081 2121 singuli
3110 2052 3353 2123 singulas

166 2134 212 2188 2.
241 2136 301 2189 A.
339 2136 399 2190 D.
440 2137 567 2191 512.
608 2136 973 2193 Maximianus
1023 2139 1166 2211 apud
1208 2140 1508 2198 Massiliam
1533 2150 1662 2199 λιπ-
1763 2150 1946 2210 partes
1969 2141 2037 2172 ⁸⁸³
2062 2141 2331 2213 regendas
2359 2142 2429 2196 ab
2460 2141 2579 2210 ipso
2601 2139 2967 2196 Constantino
2999 2153 3350 2212 acceperunt,

104 2226 229 2294 piter
247 2229 524 2283 occiditur.
1761 2232 2159 2289 Constantinus
2184 2242 2383 2288 cuneta
2412 2241 2566 2289 trans
2597 2233 2793 2303 Alpes,
2829 2232 3106 2290 Constans
3141 2233 3351 2290 Italiam

165 2321 209 2374 5.
244 2320 439 2392 (IIII-zu.)
479 2322 549 2377 A.
590 2321 654 2377 D.
698 2323 824 2378 515.
876 2322 1143 2391 Quirinus
1191 2324 1496 2385 Suscianus
1537 2329 1657 2399 epi-
1760 2324 2115 2381 etYlliricum
2138 2334 2190 2380 et
2211 2324 2850 2393 Africam,Constantius
2870 2326 3057 2381 Asiam
3082 2335 3137 2381 et
3158 2324 3354 2382 Orien~

98 2426 273 2482 .scopus
299 2414 533 2485 gloriose
553 2431 753 2487 passus
773 2425 880 2473 est.
1761 2426 1892 2484 tem,
1932 2418 2238 2474 Dalmatius
2268 2417 2546 2485 Traciam,
2581 2416 2956 2473 Macedoniam
2983 2428 3039 2475 et
3061 2418 3348 2475 Achaiam.

163 2505 207 2562 4.
240 2504 300 2561 A.
338 2505 399 2562 D.
439 2508 569 2562 5M.
613 2507 875 2564 Sleester
896 2525 1036 2580 papa
1064 2511 1191 2567 51ιιε
1238 2513 1544 2582 ordinatur,
1571 2531 1658 2569 se-

1819 2526 1965 2565 erum
2004 2510 2348 2576 Dalmatius,
2402 2510 2771 2580 prosperrima
2824 2509 3004 2566 indole
3049 2519 3105 2566 et
3153 2519 3350 2582 patruo

109 2594 312 2668 deusque
356 2600 518 2656 annis
565 2600 636 2655 22
664 2642 678 2668 ,
718 2617 949 2658 menses
997 2602 1095 2671 I0,
1149 2605 1403 2675 migravit
1449 2606 1484 2660 2
1534 2605 1653 2662 Kal.
1760 2601 1895 2656 baut
1925 2601 2247 2668 dissimilis,
2287 2617 2397 2656 non
2424 2603 2600 2657 multo
2628 2609 2805 2672 posta
2838 2602 3106 2658 militibus
3129 2604 3350 2659 occisus

104 2683 294 2751 hmﬂlr-
1758 2703 1864 2762 est,
1894 2692 2220 2750 Constantio
2258 2693 2494 2765 patrueli
2534 2709 2639 2750 suo
2685 2693 2899 2749 sinente
2949 2694 3133 2765 potius
3180 2710 3348 2766 quam

164 2778 206 2832 5.
243 2778 380 2848 (Chr.
409 2781 529 2853 W.)
569 2782 635 2838 A.
676 2782 741 2838 D.
782 2784 906 2840 515.
945 2783 1348 2842 Constantinus
1376 2787 1654 2845 Maxentio
1753 2786 1998 2857 jubente.
2021 2785 2299 2842 Posthac
2334 2787 2477 2842 inter
2500 2785 2925 2842 Constantinum
2975 2793 3030 2841 et
3070 2784 3349 2842 Constan-

108 2867 273 2925 bcllum
299 2870 475 2928 infert.
1756 2887 1866 2934 tem
1897 2877 2171 2935 discordia
2196 2886 2387 2933 exorta
2416 2877 2485 2910 ⁸⁸³
2519 2887 2603 2933 est
2633 2886 2855 2948 propter
2879 2875 3090 2932 Italiam
3113 2885 3168 2932 et
3202 2876 3351 2932 Afri-
3433 2929 3442 2936 .

161 2962 205 3017 6.
248 2964 309 3020 Αο.
358 2965 419 3020 D.
474 2966 604 3022 516.
657 2966 853 3025 Petrus
902 2969 1307 3028 Alexandrinus
1360 2973 1654 3045 episcopus
1756 2989 1900 3029 eam.
1929 2972 2326 3029 Constantinus
2353 2972 2539 3042 itaque
2566 2973 2696 3027 dum
2734 2973 2929 3027 nititur
2951 2981 3135 3043 partes
3160 2971 3350 3029 fratris

106 3055 453 3114 martiriz‘atur.
1752 3066 1992 3137 junioris
2034 3064 2320 3133 invadere,
2348 3066 2555 3120 bellum
2598 3065 2776 3120 movit
2815 3072 3009 3121 contra
3050 3080 3207 3133 eum,
3252 3066 3349 3121 sed

164 3146 205 3201 7.
241 3147 435 3222 (Iliam)
472 3151 542 3206 A.
583 3150 647 3207 D.
689 3152 814 3207 517.
856 3153 1099 3210 Achillas
1134 3155 1478 3212 Alexandria
1509 3158 1652 3212 ordi-
1679 3185 1720 3242 ρ
1754 3158 1886 3213 dum
1914 3158 2281 3214 inconsultius
2312 3157 2457 3227 apud
2482 3156 2790 3227 Aquileiam
2830 3157 3077 3227 pralium
3121 3172 3349 3229 aggres-

108 3245 240 3294 natur
273 3243 561 3315 episcopus
594 3244 743 3299 17⁸8.
793 3244 1176 3303 ﬂierosolimis
1225 3249 1514 3305 ordinatur
1538 3248 1651 3305 Ma-
1753 3265 1849 3306 sus
1882 3258 1985 3315 est,
2010 3248 2383 3327 aConstantis
2409 3248 2681 3305 militibus
2711 3246 3031 3303 interiectus
3051 3256 3169 3314 est,
3201 3254 3268 3303 et
3290 3247 3348 3303 in

104 3330 293 3389 charius
314 3335 461 3392 '59“.
497 3336 811 3394 Maxentius
835 3338 1063 3395 interiit.
1751 3340 1975 3396 ﬂuvium
2025 3340 2115 3395 cui
2159 3356 2358 3396 nomen
2402 3349 2488 3396 est
2518 3340 2648 3395 Alsa
2675 3354 2787 3394 non
2812 3338 2973 3409 longe
2994 3336 3066 3393 ab
3093 3336 3345 3407 Aquileia

161 3423 204 3479 9.
242 3425 381 3498 (Chr.
414 3428 531 3502 W.)
572 3428 948 3486 Diocletianus
984 3432 1217 3487 moritur
1751 3437 1836 3485 est
1869 3429 2183 3500 projectus;
2217 3430 2407 3501 sicque
2429 3429 2666 3486 Romani
2708 3427 2927 3499 imperii
2968 3426 3343 3499 principatus,

161 3512 233 3568 10.
270 3515 469 3591 (Iliun)
508 3519 578 3575 A.
620 3518 687 3575 D.
724 3519 850 3577 520.
911 3520 1158 3578 Licinius
1210 3524 1646 3594 persecutionem
1752 3521 2174 3576 occidentalium
2234 3521 2456 3591 quidem
2520 3520 2763 3592 partium
2822 3518 2896 3574 ad
2951 3518 3344 3583 Constantem,

104 3607 317 3662 movetin
338 3610 692 3667 christianos.
1751 3609 2103 3665 orientalium
2153 3625 2285 3665 vero
2318 3610 2565 3680 pervenit
2616 3610 2685 3665 ad
2722 3608 3130 3666 Constantium.
3178 3606 3348 3679 Igitur

158 3694 231 3750 15.
278 3697 338 3753 A.
395 3699 458 3755 D.
519 3701 647 3756 525.
703 3700 952 3759 Licinius
1006 3703 1293 3759 occiditur.
1343 3705 1650 3761 Alexander
1747 3700 2073 3757 Constantis
2100 3700 2391 3771 imperium
2434 3700 2757 3771 aliquandiu
2807 3708 3091 3757 strenuum
3146 3696 3251 3754 fuit
3289 3706 3347 3753 tt

99 3782 347 3841 ordinatur
366 3788 714 3846 Alexandria
745 3793 1040 3862 episcopus
1064 3793 1215 3847 18".
1744 3793 1983 3865 justum,
2021 3792 2217 3848 deinde
2267 3808 2395 3849 cum
2445 3792 2795 3864 pravioribus
2831 3800 3080 3847 uteretur
3125 3789 3343 3859 amicis.

160 3875 231 3929 17.
270 3878 368 3949 (Cf.
395 3880 667 3953 Chr.W.)
705 3882 770 3936 A.
814 3882 875 3937 D.
910 3884 1035 3938 527.
1065 3883 1374 3940 Concilium
1402 3886 1506 3940 500
1531 3890 1648 3957 epi-
1749 3885 2110 3942 intolerabilis
2144 3885 2576 3956 provincialibus
2609 3893 2665 3941 et
2699 3884 2973 3941 militibus
3028 3882 3207 3939 factus
3259 3890 3347 3937 est

101 3979 351 4037 scaporum
382 3972 435 4025 in
470 3971 640 4027 Nicea
663 3983 1044 4045 congregatur.
1750 3978 2099 4048 injocundus.
2151 3975 2302 4033 Unde
2341 3977 2475 4032 dum
2514 3978 2661 4033 circa
2689 3976 2894 4033 Gallias
2920 3975 3159 4031 venandi
3195 3973 3345 4045 cupi-

156 4058 228 4114 l9.
258 4061 317 4117 A.
357 4062 419 4119 D.
462 4065 591 4121 329.
634 4063 785 4121 Crux
816 4065 1034 4121 Domini
1083 4067 1154 4124 ab
1193 4066 1394 4124 Helena
1432 4069 1647 4126 inveni-
1747 4070 1916 4127 ditate
1943 4086 2039 4140 per
2073 4070 2242 4127 silvas
2266 4078 2323 4124 et
2354 4070 2530 4126 saltus
2554 4077 2784 4136 erraret,
2816 4078 3041 4124 auctore
3074 4067 3339 4140 Magnen-

98 4154 170 4200 tur
191 4150 270 4206 στ’,
778 4224 781 4225 ν
1748 4161 1827 4217 tio
1872 4161 2110 4232 quodam
2158 4161 2314 4233 regni
2352 4160 2550 4229 avido,
2596 4176 2630 4216 a
2671 4159 2940 4216 militibus
2976 4160 3201 4214 occisus
3233 4167 3339 4224 est,

151 4240 225 4297 20.
264 4243 464 4319 (Ιίιειι.)
503 4248 572 4302 Α.
616 4247 678 4303 D.
711 4249 836 4305 550.
878 4248 1174 4322 ﬂuensque
1195 4252 1471 4325 hystorias
1503 4255 1645 4310 scri-

1811 4268 1895 4309 ιηο
1924 4253 2101 4310 atatis
2127 4254 2197 4288 m
2212 4252 2334 4322 5οο,
2366 4253 2583 4325 imperii
2608 4253 2726 4319 I7°;
2749 4252 2928 4307 tribus
2957 4258 3140 4306 autem
3166 4264 3342 4305 casar

97 4326 159 4384 bit
179 4330 451 4407 Eusebius,
472 4340 602 4395 exin
625 4338 998 4409 Hieronimus.
1747 4346 1870 4401 fuit.
1907 4346 2065 4416 (Ann.
2090 4346 2299 4405 Vic'ron
2336 4364 2385 4403 e.
2418 4347 2536 4418 4‘2.)
2576 4345 2750 4416 Cujus
2796 4357 3028 4414 regnum
3076 4341 3340 4412 Magnen-

150 4421 225 4478 2l.
262 4426 323 4482 A.
365 4429 426 4484 D.
469 4431 597 4487 551.
638 4431 947 4490 Antiochia
974 4435 1261 4493 ordinatur
1293 4436 1487 4495 Vitalis
1528 4440 1645 4510 epi-
1748 4440 1858 4495 tius
1881 4440 2121 4505 invasit,
2166 4448 2220 4495 et
2258 4439 2579 4495 Decentium
2619 4434 3092 4507 consanguineum
3141 4446 3340 4499 suum,

94 4597 320 4705 ξξυϋηιιδ
364 4612 521 4682 22‘”,
562 4626 692 4700 post
727 4618 878 4675 hunc
923 4597 1214 4677 Eustasius
1258 4622 1354 4689 ‘3‘;
1400 4597 1514 4694 quo
1570 4625 1642 4680 ob
1745 4597 1926 4680 sarem
1976 4597 2123 4679 fecit.
2173 4597 2531 4679 Constantius
2567 4634 2700 4677 vero
2738 4616 2983 4685 Gallum,
3036 4613 3339 4705 patruelem

95 4692 224 4755 ﬁdem
265 4705 504 4777 exiliato,
540 4693 931 4767 successerunt
968 4712 1200 4769 heretici
1241 4692 1485 4786 episcopi
1534 4732 1642 4772 nu-
1744 4733 1929 4783 suum,
1954 4731 2213 4772 casarem
2245 4715 2395 4783 fecit,
2420 4728 2733 4785 nomenque
2757 4728 2919 4769 suum
2942 4710 2993 4766 ei
3025 4696 3336 4779 imponens,

94 4802 215 4883 mecm
251 4796 326 4853 u'
1744 4827 1871 4867 cum
1912 4814 1968 4867 in
1993 4810 2343 4866 Antiochiam
2376 4808 2549 4883 Syria
2583 4808 2767 4874 misit,
2800 4814 2863 4861 ut
2909 4803 2984 4860 ibi
3035 4787 3293 4857 habitans
3317 4841 3335 4866 ,

145 4880 224 4939 25.
273 4891 335 4945 A.
389 4892 453 4949 ι).
517 4896 643 4951 555.
701 4895 978 4961 Juvencus
1023 4899 1292 4969 presbiter
1350 4900 1643 4976 Hyspanus
1744 4911 1928 4973 partes
1954 4902 2076 4958 illas
2115 4880 2435 4958 custodiret:
2495 4900 2671 4968 Quem
2702 4907 2889 4954 tamen
2920 4902 3111 4967 postea
3162 4891 3335 4963 jussit

91 4980 328 5048 evangelia
351 4987 605 5045 Versibus
640 4989 970 5060 composuit.
1746 4996 1943 5052 occidi.
1976 4993 2244 5050 Posthac
2262 4993 2621 5049 Constantius
2650 4989 2962 5063 Magnentio
2990 4986 3193 5044 bellum
3241 4984 3332 5038 in-

108 5067 222 5163 .24.
258 5073 402 5168 (Chr.
446 5078 562 5148 W.)
597 5080 663 5136 A.
706 5080 769 5137 D.
809 5083 939 5138 554.
985 5081 1382 5142 Constantinus
1433 5085 1636 5142 Bizan‘
1746 5089 1889 5154 tulit,
1922 5086 2178 5157 factaque
2210 5087 2619 5157 congressione,
2646 5081 2991 5154 Magnentius
3013 5080 3168 5136 solus
3192 5075 3334 5168 fugit

91 5160 200 5213 tium
225 5164 406 5222 urbem
428 5172 704 5241 reparavit
732 5182 785 5229 et
810 5188 880 5231 ex
911 5175 1132 5230 nomine
1179 5192 1281 5232 suo
1311 5176 1633 5235 Constanti~
1745 5180 2095 5252 Lugdunum,
2148 5179 2333 5248 ibique
2384 5184 2684 5243 coartatus,
2739 5175 2980 5248 gladium
3042 5164 3255 5259 occqu
3299 5184 3333 5223 ἃ

91 5253 295 5343 nopolim
320 5262 554 5317 vocavit.
579 5264 919 5327 Athanasius
957 5266 1301 5326 Alexandria
1345 5271 1634 5327 ordinatur
1742 5281 1897 5343 parte
1956 5271 2183 5342 parietis
2241 5269 2478 5340 accepit,
2523 5270 2715 5339 sicque
2766 5267 3053 5338 perfossus
3101 5253 3330 5329 intériit,

88 5339 345 5418 θΡίεεοριις
377 5352 527 5409 l9“.
1742 5339 1890 5417 anno
1943 5339 2119 5416 atatis
2169 5375 2337 5430 prope
2373 5339 2871 5431 quinquagesimo,
2912 5354 3129 5427 imperii
3164 5367 3327 5424 quar-

1292 5575 1524 5634 VARIIE
1551 5574 1960 5665 LECTIONES.

144 5720 209 5802 "'_
244 5726 587 5802 commiserat
639 5729 700 5802 5.
770 5727 1094 5802 “"__i_t_q__EI.
1126 5730 1364 5802 adesset
1418 5734 1471 5787 4.
1521 5732 1574 5787 id
1620 5732 1893 5802 optineret
1927 5730 2012 5785 10.
2066 5731 2150 5785 Il.
2205 5730 2345 5785 deest
2401 5730 2517 5784 rell.
2598 5731 2667 5762 ⁸⁷³
2698 5731 3070 5800 jherosolimis
3112 5747 3224 5785 inv.
3269 5732 3323 5788 5.

90 5788 145 5821 "°
180 5794 305 5850 deest
339 5798 422 5853 10.
476 5800 561 5855 11.
640 5799 704 5832 ⁸⁸⁸
749 5814 800 5854 e.
838 5798 1085 5853 XXIII“.
1112 5801 1232 5867 Quo
1264 5803 1358 5856 EI.
1421 5805 1488 5837 ⁶⁸¹
1525 5820 1578 5874 p.
1617 5788 1793 5875 regni.
1826 5820 1871 5857 r.
1900 5804 1951 5858 5.
2033 5802 2245 5856 “’orta
2276 5802 2372 5856 EI.
2457 5803 2525 5833 δεῖ
2558 5818 2607 5855 a.
2645 5788 2742 5856 su'e
2764 5803 2847 5857 9C.
3006 5833 3013 5839 ι
