3876 6306
481 322 582 378 707

1688 310 2088 367 EKKEHAllDl
2126 310 2582 369 URAUCIENSIS

3659 311 3751 370 πε

442 510 446 513 τ
482 447 539 492 to
567 435 657 491 ⁸³⁸.
680 433 853 506 Cujus
887 440 1064 488 morte
1087 430 1299 496 audita,
1335 428 1629 485 Decentius
1660 426 1859 497 laqueo
1896 426 2067 481 fascia
2099 435 2145 493 Α
2173 442 2374 497 scopus
2401 436 2456 481 et
2478 426 2758 482 Dionisius
2787 425 3215 483 Mediolanensrs
3239 435 3295 482 et
3314 423 3539 482 Lucifer
3558 424 3753 483 Cani-

482 525 792 596 composito
821 524 988 579 vitam
1012 522 1209 579 ﬁnivit.
1236 522 1373 577 Acta
1395 521 1664 577 sunthaec
1690 533 1837 574 anno
1859 517 2077 588 imperii

481 618 795 675 Constantii
853 626 1029 672 sexto.
1092 614 1172 670 Eo
1232 622 1481 684 tempore
1542 611 1794 666 Romano
1847 609 2080 681 imperio

487 697 846 767 Constantius
881 709 1036 765 solus
1058 707 1326 778 princeps
1353 713 1408 761 et
1441 711 1710 776 angustus
1735 700 1958 773 prefuit,
1996 702 2082 757 vir

489 803 723 874 egregia:
749 800 1180 871 tranquillitatis,
1211 798 1441 854 nimium
1464 795 1827 851 familiaribus
1852 794 2084 850 credens

451 964 457 969 ἱ
491 904 547 951 et
573 894 799 962 amicis;
829 908 1067 951 uxorum
1093 891 1267 948 amori
1304 890 1520 946 deditus
1541 897 1661 944 erat
1681 930 1697 956 ,
1724 887 1925 960 quibus
1952 902 2084 955 con-

458 1058 463 1059 ί
494 995 698 1060 tentus,
730 985 879 1042 nulla
904 994 1220 1041 transversa
1248 982 1474 1038 libidine
1515 988 1611 1036 aut
1638 980 1844 1050 injusta
1872 993 1934 1035 se
1964 979 2083 1050 pol-

496 1081 700 1139 luebat.
737 1078 814 1133 Ex
858 1077 1117 1133 omnibus
1146 1085 1338 1131 tamen
1373 1073 1661 1140 uxoribus,
1708 1086 1849 1143 quas
1898 1072 2087 1141 plures

499 1174 754 1240 habebat,
781 1171 1077 1229 Eusebiam
1104 1172 1364 1243 precipue
1401 1169 1692 1241 diligebat;
1735 1167 1896 1238 cujus
1919 1167 2087 1222 etiam

498 1282 669 1324 suasu
695 1263 997 1332 Iulianum,
1025 1263 1250 1320 fratrem
1294 1262 1455 1330 Galli,
1479 1276 1738 1317 cmsarem
1764 1258 2002 1328 faciens,
2031 1260 2088 1315 in

497 1359 842 1416 consortium
879 1357 1033 1428 regni
1074 1355 1409 1413 assumebat.
1444 1353 1552 1425 (Cf.
1597 1353 1733 1410 Rus.
1777 1353 1923 1408 Hist.
1958 1352 2085 1408 πει.

504 1467 573 1518 x,
627 1450 755 1523 15.)
799 1448 930 1505 Post
974 1449 1123 1515 haec,
1177 1448 1405 1518 antiquo
1445 1448 1615 1502 .boste
1669 1446 1791 1517 paci
1830 1445 2091 1502 accelesire

501 1556 719 1611 semper
758 1540 1034 1595 invidente
1055 1581 1071 1606 ,
1114 1537 1310 1593 Arrius
1341 1539 1538 1608 suique
1561 1553 1828 1608 sequaces
1853 1537 2091 1593 familia-

498 1632 686 1686 ritatis
715 1632 908 1686 .locum
948 1630 1094 1701 apud
1144 1629 1530 1686 Constantium
1586 1638 1945 1700 acceperunt,
1996 1628 2091 1701 qui

502 1738 631 1777 eum
659 1722 714 1776 in
736 1721 941 1778 erroris
956 1721 1043 1777 sui
1059 1721 1400 1777 consortium
1423 1720 1852 1777 declinaverunt.
1874 1720 2090 1793 (BEDA.)

2182 529 2345 575 tanus
2385 519 2682 574 exiliantur

2253 613 2341 667 19.
2373 611 2438 665 A.
2465 610 2526 666 D.
2560 611 2685 667 559.
2711 610 2985 668 Antonius
3008 611 3180 669 abbas
3200 612 3463 684 migravit
3482 626 3628 668 anno
3651 624 3762 669 ata-

2184 708 2256 764 tis
2286 706 2431 763 l05°.

2254 799 2345 855 20.
2387 798 2537 870 (Chr.
2580 799 2697 871 W.)
2732 800 2799 854 A.
2843 799 2904 856 D.
2952 799 3078 855 560.
3108 799 3250 855 Ossa
3273 798 3514 855 Andreae
3544 801 3761 871 apostoli

2184 901 2238 947 et
2258 891 2421 948 Lucae
2445 891 2794 963 evangelista:
2826 900 2882 947 et
2907 891 3221 948 Thimothei
3243 891 3761 965 Constantinopolim

2187 983 2351 1040 allata
2381 992 2532 1039 sunt.
3241 1033 3250 1040 ,

2255 1077 2347 1133 21.
2387 1076 2596 1148 (Ηιειι.)
2624 1076 2690 1132 Α.
2726 1076 2790 1133 D.
2819 1077 2944 1133 561.
2974 1077 3241 1135 Paulinus
3269 1076 3643 1135 Treverorum
3664 1082 3763 1151 epi-

2189 1183 2390 1240 scopus
2424 1171 2480 1224 in
2508 1171 2676 1225 exilio
2712 1170 2865 1226 obiit.
2893 1164 3149 1242 Hylarius
3180 1171 3555 1227 Pictaviensis
3579 1172 3766 1243 episco—

2190 1276 2294 1332 pus
2318 1260 2679 1319 Arria‘norum
2722 1263 2986 1318 instinctu
3014 1279 3045 1318 a
3067 1263 3397 1319 Constantio
3441 1262 3502 1319 in
3552 1262 3767 1336 Frigiam

2190 1353 2447 1410 exiliatus
2472 1371 2598 1410 eum
2627 1355 2875 1410 Dionisio
2900 1354 3293 1411 Mediolanensi
3317 1363 3377 1410 et
3394 1353 3642 1411 Eusebio
3663 1355 3770 1411 Ver-

2192 1445 2436 1514 cellensi,
2452 1454 2653 1517 quarto
2674 1446 2826 1502 exilii
2851 1462 3020 1514 anno,
3041 1444 3399 1503 cum'librum
3418 1447 3495 1502 de
3522 1447 3630 1503 ﬁde
3647 1446 3769 1503 Cou-

2194 1538 2401 1593 stantio
2431 1537 2787 1608 porrexissct,
2810 1538 2993 1593 ralire
3019 1539 3330 1606 permissus
3359 1547 3471 1593 est.

2262 1630 2356 1685 25.
2394 1629 2463 1684 Α.
2502 1628 2566 1685 Ι).
2617 1629 2743 1685 565.
2775 1628 3135 1686 Constantius
3157 1631 3417 1699 moritur,
3444 1645 3601 1686 anno
3621 1630 3773 1685 aetatis

2195 1737 2310 1779 suze
2335 1723 2447 1777 45°.

507 1812 663 1869 Unde
703 1814 952 1885 impietas
981 1812 1235 1880 Arriana,
1272 1813 1595 1868 Constantii
1646 1812 1782 1868 fulta
1825 1813 2087 1884 presidio,
2123 1808 2163 1867 Β
2192 1811 2336 1866 Anni
2364 1809 2567 1866 Juliani
2608 1820 2893 1883 apostatze.

505 1906 706 1975 exiliis,
728 1907 1043 1963 carceribus
1068 1915 1121 1961 et
1143 1905 1310 1962 variis
1330 1904 1687 1961 alﬂictionum
1708 1906 1889 1961 modis
1914 1905 2093 1976 primo

504 1998 891 2076 Athanasium,
939 1996 1135 2054 deinde
1163 2012 1370 2054 omnes
1399 2012 1512 2052 non
1541 2013 1656 2054 sua:
1683 1998 1857 2068 partis
1883 1995 2096 2067 episeo-

505 2106 607 2161 pos
633 2098 917 2160 persecuta
961 2099 1065 2145 est.
1103 2089 1200 2160 (Π.
1238 2089 1336 2159 m.)
1386 2087 1745 2146 Constantius
1793 2103 1923 2145 vero
1958 2089 2098 2146 inter

507 2180 623 2235 haec
654 2180 858 2235 bellum
888 2179 1107 2236 Parthis
1132 2197 1453 2251 preparans,
1494 2196 1620 2237 cum
1652 2181 1897 2237 audisset
1924 2179 2099 2236 Julia-

506 2288 641 2327 uum
678 2274 746 2329 ad
793 2273 1086 2344 imperium
1140 2274 1356 2329 inhiare
1376 2315 1398 2341 _,
1455 2273 1712 2329 Parthica
1755 2274 2101 2344 expeditione

508 2365 718 2432 relicta,
742 2364 923 2433 rediit,
954 2374 1009 2420 et
1034 2366 1178 2420 inter
1201 2365 1450 2421 Ciliciam
1481 2374 1538 2421 et
1562 2366 1929 2436 Capadociam
1958 2365 2099 2422 febri

502 2457 804 2527 acerrima,
830 2472 997 2530 quam
1018 2457 1321 2529 indignatio
1350 2459 1605 2531 augebat,
1633 2458 1789 2527 obiit,
1806 2474 1952 2515 anno
1971 2468 2103 2514 seta-

502 2548 582 2604 tis
612 2549 727 2616 45°,
756 2550 972 2621 imperii
996 2550 1121 2606 25°.

584 2641 636 2694 1.
670 2639 878 2711 (Ηιειι.)
902 2640 1089 2697 Primo
1116 2641 1427 2698 Constantii
1456 2641 1870 2699 annoJacobus
1897 2641 2102 2699 Nisibi-

510 2747 618 2788 nus
639 2732 934 2804 episcopus
964 2734 1312 2806 agnoscitur,
1341 2734 1501 2805 cujus
1529 2737 1786 2806 precibus
1816 2750 1944 2806 sepe
1971 2735 2105 2790 urbs

512 2824 831 2881 discrimine
844 2824 1085 2880 liberata
1111 2834 1215 2882 est.

583 2939 639 2994 5.
659 2938 809 3009 (Chr.
834 2938 1032 3011 W.)A.
1053 2939 1118 2995 D.
1150 2934 1275 2996 545.
1299 2940 1698 2997 Constantinus
1716 2940 1879 2997 fratri
1904 2941 2107 2997 bellum

509 3031 780 3101 inferens,
808 3033 1079 3089 occiditur
1102 3034 1259 3104 juxta
1282 3034 1611 3105 Aquileiam.

606 3146 660 3201 5.
686 3146 751 3200 A.
781 3145 846 3200 D.
876 3147 1002 3201 515.
1049 3146 1382 3202 Maximinus
1409 3146 1775 3203 Treverorum
1818 3146 2109 3218 episcOpus
2137 3153 2177 3211 C

514 3238 701 3293 clarus
753 3237 1014 3304 habetur;
1054 3254 1085 3292 a
1125 3253 1237 3309 quo
1268 3237 1607 3295 Athanasius
1626 3239 1968 3294 Alexandrina
1993 3239 2110 3309 epi-

519 3339 741 3398 scopus,
764 3343 796 3383 a
828 3328 1131 3384 Constante
1168 3326 1459 3399 profugus,
1483 3329 1785 3386 honoriﬁce
1820 3338 2112 3400 susceptus

422 3452 427 3459 ~
519 3426 623 3473 est.

524 3582 525 3585 η
591 3531 647 3585 9.
670 3531 737 3586 A.
765 3529 830 3585 D.
856 3530 981 3588 549.
1011 3532 1347 3590 Athanasius
1375 3533 1671 3606 episcopus
1694 3549 1763 3591 ao
1790 3532 2112 3591 Constantis

520 3622 731 3678 litteras
753 3638 1043 3695 regressus
1068 3633 1153 3680 est
1171 3625 1578 3683 Alexandriam.

520 3722 521 3725 ‘
594 3713 682 3767 15.
718 3712 783 3767 A.
823 3713 886 3768 Ι).
915 3716 1038 3770 555.
1066 3715 1339 3775 Constans
1366 3718 1499 3776 haut
1533 3720 1694 3790 longe
1722 3719 1793 3774 ab
1833 3717 2112 3791 Hyspania

521 3803 869 3873 interficitur,
899 3821 1045 3863 anno
1069 3810 1245 3866 aetatis
1262 3811 1375 3865 50°.

596 3897 685 3952 M.
711 3897 919 3971 (linem)
944 3900 1009 3954 A.
1026 3899 1089 3955 D.
1114 3901 1464 3971 554.6allus,
1489 3902 1797 3960 Constantii
1826 3904 2110 3974 patruelis,

520 4006 699 4046 caesar
713 3989 891 4048 factus
913 4003 1016 4049 est.

596 4105 684 4159 15.
709 4103 774 4159 A.
809 4104 873 4161 D.
900 4107 1025 4164 555.
1056 4107 1308 4166 Liberius
1336 4125 1477 4182 papa
1506 4110 1634 4166 57ns
1668 4110 1973 4168 ordinatur.
1993 4112 2115 4179 Quo

523 4195 595 4252 ab
645 4197 900 4254 hercticis
943 4200 1015 4255 ob
1065 4201 1227 4257 ﬁdem
1258 4203 1314 4257 in
1347 4204 1574 4259 exilium
1620 4212 1801 4271 truso,
1848 4204 2115 4261 diaconus

524 4288 646 4358 ejus
664 4288 814 4344 Felix
830 4290 956 4346 58‘“
974 4293 1028 4347 in
1053 4292 1424 4350 sacerdotium
1451 4296 1824 4353 substituitur.
1845 4296 1948 4364 Qui
1963 4298 2113 4372 (222)

526 4395 655 4435 cum
685 4379 1070 4439 Constantium
1094 4385 1410 4443 devinceret
1434 4404 1557 4445 esse
1587 4390 1921 4458 hereticum,
1952 4391 2025 4446 ab
2047 4404 2114 4446 eo

2266 1903 2365 1975 (Η.
2395 1902 2493 1975 m.)
2519 1905 2680 1958 Anno
2703 1904 2996 1960 dominicae
3031 1904 3438 1960 incarnationis
3470 1904 3604 1961 564.
3638 1903 3774 1961 Urbis

2197 1996 2432 2051 condita:
2449 1995 2741 2050 millesimo
2760 1995 2881 2050 115.
2899 1994 3162 2051 Claudius
3183 1995 3445 2051 Julianus
3461 1995 3585 2066 jam
3611 2011 3775 2061 caesar,

2198 2088 2326 2143 56us
2367 2089 2437 2144 ab
2476 2088 2747 2158 Augusto,
2782 2087 3073 2158 imperium
3101 2087 3337 2158 accepit,
3365 2104 3423 2143 et
3453 2103 3636 2143 annos
3661 2088 3777 2142 deos

2198 2192 2254 2237 et
2295 2188 2421 2237 octo
2453 2196 2670 2236 menses
2704 2181 2970 2252 regnavit.
3006 2179 3082 2235 De
3110 2180 3271 2251 cujus
3299 2197 3514 2252 genere
3543 2196 3610 2235 ac
3635 2180 3776 2234 disti-

2200 2272 2349 2342 plina
2373 2280 2428 2326 et
2449 2271 2730 2341 quomodo
2763 2270 3161 2340 apostatavcrit
3190 2271 3276 2326 vel
3305 2270 3561 2341 qualiter
3600 2271 3666 2325 ad
3704 2286 3777 2324 re-

2201 2379 2368 2435 gnum
2396 2363 2730 2433 pervcnerit,
2754 2377 2931 2432 pauca
2958 2362 3189 2418 dicenda
3215 2371 3366 2418 sunt.
3400 2363 3777 2418 Constantinus

2202 2453 2454 2525 Magnus,
2486 2454 2583 2524 qui
2605 2452 3137 2524 Constantinopolim
3164 2454 3311 2521 fecit,
3335 2455 3490 2512 duos
3518 2472 3589 2511 ex
3615 2457 3776 2511 eodem

2198 2552 2361 2614 patre
2416 2544 2511 2599 sed
2541 2559 2651 2598 non
2699 2560 2768 2599 ex
2808 2544 2998 2600 eadem
3035 2556 3211 2603 matre
3240 2547 3444 2603 habuit
3494 2564 3777 2619 germanos,

2203 2636 2592 2692 Constantium
2605 2636 2673 2668 ⁵⁸⁸
2701 2647 2756 2692 et
2773 2636 3142 2708 Dalmatium;
3177 2655 3420 2710 quorum
3445 2640 3639 2696 senior
3657 2640 3779 2696 Coo-

2202 2730 2445 2785 stantius
2485 2728 2627 2785 duos
2670 2730 2862 2785 habuit
2902 2741 3099 2799 natos,
3146 2731 3366 2788 Gallum
3393 2744 3453 2790 ct
3493 2733 3777 2798 Julianum;

2206 2820 2513 2877 Dalmatius
2551 2836 2686 2878 vero
2714 2822 3068 2892 Dalmatium,
3102 2840 3268 2895 quem
3294 2824 3713 2891 Constantinus,
3736 2839 3781 2881 ut

2202 2914 2511 2984 predictum
2535 2924 2639 2983 est,
2664 2915 2919 2971 heredem
2942 2917 3095 2988 regni
3119 2933 3244 2972 cum
3267 2918 3400 2975 ﬁliis
3426 2920 3556 2975 suis
3576 2922 3778 2991 reliquit

2208 3006 2385 3073 Quem
2422 3008 2569 3062 cum‘
2595 3015 2720 3078 post
2756 3018 2991 3064 mortem
3031 3009 3386 3066 Constantini
3419 3013 3632 3070 milites
3654 3029 3781 3084 perc-

2210 3099 2475 3166 missent,
2521 3098 2711 3156 Gallus
2736 3115 2959 3171 quoque
2981 3113 3036 3157 et
3065 3103 3133 3135 ⁸⁸⁷
3188 3101 3453 3162 Julianus
3492 3122 3633 3176 pene
3680 3122 3782 3161 cum

2212 3190 2480 3248 Dalmatio
2507 3193 2819 3263 periculum
2844 3195 3042 3251 mortis
3076 3196 3496 3266 sustinuerant,
3536 3200 3640 3255 nisi
3682 3198 3783 3255 Gal-

2212 3284 2324 3338 lum
2355 3285 2577 3355 quidem
2603 3287 2893 3358 aegritudo,
2946 3303 3072 3359 qua:
3118 3288 3461 3347 inevitabilis
3498 3294 3782 3363 putabatur,

2211 3375 2523 3446 liberasset,
2552 3376 2837 3435 Julianum
2870 3395 3001 3436 vero
3021 3389 3156 3437 retas
3181 3380 3491 3451 infantilis;
3524 3395 3642 3441 erat
3663 3386 3781 3440 enim

2212 3483 2486 3524 annorum
2517 3480 2663 3527 octo.
2704 3469 2955 3542 Cumque
2996 3473 3068 3528 ab
3110 3474 3194 3529 eis
3222 3474 3383 3530 furor
3414 3476 3783 3547 imperatorum

2211 3561 2545 3632 quievisset,
2609 3564 2800 3620 Gallus
2851 3565 2998 3621 circa
3039 3564 3320 3637 Ephesum
3366 3570 3519 3639 apud
3565 3569 3783 3624 doctam

2211 3660 2351 3720 erat,
2379 3653 2473 3709 ubi
2493 3654 2658 3709 etiam
2682 3670 2713 3712 a
2736 3657 3181 3727 progenitoribus
3218 3660 3616 3729 possessiones
3642 3660 3781 3713 habe-

2213 3743 2327 3799 bat.
2358 3743 2530 3801 Porro
2562 3745 2815 3804 Julianus
2843 3763 3098 3805 crescens
3124 3751 3179 3805 in
3203 3750 3506 3809 auditoriis
3546 3752 3785 3808 Constan-

2212 3837 2589 3909 tinopolitante
2635 3840 2790 3897 urbis
2814 3883 2830 3905 ,
2889 3844 3249 3899 exercebatur
3304 3844 3362 3899 iu
3410 3844 3671 3912 basilica,
3714 3845 3782 3899 ubi

2215 3928 2471 3985 doctores
2493 3939 2684 3998 erant,
2724 3932 2915 3988 habitu
2939 3933 3157 4003 privato
3190 3936 3529 4006 procedens,
3558 3938 3784 3992 habebat-

2217 4037 2326 4093 que
2361 4023 2720 4095 paadagogum
2774 4026 3115 4095 eunuchum,
3150 4028 3394 4109 .nomine
3444 4027 3782 4085 Mardonium.

2216 4125 2593 4187 preceptorem
2658 4119 3078 4190 grammaticum
3115 4118 3473 4179 Nicomedem
3540 4123 3784 4177 Lacones-

2216 4224 2356 4277 sem,
2398 4212 2733 4268 rethoricam
2777 4227 2910 4268 vero
2951 4206 3169 4285 legebat
3208 4215 3356 4285 apud
3399 4214 3676 4271 Eubolum
3711 4229 3783 4269 so.

2217 4300 2479 4372 phistam,
2509 4303 2835 4373 magistrum
2874 4303 3065 4360 Basilii
3114 4314 3303 4376 postea
3356 4308 3633 4378 episcopi.
3682 4305 3781 4358 Erat

2214 4399 2401 4447 autem
2446 4391 2700 4449 Julianus
2728 4394 2798 4450 ab
2852 4395 3021 4451 inicio
3069 4397 3430 4453 Christianus.
3487 4400 3722 4469 Cumque
3743 4398 3781 4448 in

527 4480 651 4581 post
670 4486 875 4527 annum
895 4473 1139 4575 dejectus
1159 4484 1265 4544 est,
1288 4486 1344 4532 et
1370 4486 1430 4534 ut
1451 4479 1677 4550 quidam
1706 4481 1891 4551 (Bene:
1920 4480 2111 4553 Mart.)
2148 4526 2194 4581 Ι)
2216 4481 2451 4539 lectione
2497 4483 2816 4555 proﬁceret,
2844 4494 2899 4541 et
2930 4485 3077 4541 fama
3105 4503 3203 4557 per
3234 4490 3513 4559 pepulum
3546 4490 3780 4547 volitaret.

529 4562 741 4631 dicunt,
790 4565 967 4634 capite
1000 4575 1284 4624 truncatus
1311 4579 1414 4638 est,
1465 4572 1500 4627 4
1529 4570 1649 4627 Kal.
1688 4573 1827 4644 Aug.
1866 4573 2118 4630 Liberius
2151 4562 2192 4581 ν
2219 4573 2367 4644 quod
2389 4574 2555 4629 etiam
2579 4574 2855 4645 publicam
2888 4590 3003 4631 rem
3030 4578 3341 4648 gubernare
3368 4589 3585 4649 posset,
3614 4588 3779 4635 astua-

528 4670 660 4711 vero
682 4655 830 4711 exilii
853 4657 999 4713 tedio
1024 4658 1227 4730 victus,
1254 4661 1434 4719 heresi
1462 4664 1820 4735 subscripsit,
1852 4665 2117 4722 Romam-

528 4762 637 4817 que
686 4748 846 4819 quasi
896 4749 1071 4809 victor
1124 4753 1350 4811 intravit
1413 4754 1509 4830 (cf.
1565 4755 1693 4814 Chr.
1736 4757 1827 4814 W.
1858 4790 1932 4800 ——
1978 4760 2115 4817 Rur.

529 4855 603 4895 x.
634 4840 772 4895 25.).

585 4880 603 4907 ,
634 4840 725 4895 25.
758 4882 772 4895 .

637 4931 690 4987 6.
731 4839 909 5003 )(Chr.
959 4934 1094 5009 W.)
1150 4938 1217 4993 A.
1269 4938 1332 4995 D.
1385 4939 1510 4997 556.
1568 4940 1884 5000 Victorinus
1932 4944 2120 5001 rethor

529 5031 584 5098 et
621 5023 866 5082 Donatus
902 5030 1295 5099 grammaticus
1331 5031 1519 5103 Romae
1556 5034 1801 5107 insignes
1823 5036 2114 5093 habentur.

565 5205 578 5218 O
613 5114 689 5169 17.
720 5117 785 5171 Α.
812 5116 875 5174 D.
907 5119 1031 5176 557.
1058 5120 1310 5180 Julianus
1344 5139 1375 5180 a
1410 5124 1737 5183 Constantio
1778 5143 1951 5184 caesar
1996 5128 2114 5185 eili-

530 5215 695 5263 citur.

602 5298 691 5356 18.
733 5299 939 5377 (Ηιεη.)
960 5305 1027 5361 A.
1062 5304 1125 5361 Ι).
1155 5306 1281 5362 558.
1312 5306 1584 5367 Eusebius
1605 5308 1970 5370 Vercellensis
1996 5313 2117 5385 epi-

2218 4665 2401 4721 tiones
2447 4665 2665 4721 induxit
2695 4668 3010 4737 imperatori
3038 4668 3386 4725 Constantio.
3441 4670 3779 4738 Quamobrem

2220 4757 2428 4814 amovit
2447 4773 2575 4815 eum
2604 4760 2741 4816 urbe
2763 4760 2911 4831 regia
2936 4762 3198 4833 misitque
3224 4761 3611 4820 Nicomediam
3632 4806 3647 4830 ,
3688 4776 3782 4834 pre-

2222 4850 2431 4921 cipiens
2471 4850 2545 4920 ei,
2582 4867 2651 4909 ne
2683 4853 3005 4910 conveniret
3030 4853 3323 4909 Libanium
3356 4855 3664 4926 sophistam
3704 4852 3781 4922 Sy-

2226 4958 2370 5010 rum,
2401 4941 2559 5014 quasi
2582 4958 2685 5015 pro
2707 4958 2775 4999 eo
2809 4944 2956 5015 quod
2983 4960 3232 5016 paganus
3258 4951 3443 5016 esset;
3500 4947 3590 5002 ille
3635 4956 3779 5000 tamen

2222 5035 2490 5091 librorum
2530 5036 2652 5107 ejus
2687 5037 3013 5094 lectionibus
3044 5038 3321 5094 utebatur.
3366 5037 3620 5111 Cumque
3648 5034 3779 5107 proﬁ-

2225 5136 2373 5184 ceret
2417 5128 2475 5184 in
2519 5130 2822 5196 rethoriea,
2852 5131 3170 5201 supervenit
3216 5130 3599 5187 Nicomediam
3640 5125 3775 5183 Maxi-

2226 5236 2352 5277 mus
2371 5221 2769 5294 phylosophus,
2788 5238 2898 5278 non
2925 5222 3347 5295 illeBizantius,
3373 5234 3533 5296 pater
3553 5220 3776 5279 Euclide.

2225 5314 2323 5371 sed
2353 5313 2626 5386 Ephesius
2650 5359 2664 5386 ,
2703 5332 2869 5395 quem
2926 5328 3115 5390 postea
3151 5320 3312 5391 quasi
3372 5327 3522 5378 artes
3575 5314 3776 5388 magicis

1824 5450 1912 5507 VA
1921 5451 2058 5507 RI/E
2097 5452 2501 5514 LECTIONES.

528 5552 599 5587 “'
620 5551 731 5611 111³.
756 5554 854 5612 El.
913 5558 983 5591 ⁸⁸⁸
1005 5558 1390 5617 Constantium
1421 5594 1488 5602 ——
1519 5572 1677 5622 natos
1699 5567 1885 5622 desunt
1909 5566 2004 5622 El.
2049 5568 2118 5600 ⁸⁸⁷
2139 5570 2279 5625 deest
2324 5571 2418 5627 El.

2032 5680 2264 5737 ΝΟΤίΕ.

602 5757 752 5827 (222κ
798 5758 924 5815 llaec
946 5763 1133 5817 nescio
1164 5763 1327 5817 unde.
