3876 6306
115 328 190 384 τοο
978 302 1465 393 summm.“—
1499 314 1897 373 CHRONICON
1932 318 2393 380 UNIVERSALE.

3208 332 3311 392 7l0

109 442 390 495 exercentem
436 429 849 487 Valentinianus
887 430 1189 501 imperator
1217 429 1385 500 jussit
1417 431 1615 486 occidi.
1650 448 1695 506 Α
1722 430 1958 487 habebat
1985 433 2056 465 ‘9’
2080 434 2136 491 in
2165 435 2310 491 collo
2353 436 2849 502 sumens,.Juliani
2875 441 3040 512 capiti
3067 445 3314 502 circum-

108 529 199 586 Non
215 526 274 582 ob
297 525 445 580 aliam
476 536 608 577 vero
642 536 868 577 causam
904 521 1054 576 venit
1099 519 1473 576 Nicomediam
1511 521 1620 577 nisi

108 618 262 676 Juliani
290 614 419 670 fama
444 621 774 684 protractus.
818 612 975 682 Apud
1005 626 1170 683 quem
1209 611 1342 667 dum
1370 610 1621 668 Julianus

109 713 233 769 verba
261 706 615 781 phi1050phica
646 715 1041 777 prcgustasset,
1092 705 1256 776 coepit
1303 705 1469 761 etiam
1519 705 1622 759 im-

108 803 209 875 perii
228 799 508 869 cupidinem
538 798 709 853 menti
739 798 862 868 ejus
886 796 1200 852 immittere.
1229 794 1483 885 Cumque
1503 797 1622 853 haec

107 909 189 948 non
208 893 609 947 laterent’aures
642 889 1011 960 imperatoris,
1033 887 1285 945 Julianus
1304 888 1448 943 inter
1466 902 1619 958 spem

105 993 363 1054 metumque
385 982 728 1039 constitutus
743 1023 758 1051 ,
788 981 1160 1052 suspicionem
1182 981 1366 1037 celare
1406 980 1617 1047 volens,

106 1084 255 1130 tonsus
280 1072 642 1128 monachicam
665 1072 963 1128 simulabat
989 1073 1160 1129 vitam
1188 1073 1279 1141 ⁸⁸⁸,
1308 1082 1363 1130 et
1390 1074 1620 1129 latenter

103 1166 274 1236 quidem
297 1164 642 1221 exercebatur
682 1164 736 1219 in
781 1164 1163 1236 phylosophia,
1214 1165 1271 1220 in
1324 1162 1619 1220 manifesto

103 1268 240 1312 autem
260 1272 431 1313 sacros
455 1257 884 1314 christianorum
900 1257 1127 1329 degebat
1150 1259 1340 1314 libros.
1374 1257 1619 1328 Denique

100 1351 140 1404 in
156 1351 362 1406 ecclesia
387 1348 714 1407 Nicomedia:
731 1350 903 1407 lector
919 1360 1004 1407 est
1025 1351 1378 1418 constitutus,
1394 1359 1452 1407 et
1478 1351 1619 1407 divi-

101 1457 175 1496 nos
204 1441 413 1509 codices,
442 1443 646 1513 populo
681 1442 956 1509 audiente,
994 1443 1227 1514 legebat,
1260 1454 1322 1499 ut
1368 1443 1474 1500 sub
1513 1443 1619 1500 hoc

98 1533 245 1588 habitu
272 1532 499 1589 furorem
529 1534 827 1591 declinaret
864 1535 1235 1606 imperatoris,
1271 1522 1617 1607 nequaquam

98 1633 239 1679 tamen
262 1641 291 1680 a
315 1640 407 1696 spe
428 1626 686 1683 recedens
725 1642 891 1697 quam
927 1636 1111 1684 mente
1149 1636 1495 1698 conceperat.
1533 1630 1620 1685 di-

94 1717 306 1788 cebatque
331 1718 395 1750 ⁸⁸⁸
419 1719 678 1790 plurimis
694 1720 1003 1777 amicorum
1020 1736 1271 1789 suorum,
1298 1723 1477 1779 felicia
1501 1723 1619 1780 fore

1723 524 1923 592 posuit.
1964 524 2080 580 Hoc
2118 541 2250 597 ergo
2293 528 2457 583 modo
2496 527 2747 587 Julianus
2776 532 3075 602 imperator
3107 547 3193 593 est
3234 538 3316 595 fa-

1722 622 1846 670 ctus
1870 615 1958 670 m.
1992 615 2114 683 Quo
2136 616 2302 686 facto,
2331 619 2410 673 nil
2427 619 2544 690 jam
2584 620 2655 675 de
2675 621 3003 680 Constantio
3037 630 3311 698 cogitans,

1717 705 1934 776 iudices
1957 707 2028 761 ab
2058 708 2150 763 illo
2184 708 2362 765 factos
2403 711 2709 768 honoribus
2750 715 3027 772 mulcebat
3063 726 3121 774 et
3166 721 3314 778 illius

1722 798 1932 853 nomini
1973 799 2234 856 invidiam
2265 803 2588 859 suscitabat.
2620 803 2789 881 Igitur
2809 818 3031 877 repente
3048 813 3314 883 religione

1722 900 1962 959 mutata,
1990 908 2116 948 cum
2152 909 2184 949 a
2213 895 2331 952 suis
2365 896 2702 955 christianus
2718 915 2856 958 esse
2895 911 3201 973 putaretur,
3230 924 3313 964 sc-

1722 993 1834 1041 met
1883 985 2064 1055 ipsum
2127 986 2440 1056 pontiﬁcem
2484 991 2824 1060 nominavit,
2870 1004 2926 1050 et
2966 997 3192 1055 veniens
3241 999 3311 1056 ad

1719 1076 1921 1147 templa
1941 1092 2305 1148 paganorum,
2357 1080 2732 1150 sacriﬁcabat,
2765 1084 3135 1159 subjectisquc
3178 1091 3309 1146 talia

1720 1169 1901 1225 crdere
1928 1168 2214 1235 suadebat,
2252 1176 2310 1225 et
2337 1169 2700 1227 christianum
2727 1174 2997 1245 baptisma
3024 1181 3309 1239 sacriﬁciis

1719 1268 1775 1315 ct
1824 1260 2269 1317 invocationibus
2318 1270 2375 1317 et
2430 1264 2734 1334 sanguinis.
2762 1266 3134 1327 immolatione
3160 1274 3308 1329 ablui

1721 1353 1990 1409 studebat.
2019 1353 2273 1425 Cumque
2307 1353 2670 1413 Constantius
2701 1368 2921 1430 propter
2951 1362 3154 1419 bellum
3184 1365 3312 1422 Per.

1719 1450 1899 1506 sicum
1925 1450 2233 1506 Antiochia:
2261 1459 2593 1519 moraretur,
2617 1468 2846 1523 sperans
2866 1454 3136 1526 Julianus,
3162 1460 3309 1529 quod

1721 1542 1842 1596 sine
1879 1542 2022 1598 bello
2066 1552 2254 1613 posset
2308 1542 2592 1600 Ylliricum
2641 1546 2917 1613 detinere,
2955 1549 3107 1604 venit
3146 1551 3307 1616 illuc,

1719 1634 1911 1690 dicens
1940 1649 2007 1690 se
2050 1635 2188 1690 velle
2236 1634 2569 1691 Constantio
2594 1636 2945 1706 satisfacere,
2990 1641 3149 1710 quasi
3198 1657 3309 1696 non

1719 1734 1916 1795 sponte
1938 1724 2040 1782 sed
2069 1735 2295 1783 coactus
2320 1742 2353 1781 a
2369 1727 2641 1785 militibus
2661 1728 2864 1785 infulas
2890 1730 3102 1801 imperii
3124 1747 3311 1787 susce-

95 1818 309 1879 tetnpora,
336 1811 535 1881 quibus
573 1812 691 1883 ipse
721 1813 887 1869 rebus
914 1813 1202 1885 potiretur.
1252 1814 1385 1873 Post
1407 1818 1617 1888 .paulu-
1650 1792 1694 1856 Β
1720 1792 1910 1887 pisset.
1938 1817 2112 1889 Cujus
2138 1819 2432 1874 adventum
2467 1821 2696 1877 audiens
2714 1792 3099 1891 Constantius,
3118 1824 3310 1881 relicto

93 1899 177 1954 lum
196 1917 309 1957 vero
330 1912 607 1974 perempto
629 1904 807 1973 Gallo,
824 1914 1047 1977 repente
1065 1905 1319 1964 Julianus
1340 1910 1400 1963 ﬁt
1431 1924 1619 1980 suspe-

91 2001 184 2049 ctus
213 1994 527 2065 imperatori,
574 1998 668 2068 qui
712 1998 877 2054 etiam
901 2014 1027 2054 eum
1059 2001 1325 2056 custodiri
1355 2004 1614 2074 precepit.

81 2081 140 2137 Et
158 2084 267 2139 dum
288 2086 410 2159 fuga
435 2088 627 2159 lapsus
658 2088 873 2159 fuisset,
903 2091 1118 2147 diversa
1158 2093 1280 2148 loca
1305 2094 1620 2150 circuiendo

89 2174 286 2232 salvatus
306 2186 412 2245 est,
437 2180 641 2251 vixque
670 2195 797 2236 sero
825 2197 965 2237 uxor
1002 2183 1348 2253 imperatoris
1383 2184 1619 2241 Eusebia

88 2265 275 2321 celatum
298 2267 598 2337 inveniens,
636 2272 964 2343 supplicavit
993 2274 1335 2345 imperatori,
1356 2277 1621 2347 quatinus

88 2356 145 2409 nil
184 2360 296 2415 mali
334 2371 615 2432 pateretur
642 2405 658 2431 ,
714 2365 812 2421 sed
864 2366 1049 2437 potius
1103 2368 1617 2439 phylosophandum

85 2450 136 2504 ad
161 2451 217 2483 ⁸³⁸
235 2455 470 2513 Athenas
499 2457 839 2514 mitteretur.
893 2458 988 2516 llle
1023 2469 1209 2518 autem
1233 2462 1507 2518 desiderio
1531 2477 1618 2518 re-

86 2540 154 2608 gni
179 2542 472 2604 discurrens
496 2548 816 2606 universam
836 2548 1123 2606 Helladam
1142 2594 1157 2619 ,
1181 2559 1335 2609 vates
1356 2554 1621 2623 querebat

84 2646 298 2704 responsa
318 2640 629 2710 reddentes,
658 2645 950 2701 consulens
1005 2646 1052 2700 si
1103 2646 1170 2703 ad
1208 2662 1371 2702 suum
1402 2647 1619 2703 deside-

82 2724 193 2781 rium
214 2733 533 2801 perveniret,
580 2735 900 2808 invenitque
937 2737 1148 2806 virum,
1181 2739 1276 2810 qui
1320 2740 1370 2795 ei
1402 2741 1617 2797 deside-

81 2826 170 2873 rata
191 2836 242 2876 se
257 2823 431 2882 dicere
450 2825 737 2884 fateretur.
779 2828 832 2886 is
859 2846 986 2887 eum
1004 2833 1320 2902 perducens
1342 2835 1410 2889 ad
1434 2849 1615 2905 quen-

78 2907 175 2964 dam
190 2912 353 2970 locum
370 2917 662 2988 ydolorum
685 2930 741 2976 et
764 2920 1286 2980 intromittenscum
1312 2925 1367 2980 in
1383 2926 1615 2991 aditum,

70 2998 345 3061 seductores
369 3006 651 3065 daemones
670 3011 943 3079 evocavit;
970 3013 1173 3083 quibus
1191 3014 1615 3084 apparentibus,

1720 1908 1884 1976 bello,
1913 1909 2447 1981 ConstantinOpolim
2470 1913 2658 1981 venit;
2710 1914 2812 1969 sed
2855 1914 2912 1968 in
2942 1915 3062 1985 ipso
3094 1916 3307 1983 itinere,

1721 2009 1782 2056 ut
1820 2002 2130 2072 predictum
2164 2011 2269 2070 est,
2310 2002 2539 2059 interiit.
2569 2003 2691 2072 Quo
2726 2005 2988 2063 defuncto
3058 2007 3311 2065 Julianus

1714 2092 1829 2162 jam
1854 2092 2057 2149 Tracas
2077 2093 2334 2161 habebat,
2358 2104 2548 2151 etnon
2573 2098 2747 2153 multo
2769 2107 2893 2168 post
2919 2094 3311 2156 Constantino;

1718 2183 1881 2251 polim
1915 2185 2163 2250 veniens,
2189 2185 2493 2255 appellatus
2526 2196 2613 2244 est
2647 2199 2935 2262 angustus.
2984 2190 3110 2246 Mox
3130 2191 3310 2262 coepit

1718 2274 1988 2346 cogitare,
2031 2276 2269 2345 qualiter
2302 2277 2407 2333 sibi
2436 2279 2699 2349 populum
2754 2281 3121 2351 complacaret
3156 2282 3307 2352 ejus-

1718 2381 1826 2435 que
1860 2364 2104 2422 faverem
2132 2369 2476 2439 acquireret;
2524 2369 2807 2441 quod'hac
2828 2381 2948 2428 arte
2978 2373 3124 2428 fecit.
3163 2373 3312 2430 Bene

1720 2457 1931 2511 sciebat
1981 2457 2371 2515 Constantium
2402 2461 2479 2516 ab
2517 2462 2775 2518 omnibus
2822 2464 3147 2521 orthodoxis
3182 2465 3310 2522 odio

1722 2545 1953 2614 haberi,
1997 2548 2070 2602 ob
2110 2564 2277 2618 quam
2311 2564 2427 2605 rem
2464 2550 2534 2605 ab
2560 2552 2828 2610 aecclesiis
2857 2555 3187 2612 videbantur
3212 2572 3308 2611 ex-

1719 2637 1866 2706 pulsi
1895 2646 1951 2692 et
1968 2639 2223 2710 episcopi
2257 2639 2541 2696 conﬁscati
2562 2642 2839 2713 exilioque
2873 2644 3104 2712 directi;
3143 2645 3310 2701 simul

1719 2728 1883 2783 etiam
1914 2740 2161 2798 noverat,
2187 2747 2434 2803 paganos
2454 2731 2628 2790 fuisse
2649 2736 3006 2793 contristatos
3025 2753 3125 2808 pro
3140 2739 3310 2794 sacri-

1720 2822 1969 2877 ﬁciorum
2005 2825 2377 2893 prohibitione
2403 2834 2457 2881 et
2486 2826 2802 2884 desiderare
2832 2837 3179 2900 tempus‘quo
3209 2845 3308 2886 eo-

1721 2930 1843 2969 rum
1875 2916 2221 2986 aperireutur
2254 2919 2453 2988 templa
2478 2918 2568 2973 ‘3”.
2607 2919 2920 2977 Artiﬁcioso
2944 2920 3128 2992 itaque
3162 2921 3309 2978 vela-

1721 3005 1870 3060 mine
1894 3007 2037 3077 apud
2064 3016 2333 3078 utrosque
2354 3022 2415 3063 se
2440 3009 2853 3078 commendans,
2897 3010 3140 3082 primum
3179 3011 3307 3084 qui-

76 3093 241 3148 terrore
264 3098 582 3167 compulsus
632 3096 907 3170 Julianus,
949 3101 1007 3157 in
1052 3102 1233 3159 fronte
1284 3119 1385 3159 sua
1432 3107 1615 3162 crucis
1645 3149 1690 3174 η
1722 3099 1846 3154 dem
1894 3101 2205 3156 crudelitati
2239 3100 2562 3156 Constantii
2617 3101 2764 3157 circa
2815 3102 3094 3174 subjectos
3143 3103 3307 3159 dero-

75 3176 287 3240 formavit
313 3189 681 3261 signaculum.
708 3192 791 3249 Ad
823 3194 982 3266 cujus
1024 3206 1308 3266 aspectum
1339 3199 1617 3255 daemones

72 3285 256 3343 repente
291 3279 701 3352 disparuerunt.
757 3284 864 3342 Pro
917 3301 1027 3358 qua
1085 3304 1146 3344 re
1204 3306 1401 3362 magus
1452 3293 1620 3362 coepit

72 3365 254 3435 culpare
274 3370 577 3431 Julianum.
607 3377 679 3431 At
697 3377 788 3433 ille
808 3386 1019 3436 terrore
1048 3395 1108 3437 se
1132 3381 1386 3439 invasum
1408 3384 1619 3454 signiﬁ-

70 3469 193 3544 cans,
226 3464 398 3521 crucis
431 3481 497 3522 se
522 3466 660 3523 dixit
690 3468 1045 3541 obstupuisse
1063 3471 1339 3542 virtutem,
1377 3474 1505 3544 quia
1533 3474 1618 3529 vi—

70 3542 223 3638 dentes
257 3568 376 3610 eam
414 3557 698 3616 daemones
741 3572 1106 3618 evanuerunt.
1152 3563 1324 3621 Porro
1374 3542 1615 3638 magus:

69 3632 166 3734 dion
190 3644 492 3714 suspiceris,
524 3646 725 3718 inquit,
755 3649 873 3717 hoc,
910 3667 940 3704 ο
963 3649 1092 3706 bone
1121 3652 1222 3719 vir,
1259 3653 1402 3723 quod
1428 3632 1619 3709 tiinue—

67 3733 180 3795 "ut,
216 3733 299 3787 sed
339 3735 677 3792 abhominati
730 3740 907 3809 potius
963 3741 1062 3795 hac
1127 3742 1490 3798 abscesserunt
1524 3745 1612 3797 ‘9‘.

63 3816 113 3876 Et
140 3822 206 3879 ita
238 3831 464 3899 capiens
510 3830 797 3898 miserum,
841 3829 971 3887 odio
1012 3830 1301 3887 christiani
1345 3833 1618 3904 signaculi

62 3914 252 3983 replevit
285 3919 593 3978 Julianum.
644 3922 776 3980 Post
815 3925 932 3980 haec
972 3924 1140 3995 igitur
1175 3925 1426 3981 evocavit
1467 3924 1617 3981 Con-

58 4008 259 4066 stantius
278 4010 587 4082 Julianum,
619 4023 676 4071 et
707 4014 994 4072 constituit
1023 4030 1147 4071 eum
1169 4029 1453 4082 cmsarem,
1479 4015 1618 4072 dans

58 4096 97 4148 ei
122 4100 392 4173 conjugem
435 4105 704 4162 Helenam
725 4121 972 4161 sororem
1000 4120 1181 4168 suam,
1202 4105 1469 4177 misitque
1488 4121 1616 4162 eum

56 4201 213 4249 contra
259 4197 530 4257 barbaros
580 4197 651 4254 ad
704 4197 926 4255 Gallias.
993 4197 1098 4255 Ubi
1155 4199 1289 4254 dum
1336 4199 1618 4254 civrtatem

56 4286 299 4350 quandam
323 4289 527 4347 fuisset
559 4291 878 4367 ingressus,
921 4305 1129 4348 corona
1161 4291 1384 4358 laurea,
1413 4291 1617 4361 quibus

52 4376 202 4433 solent
235 4381 507 4447 civitates,
530 4384 739 4454 ornari,
774 4391 916 4439 inter
941 4384 1227 4442 columnas
1250 4383 1321 4416 ⁸³³
1348 4384 1616 4454 pendens,

1644 3149 1691 3210 C

1720 3190 1882 3261 gabat
1902 3230 1920 3258 ,
1975 3204 2207 3261 eamque
2252 3205 2441 3247 coram
2490 3190 2639 3246 omni
2698 3191 2901 3262 populo
2940 3192 3300 3263 redarguens,

1717 3281 1888 3352 jussit
1913 3282 2200 3352 episcopos
2227 3282 2394 3338 exilio
2428 3283 2748 3353 deportatos
2772 3283 3021 3338 revocari
3072 3291 3127 3339 et
3169 3298 3307 3341 con-

1721 3376 1943 3431 ﬁscatas
1985 3389 2179 3429 eorum
2224 3375 2564 3431 substantias
2602 3374 2795 3443 reddi;
2845 3376 3049 3446 templa
3089 3390 3309 3448 quoque

1719 3481 2059 3538 paganorum
2083 3506 2101 3534 ,
2157 3465 2325 3521 veluti
2374 3466 2480 3522 sibi
2544 3466 2981 3523 necessariorum
3002 3509 3019 3536 ,
3067 3469 3312 3540 precepit

1720 3558 1954 3628 aperiri;
1985 3565 2041 3613 et
2068 3557 2409 3614 multa'talia
2454 3574 2624 3631 agens
2642 3600 2658 3627 ,
2684 3559 2933 3629 utrisque
2961 3575 3020 3615 se
3046 3560 3308 3616 concilia-

1720 3650 1832 3717 bat,
1859 3649 2117 3721 precipue
2142 3657 2324 3705 tamen
2350 3651 2582 3722 paganis
2625 3651 2839 3707 occulte
2877 3650 3113 3707 favebat.
3140 3650 3310 3727 Igitur

1720 3742 1930 3798 dudum
1971 3743 2221 3809 studens,
2246 3744 2618 3814 paganitatem
2654 3745 2712 3799 ln
2754 3744 2905 3800 omni
2951 3744 3163 3801 ditione
3205 3759 3308 3802 sua

1718 3832 1935 3887 dilatari
1995 3840 2051 3886 et
2089 3833 2545 3890 christianitatcm
2612 3835 3005 3902 exterminari,
3066 3836 3306 3907 primum

1719 3924 1937 3993 quidem
1961 3922 2297 3978 Galileorum
2323 3924 2467 3979 ﬁlios
2488 3925 2663 3980 ——sic
2692 3925 2840 3981 enim
2877 3924 3178 3983 Salvatoris
3200 3942 3306 3983 no-

1720 4012 1819 4068 stri
1850 4012 2091 4068 cultores
2116 4013 2425 4082 appellabat
2444 4043 2515 4054 —-
2548 4016 2789 4085 precepit
2826 4015 2963 4070 haut
3018 4024 3308 4086 poetarum

1718 4113 1773 4160 ct
1788 4105 2067 4160 rethorum
2090 4113 2255 4176 atque
2275 4104 2745 4177 phylosophoruin
2765 4106 2944 4177 legere
2967 4105 3306 4178 disciplinas.

1719 4196 1985 4267 Propriis,
2011 4196 2287 4268 inquiens,
2308 4197 2495 4268 pennis
2521 4198 2809 4252 secundum
2834 4198 3167 4268 proverbium
3186 4198 3307 4254 vut-

1718 4307 2001 4355 neramur;
2034 4306 2100 4345 ea:
2136 4292 2335 4345 nostris
2368 4290 2510 4344 enim
2558 4290 2757 4345 armati
2809 4289 3306 4360 conscriptionibus,

1719 4391 1905 4438 contra
1930 4397 2022 4436 nos
2054 4380 2191 4436 bella
2212 4383 2534 4453 suscipiunt.
2572 4380 2640 4437 Et
2668 4382 2870 4452 templa
2909 4381 3131 4453 quidem
3152 4391 3310 4438 erant

55 4480 187 4539 rupto
218 4473 368 4545 fune,
393 4493 567 4548 super
590 4486 753 4549 caput
780 4478 903 4548 ejus
927 4476 1132 4533 decidit
1164 4492 1404 4547 eumque
1446 4477 1617 4548 aptis-
1650 4492 1694 4551 υ
1721 4484 1930 4547 aperta,
1954 4484 2008 4531 et
2030 4473 2304 4531 sacriﬁcia
2325 4489 2668 4546 paganorum
2696 4488 2795 4546 per
2832 4474 3084 4533 civitates
3109 4488 3309 4532 secun-

52 4560 168 4621 sime
202 4570 506 4625 coronavit.
540 4568 663 4637 Quo
705 4569 844 4637 viso,
877 4570 1061 4626 cuncti
1089 4571 1484 4637 clamaverunt,
1511 4572 1618 4629 hoc

52 4650 148 4709 fore
165 4658 380 4729 signum
403 4662 646 4733 imperii.
679 4660 773 4717 llle
802 4668 987 4717 autem
1010 4662 1241 4718 viriliter
1267 4671 1460 4719 contra
1485 4663 1616 4719 bar-

52 4742 188 4805 baros
208 4765 409 4823 agens,
452 4754 693 4809 nobilem
740 4768 935 4811 eorum
982 4769 1168 4826 regem
1215 4753 1613 4811 Nodomarium

51 4838 169 4905 cepit
188 4849 242 4896 et
261 4840 599 4900 Constantio
637 4844 821 4912 misit;
856 4845 1099 4915 itemque
1128 4860 1253 4901 cum
1291 4845 1618 4903 Alamannis

51 4930 169 4997 apud
195 4930 451 4992 Rhenum
500 4924 729 4991 fluvium
772 4935 1141 4992 residentibus
1172 4935 1479 5003 dimicans,
1509 4951 1612 5007 po-

51 5022 393 5081 tentissimum
428 5042 614 5098 regem
648 5040 842 5082 eorum
870 5026 1263 5083 Badomarium
1294 5025 1470 5098 cepit;
1507 5027 1620 5083 cla-

51 5125 193 5184 raque
229 5118 467 5175 victoria
509 5118 802 5179 decoratus
821 5162 838 5188 ,
895 5119 1029 5177 dum
1078 5119 1453 5176 mediocritate
1490 5120 1618 5176 vitae

51 5212 185 5275 atque
210 5211 644 5269 mansuetudine
671 5206 944 5273 militibus,
969 5218 1161 5282 gratus
1178 5219 1354 5279 esset,
1416 5212 1485 5268 ab
1536 5204 1645 5268 eis

51 5298 325 5366 appellatus
371 5311 465 5359 est
513 5310 798 5374 augustus.
848 5302 1100 5374 Cumque
1148 5317 1353 5359 corona
1403 5304 1437 5357 d
1472 5312 1620 5360 esset

51 5393 343 5464 mperialis,
389 5411 542 5453 unus
578 5396 738 5469 signa
766 5395 1106 5466 portantium
1151 5405 1402 5467 torquem
1446 5409 1616 5465 quam

1720 4567 1851 4622 dum
1879 4567 2213 4623 voluntatem
2242 4565 2392 4622 illius
2422 4566 2807 4636 procedebant.

1793 4658 1940 4715 Inter
1972 4659 2089 4714 haec
2146 4657 2313 4729 igitur
2357 4658 2539 4715 Persae
2573 4659 2858 4716 audientes
2897 4668 3128 4715 mortem
3160 4658 3309 4715 Con-

1720 4751 1939 4818 stantii,
1970 4750 2237 4807 rebellare
2293 4758 2578 4822 coeperunt
2638 4760 2694 4807 et
2743 4749 2884 4806 ﬁnes
2929 4749 3305 4806 Romanorum

1718 4842 2041 4899 invaserunt
2070 4843 2161 4898 Μ.
2194 4842 2398 4899 Contra
2442 4857 2584 4915 quos
2612 4840 2867 4898 Julianus
2914 4840 3307 4913 profectionem

1719 4936 2014 4993 instituens
2035 4979 2049 5003 ,
2081 4937 2137 4991 in
2162 4936 2282 5008 ipso
2321 4936 2464 4992 bello
2502 4935 2765 4992 divinitus
2807 4933 3165 5005 interemptus
3196 4942 3309 4991 est;

1720 5027 1797 5083 De
1851 5027 2010 5099 cujus
2066 5027 2445 5085 interiectione
2506 5025 2709 5083 diversi
2766 5025 2983 5083 diversa
3037 5024 3303 5083 sentiunt.

1720 5118 1953 5185 Quidam
1985 5134 2220 5190 namque
2251 5119 2321 5153 ”'
2344 5119 2536 5175 dicunt
2572 5117 2670 5192 (Η.
2699 5116 2821 5190 m.),
2858 5131 2985 5174 eum
3007 5131 3037 5173 a
3060 5116 3302 5189 quodam

1720 5210 2006 5283 transfuga
2048 5227 2145 5281 per
2188 5211 2543 5267 solitudinem
2596 5211 2775 5267 tribus
2817 5208 3012 5265 diebus
3053 5207 3305 5276 ductum,

1720 5304 1950 5361 insidias
1981 5303 2272 5371 incidisse,
2300 5311 2356 5360 et
2379 5319 2411 5360 a
2439 5301 2623 5361 Persis
2675 5303 2920 5376 undique
2958 5302 3305 5360 circumven-

1718 5405 1837 5452 tum
1866 5438 1882 5463 ,
1947 5411 1980 5451 a
2025 5395 2263 5467 quodam
2304 5411 2380 5453 ex
2425 5396 2512 5453 his
2549 5402 2714 5453 conto
2771 5409 3097 5468 percussum
3139 5406 3303 5460 esse,

1310 5547 1543 5606 VARIIE
1580 5547 1986 5606 LECTIONES.

100 5680 163 5758 ’ξ’
194 5684 339 5740 deest
361 5685 603 5758 96.773”
626 5685 844 5743 dicebat
867 5701 1031 5758 quam
1054 5684 1155 5741 El.
1238 5685 1308 5719 ⁶⁹⁰
1331 5686 1472 5742 deest
1510 5685 1595 5741 9°.
1639 5756 1645 5758 _
1674 5683 2161 5758 “Labscesseruut
2189 5685 2242 5746 5.
2322 5686 2392 5720 ’θ’
2426 5685 2732 5746 colunnans
2780 5687 2832 5743 5.
2910 5684 2978 5718 m
3028 5683 3170 5738 deest
3200 5680 3297 5736 El.
3375 5679 3387 5690 '

51 5748 95 5781 ‘“
125 5752 161 5808 f.
190 5765 273 5815 est
315 5758 372 5812 5.
459 5757 531 5790 ⁶⁰⁸
567 5765 607 5814 t.
637 5773 687 5813 a.
722 5759 773 5814 5.
853 5748 923 5792 εδδ
943 5766 1299 5815 vastaverunt
1322 5759 1373 5817 5.
1455 5758 1524 5791 ⁸⁸⁷
1561 5754 1831 5836 enim_El.
