3876 6306
515 348 616 405 7H.

1730 328 2122 388 EKKEIIARDI
2160 326 2629 383 URAUGIENSIS
3682 328 3770 389 πε

514 461 859 525 relatumque
914 455 969 508 in
1023 448 1473 512 tabernaculum,
1529 444 1793 515 paulatim
1846 438 2112 511 sanguine
2141 445 2189 506 Α
2215 441 2566 512 dispergunt;
2601 440 2696 495 sed
2732 439 2954 509 quidam
3007 440 3263 494 monachi
3309 454 3378 494 ex
3430 438 3775 499 [iicrosolimis

516 554 816 605 vacuatum
843 543 1130 599 defecisse.
1164 539 1399 608 Quidam
1445 552 1577 591 vero
1616 535 1836 601 dicunt,
1865 532 2110 603 jaculum

519 647 744 709 repente
791 636 1033 692 delatum
1068 633 1388 687 discurrens
1417 645 1513 700 per
1544 627 1832 683 brachium
1873 625 1929 679 in
1969 625 2113 678 latus

518 732 642 801 ejus
667 730 980 785 demersum
1006 724 1208 791 fuisse;
1233 723 1347 788 alii,
1371 736 1542 776 unum
1566 727 1845 789 pastorem
1866 715 2108 771 Ismahe-

520 823 745 877 litarum
771 838 785 887 ;
814 819 929 884 alii,
958 817 1162 872 milites
1191 814 1337 869 fame
1388 820 1443 867 et
1468 812 1664 866 itinere
1702 809 1960 880 fatigatos
1987 823 2113 863 eum

521 912 896 977 interemisse;
921 888 1332 980 alii,quendam
1369 904 1728 961 iuvisibilium
1759 903 1865 957 hoc
1895 900 2110 957 fecisse.

522 1005 629 1062 Sed
659 1005 774 1061 sive
805 1004 970 1065 homo
1002 1003 1117 1058 sive
1139 1000 1368 1071 angelus
1407 996 1594 1063 fuerit,
1629 993 1980 1050 manifestum
2009 1002 2114 1059 est,

521 1097 653 1167 quia
689 1094 895 1150 divinis
936 1090 1286 1164 jussionibus
1348 1087 1701 1144 ministravit.
1748 1083 1993 1141 Calistus
2047 1084 2117 1115 ‘9'

524 1199 731 1254 autem,
763 1187 859 1259 qui
889 1188 1032 1243 inter
1052 1185 1353 1241 familiares
1378 1184 1499 1253 ejus
1521 1181 1791 1237 militabat
1813 1189 1865 1235 et
1894 1180 2116 1234 heroico

521 1296 687 1336 versu
733 1280 855 1350 ejus
903 1278 1235 1348 conscripsit
1278 1277 1346 1309 ⁶⁹⁹
1398 1274 1729 1347 ltystoriam,
1780 1273 1857 1327 ait
1904 1288 2031 1327 eum
2086 1287 2117 1326 a

511 1374 769 1430 daemone
803 1371 973 1427 fuisse
1000 1371 1366 1426 vulneratum.
1410 1366 1687 1439 Lybanius
1729 1380 1880 1431 vero,
1928 1363 2117 1434 sophi-

522 1476 606 1523 sta
649 1463 843 1536 Syrus,
886 1464 1029 1539 inter
1084 1471 1262 1518 cetera
1323 1475 1446 1531 quae
1475 1459 1542 1514 de
1578 1459 1700 1529 ejus
1745 1457 1855 1513 vita
1903 1457 2116 1525 scribit,

525 1556 582 1609 in
616 1554 723 1608 fine
748 1553 874 1607 libri
917 1553 998 1607 sic
1032 1552 1113 1606 ait
1140 1570 1152 1606 :
1188 1570 1208 1603 ‹
1239 1548 1283 1605 Ο
1313 1551 1623 1606 daemonum
1654 1549 1877 1603 alumne
1910 1547 2118 1602 daemo-

521 1661 778 1716 numque
814 1644 1083 1714 discipule
1112 1653 1168 1699 et
1204 1644 1515 1698 daemonum
1555 1641 1896 1706 observator,
1946 1638 2121 1693 Julia-

2214 532 2516 586 intermixti
2538 531 2949 602 eolligentibus,
2983 546 3107 601 qua:
3132 540 3434 601 potuerunt
3461 533 3705 605 colligere
3721 538 3775 591 ιιι

2214 630 2427 691 patrem
2490 637 2653 677 suum
2710 621 3023 692 Philippum
3075 624 3367 693 pertulere.
3414 622 3514 679 Ille
3560 640 3777 694 suprasr

2216 714 2332 769 haec
2359 714 2586 779 ducens,
2613 714 2681 768 ad
2708 712 3075 769 Athanasium
3098 730 3194 785 per
3212 716 3512 771 diaconum
3537 714 3776 773 Julianu-

2214 809 2369 864 misit
2416 810 2823 865 Alexandriam.
2881 810 3017 878 Quae
3068 812 3158 867 ille
3203 814 3396 883 paucis
3446 815 3668 870 arbitris
3701 819 3780 872 sub

2217 896 2413 957 cavato
2449 902 2679 958 sacrarii
2723 903 2929 973 pariete
2969 904 3213 971 inclusa,
3251 906 3582 975 prophetico
3622 909 3779 978 spiritu

2217 1004 2449 1069 posterae
2493 996 2833 1066 generationi
2874 999 3222 1052 conservavit
3268 997 3591 1069 profutura.
3647 1000 3785 1071 Cujus

2219 1085 2530 1157 presagium
2568 1086 2672 1140 sub
2702 1086 3014 1142 Theodosio
3044 1103 3143 1157 per
3183 1087 3563 1161 Theophilum
3608 1092 3785 1163 episco-

2220 1193 2349 1246 pum
2412 1178 2742 1248 completum
2799 1188 2913 1245 est,
2950 1180 3079 1249 qui,
3122 1178 3406 1237 destructo
3463 1182 3685 1254 Serapis
3723 1202 3787 1240 se-

2217 1270 2450 1340 pulchro
2476 1312 2490 1336 ,
2543 1271 2719 1325 sancti
2756 1269 3027 1326 Johannis
3068 1272 3268 1327 ibidem
3317 1277 3670 1331 consecrarit
3709 1291 3789 1332 ac-

2219 1362 2464 1416 clesiam.
2505 1360 2720 1433 (RUFIN.
2762 1361 2835 1415 H.
2868 1379 2913 1416 ε.
2955 1379 3010 1429 x,
3044 1363 3160 1434 54.)
3198 1364 3554 1421 Athanasius
3595 1366 3790 1421 Alexan-

2220 1460 2398 1514 driam
2424 1460 2604 1515 rediit.
2654 1458 2861 1530 Impius
2886 1459 3139 1516 Julianus
3181 1462 3249 1517 ad
3285 1463 3501 1517 bellum
3550 1462 3790 1533 profectas

2218 1551 2525 1618 Persicum,
2567 1552 2756 1607 divino
2790 1554 3094 1622 percutitur
3129 1554 3360 1624 judicio,
3405 1571 3605 1611 mense
3636 1568 3792 1612 octava

2225 1642 2356 1696 anni
2389 1641 2546 1696 tercii
2580 1642 2794 1711 imperii
2831 1644 2950 1709 sui,
3006 1644 3099 1699 sed
3141 1659 3269 1698 mox
3302 1646 3485 1699 altera
3509 1646 3603 1701 die
3622 1647 3792 1716 absque

522 1754 615 1793 ne.
664 1758 681 1789 ι
728 1736 838 1792 Nos
880 1746 1059 1791 autem
1102 1737 1162 1790 in
1197 1735 1345 1790 libro
1389 1735 1514 1789 vita:
1554 1733 1731 1788 sancti
1776 1731 1963 1788 Basilii
2002 1729 2122 1786 (Σω-
2157 1791 2187 1795 _
2224 1733 2376 1787 omni
2414 1733 2676 1789 dilatione
2709 1733 2975 1790 Jovianus
3017 1736 3088 1769 ⁷⁸⁵
3130 1726 3508 1793 οοῑοητιιιιτέι
3567 1740 3794 1795 militibus

526 1791 794 1886 sariensis
819 1827 1062 1897 episcopi
1097 1825 1254 1897 (Acta
1276 1824 1375 1881 SS.
1406 1824 1534 1879 Jun.
1574 1823 1638 1890 ll,
1663 1839 1718 1893 p.
1751 1823 1878 1894 9M)
1907 1829 2117 1878 certum
2152 1791 2199 1850 Β

525 1918 779 1990 legimus,
828 1923 1017 1971 orante
1077 1924 1131 1970 et
1176 1914 1459 1985 jejunautc
1508 1914 1700 1968 eodem
1740 1911 1942 1967 Basilio
1992 1926 2117 1967 cum

525 2010 730 2083 popqu
773 2024 906 2075 suo,
946 2007 1147 2079 quibus
1190 2007 1258 2061 ad
1300 2006 1589 2071 Persicum
1635 2005 1839 2060 bellum
1884 2019 2118 2075 pergens

530 2099 675 2154 mala
701 2099 944 2153 minatus
986 2106 1090 2162 est,
1116 2097 1280 2167 jussu
1312 2108 1517 2151 sanctae
1544 2095 1643 2150 Dei
1675 2094 1958 2164 genitricis
2006 2093 2120 2148 Ma-

527 2192 625 2247 ria:
658 2208 752 2262 per
784 2191 1116 2246 Mercurium
1162 2189 1493 2255 .martirem,
1551 2188 1607 2242 in
1660 2188 1852 2244 eadem
1902 2187 2121 2242 civitate

526 2284 920 2353 quiescentem,
969 2282 1152 2351 ipsum
1197 2296 1321 2336 esse
1378 2290 1744 2352 peremptum.
1807 2279 2003 2335 Fertur
2048 2279 2119 2310 ’θ’

528 2383 711 2429 autem
748 2390 975 2428 manum
1000 2388 1158 2427 suam
1183 2372 1451 2443 sanguine
1494 2371 1807 2441 implevisse
1844 2378 1899 2425 et
1934 2370 1989 2424 in
2028 2384 2121 2424 ae-

528 2482 645 2522 rem
674 2465 947 2536 sparsisse
973 2464 1119 2521 etita
1145 2464 1353 2520 dixisse
1378 2481 1391 2518 :
1421 2463 1630 2529 Vicisti,
1663 2460 1888 2529 Galilee,
1919 2461 2115 2516 uicisti.

529 2556 741 2611 Iutcriit
767 2565 950 2611 autem
973 2571 1120 2611 anno
1144 2555 1358 2625 imperii
1393 2555 1478 2611 sui
1508 2555 1699 2621 tercio,
1737 2555 1969 2625 septimo
1988 2570 2119 2609 vero

527 2665 595 2705 ex
617 2665 729 2719 quo
756 2664 931 2705 caesar
956 2664 991 2702 a
1020 2646 1347 2703 Constantio
1404 2645 1581 2703 factus
1613 2654 1729 2713 est,
1767 2646 1891 2701 vitae
1934 2655 2116 2700 autem

528 2741 640 2795 ὃν.
669 2739 802 2797 Post
828 2740 995 2810 cujus
1021 2747 1254 2795 mortem
1279 2739 1401 2809 ejus
1430 2738 1658 2810 magica:
1684 2739 1752 2771 ⁷⁰¹
1796 2737 1987 2792 Karris
2035 2738 2120 2792 in-

527 2841 704 2888 venta:
724 2840 872 2888 sunt.
910 2830 1015 2887 Per
1037 2833 1179 2887 hanc
1208 2831 1355 2887 enim
1398 2831 1501 2886 iter
1527 2846 1718 2901 agens,
1767 2829 1823 2884 in
1856 2829 2117 2901 templum

528 2937 868 2994 paganorum
901 2922 1187 2994 ingressus
1225 2929 1330 2988 est,
1359 2921 1675 2993 clausisque
1697 2921 1910 2992 januis,
1943 2920 2118 2977 sacri-

530 3014 671 3085 legia
709 3015 961 3085 qumdam
1005 3014 1319 3071 celebravit.
1352 3012 1474 3081 Quo
1499 3013 1778 3080 defuncto,
1806 3013 2118 3081 ingredien—

2226 1822 2324 1895 (Η.
2357 1824 2478 1893 m.).

2222 1912 2414 1968 Annus
2435 1911 2670 1969 Joviani.

2294 2005 2451 2059 Anno
2482 2004 2772 2061 dominicae
2812 2007 3208 2065 incarnationis
3238 2011 3370 2077 566,
3404 2014 3481 2067 ab
3526 2010 3670 2069 Urbe
3695 2031 3798 2070 coa-

2221 2095 2333 2150 dila
2362 2097 2659 2153 millesimo
2689 2099 2812 2154 H7.
2858 2098 3127 2156 Iovianus
3169 2104 3241 2135 ⁷⁸⁸
3284 2104 3357 2159 ab
3397 2106 3658 2177 Augusto
3700 2107 3794 2160 ll"

2220 2189 2295 2221 ⁷⁸⁸
2321 2188 2468 2260 (225)
2508 2190 2797 2260 imperium
2843 2195 3113 2263 suscepit,
3158 2203 3213 2251 et
3246 2211 3476 2252 menses
3508 2196 3546 2251 8
3574 2200 3797 2268 regnarit.

2221 2280 2437 2351 genitus
2478 2291 2631 2351 patre
2684 2281 3046 2350 Barroniano,
3098 2286 3279 2342 incola
3332 2289 3645 2358 provincia:
3684 2287 3799 2344 Pan-

2223 2374 2421 2429 noniaz.
2471 2373 2644 2445 Cujus
2688 2385 2846 2446 pater
2880 2392 3006 2432 cum
3046 2379 3251 2435 liberos
3284 2381 3495 2436 crebro
3548 2384 3797 2445 amitteret.

2221 2480 2319 2535 per
2362 2466 2639 2521 somnium
2681 2467 2733 2522 ei
2779 2469 2986 2523 dictum
3023 2477 3126 2536 est,
3182 2480 3243 2525 ut
3274 2488 3428 2538 eum,
3460 2475 3565 2544 qui
3607 2474 3799 2529 instante

2222 2565 2382 2627 partu
2404 2558 2646 2614 edendus
2669 2557 2828 2627 foret,
2848 2559 3141 2617 Iovianum
3164 2564 3233 2595 '°'
3254 2564 3491 2619 diceret.
3517 2565 3641 2621 Fuit
3657 2576 3799 2620 autem

2222 2647 2453 2718 insignis
2479 2663 2727 2718 corpore,
2751 2650 2910 2706 lmtus
2939 2652 3180 2723 ingenio,
3218 2654 3518 2710 studiosus
3541 2657 3597 2711 in
3618 2656 3799 2717 litteris.

2222 2735 2381 2794 fortis
2403 2738 2636 2806 viribus,
2660 2742 2818 2798 miles
2849 2743 2943 2797 illo
2965 2751 3211 2814 tempore
3236 2760 3351 2817 quo
3381 2746 3646 2804 Julianus
3666 2749 3799 2817 legem

2221 2829 2487 2886 militibus
2515 2843 2880 2902 proposuerat
2905 2844 2965 2891 ut
2989 2846 3083 2891 aut
3107 2837 3496 2895 sacriﬁcarent
3526 2850 3621 2895 aut
3649 2840 3800 2895 militia

2221 2921 2495 2977 cederent.
2530 2921 2636 2989 Qui
2670 2924 2950 2996 cingulum
2979 2928 3156 3000 magis
3184 2931 3352 3003 elegit
3382 2932 3644 2987 amittere
3669 2946 3800 3002 quam

2223 3014 2568 3086 imperatoris
2621 3022 2892 3091 preceptis
2941 3023 3200 3092 obedire;
3254 3026 3351 3081 sed
3401 3025 3663 3083 Julianus
3704 3038 3802 3080 tunc

531 3115 612 3161 tas
637 3107 692 3160 in
751 3107 1036 3177 templum,
1095 3107 1423 3162 invenerunt
1476 3106 1762 3161 mulierem
1822 3122 1854 3160 a
1910 3104 2121 3177 capillis
2149 3132 2192 3191 α
2223 3117 2447 3180 propter
2472 3111 2599 3166 belli
2622 3114 3005 3179 necessitatem
3035 3116 3177 3171 inter
3197 3118 3405 3174 milites
3428 3136 3567 3175 eum
3590 3121 3801 3176 habebat

535 3209 887 3263 suspensam,
921 3203 1175 3250 extensus
1216 3210 1415 3249 manus
1447 3194 1757 3257 habentem.
1790 3194 1951 3265 cujus
1996 3202 2118 3249 ute-

532 3299 661 3339 rum
698 3294 1008 3355 apcruerat,
1040 3294 1101 3340 ut
1127 3286 1333 3340 exitum
1357 3284 1485 3339 belli
1517 3286 1573 3339 in
1595 3285 1781 3355 jecore
1803 3285 1925 3355 ejus
1950 3285 2121 3355 inspi-

534 3384 702 3433 ceret.
750 3376 809 3431 In
833 3394 942 3448 qua
993 3377 1129 3432 urbe
1163 3378 1295 3433 dum
1331 3377 1453 3447 ejus
1492 3377 1785 3432 nunciatus
1830 3375 2027 3432 fuisset
2051 3378 2122 3410 ⁷⁸⁸

533 3468 790 3540 interitus
814 3510 830 3535 ,
871 3469 1148 3540 publicam
1203 3469 1387 3524 cuncti
1428 3469 1669 3527 habuere
1726 3468 2079 3524 festivitatem
2105 3510 2120 3536 ,

533 3559 901 3618 communiter
947 3576 1139 3616 omnes
1182 3561 1521 3616 clamantes:
1555 3559 1793 3615 Maxime
1829 3560 1995 3630 fatue,
2034 3561 2123 3615 ubi

534 3659 659 3705 sunt
704 3651 964 3705 vaticinia
1000 3653 1134 3707 tua?
1183 3650 1319 3706 Vicit
1357 3661 1405 3705 te
1439 3650 1580 3705 Deus
1609 3660 1659 3706 et
1692 3649 1935 3706 Christus
1986 3652 2119 3722 ejus.

536 3739 664 3795 Fuit
690 3748 873 3795 autem
898 3741 988 3796 hic
1012 3741 1330 3797 liberalibus
1366 3740 1674 3810 disciplinis
1720 3742 1964 3811 apprime
1993 3758 2123 3797 eru-

536 3831 715 3898 ditus,
757 3829 1012 3886 facundia
1046 3832 1271 3903 ingenti,
1300 3832 1563 3887 memoria
1592 3833 1942 3888 tenacissima
1963 3842 2126 3905 atque

541 3924 903 3994 amplissima,
946 3939 1175 3994 corpore
1205 3922 1418 3979 validus
1452 3922 1547 3978 sed
1573 3923 1772 3991 brevis,
1796 3924 1962 3980 barba
1994 3941 2119 3996 pro-

540 4013 672 4081 lixa,
696 4015 869 4070 oculis
896 4014 1333 4070 discurrentibus
1365 4023 1420 4069 ct
1452 4014 1524 4046 ⁷⁰³
1551 4015 1660 4071 huc
1699 4016 1936 4087 illucque
1979 4017 2127 4073 dire-

538 4105 664 4180 ctis,
707 4106 884 4161 audax
912 4107 1037 4177 plus
1074 4122 1241 4176 quam
1281 4106 1663 4176 imperatorem
1718 4108 1892 4175 decet,
1949 4110 2128 4165 cultor

536 4197 822 4269 ydolorum
850 4198 1283 4269 superstitiosus,
1312 4198 1589 4270 religionis
1618 4198 1947 4256 Christianae
1980 4201 2128 4257 inse-

540 4298 720 4344 ctator
740 4290 1039 4346 studiosus.

611 4379 864 4438 Julianus
901 4381 1085 4452 itaque
1118 4381 1417 4452 imperator
1454 4382 1663 4450 factus,
1715 4384 1784 4439 ad
1840 4385 2127 4457 ydolorum

2224 3198 2330 3266 Qui
2368 3217 2498 3256 cum
2530 3203 2797 3259 violenter
2819 3221 2851 3258 a
2880 3205 3147 3263 militibus
3193 3208 3263 3264 ad
3312 3199 3619 3281 imperium
3655 3212 3783 3266 trahe

2223 3301 2393 3358 retur,
2432 3294 2704 3350 ciamabat
2742 3312 2803 3352 se
2846 3298 2991 3353 nolle
3028 3301 3257 3371 paganis
3286 3301 3624 3359 hominibus
3664 3305 3804 3372 impe-

2223 3399 2365 3451 rare,
2403 3400 2530 3440 cum
2560 3386 2677 3456 ipse
2720 3387 3055 3445 christianos
3093 3400 3261 3447 esset.
3297 3392 3567 3466 Cumque
3600 3395 3803 3451 omnium

2222 3490 2324 3530 vox
2349 3478 2719 3533 communiter
2744 3481 3129 3550 proclamaret,
3160 3500 3221 3539 se
3247 3501 3481 3557 quoque
3511 3488 3805 3543 christianos

2222 3582 2365 3633 esse,
2390 3570 2630 3639 suscepit
2652 3571 2962 3642 imperium.
2990 3572 3122 3629 Dein
3146 3591 3272 3630 cum
3298 3576 3801 3649 Constantinopolin

2223 3659 2529 3728 festinaret,
2555 3662 2705 3718 venit
2725 3663 2793 3718 ad
2816 3665 3067 3734 predium
3094 3666 3416 3737 Dadastam,
3453 3671 3557 3726 ubi
3604 3681 3805 3740 temperr

2225 3750 2422 3808 hiemis
2449 3753 2714 3825 languore
2736 3758 3091 3824 constrictus,
3123 3775 3249 3815 cum
3296 3762 3354 3816 in
3408 3779 3566 3819 novo
3591 3763 3804 3819 cubicula

2224 3844 2533 3913 recubaret,
2557 3847 2743 3902 calore
2763 3864 3066 3918 prunarum
3089 3861 3143 3906 et
3161 3853 3343 3908 nitore
3366 3855 3649 3924 parietum
3668 3868 3805 3924 nuper

2225 3934 2374 3989 calce
2431 3936 2698 3993 illitorum
2763 3938 3105 4007 suffocatus,
3173 3943 3314 3998 obiit
3382 3957 3592 4002 octavo
3654 3960 3805 4000 mense

2225 4027 2459 4098 imperii,
2522 4048 2669 4088 anno
2721 4033 2845 4089 vita:
2886 4035 2960 4068 ⁷⁸⁸
3013 4036 3128 4103 55‘,
3178 4037 3267 4092 {3.
3320 4037 3443 4094 Kal.
3504 4038 3806 4112 Septemlﬁs

2227 4116 2415 4189 (ans.
2461 4137 2558 4189 vn,
2602 4125 2678 4197 l).
2974 4122 2981 4127 ’

2225 4210 2371 4265 Anni
2400 4211 2791 4272 Valentiniani.

2300 4302 2398 4374 (Η.
2437 4307 2535 4374 m.)
2580 4307 2744 4364 Anno
2763 4309 3054 4368 dominicae
3081 4312 3488 4372 incarnationis
3518 4318 3645 4373 567.
3669 4314 3801 4372 Uri-i5

2229 4396 2464 4452 condita:
2507 4398 2800 4456 millesimo
2849 4403 2973 4458 118.
3008 4402 3455 4474 Valentinianus,
3505 4409 3636 4464 42"
3670 4406 3805 4459 "'ab

538 4472 813 4572 culturam
920 4472 1220 4572 transtulit,
1241 4473 1551 4544 blandaque
1571 4474 1951 4572 persecutione
1965 4474 2127 4572 Chri-
2155 4483 2204 4542 ο
2230 4485 2497 4557 Augusto,
2555 4489 2854 4560 imperator
2908 4495 3211 4566 appellatus
3237 4508 3343 4563 est,
3388 4472 3480 4555 vir
3507 4502 3738 4572 optimus
3762 4507 3803 4551 tl

537 4565 751 4619 stianos
779 4564 1019 4634 primum
1049 4565 1310 4620 seducere
1347 4566 1652 4635 temptavit,
1687 4567 1916 4622 illiciens
1946 4568 2128 4637 potius

464 4648 467 4652 ⁴
537 4670 705 4725 quam
728 4655 1016 4726 impellens
1040 4656 1108 4711 ad
1133 4656 1582 4725 sacrificandum;
1615 4659 1757 4713 unde
1780 4658 1938 4713 multi
1965 4659 2125 4715 dece-

542 4748 619 4818 pti
650 4755 782 4803 sunt
811 4746 907 4819 (cf.
940 4745 1149 4818 Ηιειι.).
1286 4779 1294 4788 ο

607 4837 664 4893 2.
699 4838 946 4911 (Ηυξ-ειη.
994 4838 1141 4894 Hist.
1180 4838 1309 4895 εδει.
1338 4857 1416 4907 ιι,
1446 4840 1643 4910 28.)Α.
1671 4840 1733 4896 D.
1761 4841 1885 4897 565.
1915 4839 2119 4913 Pagani

541 4929 685 5000 apud
714 4928 1019 4986 Sebastiam
1040 4930 1329 4987 Palestina:
1352 4932 1541 4987 urbem
1572 4932 1924 5002 sepulchrum
1945 4934 2122 4988 sancti

541 5018 809 5077 Johannis
852 5023 1103 5094 baptista:
1146 5024 1429 5090 invadunt,
1477 5039 1604 5080 ossa
1632 5040 1732 5094 per
1760 5039 1924 5095 agros
1969 5041 2126 5094 spar-

544 5119 714 5182 gunt,
751 5114 1048 5187 eademque
1091 5134 1284 5173 rursus
1325 5116 1548 5173 collecta
1600 5126 1654 5172 ct
1696 5126 1935 5173 cremata
1962 5118 2125 5174 latius

2229 4576 2383 4646 apice
2424 4578 2713 4650 principali
2747 4583 3129 4655 dignissimus,
3176 4597 3234 4643 et
3276 4593 3533 4662 regnavit
3555 4594 3710 4648 annis
3735 4592 3801 4647 ll.

2229 4664 2337 4721 Iste
2366 4666 2469 4723 fuit
2495 4669 2814 4730 Pannonius
2838 4690 3034 4747 genere
3064 4679 3133 4733 de
3159 4678 3368 4752 Cybala
3398 4683 3647 4750 civitate,
3676 4684 3802 4751 cuius

2229 4766 2383 4827 pater
2404 4759 2719 4830 Gratianus,
2744 4767 3005 4823 mediocri
3028 4769 3199 4840 stirpe
3237 4779 3418 4839 ortus,
3457 4772 3723 4830 Funarius
3739 4780 3803 4828 est

2229 4851 2619 4921 appellatus,eo
2629 4857 2776 4924 quod
2788 4858 3023 4927 quadam
3034 4860 3123 4917 die
3130 4864 3380 4919 venalem
3394 4864 3585 4922 funem
3598 4865 3800 4938 portanti

2229 4940 2473 5011 quinque
2501 4944 2703 5000 milites
2727 4947 3074 5017 nequiverint
3112 4961 3459 5024 extorquere.
3491 4955 3618 5023 Quo
3640 4955 3801 5011 merito

2231 5031 2468 5087 asscitus
2512 5033 2567 5087 in
2618 5036 2890 5101 militiam,
2942 5055 3115 5112 usque
3149 5044 3217 5097 ad
3250 5044 3611 5114 prefectoriae
3652 5053 3801 5117 pmo-

2232 5120 2402 5177 rianae
2427 5124 2749 5196 dignitatem
2770 5132 3051 5209 ascendit.
3099 5132 3181 5189 Ob
3205 5136 3367 5206 cujus
3396 5137 3797 5194 commendatio-

1826 5273 2059 5330 VARIAZ
2100 5274 2504 5337 LECTIONES.

617 5405 686 5439 ⁶⁹⁸
725 5404 971 5462 callistus
992 5407 1045 5463 5.
1122 5408 1191 5440 ⁶⁹⁹
1211 5408 1432 5479 scripsit
1457 5410 1509 5465 5.
1587 5410 1659 5462 '9'
1685 5408 2004 5464 FeruntEl.
2072 5413 2142 5445 ⁷⁰¹
2173 5414 2368 5486 magize
2389 5415 2487 5472 El.

617 5491 654 5529 ιε
684 5476 767 5529 Ib.
801 5476 854 5529 5.
887 5476 972 5531 9C.
1058 5478 1130 5510 ⁷⁰⁸
1163 5479 1479 5541 jovinianus
1507 5481 1588 5536 lli.
1630 5481 1717 5535 9ο.
1805 5480 1877 5513 ⁷⁸⁸
1914 5480 2240 5537 XXXVII“.
2289 5485 2386 5541 EI.
2478 5491 2487 5520 ⁷

549 5476 1130 5549 [ι-ιξε-ςξξ.-ῥεῃρε.ι⁷⁰⁸
1163 5476 1479 5549 jovinianus
1507 5481 1588 5536 lli.
1630 5481 1717 5535 9ο.

550 5546 620 5578 ’θ’
658 5545 945 5602 XXXVIII.
987 5546 1080 5602 El.

2565 5420 2636 5503 ’ξ’
2662 5424 2931 5506 essetEl.
2976 5429 3084 5506 "m
3103 5430 3263 5486 deest.
3295 5433 3393 5490 El.
3486 5436 3561 5468 ⁷⁸⁸
3591 5435 3795 5506 ini-inra-

2478 5490 2547 5522 ⁷⁰⁷
2583 5492 2928 5563 jovinianum
2972 5498 3058 5554 9°.
3110 5518 3333 5572 semper.
3408 5507 3478 5539 ⁷⁸⁸
3515 5490 3703 5563 vaso:
3725 5506 3793 5560 9‘.

2171 5666 2307 5723 TE.

2171 5666 2213 5720 Τ
2289 5707 2307 5723 .
2700 5698 2704 5701 -

613 5744 765 5820 (225)
805 5744 1201 5818 Imperatorum
1227 5764 1487 5805 numeros
1516 5749 1867 5810 Ekkehardus
1889 5755 2000 5826 jam
2029 5664 2627 5832 ngnoeiﬁllicronymo,
2652 5764 2743 5819 sed
2765 5780 2830 5820 ex
2855 5764 2993 5822 Hist.
3025 5768 3182 5826 misc.
3210 5773 3420 5841 recipit.
