3888 6306
135 337 215 438 ne.

1033 361 1402 420 CiliiONiCA.
1446 394 1514 401 ——
1552 359 1944 418 CilRONlCON
1989 357 2458 418 UNlVliilSALE.

3247 327 3356 418 τη

131 509 226 551 nem
245 488 366 562 apud
393 482 581 542 mililcs
604 479 983 537 Valentiniano
1007 478 1283 534 resistenti
1309 477 1379 508 '“°
1411 477 1654 532 oblatum
1685 479 1725 534 Δ
1755 475 1952 531 dueere
1985 488 2224 533 tractans
2255 492 2503 539 livorem,
2547 486 2651 528 non
2679 485 2860 527 tamen
2891 469 3087 548 severa
3116 474 3354 544 abjerta,

129 591 194 640 est
226 579 504 650 imperium.
547 571 646 640 Qui
678 589 801 627 cum
826 572 930 626 sub
961 570 1176 625 Juliano
1205 577 1452 638 apostata
1476 575 1661 623 scuta-

125 675 293 730 riorum
334 668 571 723 tribunus
623 673 765 718 esset
814 669 868 716 et
924 663 1187 732 integrant
1223 661 1381 715 fidem
1412 660 1656 726 haberet,

125 775 164 820 ct
203 761 419 819 lulianus
456 755 684 827 quadam
714 755 801 810 die
833 754 1094 825 ternpiuxn
1128 752 1382 806 Fortunae
1407 750 1659 821 ingrede-

121 867 258 920 retur,
303 849 520 906 ministri
566 847 771 917 templi,
822 862 889 902 ex
921 853 1150 915 utraque
1189 854 1340 914 parte
1363 841 1657 914 januarum

119 955 308 1010 stantes,
336 939 638 1012 aspersione
661 953 838 1008 aquae,
866 937 1008 994 sicut
1035 936 1137 1007 ipsi
1161 937 1431 1002 dicebant,
1475 936 1656 1006 ingre-

117 1041 290 1096 dicntes
332 1033 644 1106 purgabant.
700 1031 856 1087 Tunc
903 1029 1318 1085 Valentinianus
1365 1028 1659 1099 procedens

115 1130 473 1201 imperatorem,
525 1135 586 1180 ut
635 1123 974 1196 aspcrsionis
1023 1131 1230 1195 guttam
1285 1137 1384 1177 sua
1413 1121 1550 1175 vidit
1604 1119 1656 1174 in

114 1223 323 1286 clamide,
360 1221 688 1291 indignatus,
735 1234 918 1289 pugno
949 1217 1223 1288 percussit
1276 1215 1463 1284 templi
1502 1213 1660 1268 mini-

111 1327 276 1380 strum,
313 1313 489 1368 dicens
543 1327 604 1366 se
649 1310 912 1364 maculari
963 1309 1148 1381 potius
1199 1326 1365 1380 quam
1414 1308 1653 1378 purgari.

111 1406 237 1475 Quod
289 1400 575 1474 respiciens
622 1402 957 1472 imperator,
1007 1386 1174 1471 jussit
1223 1417 1348 1454 eum
1407 1398 1550 1453 trudi
1603 1399 1657 1452 in

109 1489 392 1562 custodiam,
408 1495 623 1550 dicens:
653 1495 756 1546 Aut
781 1494 1064 1563 sacriﬁcet,
1084 1503 1174 1547 aut
1200 1493 1392 1546 militia
1414 1493 1654 1547 excedat.

107 1590 192 1658 Qui
231 1603 344 1642 mox
371 1595 558 1658 sponte
601 1587 873 1642 discessit.
907 1585 1014 1642 Nec
1042 1602 1215 1652 mora,
1252 1585 1468 1640 Juliano
1491 1585 1659 1640 inter—

107 1681 242 1745 iecto,
268 1677 592 1750 Jovianoque
621 1687 858 1744 mortuo,
897 1677 950 1732 in
992 1679 1115 1733 loco
1156 1679 1524 1750 persecuto:is
1571 1675 1658 1732 sui

106 1772 309 1842 suscepit
335 1770 641 1842 imperium.
693 1771 938 1841 Cumque
964 1771 1497 1842 Constantinopolim
1530 1787 1654 1842 pcr-

104 1864 324 1929 vcnisset,
349 1873 468 1934 post
503 1863 571 1917 50
598 1864 715 1919 dies
741 1863 950 1934 imperii
998 1864 1080 1918 sui
1117 1863 1337 1918 fratrem
1373 1863 1654 1919 Valentem

105 1959 148 2013 in
170 1958 588 2014 communionem
625 1958 779 2028 regni
813 1959 1134 2029 assumpsit,
1175 1959 1412 2030 largiens
1447 1953 1496 2015 ei
1529 1976 1656 2030 par-

103 2060 169 2106 tes
192 2049 482 2114 orientales,
514 2048 619 2104 sibi
662 2059 941 2106 retentans
967 2050 1351 2107 occidentales.
1407 2049 1655 2122 Cumque

97 2143 189 2214 jam
226 2159 418 2197 annum
446 2143 675 2196 tcreium
707 2157 831 2196 cum
879 2141 1044 2196 fratre
1073 2151 1276 2213 ageret,
1309 2141 1650 2206 Gratianum,

100 2235 243 2288 tilium
267 2247 419 2286 suum
453 2232 682 2286 necdum
717 2232 870 2302 picum
893 2232 1175 2300 puberem,
1210 2232 1429 2288 hortatu
1461 2249 1653 2288 socrus

99 2333 141 2378 et
161 2323 323 2378 uxoris
357 2338 469 2377 sua:
499 2320 720 2377 Seremc
745 2323 814 2354 "”
849 2332 1143 2396 augustum
1184 2324 1405 2379 creavit.
1457 2322 1656 2379 Habuit

100 2429 248 2472 autem
287 2425 336 2473 et
383 2418 552 2472 alium
585 2417 755 2472 lilium
794 2417 1080 2488 parvulum
1116 2415 1559 2473 Valentinianum
1589 2419 1654 2473 de

97 2509 183 2562 alia
211 2526 366 2564 uxore
403 2508 644 2576 Justina,
696 2527 882 2580 quam,
937 2511 1149 2565 vivente
1203 2509 1401 2565 Severo
1446 2512 1511 2542 ’τί
1557 2527 1655 2566 nec

97 2605 246 2655 tamen
276 2602 504 2671 abjecta,
535 2603 638 2657 hoc
667 2603 828 2656 modo
863 2603 1086 2657 duxisse
1122 2602 1401 2672 probatur.
1439 2599 1652 2669 Justus,

96 2691 290 2748 institue
319 2703 492 2764 pater,
547 2711 673 2749 cum
717 2703 862 2749 esset
907 2693 1091 2750 Piceni
1115 2695 1282 2766 judex
1318 2695 1655 2770 temporibus

92 2782 389 2848 Constantii,
421 2786 559 2840 vidit
590 2787 645 2840 in
693 2787 902 2841 somnis
945 2787 1090 2857 quod
1120 2803 1186 2841 ex
1223 2787 1413 2842 dextro
1451 2786 1656 2841 femore

95 2875 394 2944 imperialem
420 2894 720 2949 purpuram
750 2879 1049 2950 genuisset.
1099 2878 1232 2945 Qua:
1261 2879 1400 2932 visio
1426 2894 1552 2932 cum
1587 2878 1654 2932 ad

91 2969 365 3024 Constantii
401 2987 566 3025 aures
597 2971 957 3042 pervenisset,
986 2982 1236 3026 metuens
1263 2988 1329 3027 ne
1361 2972 1658 3042 imperator

93 3075 146 3113 ex
167 3076 224 3114 eo
244 3073 576 3130 nasceretur,
603 3065 824 3120 mittens
849 3066 1047 3121 occidit
1075 3063 1312 3120 Justum.
1344 3065 1520 3136 Cujus
1548 3065 1653 3120 ﬁlia

90 3147 270 3207 Iustina
300 3155 453 3226 virgo
480 3171 826 3225 permanens,
857 3173 981 3212 cum
1007 3156 1313 3226 perveniret
1341 3157 1407 3212 ad
1444 3156 1657 3214 chcra:

93 3243 337 3310 nctieiam,
379 3246 670 3300 ainabatur
699 3247 767 3300 ab
792 3262 877 3312 ea,
916 3246 990 3301 ita
1019 3255 1074 3300 ut
1097 3246 1262 3300 etiam
1287 3245 1500 3302 balneis
1527 3263 1654 3302 cum

87 3349 139 3385 ea
167 3341 294 3388 utere
307 3343 414 3400 tur,
446 3335 678 3406 ejusqzte
703 3336 1106 3406 pulchritudine
1133 3336 1367 3407 obligata
1394 3345 1446 3390 ct
1472 3352 1658 3392 amore

89 3431 240 3492 capta,
263 3425 468 3480 diceret
512 3426 848 3495 imperatori,
877 3427 1021 3498 quod
1054 3425 1268 3481 Iustina
1296 3427 1375 3482 sic
1405 3428 1657 3498 speciosa

85 3524 226 3580 esset,
273 3525 330 3570 ut
370 3517 540 3571 etiam
573 3517 746 3586 ipsam
798 3518 1014 3572 deceret
1041 3533 1270 3572 uxorem
1311 3517 1658 3588 imperatoris

84 3622 202 3663 esse.
225 3609 338 3677 Quo
359 3627 617 3666 somnone
641 3622 925 3682 concepto,
957 3609 1364 3668 Valcl‘ilinianus
1384 3612 1656 3668 Justitiam

1763 566 1932 637 legem
1957 571 2238 638 prciposuit
2268 569 2482 639 publice
2517 583 2611 636 per
2645 566 2915 630 civitates,
2953 576 3013 619 ut
3039 581 3230 621 omnes
3262 569 3357 637 qui

1760 657 2057 712 voluissent
2125 658 2344 728 impune
2399 659 2525 712 bina
2580 657 2928 712 matrimonia
2973 657 3355 727 susciperent;

1762 763 1886 802 nam
1926 747 2047 803 ideo
2075 753 2370 819 populosas
2415 749 2530 804 fore
2575 760 2760 820 gentes
2791 749 3025 815 dicebat,
3071 750 3200 819 quia
3251 751 3356 822 hoc

1759 839 1899 909 apud
1947 855 2042 895 cas
2085 841 2384 910 sollempne
2427 851 2590 896 esset.
2625 840 2740 908 Qua
2770 842 2882 914 lege
2910 843 3208 912 proposita,
3239 860 3357 912 ipse

1758 929 2027 986 Justitiam
2079 932 2274 998 duxit;
2311 949 2374 988 cx
2412 949 2516 1002 qua
2544 943 2702 990 natus
2723 943 2806 988 est
2847 934 2895 989 ei
2943 931 3356 990 Valentinianus

1758 1033 1810 1079 et
1839 1034 1950 1078 tres
1995 1024 2138 1091 lilia',
2184 1023 2360 1090 Justa,
2387 1026 2572 1092 Grata,
2602 1037 2654 1081 ct
2675 1025 2845 1081 Galla.
2880 1029 3121 1093 Quarum
3152 1029 3273 1083 dum
3300 1028 3353 1082 in

1759 1116 2070 1188 virginitate
2097 1128 2538 1186 permanserunt,
2583 1118 2790 1174 Gallam
2838 1135 2966 1173 vero
3008 1110 3354 1177 Theodosius

1761 1210 1936 1280 major
1968 1210 2123 1265 duxit
2176 1226 2422 1276 uxorem,
2455 1228 2519 1266 ex
2569 1228 2676 1282 qua
2727 1211 2985 1279 Placidia,
3043 1213 3148 1268 tilia
3207 1215 3350 1285 ejus,

1760 1304 2006 1358 noscitur
2027 1319 2148 1359 esse
2175 1304 2456 1375 progenita
2486 1303 2660 1375 (Jonu.
2691 1305 2768 1372 ,Dc
2795 1323 2836 1359 r.
2879 1326 2923 1361 ε.
2957 1307 3028 1361 ll.
3065 1310 3180 1379 πμ).
3212 1307 3350 1366 Nam
3417 1292 3420 1295 1

1759 1395 2092 1451 .-\rehadium
2125 1406 2178 1452 et
2213 1395 2514 1452 Honorium
2549 1413 2615 1452 cx
2650 1396 2869 1453 Placilla
2907 1401 3075 1470 priori
3121 1393 3353 1476 conjuge

1759 1490 1968 1548 habuit.
2015 1491 2288 1546 Anxcntio
2320 1491 2504 1562 itaque
2533 1491 2770 1546 Arriano
2804 1491 3194 1552 MCtiiOiilliCilSi
3234 1499 3351 1569 cpi-

1759 1600 1926 1654 scopo
1951 1583 2228 1651 defuncto,
2277 1584 2599 1641 Ambrosius
2621 1585 2958 1656 presidatum
2988 1588 3139 1643 urbis
3163 1605 3350 1659 agens,

1761 1679 1992 1732 necdum
2025 1679 2353 1748 baptizatus,
2378 1678 2658 1733 cornmuni
2705 1679 2908 1734 civium
2939 1695 3210 1734 consensu
3235 1682 3354 1750 cpi-

1761 1783 1960 1838 scopus
1983 1768 2221 1839 eligitur,
2247 1767 2581 1840 jubentequc
2611 1769 2996 1824 Valentiniano
3020 1771 3352 1841 baptizatur,

1755 1869 1811 1914 et
1840 1869 2100 1930 tanquam
2130 1861 2328 1930 dignus
2359 1861 2414 1915 in
2446 1861 2822 1932 episcopatum
2845 1863 3156 1919 ordinatur.
3189 1864 3357 1928 Multa

1758 1953 1942 2022 itaque
1985 1953 2169 2022 praclia
2221 1951 2636 2008 Valentiniasz
2680 1971 2804 2009 cum
2842 1955 3076 2012 diversis
3103 1960 3358 2030 gentibus

1757 2043 2056 2110 Commisit,
2103 2044 2243 2100 inter
2269 2062 2408 2116 quas
2433 2056 2487 2101 et
2518 2046 2674 2101 Alani
2717 2049 3118 2106 rebellavcrunt
3155 2051 3359 2110 Roma-

1757 2137 1843 2190 nis
1868 2135 1954 2209 (ϐ.
1987 2136 2185 2192 Franc.
2214 2153 2262 2193 ε.
2287 2139 2366 2210 Si).
2393 2138 2597 2194 Contra
2623 2139 2762 2212 quos
2788 2157 2915 2197 cum
2941 2140 3359 2202 Valentinianus

1759 2228 2067 2284 Romanum
2090 2231 2379 2286 direxisset
2403 2232 2723 2299 exercitum,
2747 2233 2968 2304 plurimi
2994 2252 3058 2291 ex
3080 2238 3161 2292 eis
3186 2239 3358 2294 occisi

1757 2331 1907 2387 sunt,
1956 2323 2150 2393 reliqui
2207 2340 2335 2377 vero
2389 2323 2652 2380 Meotidas
2705 2327 2931 2396 paludes
2992 2329 3358 2388 intraverunt.

1757 2411 1912 2468 Tunc
1943 2413 2350 2469 Valentinianus
2379 2416 2512 2470 dixit
2537 2418 2867 2474 exercitibus
2907 2421 3044 2486 suis,
3087 2423 3255 2492 quod,
3312 2425 3360 2479 si

1757 2505 1942 2576 quies
2000 2506 2080 2560 eis
2131 2505 2391 2561 MeotiJas
2449 2507 2676 2576 paludes
2734 2508 3001 2564 intrarent
3051 2521 3106 2567 ct
3153 2511 3362 2572 Alanos

1759 2599 1884 2653 inde
1921 2599 2325 2669 propulsarent,
2375 2614 2472 2668 per
2504 2600 2689 2654 decem
2709 2616 2888 2657 annos
2913 2603 3122 2673 absque
3153 2605 3359 2661 tributo

1754 2709 1850 2748 eos
1877 2695 2230 2764 permitteret.
2259 2691 2411 2749 Tunc
2434 2695 2655 2765 quidam
2680 2697 2747 2751 de
2777 2694 3078 2753 Sieambria
3123 2699 3359 2772 ingrcssi

1757 2796 2136 2857 pugnaverunt
2175 2796 2364 2842 contra
2414 2785 2642 2852 Alanos,
2693 2788 2944 2859 factaque
2967 2791 3216 2858 victoria,
3245 2792 3359 2862 ejc-_

1757 2888 1949 2933 cerunt
1981 2895 2097 2933 eos.
2130 2877 2249 2944 Quo
2285 2876 2450 2944 facto,
2495 2877 2911 2936 Valentinianus
2942 2883 3234 2952 appellavit
3263 2900 3360 2946 eos

1757 2970 1934 3025 Attica
1963 2971 2146 3040 lingua
2182 2969 2447 3038 Francos,
2497 2970 2602 3026 hoc
2626 2980 2738 3038 cst,
2770 2972 2979 3031 feroces
3007 2984 3062 3030 et
3089 2976 3258 3033 duros
3293 2993 3361 3034 ac

1759 3063 1944 3119 fortes.
2015 3061 2186 3130 Cujus
2244 3064 2314 3094 7”
2372 3064 2550 3135 gentis
2600 3064 2727 3134 quia
2784 3082 2844 3120 se
2902 3067 3099 3124 obtulit
3155 3071 3360 3126 mentio

1761 3168 2060 3224 rogumque
2083 3153 2202 3224 ejus
2235 3152 2288 3207 in
2316 3153 2470 3207 libris
2501 3163 2815 3208 sanctorum
2856 3172 2982 3226 sepe
3008 3157 3070 3212 ﬁt
3109 3174 3353 3213 comme-

1710 3237 1726 3252 ⁸
1764 3243 2020 3309 moratio,
2045 3242 2169 3297 licet
2193 3241 2371 3299 facere
2395 3242 2581 3297 videar
2602 3243 3022 3314 digressionem,
3048 3263 3145 3317 pro
3175 3263 3360 3302 rerum

1764 3345 1944 3391 tamen
1992 3336 2232 3400 noticia,
2283 3336 2507 3406 repetita
2551 3335 2794 3408 ejusdem
2851 3339 3066 3409 generis
3113 3339 3360 3412 origine,

1763 3443 1928 3500 quam
1976 3428 2196 3482 brevius
2246 3435 2456 3498 potero,
2495 3444 2686 3500 regum
2733 3429 2853 3500 ejus
2887 3429 3194 3488 describam
3233 3449 3361 3492 suc-

1761 3536 2084 3584 CCSSIUllCDI,

1192 3751 1298 3812 DE
1336 3749 1676 3812 OiiltilNE
1719 3746 2236 3810 FRANCORUM.

141 3865 220 3936 (G.
246 3864 446 3922 Frcnc.
481 3869 604 3923 cod.
632 3865 850 3940 Bamb.)
874 3867 1208 3926 Francorum
1235 3871 1410 3941 gentis
1434 3870 1654 3926 exordia

79 3957 137 4011 de
160 3960 372 4030 antiqua
411 3961 778 4032 Trojanorum
822 3963 1071 4033 prodiere
1119 3964 1392 4032 prosapia.
1427 3961 1560 4016 Nam
1592 3979 1658 4016 eo

81 4059 298 4122 tempore
349 4069 467 4124 quo
509 4063 632 4124 post
683 4055 957 4110 excidium
995 4054 1173 4126 Trojae
1211 4054 1415 4109 Aineas
1445 4053 1652 4109 italiam

79 4146 224 4210 venit,
255 4147 488 4217 quidam
520 4162 586 4202 ex
611 4147 820 4202 eisdem
866 4143 1120 4219 Trojanis
1151 4149 1316 4204 simili
1341 4149 1504 4205 modo
1527 4165 1654 4220 pro—

79 4234 174 4309 fugi
219 4239 362 4294 circa
419 4238 686 4296 Mcotidas
735 4241 958 4310 paludes
1001 4242 1418 4311 applicuerunt,
1473 4243 1657 4314 ibique

76 4331 424 4397 considentes,
483 4332 746 4387 terminos
800 4347 931 4387 suos
986 4348 1160 4404 usque
1208 4334 1261 4388 in
1318 4333 1657 4390 Pannoniam

76 4418 444 4476 dilataret-unt.
468 4420 909 4476 Construxcrunt
934 4435 1116 4477 autem
1145 4424 1416 4478 civitatem
1445 4425 1657 4480 Sicam-

75 4511 250 4579 briam,
305 4515 499 4586 ibique
542 4531 639 4585 per
680 4515 879 4570 multos
921 4515 1228 4572 habitantes
1258 4533 1454 4584 annos,
1483 4519 1534 4572 in
1564 4535 1660 4588 po-

1764 3869 2062 3940 imperator
2117 3885 2308 3925 eorum
2359 3868 2682 3937 factionem,
2733 3871 2896 3929 nimis
2952 3871 3144 3941 iratus,
3191 3875 3364 3946 jussit

1761 3977 1984 4015 ornnem
2054 3960 2362 4015 Romanum
2435 3965 2736 4018 exercitum
2794 3981 2919 4022 cum
2981 3969 3229 4035 pluribus
3287 3972 3360 4004 ⁷³⁸

1761 4052 1961 4108 exteris
2003 4053 2256 4122 gentibus
2297 4070 2538 4127 pub-nare
2582 4066 2771 4111 contra
2809 4072 2924 4112 eos.
2977 4057 3164 4129 Pugna
3204 4077 3355 4119 con»

1761 4146 1950 4210 missa,
1989 4161 2112 4200 cum
2140 4162 2205 4199 ex
2231 4155 2457 4218 utraque
2477 4157 2630 4217 parte
2653 4149 2806 4203 multi
2837 4149 3113 4218 caderent,
3138 4154 3281 4207 tanda
3301 4149 3362 4210 m-

1760 4237 1958 4294 Franci
1990 4239 2392 4294 multitudinem
2419 4249 2626 4295 tantam
2651 4242 2922 4296 sustinere
2952 4259 3060 4296 non
3093 4246 3360 4314 valentes,

1761 4331 2058 4402 fugierunt,
2101 4331 2286 4401 ibique
2321 4341 2570 4386 mortuus
2606 4341 2691 4387 est
2723 4331 2976 4389 Priamus
3005 4350 3099 4389 rex
3141 4351 3355 4391 eorum.

1762 4423 1979 4494 Egressi
2002 4435 2183 4478 autem
2227 4423 2294 4478 dc
2352 4423 2681 4492 Sieambria,
2725 4434 2993 4480 venerunt
3045 4427 3098 4480 in
3155 4436 3366 4484 terram-

1763 4517 2087 4584 Germaniaa,
2109 4517 2175 4572 ad
2194 4529 2405 4588 gentem
2421 4518 2628 4574 scilicet
2643 4518 2904 4574 Romanis
2921 4519 3361 4590 infestissimmn,

75 4605 244 4672 palum
304 4607 547 4661 multum
595 4616 918 4674 creverunt,
985 4615 1040 4664 et
1093 4607 1363 4664 Sicambri
1420 4605 1658 4681 primum
1694 4605 1734 4658 Ι)
1764 4609 2251 4680 habitaveruntquc
2303 4610 2586 4680 aliquanto
2636 4619 2878 4682 tempore
2942 4611 2997 4666 in
3057 4605 3359 4685 Thuringia

73 4696 190 4751 dicti
221 4709 372 4754 sunt.
410 4697 480 4753 Hi
506 4716 607 4770 pro
627 4715 692 4753 eo
711 4701 858 4770 quod
887 4699 1110 4768 Alanos,
1135 4710 1195 4757 ut
1217 4702 1424 4758 dictum
1451 4712 1554 4770 est,
1593 4705 1661 4760 de

75 4784 286 4846 lieotizia
325 4793 534 4862 palude
570 4794 918 4863 expulerunt,
975 4793 1172 4849 Franci
1211 4795 1662 4852 a.Valcntiniano

71 4881 231 4934 vocati
283 4889 444 4949 sunt,
493 4890 547 4936 et
597 4896 697 4951 pro
758 4883 861 4937 hac
917 4882 1144 4938 victoria
1197 4900 1293 4954 per
1337 4887 1660 4942 decennium

73 4971 389 5028 remissione
439 4972 774 5027 tributorum
814 4973 1000 5028 donati
1043 4985 1188 5030 sunt.
1233 4975 1507 5033 Deeennio
1531 4995 1662 5034 vero

69 5071 307 5128 peracto,
356 5063 518 5118 misit
569 5061 980 5119 Valentinianus
1022 5065 1094 5098 ⁷³⁸
1125 5065 1192 5120 ad
1243 5081 1340 5122 eos
1387 5047 1657 5139 quendam

68 5153 246 5210 dulcem
274 5173 380 5226 pro
404 5156 692 5226 exigendis
712 5157 966 5224 tributis;
994 5158 1087 5213 sed
1119 5158 1217 5224 illi,
1250 5169 1310 5214 ut
1337 5171 1492 5215 erant
1514 5161 1659 5217 Γεγο-

66 5265 170 5314 res,
201 5250 434 5304 tributis
463 5249 694 5303 ulterius
717 5249 998 5320 suhjacere
1032 5251 1306 5322 dedignati
1337 5263 1484 5320 sunt,
1523 5255 1660 5308 mis-

67 5353 256 5410 svsque
309 5344 383 5396 a-J
439 5357 498 5396 se
549 5340 958 5397 interfecertmt.
1007 5341 1252 5398 Fuerunt
1306 5356 1488 5400 autem
1530 5356 1660 5401 tuine

61 5433 330 5504 principes
376 5435 522 5488 inter
547 5449 644 5488 eos
671 5434 1023 5504 antiquorum
1045 5437 1436 5494 vocabulorum
1481 5438 1662 5509 prefe-

61 5533 238 5581 rentcs
267 5524 541 5595 insignia,
569 5522 820 5592 Priamus
843 5534 899 5580 ct
921 5527 1179 5598 Antenor.
1214 5526 1457 5584 Audiens
1482 5530 1663 5599 itaque

1763 4715 1892 4756 cum
1938 4699 2310 4767 Marcomede,
2365 4702 2477 4756 tilio
2535 4699 2761 4767 Priami,
2812 4711 2865 4757 et
2914 4702 3195 4770 Sunnone,
3245 4703 3360 4760 ﬁlio

1763 4791 2078 4866 Antenoris.
2109 4789 2313 4848 Omnes
2351 4803 2534 4848 autem
2573 4795 2758 4864 populi
2783 4810 2851 4850 ex
2883 4794 2970 4848 illa
2999 4803 3153 4865 parte
3185 4795 3360 4851 Rheni

1766 4884 2074 4940 habitantes
2112 4883 2369 4941 Germani
2401 4886 2529 4941 dicti
2562 4896 2712 4954 sunt,
2752 4887 2881 4956 quia
2911 4902 3140 4958 corpora
3161 4905 3358 4960 magna

1765 4976 2040 5032 habebant
2082 4983 2139 5032 et
2188 4976 2470 5032 fortissimi
2522 4993 2740 5047 semper
2783 4987 2840 5034 et
2879 4979 3128 5038 indomiti
3179 4990 3358 5036 erant.

1767 5067 1913 5121 inter
1961 5068 2080 5122 haec
2128 5067 2388 5123 defuncto
2440 5068 2738 5136 Sunnonc,
2769 5069 2990 5136 .Franci
3048 5072 3364 5129 habuerunt

1768 5158 2060 5212 consilium
2102 5159 2242 5214 inter
2269 5175 2348 5227 se,
2396 5171 2453 5215 ut
2488 5177 2656 5216 unum
2691 5178 2869 5234 regem
2901 5164 3182 5233 haberent,
3219 5168 3380 5224 sicut

1766 5259 1821 5305 et
1853 5261 2039 5322 gentes
2064 5261 2276 5319 ceterm,
2309 5263 2642 5324 acceptoque
2671 5257 2904 5313 consilio
2935 5274 2964 5313 a
2992 5257 3358 5326 Mareomede,

1769 5343 2200 5412 Faramundum,
2250 5345 2423 5416 ipsius
2461 5346 2652 5413 lilium,
2697 5364 2876 5420 regem
2915 5352 3274 5420 constituere,
3306 5365 3361 5408 et

1767 5450 1833 5489 ex
1861 5451 1928 5491 eo
1955 5447 2198 5506 tempore
2232 5437 2378 5507 leges
2429 5438 2630 5493 habere
2671 5452 2976 5511 cmpernnt,
3028 5461 3169 5516 quas
3225 5461 3359 5515 gem

1758 5529 1884 5582 tiles
1922 5543 2114 5582 eorum
2162 5529 2460 5585 consiliarii
2510 5530 2950 5602 \‘t'iSOgastaldus
3000 5547 3057 5592 et
3107 5537 3355 5610 Salcgast

1332 5643 1562 5700 VARUS
1623 5643 2022 5701 LECTIONES.

123 5763 188 5793 rio
226 5764 383 5816 deest
443 5751 544 5809 ΕΙ.
655 5751 725 5785 ⁷¹¹
765 5753 843 5808 ita
888 5757 1040 5810 codd.

53 5831 116 5862 ⁷⁸³
152 5829 579 5888 rale:ui.‘.~ianus
604 5826 656 5880 5.
731 5825 802 5856 7“
837 5827 1086 5895 pho-imis
1119 5831 1314 5914 ceteris
1337 5825 1388 5904 ε’.
1421 5835 1472 5888 5.

423 5921 709 5986 Parnm“
749 5916 875 5978 CLI
889 5919 959 5987 V.

1154 5757 1224 5790 ⁷⁸⁸
1271 5759 1516 5836 Δδί’ῳιξηε
1571 5763 1797 5815 historia
1843 5758 2173 5812 Francorum
2215 5760 2360 5814 deest
2400 5761 2482 5828 PL,
2515 5774 2560 5816 et
2603 5765 2656 5817 in
2708 5766 2763 5818 2.
2803 5779 3007 5836 quoque
3062 5763 3354 5822 omittitur.

2917 5928 2998 5990 .‘23
