3876 6306
529 352 639 410 “Ilii

1739 330 2143 401 EKKEHARDI
2176 339 2643 398 URAUGIENSIS

3699 345 3784 403 7l5

528 470 778 523 fecerant
811 508 825 532 ,
888 480 1054 536 aquo
1119 463 1364 535 Salegast
1420 461 1585 516 etiam
1643 460 1726 514 lex
1790 459 1970 514 Salica
2037 460 2122 514 in-
2149 455 2583 523 AGotbehildaa,
2617 455 3027 528 Gothegiselum
3049 465 3105 513 et
3145 456 3566 515 Gotbemarurn.
3613 460 3794 519 norim

526 571 690 615 veuta
749 559 952 614 dicitur
1006 566 1061 612 et
1100 557 1400 610 nominata.
1467 552 1635 610 Erant
1678 561 1862 607 autem
1926 551 2123 607 Franci

527 651 748 725 pagani.

601 744 849 814 Denique
888 750 1110 797 mortuo
1134 740 1509 807 Faramundo,
1537 738 1783 802 Clodius.
1812 738 1957 794 ﬁlius
1978 737 2119 809 ejus,

527 834 774 889 Grinitus
818 833 1104 899 successit,
1150 848 1179 887 a
1229 848 1339 902 quo
1372 831 1704 886 Francorum
1738 846 1891 901 rcges
1924 827 2122 885 Criniti

527 927 780 998 appellati
806 934 951 982 sunt.
986 924 1137 979 Ultra
1162 923 1414 978 Rhenum
1438 939 1569 978 vero
1601 939 1773 993 usque
1794 923 1862 978 ad
1887 922 2122 993 Ligerim

526 1022 754 1075 ﬂuvium
806 1019 1123 1074 habitabant
1174 1017 1429 1082 Romani,
1476 1016 1616 1072 ultra
1664 1015 1900 1087 Ligerim
1940 1023 2123 1069 autem

527 1113 953 1169 dominabantur
973 1112 1157 1178 Gothi,
1200 1110 1613 1182 Burgundiones
1634 1126 1763 1165 vero
1808 1110 2125 1166 habitabant

522 1205 681 1274 juxta
747 1203 1115 1270 Rhodanum,
1170 1202 1264 1257 ubi
1322 1212 1512 1272 postea
1578 1201 1720 1256 facta
1784 1209 1867 1257 est
1929 1200 2123 1257 civitas

527 1297 875 1351 Leudunum.
933 1296 1129 1351 Franci
1172 1295 1355 1366 itaque
1409 1295 1475 1349 de
1527 1293 1828 1365 Thuringia
1870 1292 2123 1348 Rhenum

524 1389 882 1462 transgressi,
914 1389 1215 1455 Romanos,
1259 1388 1354 1458 qui
1400 1396 1527 1441 tunc
1574 1387 1835 1456 temporis
1876 1402 1970 1456 per
1992 1402 2124 1442 suos

522 1482 883 1553 magistratus
914 1480 1100 1536 Galliae
1136 1480 1499 1551 imperabant,
1524 1480 1663 1534 bello
1690 1479 1869 1534 adorsi
1893 1487 2041 1545 sunt,
2070 1487 2125 1534 et

525 1594 706 1649 usque
766 1577 819 1632 in
872 1573 1264 1631 Carbonariam
1319 1574 1514 1629 silvam
1574 1572 1801 1644 fugant,
1865 1572 2143 1639 fundunt,‘

528 1671 809 1733 occidunt,
870 1668 1058 1737 sicque
1104 1666 1310 1720 illatam
1358 1665 1461 1719 sibi
1488 1681 1518 1719 a
1554 1663 1817 1720 Romanis
1863 1664 2122 1735 injuriam

527 1764 731 1817 acriter
796 1759 1095 1814 vindicant.
1153 1757 1387 1829 lngressi
1448 1765 1631 1812 autem
1697 1756 2006 1812 Tornacum
2070 1766 2124 1812 et

525 1855 889 1909 Camaracum
921 1852 1170 1907 civitates
1200 1851 1404 1916 Gallire,
1439 1850 1615 1921 primo
1657 1849 1912 1904 universa
1956 1850 2125 1904 mari-

525 1948 683 2013 tima,
709 1962 830 2017 quso
874 1946 1014 2000 inter
1044 1944 1301 2000 Scaldum
1333 1953 1386 1998 et
1424 1941 1668 1996 Sunuam
1701 1942 1894 1997 fluvios
1918 1941 2123 2012 jacent,

524 2037 792 2092 violenter
828 2036 1095 2102 obtinent,
1134 2035 1324 2105 sicque
1351 2033 1611 2104 paulatim
1636 2030 2045 2103 progredientes
2072 2036 2128 2086 et

526 2131 942 2202 regredientes,
991 2128 1234 2195 Remos,
1292 2127 1626 2183 Sucssonam
1657 2168 1672 2192 ,
1732 2125 2011 2181 Aureliam
2073 2133 2129 2183 et

527 2222 885 2294 Agrippinam
913 2238 978 2277 ac
998 2219 1302 2287 Treverim,
1340 2228 1619 2289 postremo
1647 2233 1867 2272 omnem
1894 2216 2126 2275 Galliam

529 2316 647 2369 sive
679 2313 1028 2369 Germaniam
1056 2313 1125 2368 ab
1152 2311 1443 2383 Aquitania
1471 2326 1642 2382 usque
1671 2309 1976 2365 Bawariam
2023 2309 2128 2365 sibi

531 2407 847 2478 snbjngant.
875 2405 943 2461 Et
964 2406 1018 2460 hi
1046 2405 1268 2477 quidem
1293 2404 1388 2475 qui
1413 2402 1729 2459 Teutonicis
1748 2403 1819 2436 '“'
1848 2403 2129 2459 commixti

527 2510 678 2567 sunt,
706 2497 927 2570 proprio
948 2497 1214 2553 vocabulo
1240 2495 1434 2552 Franci
1458 2514 1472 2563 ;
1506 2495 1599 2566 qui
1622 2505 1802 2550 autem
1833 2511 1931 2567 per
1954 2510 2130 2551 conu-

527 2593 617 2647 bia
644 2609 677 2647 a
707 2592 877 2647 Gallis
912 2601 1041 2646 sunt
1068 2590 1359 2662 progeniti,
1399 2588 1750 2660 Francigenre
1800 2590 2133 2661 suntappel-

525 2685 643 2757 lati.
694 2685 922 2740 Clodius
970 2678 1160 2755 itaque
1211 2684 1285 2715 ⁷¹⁸
1334 2699 1461 2739 cum
1518 2692 1770 2756 regnaret
1818 2684 1980 2741 annis
2038 2683 2129 2752 20,

418 2820 435 2832 .
525 2786 779 2833 mortuus
822 2785 944 2843 est;
987 2776 1076 2830 cui
1102 2775 1367 2832 successit
1393 2774 1700 2842 Meroveus,
1742 2789 1774 2829 a
1822 2790 1932 2845 quo
1978 2789 2133 2846 reges

528 2868 868 2925 Francorum
904 2866 1203 2939 Merovingi
1238 2866 1506 2921 nominati
1538 2862 1606 2897 ⁷⁸⁷
1635 2874 1784 2921 sunt.
1818 2864 1941 2933 Quo
1978 2882 2132 2921 mor-

528 2972 647 3025 tuo,
693 2961 838 3016 ﬁlius
882 2948 1008 3031 ejus
1051 2951 1358 3014 llildericus
1406 2958 1648 3028 suscepit
1680 2973 1929 3029 regnum.
1959 2957 2133 3024 Quem

527 3054 811 3108 luxuriose
845 3053 1114 3107 viventem
1156 3058 1211 3105 et
1249 3066 1375 3106 cum
1407 3050 1621 3105 filiabus
1648 3049 1831 3120 popuii
1855 3048 2135 3103 fornican-

2225 559 2410 606 autem
2464 549 2838 605 Gundebaudo
2884 550 3131 612 seniore.
3186 551 3603 610 Gundebaudus
3639 556 3794 626 iunior

2225 642 2427 698 occidit
2450 641 2675 698 fratrem
2703 659 2867 699 suum
2898 641 3256 714 Hilpericum,
3304 655 3360 701 et
3398 663 3633 703 uxorem
3656 649 3795 716 illius,

2225 735 2393 807 ligato
2424 736 2492 791 ad
2530 737 2733 791 collum
2794 737 2917 808 ejus
2960 751 3122 803 saxo,
3168 738 3224 815 in
3259 754 3464 809 aquam
3496 742 3668 813 mergi
3692 759 3791 813 pro

2227 829 2389 900 cepit,
2419 828 2558 884 alios
2586 843 2717 885 vero
2736 829 2877 885 duos
2897 828 3098 885 fratres
3121 829 3177 884 in
3199 830 3428 887 exilium
3470 833 3646 889 misit.
3676 835 3799 891 Gun-

2226 921 2511 977 debaudus
2558 930 2769 991 autem,
2812 923 2945 978 dum
2981 930 3206 994 neptem
3231 940 3390 980 suam
3441 924 3797 985 Gotbcbildaui

2227 1013 2485 1085 liilperici
2508 1014 2579 1047 ⁷³⁸
2609 1015 2802 1083 ﬁliam,
2827 1031 3014 1071 secum
3032 1016 3280 1084 haberet,
3302 1027 3357 1073 et
3384 1017 3561 1090 legati
3577 1019 3797 1075 Clodovei

2225 1107 2371 1178 regis
2395 1108 2526 1163 illuc.
2553 1106 2693 1163 forte
2719 1109 2913 1164 directi
2935 1124 3059 1164 eam
3089 1110 3334 1166 videntes
3359 1112 3798 1182 pulchritudinem

2226 1199 2347 1270 ejus
2376 1200 2519 1271 apud
2561 1200 2848 1265 dominum
2890 1218 3054 1258 suum
3102 1202 3413 1271 laudarent,
3457 1205 3798 1260 missoAurro

2227 1292 2374 1347 liano
2399 1295 2636 1364 quodam
2665 1294 2936 1350 honorato
2958 1310 3085 1361 suo,
3120 1296 3329 1367 accepit
3355 1313 3485 1352 eam
3523 1296 3800 1353 Clodoveus

2226 1401 2477 1453 uxorem,
2519 1385 2756 1456 puellam
2797 1387 3193 1443 Christianam.
3245 1388 3381 1455 Qum
3408 1405 3547 1446 cum
3593 1391 3642 1445 ei
3674 1389 3802 1444 Chri-

2227 1487 2371 1532 stum
2417 1494 2543 1547 sepe
2584 1479 2890 1548 predicaret
2933 1479 3133 1552 illeque
3159 1482 3381 1537 credere
3407 1482 3697 1545 abnueret.
3734 1483 3802 1536 ω’

2226 1585 2373 1625 anno
2404 1571 2557 1643 regni
2580 1571 2666 1627 sui
2694 1572 3003 1643 suscipiens
3027 1573 3230 1629 bellum
3253 1583 3448 1630 wntra
3471 1575 3802 1637 Alamannos.

2227 1677 2353 1717 cum
2383 1678 2523 1733 pene
2543 1662 2880 1730 vinceretur,
2923 1664 3145 1720 hortatu
3175 1664 3461 1721 Aureliani
3496 1681 3563 1723 se
3602 1667 3803 1723 aeditu—

2226 1767 2350 1806 rum
2374 1752 2688 1823 spopondit,
2712 1753 2760 1807 si
2793 1751 2889 1807 Dei
2910 1753 3184 1824 adjutorio
3205 1753 3559 1810 Alamannos
3578 1756 3803 1821 vinceret;

2224 1859 2464 1914 moxque
2504 1853 2559 1900 et
2586 1844 2708 1900 illos
2740 1846 3023 1915 superavit
3055 1856 3111 1901 et
3140 1862 3363 1902 omnem
3392 1857 3609 1903 terram
3651 1864 3801 1902 unum

2225 1937 2294 1968 '“
2324 1937 2427 1993 sibi
2460 1937 2795 2010 subjugavit,
2820 1954 2885 1993 ac
2906 1939 3102 1995 deinde
3123 1957 3221 2011 per
3244 1951 3510 1997 sanctum
3537 1940 3803 2013 Remigium

2226 2025 2525 2083 Remorum
2572 2029 2891 2100 episcopum
2921 2029 3255 2097 instructus,
3304 2047 3436 2086 cum
3482 2033 3638 2086 omni
3681 2041 3805 2103 gente

2226 2134 2328 2176 sua
2351 2128 2437 2175 est
2456 2114 2786 2192 baptizatus.
2838 2119 2971 2177 Post
2999 2122 3117 2178 haec
3160 2122 3296 2177 abiit
3338 2122 3397 2178 in
3430 2121 3805 2179 Pietavicnscn

2226 2211 2524 2280 civitatem,
2570 2213 2665 2268 ubi
2696 2230 2794 2270 rex
2838 2213 3095 2270 Alaricus
3118 2214 3427 2284 habitabat,
3479 2228 3807 2287 pugnausque

2226 2325 2353 2366 cum
2390 2326 2478 2378 eo,
2507 2309 2778 2366 interfecit
2803 2326 2951 2380 eum,
2996 2312 3089 2367 12⁸
3119 2327 3268 2368 anno
3312 2312 3576 2385 ejusdem
3619 2314 3804 2368 Mariti.

2228 2403 2574 2459 Amalarieus
2618 2419 2771 2472 vero,
2824 2404 2973 2460 ﬁlius
3019 2404 3247 2473 Alarici,
3277 2404 3510 2478 fugiens
3549 2407 3604 2461 in
3639 2404 3807 2479 Ἡγεμ-

2229 2495 2403 2563 niam,
2435 2511 2667 2567 regnum
2714 2497 2890 2567 patris
2932 2497 3020 2553 sui
3063 2507 3252 2569 postea
3306 2500 3805 2571 sagaciterrcCepiL

2230 2586 2391 2641 Anno
2415 2588 2609 2659 quinto
2632 2598 2755 2659 post
2774 2590 2919 2645 hanc
2934 2589 3221 2645 victoriam
3256 2601 3525 2648 mortuus
3545 2602 3631 2648 est
3649 2590 3807 2646 Clade

2231 2695 2367 2734 veus
2419 2680 2474 2734 in
2518 2695 2672 2751 pace,
2722 2696 2869 2736 anno
2911 2683 3067 2753 regni
3114 2683 3202 2738 sui
3237 2683 3352 2751 50°,
3378 2699 3409 2738 a
3443 2685 3683 2739 transitu
3710 2698 3811 2737 vero

2233 2773 2409 2828 sancti
2469 2772 2688 2828 Martini
2752 2788 2899 2829 anno
2963 2774 3109 2831 “2°.
3161 2773 3410 2831 Habebat
3463 2787 3652 2833 autem
3700 2777 3808 2831 ﬁlim

2234 2874 2474 2936 quatuor
2502 2866 2645 2921 idem
2678 2881 2771 2922 rex
2801 2867 3130 2935 Clodoveus,
3163 2867 3573 2938 Clodomirem,
3601 2869 3809 2925 Tlmie-

2234 2958 2433 3025 ricnm,
2479 2956 2843 3015 Hildibertum
2864 2969 2919 3016 et
2945 2958 3310 3016 Clotharium.
3355 2960 3425 3017 Ili
3458 2980 3688 3036 regnum
3720 2963 3810 3030 ejus

2236 3050 2380 3105 inter
2424 3065 2485 3107 se
2533 3051 2839 3108 diviserunt
2888 3054 3193 3124 aequaliter,
3245 3063 3300 3110 et
3352 3055 3561 3112 elcvati
3617 3069 3732 3111 sui:
3770 3057 3808 3108 in

529 3157 640 3201 tem
696 3145 1003 3200 interﬁcere
1052 3144 1321 3209 nolentes,
1363 3142 1706 3213 abjeceruntc.
1754 3149 1809 3196 et
1850 3140 2130 3213 Aigidium
2159 3178 2202 3238 c
2237 3158 2435 3214 magna
2488 3144 2751 3214 potentia.
2806 3142 3179 3201 Theodericus
3230 3162 3364 3203 vero
3424 3157 3570 3204 tunc
3618 3147 3812 3203 habri»

528 3237 803 3307 quendam
847 3235 1153 3290 Romanum
1185 3251 1350 3305 super
1377 3250 1436 3289 sc
1485 3242 1825 3304 posuerunt;
1869 3233 1964 3289 sed
2007 3244 2131 3305 post

532 3345 710 3385 annos
755 3339 879 3383 octo
922 3328 1255 3399 pcenitentes
1298 3343 1463 3396 super
1513 3327 1616 3381 hac
1668 3342 1749 3391 re,
1798 3324 2130 3383 llildericum

533 3428 956 3484 revocaVerUnt,
1021 3419 1308 3490 factusque
1353 3428 1437 3474 est
1483 3435 1577 3472 rex
1635 3418 1840 3474 virtute
1900 3435 2133 3492 magnus

533 3530 699 3584 super
726 3530 919 3567 omnes
944 3513 1157 3583 priores
1186 3509 1523 3564 Francorum
1559 3525 1735 3581 reges.
1778 3510 2129 3582 Agrippinam

533 3607 736 3678 quippe
781 3606 1055 3660 civitatem
1105 3603 1444 3676 temporibus
1469 3602 1609 3672 ejus,
1660 3599 1861 3658 occisis
1901 3620 1931 3658 a
1980 3613 2133 3673 parte

536 3697 739 3769 {Egidii
768 3698 957 3752 multis
981 3696 1266 3760 Romanis,
1322 3694 1516 3750 Franci
1567 3705 1848 3766 ceperunt,
1900 3712 2132 3767 eamque

533 3782 818 3845 Coloniam
870 3790 1316 3861 appellaverunt;
1352 3786 1629 3842 Treverim
1675 3804 1896 3860 quoque
1934 3804 2130 3860 appre-

535 3885 843 3938 henderunt
872 3892 928 3937 et
976 3882 1354 3941 incenderunt.
1392 3888 1674 3950 totamque
1724 3881 1873 3936 illam
1928 3890 2132 3937 terram

533 3986 911 4033 vastaverunt.

609 4071 823 4127 Mortuo
853 4080 1034 4127 autem
1059 4056 1298 4142 Egidio,
1329 4068 1597 4141 Siagrius,
1632 4069 1777 4127 ﬁlius
1823 4070 1966 4142 ejus,
2006 4085 2133 4128 suc-

532 4164 699 4218 cessit
744 4163 797 4216 in
854 4163 1035 4217 locum
1076 4161 1218 4231 ejus,
1259 4162 1509 4251 seditque
1537 4161 1592 4216 in
1630 4160 1969 4217 Suessanum
1999 4162 2133 4218 civi-

535 4265 665 4318 tate,
716 4253 806 4308 nbi
864 4253 1023 4309 sedes
1083 4254 1237 4324 regni
1291 4261 1449 4319 erat;
1507 4252 1602 4308 sed
1654 4251 1960 4309 Hildericus
2004 4269 2131 4309 cum

534 4348 778 4402 exercitu
805 4346 1218 4417 superveniens,
1262 4361 1481 4401 omnem
1511 4354 1712 4401 terram
1740 4346 1888 4400 illam
1932 4346 2132 4417 predu-

532 4448 624 4493 tus
646 4448 748 4504 est,
789 4447 844 4493 et
869 4437 1319 4493 Aurelianensem
1362 4446 1417 4492 et
1463 4436 1909 4508 Andegavensem
1941 4438 2133 4494 civita-

2236 3234 2409 3289 ﬁlinm
2454 3235 2678 3291 nomine
2717 3234 3178 3305 Theodebcrtum,
3221 3249 3523 3296 strenuum
3558 3251 3615 3297 et
3638 3241 3809 3297 utilem.

2232 3330 2577 3387 Amalaricus
2616 3349 2867 3404 quoque,
2910 3333 3058 3389 ﬁlius
3097 3334 3302 3389 Alarici
3333 3336 3488 3408 regis
3520 3336 3809 3397 Gothorum,

2233 3429 2477 3479 sororem
2528 3425 2744 3480 illorum
2796 3426 3016 3482 nomine
3060 3425 3416 3482 Ruotbildam
3450 3430 3611 3499 petiit
3632 3430 3681 3483 in
3707 3443 3811 3482 co;-

2227 3516 2465 3587 juginm,
2491 3534 2656 3588 quam
2696 3519 2769 3572 illi
2798 3534 2904 3574 non
2929 3529 3195 3591 negantes
3214 3536 3340 3575 cum
3365 3502 3573 3593 magna
3601 3522 3753 3593 gloria
3774 3520 3810 3570 ri

2232 3611 2303 3641 ἠ
2325 3610 2611 3666 dederunt.
2638 3610 2744 3667 Sed
2775 3628 2901 3667 cum
2929 3612 3017 3667 ille
3039 3614 3183 3668 velut
3205 3612 3484 3670 Arrianus
3513 3631 3635 3671 eam
3662 3622 3809 3685 posta

2232 3701 2454 3773 indigne
2487 3710 2764 3771 tractaret,
2794 3704 3019 3761 mittens
3044 3705 3132 3759 illa
3167 3707 3437 3762 IIllllCillm
3473 3708 3543 3762 de
3574 3706 3808 3778 lippum:

2233 3789 2301 3844 ad
2342 3790 2563 3846 fratrem
2596 3809 2759 3848 suum
2811 3792 3174 3849 llildibertum
3224 3796 3278 3850 in
3326 3797 3581 3852 Arverna
3628 3797 3807 3852 civitate

2233 3882 2534 3950 sedentem,
2564 3883 2798 3954 injurias
2834 3902 2967 3943 snas
3008 3886 3060 3942 ei
3096 3898 3400 3959 conquesta
3431 3900 3539 3946 est.
3578 3889 3722 3945 l'nde
3744 3888 3808 3942 iii:

2233 3971 2428 4040 iratus,
2480 3989 2606 4029 cum
2653 3991 2854 4047 magno
2904 3978 3148 4033 exercitu
3203 3977 3546 4051 llyspaniam
3600 3980 3807 4041 tetendit.

2233 4063 2526 4136 occisoqnc
2557 4066 2889 4136 Amalarieo,
2930 4084 3178 4127 sororem
3226 4088 3387 4127 suam
3444 4090 3574 4129 cum
3625 4074 3805 4145 magnis

2234 4157 2510 4214 thesauris
2541 4159 2807 4228 abstuiit;
2854 4177 2980 4233 qua:
3025 4172 3205 4219 tamen
3251 4166 3519 4237 languore
3564 4176 3805 4239 mercata.

2233 4250 2289 4306 in
2322 4252 2442 4322 ipso
2465 4262 2567 4314 est,
2589 4252 2782 4309 itinere
2811 4266 3048 4311 mortua.
3101 4256 3156 4311 lu
3190 4258 3298 4314 illis
3324 4260 3524 4317 diebus
3552 4260 3805 4317 Gotheltill

2234 4345 2423 4416 regina
2490 4347 2716 4403 veniens
2779 4346 3071 4414 Parisium,
3132 4344 3271 4406 divit
3327 4353 3397 4406 ad
3456 4354 3602 4408 ﬁlios
3656 4368 3801 4408 suos:

2239 4435 2363 4491 Non
2421 4454 2503 4492 me
2546 4439 2783 4508 poenitet,
2843 4441 2949 4509 lilii
2993 4442 3117 4503 mei.
3174 4459 3264 4496 ros
3294 4444 3530 4499 dulciter
3561 4446 3803 4501 eauti-iw.

533 4542 850 4607 tcugregno
875 4548 977 4587 suo
1020 4530 1238 4601 adjecit.
1283 4530 1388 4598 Qui
1413 4546 1540 4585 cum
1571 4540 1822 4604 regnaret
1847 4532 2010 4588 annis
2032 4532 2127 4600 24,
2154 4533 2207 4595 Ι)
2233 4540 2441 4586 tantum
2463 4532 2720 4602 injuria»:
2752 4549 2921 4587 meum
2949 4535 3330 4606 indignemini,
3353 4549 3402 4592 et
3430 4549 3648 4593 mortem
3668 4548 3804 4607 patr"

535 4635 788 4683 mortuus
811 4633 919 4693 cst,
961 4633 1017 4679 et
1059 4622 1386 4686 Glodoveus.
1428 4623 1574 4679 ﬁlius
1598 4623 1748 4692 ejus,
1780 4638 2010 4695 regnum
2038 4638 2133 4680 ac-

535 4722 701 4792 cepit.
729 4718 828 4774 llic
856 4734 981 4773 cum
1014 4716 1227 4789 Siagrio
1255 4716 1455 4771 bellum
1483 4715 1779 4783 commisit,
1803 4714 2133 4787 fugientem-

536 4829 645 4884 que
669 4811 736 4868 ad
767 4810 1047 4866 Alaricum
1070 4824 1252 4879 regem
1276 4807 1603 4873 Gothorum,
1634 4807 1804 4863 missa
1841 4807 2131 4878 legatione,

536 4905 778 4975 reposcit
800 4904 891 4969 7”,
915 4911 970 4957 et
989 4902 1260 4958 redditum
1287 4899 1578 4967 interfecit,
1602 4909 1885 4971 totumque
1904 4914 2134 4971 regnum

536 4996 658 5066 ejus
686 4996 789 5051 sibi
821 4995 1143 5066 subjiciens,
1175 4992 1455 5049 Romanos
1496 4993 1551 5048 in
1591 5000 1804 5057 tantum
1830 4991 2048 5058 delevit,
2076 5001 2136 5047 ut

538 5089 687 5143 nulla
737 5105 930 5144 eorum
976 5087 1206 5165 vestigia
1259 5087 1420 5143 hodie
1465 5085 1808 5157 reperiantur
1847 5085 1902 5141 in
1934 5085 2129 5140 Gallia.

537 5181 763 5252 Accepit
793 5191 975 5237 autem
1011 5196 1261 5246 uxorem,
1314 5188 1529 5250 neptem
1578 5178 1939 5234 Gundehandi
1988 5178 2133 5249 regis

538 5272 1013 5345 Burgundionum,
1048 5273 1266 5328 nomine
1288 5271 1671 5327 Gothehildam
1696 5272 1765 5301 “9
1795 5272 1878 5326 vel
1918 5270 2131 5326 Rothi!-

440 5414 448 5421 .
538 5367 689 5423 dam.
768 5364 1175 5447 Gundebaudus
1246 5366 1433 5443 itaque
1513 5379 1612 5420 rex
1646 5362 2127 5435 Burgundionum

539 5467 779 5529 quatuor
818 5457 961 5514 ﬁlios
985 5458 1195 5524 habuit,
1232 5456 1667 5514 Gundebaudum
1692 5457 1897 5513 scilicet
1922 5466 2128 5527 patrem

542 5549 882 5625 Sigismundi
936 5558 992 5605 et
1050 5549 1408 5615 Gothcmari;
1483 5547 1856 5618 llilpcrieum,
1923 5557 2129 5618 patrem

2237 4640 2301 4677 ac
2352 4625 2540 4678 ntatris
2589 4642 2718 4681 mue
2762 4626 3048 4682 vindicate.
3088 4627 3191 4695 Qui
3244 4646 3373 4686 mox
3429 4632 3509 4686 ira
3555 4630 3802 4687 commoti.

2238 4731 2362 4771 cum
2409 4718 2650 4773 exeicitu
2689 4734 2889 4791 magno
2944 4718 3321 4790 Burgundiam
3371 4734 3605 4796 pergunt
3647 4731 3801 4777 eorum

2241 4805 2655 4878 Sigismundum
2705 4824 2754 4865 et
2805 4809 3225 4880 Gothemarmn,
3276 4816 3421 4871 ﬁlios
3458 4813 3802 4872 Gundebadi.

2240 4899 2334 4966 qui
2378 4908 2586 4969 patrem
2628 4915 2693 4958 ac
2720 4915 2948 4961 matrem
2974 4903 3320 4964 Gothcliilda:
3348 4907 3635 4964 interfecit.

2244 4992 2481 5048 mundus
2501 5009 2595 5049 rex
2623 4992 3073 5067 Burgundionum
3099 4998 3195 5053 illo
3212 4999 3269 5054 in
3293 5010 3533 5072 tempore
3552 4996 3803 5056 adiﬁwit

2240 5087 2637 5143 iuonasterimn
2683 5090 2859 5144 sancti
2906 5089 3156 5147 Mauricii
3201 5094 3593 5164 sociorumque
3633 5090 3800 5162 disi!

2237 5177 2360 5233 loco
2412 5182 2661 5250 Agauno.
2719 5181 2809 5235 ubi
2861 5191 2913 5237 et
2972 5185 3119 5254 passi
3174 5195 3325 5241 sunt.
3376 5187 3616 5242 Colle-tto
3650 5194 3799 5239 mm

2236 5271 2503 5337 exercitu,
2528 5272 2947 5345 Burgundiones
2965 5276 3221 5333 exierunt
3244 5279 3461 5334 obviam
3480 5280 3609 5334 filiis
3630 5275 3798 5332 W

2234 5363 2396 5419 hil-la:
2452 5374 2508 5419 et
2564 5365 2861 5435 Glodovei;
2925 5368 3041 5436 sed,
3081 5371 3381 5427 commissa
3444 5386 3641 5441 pugna,
3697 5360 3797 5420 c155

2236 5455 2656 5527 Burgundiones
2707 5458 2984 5531 fugerunt.
3030 5462 3416 5541 Sigismundus
3453 5464 3651 5533 itaque,
3690 5460 3795 5512 dum

2238 5547 2450 5619 fugeret
2470 5549 2539 5605 ad
2564 5560 2787 5608 sanctos
2816 5553 3196 5624 Agaunenses,
3244 5566 3571 5614 consecutus
3589 5564 3673 5611 est
3692 5566 3793 5606 cum

1851 5661 1937 5731 VA
1950 5660 2085 5716 ΙιΙΑΞ
2135 5661 2543 5719 LECTIONES.

612 5761 684 5793 ’⁸³
725 5760 1058 5815 theutonieis
1083 5760 1136 5813 ES.
1169 5755 1498 5812 theotonicis
1523 5755 1609 5810 9ο.
1638 5771 1857 5825 «piper,

1939 5755 2009 5785 m
2042 5755 2186 5807 deest
2222 5755 2308 5809 9ο.
2384 5757 2453 5787 ⁷¹⁷
2495 5758 2671 5812 vocati
2706 5758 2760 5814 5.
2836 5760 2908 5794 ⁷¹⁸
2948 5778 3005 5816 re

3154 5764 3256 5820 scit
3287 5764 3371 5820 9⁸³.
3440 5763 3504 5794 "’
3531 5757 3789 5816 ωιιιῑιιὲω

543 5832 630 5885 vel
660 5831 1029 5901 gothehildam
1064 5829 1150 5884 9ο.
1177 5845 1230 5883 v.
1256 5843 1302 5881 r.
1335 5827 1476 5880 deest
1514 5826 1568 5878 4.
1602 5815 1705 5878 10.’
1732 5815 1815 5879 ι’ί.
1846 5815 1850 5817 ’
1892 5825 1964 5856 ⁷³⁸
2000 5825 2257 5895 helperici
2282 5826 2366 5880 θ’.
2396 5829 2609 5897 smpius.
2685 5831 2754 5861 ⁷¹¹
2785 5830 2927 5885 dent
2952 5815 3370 5891 ὑίΪ-Ίίίίῗῦεξεί
3401 5834 3473 5890 9ο.
