3876 6306
82 374 153 428 ii'l

926 376 1293 438 CHRONICA.
1336 412 1407 422 —
1443 379 1837 439 CllRONICON
1879 382 2345 455 UNIVERSALE.‘

3188 402 3247 460 7i
3256 406 3292 462 8

77 486 318 553 Clodomir,
359 496 682 561 captumque
708 503 835 548 cum
882 509 1054 552 uxore
1087 505 1143 553 et
1162 496 1320 581 ﬁliis,
1357 497 1514 554 duxit
1539 498 1594 553 in
1624 503 1670 562 Α
1698 498 1849 568 operi
1893 500 2070 570 placet
2106 504 2369 563 inserere.
2403 504 2652 575 Quodam
2682 518 2931 584 tempore
2963 513 3096 574 dum
3121 532 3291 575 vena-

77 595 230 652 pagum
263 580 692 639 Aurelianenscm
712 593 768 641 et
794 584 848 641 in
870 602 1149 646 carcerem
1176 592 1348 648 misit.
1370 600 1425 649 et
1449 600 1596 664 post-

73 688 121 728 ea
162 671 444 729 interfectos
488 674 543 730 in
587 686 812 748 puteum
876 681 1109 753 projecit
1132 723 1149 751 ,
1202 682 1259 739 in
1321 684 1445 741 loco
1495 684 1593 757 qui

73 765 229 822 dicitur
271 765 703 827 Columnabicus.
751 770 884 829 Post
941 775 1058 833 haec
1111 776 1310 834 iterum
1364 779 1593 836 collecto

72 857 281 927 exercitu,
323 857 595 917 Clodomir
623 862 679 918 in
723 864 1095 939 Burgundiam
1132 871 1372 941 perrexit
1399 881 1591 929 eontra

69 949 418 1020 Gothcmarum,
465 953 774 1029 iterumque
815 971 1211 1033 repugnantem
1240 964 1337 1021 sed
1370 962 1588 1039 fugien-

69 1051 149 1096 tem
168 1043 278 1098 dum
299 1055 711 1117 persequeretur
737 1058 794 1106 et
812 1062 1159 1122 precurreret
1183 1070 1328 1128 equo
1356 1058 1607 1115 velocis-7

68 1135 190 1202 ﬁmo,
212 1151 271 1191 ex
294 1137 515 1196 adversa
562 1150 719 1213 parte
747 1158 1045 1215 percussus
1078 1152 1308 1221 corruit,
1348 1164 1404 1209 et
1432 1169 1587 1211 mor-

68 1236 162 1283 tuus
202 1238 293 1285 est.
345 1230 498 1299 Quod
544 1236 776 1295 audiens
819 1237 1173 1313 Clotbarius,-
1209 1245 1583 1318 Gundeucam,

66 1338 241 1378 uxorem
267 1322 443 1383 fratris
467 1329 555 1384 sui
608 1333 818 1405 accepit
844 1333 900 1389 in
926 1337 1263 1413 conjugtum.

115 1413 439 1477 Theodericus
468 1432 653 1480 autem
686 1442 803 1496 rex,
831 1439 1124 1503 postquam
1156 1439 1405 1510 regnavit
1424 1443 1585 1500 annis

60 1506 128 1572 23,
168 1522 392 1570 mortuus
436 1525 542 1582 est,
589 1527 645 1575 et
692 1518 1119 1595 Tbeodebertus,
1164 1506 1310 1589 ﬁlius
1351 1533 1492 1604 ejus,
1534 1536 1586 1592 ei

63 1605 289 1660 successit.
335 1605 439 1675 Qui
477 1626 605 1666 cum
651 1615 813 1670 annis
868 1616 935 1673 14
992 1632 1265 1693 regnaret,
1321 1626 1476 1695 obiit,
1531 1638 1589 1686 et

61 1693 432 1771 Theodebaldus,
478 1704 625 1763 ﬁlius
670 1707 810 1779 ejus,
862 1711 939 1766 illi
971 1728 1258 1774 successit.
1296 1722 1417 1789 Quo
1460 1693 1587 1795 post

59 1801 192 1844 annos
217 1791 245 1843 7
264 1792 534 1867 defuncto,
563 1798 895 1871 Clotharius,
925 1814 1155 1876 patruus
1175 1813 1315 1884 ejus,
1354 1791 1584 1889 regnum

58 1876 188 1946 ipsius
236 1899 350 1940 cum
402 1889 680 1947 thesauris
723 1896 912 1954 multis
960 1876 1585 1973 accepit.vGotliebildis

55 1979 195 2027 autem
235 1979 409 2050 regina
452 1981 508 2037 in
557 1983 890 2046 elemosinas
931 1994 1230 2065 profluens,
1273 1999 1331 2055 in
1367 2016 1585 2063 summa

54 2062 322 2125 abstinentia
344 2082 396 2129 et
424 2075 723 2135 sobrietate
747 2081 914 2139 vitam
932 2062 1116 2157 duxit,
1152 2062 1379 2164 etrapud
1407 2062 1586 2156 Ture?

55 2156 189 2260 uisam
220 2163 393 2220 urbem
427 2168 830 2237 plena'dierum
866 2176 935 2232 ad
976 2156 1286 2239 Dominum.
1307 2187 1581 2260 migravit,

52 2258 90 2303 et
119 2250 161 2307 in
195 2253 402 2315 basilica
442 2263 622 2318 sancti
649 2263 794 2322 Petri
832 2273 1063 2339 apostoli
1085 2276 1152 2331 ad
1182 2277 1325 2337 latus
1352 2250 1456 2337 viri
1495 2250 1583 2340 sui

50 2341 252 2437 ﬁlodovei
298 2355 507 2424 sepulta
552 2364 637 2413 est
685 2374 716 2415 a
764 2359 893 2419 ﬁliis
937 2367 1055 2424 suis
1101 2369 1499 2432 Hildiberto'm
1527 2388 1583 2437 et

47 2434 288 2510 Clothario,
312 2446 404 2501 ubi
430 2456 489 2503 et
511 2448 825 2510 beatissima
849 2453 1123 2520 Genovefa
1149 2465 1400 2535 quiescit.

96 2528 365 2594 Clotharius
387 2551 573 2595 autem
595 2558 689 2599 rex
727 2545 794 2602 de
819 2548 1048 2607 diversis
1073 2557 1341 2616 uxoribus
1370 2571 1578 2634 septem

1613 1856 1663 1916 B

1699 597 1815 645 tum
1840 592 1963 659 iret,
2006 609 2201 653 omnes
2224 597 2347 669 ejus
2375 601 2512 656 socii
2539 618 2635 673 per
2664 604 2860 661 silvam
2893 607 3289 680 discurrentes,

1694 680 1845 737 illum
1872 684 2051 740 solum
2089 701 2213 743 cum
2250 705 2364 746 uno
2395 699 2606 750 tantum
2637 695 2742 753 sibi
2768 696 3089 757 ﬁdelissimo
3119 702 3287 760 dimi-

1693 782 1884 830 serunt
1918 775 2075 847 juxta
2110 779 2351 838 rivulum
2389 786 2686 857 quendam.
2724 787 2902 856 Quem
2937 807 3065 849 cum
3103 794 3288 866 gravis

1692 883 1923 927 somnus
1948 881 2186 944 urgeret,
2221 884 2390 948 caput
2425 895 2588 936 suum
2618 882 2674 937 in
2702 883 2853 940 illius
2885 884 3059 943 ﬁdelis
3083 888 3171 944 sui
3204 888 3284 944 si-

1690 975 1824 1016 num
1868 963 2053 1033 posuit
2088 974 2143 1021 et
2191 966 2470 1025 dormivit.
2522 972 2661 1028 Cum
2706 974 2890 1031 subito
2930 976 3067 1033 vidit
3095 977 3185 1034 ille
3228 977 3286 1035 in

1690 1052 1851 1125 cujus
1877 1056 2004 1112 sinu
2035 1057 2361 1129 dormiebat,
2391 1064 2555 1134 quasi
2592 1081 2824 1136 parvum
2855 1068 3060 1125 animal
3094 1069 3162 1126 de
3187 1085 3287 1127 ore

1689 1149 1834 1222 regis
1871 1153 2022 1209 exire
2045 1162 2100 1209 et
2130 1155 2202 1211 ad
2236 1156 2416 1213 rivum
2443 1159 2665 1216 tendere
2685 1161 2969 1232 multoque
3001 1162 3125 1219 nisu
3144 1170 3279 1220 tem-

1688 1249 1843 1310 ptare
1865 1240 1913 1296 si
1931 1257 2043 1314 quo
2071 1245 2238 1301 modo
2253 1257 2442 1318 posset
2468 1250 2724 1308 transire.
2745 1251 2996 1324 Cumque
3018 1253 3283 1311 transitus

1687 1334 1905 1405 copiam
1938 1352 2051 1392 non
2101 1337 2390 1409 inveniret,
2443 1342 2534 1399 ille
2582 1343 2678 1415 qui
2730 1344 2838 1401 hoc
2870 1347 3007 1403 vidit
3039 1348 3282 1421 gladium

1688 1440 1852 1482 suum
1882 1427 1951 1483 de
1982 1428 2182 1501 vagina
2211 1431 2418 1499 eduxit,
2451 1433 2681 1506 rivoque
2713 1452 3113 1507 superponens,
3147 1440 3305 1498 illud.

1687 1518 1929 1575 transire
1968 1518 2117 1577 fecit.
2165 1521 2463 1581 Transiens
2505 1534 2689 1583 autem
2724 1529 2926 1598 rivum,
2972 1546 3081 1586 non
3120 1532 3284 1603 longe

1688 1607 1817 1664 inde
1849 1608 1908 1665 in
1938 1606 2190 1667 foramen
2226 1629 2397 1669 unum
2423 1617 2629 1673 montis
2652 1617 2811 1689 juxta
2841 1620 3015 1690 positi
3036 1621 3279 1692 intravit,

1685 1715 2083 1776 reversumque
2105 1721 2205 1777 per
2223 1708 2453 1764 eandem
2476 1709 2644 1778 viam,
2671 1720 2796 1781 post
2815 1712 3010 1769 horam
3032 1731 3198 1770 unam
3223 1717 3280 1772 in

1686 1807 1752 1849 os
1776 1794 1922 1866 regis
1941 1811 2136 1854 rursus
2154 1787 2420 1855 introivit.
2447 1799 2554 1868 Qui
2573 1817 2701 1858 mox
2725 1804 3010 1876 evigilans,
3025 1822 3281 1879 magnam

1686 1885 1956 1944 visionem
1980 1903 2041 1945 se
2058 1889 2261 1948 vidisse
2289 1893 2554 1962 narravit,
2576 1894 2822 1967 dixitque
2843 1897 2946 1953 sibi
2960 1900 3283 1969 apparuisse

1686 1975 1745 2032 in
1788 1980 2034 2049 somnis,
2083 1982 2231 2053 quod
2280 1982 2385 2040 iter
2418 2000 2587 2058 agens
2625 1987 2694 2043 ad
2735 1988 3010 2059 quendam
3050 1990 3280 2048 ﬂuvium

1685 2084 1947 2142 magnum
1969 2073 2202 2141 veniret,
2237 2090 2402 2146 quem
2436 2092 2532 2149 per
2556 2076 2797 2135 ferreum
2839 2089 3061 2152 pontem
3088 2090 3279 2141 trans-

1683 2160 1809 2230 iret,
1837 2163 2173 2238 veniensque
2195 2167 2301 2224 sub
2328 2177 2572 2226 montem
2602 2172 2898 2242 quendam,
2929 2174 3163 2230 multum
3200 2175 3278 2231 ibi

1682 2271 1880 2314 aurum
1906 2258 2136 2316 videret.
2169 2260 2328 2330 Quod
2354 2279 2483 2320 cum
2513 2265 2592 2321 illi
2626 2265 2768 2322 ﬁdeli
2796 2282 2900 2323 suo
2935 2277 3187 2326 narraret
3211 2270 3278 2326 il-

1680 2349 1839 2422 leque
1864 2350 2108 2408 vicissim
2138 2353 2243 2409 sibi
2272 2355 2458 2412 omnia
2489 2372 2615 2429 quae
2636 2364 2790 2430 gesta
2825 2368 2957 2416 sunt
2974 2359 3275 2429 intimaret,

1607 2518 1612 2523 θ
1679 2442 1747 2497 ad
1777 2442 1959 2498 locum
1978 2443 2132 2500 illum
2156 2457 2529 2518 accesserunt,
2547 2448 2925 2524 fodientesque
2941 2454 3113 2510 multa
3134 2470 3274 2525 pon-

1677 2531 1809 2587 dera
1838 2531 1959 2587 auri
1984 2532 2057 2566 ⁷²⁶
2080 2535 2386 2607 antiquitus
2412 2537 2489 2594 ibi
2519 2540 2786 2598 reconditi
2815 2541 3171 2612 invenerunt;
3206 2544 3275 2600 de

47 2618 191 2678 habuit
230 2628 380 2699 alios,
420 2633 492 2690 de
529 2633 771 2707 lngunde
803 2642 988 2714 regina
1038 2618 1579 2724 Gunthariumjﬁil:
1676 2639 1789 2724 quo
1815 2640 1952 2724 auro
1987 2641 2083 2682 rex
2126 2627 2271 2724 idem
2316 2639 2509 2701 postea
2544 2633 2812 2691 cibarium
2840 2652 3103 2710 magnum
3151 2636 3271 2693 ﬁeri

44 2712 252 2787 derisum,
275 2719 609 2795 Sigibertum
627 2729 720 2798 ⁷³³,
744 2712 1186 2809 Guntrammum,
1206 2712 1573 2820 Heribertum,
1674 2717 2017 2820 δίνθηίξξωθ
2056 2722 2287 2820 scim?“
2320 2725 2582 2820 θξ⁰η³³¹ίί
2602 2727 2951 2820 ,Ρτθθίνξθηθ
2988 2732 3162 2788 valuit
3198 2733 3268 2789 i“

43 2812 80 2907 et
99 2805 232 2907 ﬁliam
252 2812 636 2875 Glodesindam
664 2840 678 2891 ;
710 2824 776 2879 de
806 2805 1340 2907 Regingundavvero,
1384 2805 1574 2900 sorore

1674 2809 1768 2866 lud
1791 2811 1863 2842 ⁷³⁷
1880 2806 2302 2870 Hierosoliniam
2320 2814 2389 2869 ad
2412 2816 2763 2886 sepulchrum
2787 2817 3005 2875 Domini
3028 2823 3266 2893 mittere,

43 2893 246 2967 lmndis
268 2947 281 2973 ,
330 2908 530 2966 habuit
572 2893 929 2985 Hibericum:
982 2893 1091 2979 ᾖα,
1131 2893 1574 2991 amoréh‘gn'i;
1672 2900 1767 2957 sed
1797 2915 1924 2957 cum
1952 2901 2057 2958 hoc
2079 2903 2340 2974 perﬁcere
2354 2922 2465 2962 non
2484 2908 2960 2981 potuisset,jussit
2989 2912 3120 2969 illud
3135 2915 3268 2987 poni

43 2986 262 3067 iugandis,
292 3016 356 3058 eo
386 3005 535 3076 quod
577 3018 723 3065 esset
748 3013 977 3081 pulchra
1022 3026 1078 3073 et
1115 3021 1336 3092 decora,
1365 2986 1573 3100 et
1879 2998 2288 3115 corpu:
2313 2998 2564 3115 Haec":
2602 3003 2843 3115 "finitis
2864 3006 3265 3115 .‘“,.Ca”““f"‘

43 3084 219 3145 nimium
262 3105 400 3153 esset
446 3099 793 3161 luxuriosus.
823 3122 1071 3166 sororem
1098 3113 1219 3185 eius
1256 3084 1572 3194 πέδω
1670 3086 1889 3192 civitate
1914 3089 2134 3160 sepulti,
2158 3090 2471 3165 diciturque
2492 3093 2645 3151 aliud
2674 3095 2803 3153 huic
2833 3097 3012 3156 simile
3041 3118 3151 3158 non
3174 3103 3265 3159 in-

43 3173 129 3283 flatu
171 3187 360 3286 accepit
411 3208 463 3247 ,ιι
517 3194 853 3269 conjugium.
886 3200 962 3258 De
994 3173 1200 3264 Gusina
1227 3173 1565 3286 quoque:
1594 3220 1639 3280 C
1670 3179 1864 3286 νθιῖἓτή

43 3271 141 3371 cepit
173 3276 503 3340 Gratianum.
537 3285 645 3354 Qui
688 3306 815 3348 cum
857 3306 1004 3353 esset
1044 3271 1278 3362 decorus
1320 3271 1487 3369 nimis
1515 3321 1571 3371 et

43 3364 216 3473 acerbus
256 3387 318 3428 ac
344 3377 599 3448 callidus,
636 3383 777 3452 patri
804 3386 1101 3461 rebellavit,
1143 3397 1239 3453 sed

43 3455 80 3507 Id
122 3470 306 3527 patrem
354 3470 630 3532 adductus
674 3476 767 3547 ηδ,
805 3478 860 3536 in
907 3497 1036 3542 casa
1082 3455 1319 3560 quadam
1344 3455 1566 3557 incendi

47 3562 318 3666 est...
343 3560 682 3627 Hildibertus
717 3588 868 3644 vero,
912 3575 1081 3637 frater
1100 3583 1385 3660 Clotharii,
1421 3596 1566 3666 apud

853 3638 864 3644 ,
1114 3638 1385 3660 η--,----,
1421 3638 1451 3648 ..
1495 3638 1562 3653 ν..

44 3638 245 3758 ἴατῖεἰυω
268 3652 359 3709 diu
386 3668 686 3731 aegrotans,
715 3675 967 3727 mortuus
994 3682 1116 3745 est;
1148 3679 1306 3752 cujus
1334 3638 1562 3758 regulum

43 3739 63 3783 ει
85 3734 334 3802 thesauros
349 3748 677 3837 Clotbarius
701 3773 797 3814 rex
828 3734 1115 3824 assecutus
1138 3734 1376 3831 esi—llis
1397 3734 1563 3837 2n};

43 3835 306 3937 uaporibus
341 3841 545 3901 beatus
578 3834 867 3910 Medardus
903 3858 1192 3932 episcopus
1222 3868 1416 3937 plenus
1450 3834 1564 3930 vir;

44 3920 189 4026 utibus
213 3931 465 4005 migravit
490 3937 557 3994 ad
593 3938 908 4015 Dominum,
933 3920 1105 4021 quem
1129 3920 1562 4026 rex‘Clotharius

43 4027 62 4063 η
86 4014 370 4116 .Suessione
419 4028 645 4090 civitate
687 4053 813 4094 cum
867 4057 1065 4116 magna
1120 4049 1292 4121 gloria
1342 4060 1561 4129 sepeliri

44 4116 134 4162 erat.

68 4196 176 4259 Post
220 4208 331 4314 haec
375 4212 700 4279 Clotbarius
745 4241 840 4282 rex
877 4227 1026 4289 febre
1067 4250 1354 4312 correptus
1395 4248 1559 4321 obiit,

44 4304 129 4414 n'no
147 4303 283 4414 regqi
304 4307 392 4411 sui
415 4310 534 4401 ὃν,
557 4329 896 4392 regnumque
913 4325 1033 4396 ejus
1054 4303 1293 4402 quatuor
1320 4339 1417 4395 ﬁlii
1439 4303 1560 4414 ejus

44 4392 121 4440 Iter
141 4405 207 4496 se‘
230 4394 568 4472 diviserunt,
612 4410 821 4469 scilicet
865 4392 1211 4496 Heribertus,
1263 4392 1558 4495 αωῖίτῖιῖιῖ

44 4490 135 4590 ius,
168 4482 488 4590 Ilii-pericu,
516 4496 819 4572 Sigibertus
840 4550 855 4575 ,
888 4482 1211 4590 accepitque

44 4581 195 4684 iguum
241 4579 750 4684 Hildibertipatrui
780 4602 889 4671 sui,
934 4579 1229 4684 sedemque

44 4673 245 4768 iusius;
282 4675 682 4743 Guntrammus
713 4699 918 4765 autem,
958 4673 1190 4773 regnum
1224 4707 1557 4778 Clodomiris

43 4765 257 4831 :cnpiens,
304 4767 621 4833 Aurelianis
660 4782 845 4840 sedem
887 4765 1202 4867 constituit;
1247 4800 1556 4876 Hilpericus

43 4857 352 4963 :Omegnum
371 4866 550 4933 patris
573 4873 659 4926 sui
683 4873 946 4938 Clotharii
969 4857 1278 4963 possidens,
1307 4857 1558 4959 Sruessio.

43 4943 527 5055 ᾗῇεάεπξξροειξίκ
567 4957 873 5034 Sigibertus
902 4943 1092 5034 autem?

43 5037 155 5145 :Ici:
182 5039 387 5099 scilicet
414 5046 780 5127 Austrasiam,
811 5068 1060 5138 sortitus,
1086 5037 1549 5145 apuodhl—etensei’u

1741 3270 1830 3346 (G.
1856 3272 1981 3347 Fr.)
2005 3273 2313 3351 Hilpericus
2332 3286 2514 3335 autem
2537 3279 2746 3351 accepit
2769 3297 2991 3339 uxorem
3013 3285 3266 3343 Audevo-

1668 3380 1809 3435 ram,
1848 3382 1971 3438 qua:
2005 3368 2215 3439 peperit
2239 3369 2289 3425 ei
2319 3377 2433 3427 tres
2455 3370 2619 3440 ﬁlios,
2654 3371 3112 3445 Theodebcrtum,
3146 3378 3262 3436 Me-

1668 3472 1896 3513 rovcum
1927 3467 1982 3514 et
2007 3458 2364 3518 Clodoveum.
2408 3455 2729 3522 Heribertus
2758 3482 2887 3523 vero
2923 3469 3082 3526 duxit
3104 3470 3265 3545 lngo-

1664 3547 1909 3621 bergam.
1939 3550 2074 3618 Quae
2102 3568 2230 3610 cum
2267 3553 2495 3612 haberet
2533 3557 2671 3614 duas
2693 3559 2903 3630 puellas
2939 3561 3105 3620 nimis
3139 3566 3263 3636 pul-

1664 3641 1849 3710 chras,
1880 3645 2171 3715 cujusdam
2194 3648 2453 3720 pauperis
2487 3650 2649 3720 ﬁlias,
2681 3656 2778 3709 rex
2805 3653 2860 3710 in
2890 3670 3134 3712 amorem
3162 3673 3258 3714 ca-

1663 3748 1789 3788 rum
1810 3735 2164 3794 vehementer
2187 3741 2412 3797 exarsit.
2441 3742 2592 3810 Quas
2624 3759 2752 3801 cum
2781 3747 2969 3818 regina
2998 3749 3127 3806 odio
3155 3750 3259 3807 ba-

1663 3821 1834 3890 beret,
1872 3841 1970 3882 rex
2008 3827 2182 3886 iratus
2223 3844 2345 3886 eam
2382 3832 2611 3904 abjecit,
2647 3844 2704 3893 et
2747 3853 2913 3895 unam
2947 3855 3016 3898 ex
3051 3842 3163 3901 illis
3201 3842 3260 3901 in

1662 3915 1980 3989 conjugium
2010 3920 2266 3991 sumpsit,
2291 3922 2488 3981 deinde
2511 3927 2740 3984 alteram
2767 3946 2990 4004 quoque
3019 3934 3123 3991 sibi
3157 3952 3255 3993 co-

1661 4008 1888 4077 pulavit.
1922 4008 2028 4066 Pro
2051 4027 2161 4081 qua
2187 4028 2248 4069 re
2269 4029 2396 4070 cum
2425 4028 2651 4077 sanctus
2670 4020 2981 4083 Germanus
3012 4025 3258 4086 Parisio-

1660 4112 1784 4152 rum
1809 4098 2102 4170 episcopus
2134 4109 2395 4174 utrosque
2414 4111 2935 4182 excommunicaret,
2956 4125 3006 4173 et
3030 4134 3126 4175 rex
3149 4121 3257 4178 hoc

1660 4188 2062 4260 parvipendeus
2087 4208 2211 4248 eam
2246 4210 2356 4250 non
2385 4196 2703 4268 dimitteret,
2743 4219 3006 4275 percussa
3037 4209 3133 4268 Dei
3161 4213 3255 4284 ju-

1658 4279 1826 4346 dicio,
1856 4293 2072 4338 mortua
2095 4291 2199 4352 est,
2226 4300 2328 4343 nec
2350 4288 2524 4346 multo
2556 4299 2677 4361 post
2701 4308 2796 4350 rex
2828 4295 2943 4367 ipse
2958 4279 3254 4361 defunctus

1655 4379 1758 4429 est.
1799 4370 1972 4428 Porro
2013 4372 2318 4447 Sigibertus
2364 4395 2459 4436 rex
2490 4381 2684 4440 videns
2721 4388 3023 4458 nequitiam
3063 4392 3252 4455 fratris

1658 4464 1768 4532 sui,
1791 4464 2116 4537 dedignatus
2149 4469 2279 4526 talia
2313 4473 2589 4547 conjugia,
2613 4476 2937 4549 legationem
2962 4482 3020 4539 in
3040 4481 3250 4559 Hyspa-

1589 4573 1634 4629 υ
1659 4556 1807 4612 niam
1849 4557 2029 4627 misit,
2067 4561 2324 4633 regisque
2384 4564 2553 4623 ﬁliam
2595 4567 2971 4631 Brunihildem
3011 4556 3173 4649 petiit
3195 4591 3253 4638 et

1652 4649 1891 4720 accepit,
1932 4652 2187 4745 puellam,
2208 4655 2494 4725 pulchram
2529 4669 2585 4716 et
2616 4661 2990 4739 ingeniosam;
3022 4679 3077 4728 et
3117 4674 3248 4745 quia

1653 4736 1901 4797 Arriana:
1934 4741 2039 4814 legi
2069 4744 2312 4815 subjecta
2345 4757 2485 4817 erat,
2509 4750 2565 4807 in
2591 4755 2812 4812 nomine
2833 4736 3041 4819 sancta
3066 4736 3249 4822 Trini-

1624 4896 1631 4901 ο
1653 4829 1783 4886 tatis
1807 4845 1929 4887 eam
1952 4832 2217 4904 baptizari
2246 4837 2505 4909 jubebat;
2532 4858 2600 4898 ex
2633 4861 2743 4916 qua
2769 4848 2945 4908 ﬁlium
2974 4852 3248 4914 Hildiber-

1655 4928 1772 4976 tum
1803 4924 2154 4996 suscipiebat.
2196 4926 2293 4985 His
2324 4935 2664 5004 temporibus
2692 4949 2918 5002 sanctus
2948 4945 3253 5008 Columba-'

1654 5028 1761 5069 nus
1789 5014 1857 5070 de
1883 5015 2144 5075 Hibernia
2173 5019 2229 5075 in
2267 5020 2498 5080 Galliam
2534 5029 2702 5098 venit,
2728 5049 2901 5103 quem,
2934 5037 3241 5113 Sigibertus

1653 5118 1749 5213 rex
1772 5103 2007 5210 benigne
2033 5112 2294 5183 suscepit.
2318 5112 2627 5187 Hilpericus
2655 5133 2836 5182 autem
2854 5170 2869 5196 ,
2898 5103 3067 5190 frater
3095 5137 3240 5213 Sigi-

1531 5225 1547 5287 τ
1650 5192 1814 5297 berti,
1837 5197 2029 5256 videns
2062 5217 2188 5258 eum
2211 5207 2379 5278 regali
2417 5211 2674 5286 conjugio
2698 5192 3073 5297 sublimatum,

1574 5318 1578 5323 -
1645 5285 1761 5384 jam
1780 5288 1968 5359 plures
1990 5309 2191 5351 uxores
2213 5297 2457 5370 haberet,
2482 5285 2728 5366 sororem
2749 5285 3085 5379 Brunihildis

1651 5379 1936 5485 majorem,
1966 5386 2189 5444 nomine
2211 5388 2609 5469 Geltsuindam,
2646 5401 2701 5459 in
2723 5408 3039 5483 conjugium
3060 5379 3234 5489 petiit:

1650 5473 1973 5541 promittens
1994 5492 2093 5548 per
2115 5480 2344 5554 legatos,
2360 5498 2560 5551 omnes
2585 5496 2721 5555 alias
2743 5473 2940 5563 uxores
2960 5524 3019 5565 se

1264 5630 1497 5695 VARIE
1549 5639 1950 5708 LECTIONES.
