3876 6306
89 326 154 383 7?!

928 327 1295 391 CHRONICA.
1337 366 1409 376 -—-
1445 334 1838 395 CilRONlCO-N
1881 337 2339 398 UNH’ERSALE.

3186 351 3288 408 722

88 443 148 494 uti
175 437 248 504 ﬂ,
271 432 446 506 pictus
467 434 677 492 dierum
712 448 963 496 mortuus
991 450 1096 508 est,
1136 453 1190 498 et
1223 444 1590 518 Dagobertus,
1625 452 1668 511 Α
1697 449 1817 519 ejus
1839 451 2103 508 successit
2123 452 2417 510 Ebroinus.
2447 453 2576 510 Post
2599 472 2706 510 non
2741 457 2971 513 multum
2997 475 3127 517 vero
3150 470 3287 518 teni-

85 533 191 585 [ilius
211 528 332 599 ejus,
363 528 728 583 monarchiam
761 530 816 584 in
857 531 1034 587 tribus
1057 535 1240 605 regnis
1271 537 1421 590 solus
1450 537 1594 592 obti-

85 624 184 684 nuit,
209 619 392 690 fuitque
423 617 755 676 fortissimus
785 630 840 676 ct
859 620 1197 678 Francorum
1223 627 1514 695 nutricius,
1537 628 1594 683 in

77 711 247 782 jlltilCliS
265 709 642 765 ecclesiasticis
665 712 1074 780 severissimus,
1092 715 1320 787 largitor
1339 719 1595 774 elemosi-

80 817 225 854 mrum
245 798 531 870 precipuus,
562 816 750 870 pacem
776 801 831 856 in
861 811 977 858 toto
1000 820 1170 874 regno
1196 823 1297 862 suo
1325 818 1591 880 statuens,

79 904 115 946 tl.
145 893 352 946 timorem
381 893 628 962 gentibus
657 893 710 950 in
739 895 972 951 circuitu
1010 897 1282 954 incutiens
1302 943 1318 967 ,
1365 900 1592 974 ipseque

79 986 181 1038 \clut
207 983 435 1037 Salomon
467 984 728 1054 paciﬁcus
750 1001 976 1057 regnum
1009 989 1248 1045 obtinuit
1277 992 1517 1062 quietus.

127 1075 416 1144 Eote:rpore
451 1076 707 1132 dt‘fltlli‘io
742 1077 1066 1135 Gundoaldo
1099 1083 1308 1153 majore
1361 1087 1588 1153 domus,

76 1165 426 1222 llrchinoalium
453 1168 632 1225 virum
665 1169 936 1226 illustrem
967 1172 1022 1226 in
1048 1173 1228 1230 locum
1255 1177 1376 1246 ejus
1399 1179 1592 1234 statuit

73 1257 361 1328 Dagobertus.
409 1259 654 1317 llalzebat
703 1273 886 1320 autem
939 1265 1080 1320 idem
1149 1282 1242 1322 rex
1289 1284 1354 1323 ex
1401 1271 1588 1340 regina

72 1349 303 1405 Mahtlul-Ja
329 1352 467 1423 (2‘25)
503 1355 570 1407 de
597 1370 795 1426 genere
831 1355 1112 1412 Saxonum
1137 1359 1208 1390 ⁷³⁸
1241 1359 1384 1416 ﬁlios
1414 1362 1586 1429 duos,

71 1442 333 1511 Sigibertum
357 1453 409 1499 ct
428 1445 784 1514 Clolovcum,
802 1464 1040 1518 quorum
1063 1451 1326 1524 majorem
1355 1453 1588 1525 Sigiher~

70 1547 152 1591 tum
184 1538 288 1592 duci
326 1537 549 1609 Pippino
582 1549 636 1594 et
677 1551 871 1596 sancto
906 1540 1246 1600 Chuniberto
1276 1545 1586 1603 Coloniensi

65 1632 266 1702 (pirpr
285 1632 333 1686 in
363 1620 645 1689 AustraSia
674 1643 1030 1704 regnaturum
1061 1636 1278 1705 direxit,
1307 1639 1581 1709 juniorem

68 1724 330 1778 tLanoveum
351 1739 535 1779 secum
559 1725 802 1782 retinuit.
822 1726 1124 1798 Sigilmtus
1147 1730 1236 1786 hic
1257 1741 1448 1786 sancto
1476 1731 1584 1786 [lo-

1698 557 1802 612 pus
1828 553 2044 598 mortuo
2074 543 2356 608 Lothario.
2384 545 2654 604 Ebroinus
2680 551 2857 615 major
2883 552 3081 608 domus
3108 553 3287 612 Theo-

1697 634 1942 689 dericum
1982 635 2201 692 fratrem
2241 640 2360 708 ejus
2389 641 2720 696 constituere
2743 643 2916 697 voluit
2944 661 3152 715 regem;
3191 649 3285 703 sed

1696 726 1825 797 quia
1861 728 2000 782 izlem
2029 728 2301 786 Ebroinus
2321 731 2433 801 jun
2457 733 2682 789 odiosus
2708 733 2808 789 fuit
2834 735 3078 804 Francis,
3100 751 3284 809 spreto

1695 818 1817 888 ejus
1841 820 2093 886 consilio,
2116 822 2344 877 alterum
2365 824 2483 893 ejus
2507 823 2730 880 fratrem
2748 827 2814 858 7“
2842 826 3174 885 liildcricum
3191 832 3282 897 7",

1695 911 1789 982 qui
1819 912 2122 968 Austrasiis
2143 914 2255 983 jam
2289 915 2610 985 imperabat,
2644 915 2810 988 super
2847 935 2904 975 se
2938 937 3120 992 regem
3151 940 3284 977 con—-

1687 1003 1948 1059 ’stituunt.
1969 1002 2125 1072 Quod
2141 1007 2329 1064 videns
2345 1007 2637 1077 Ebroinus,
2659 1011 2713 1065 in
2731 1011 3072 1069 Luxoviense
3097 1032 3284 1070 coeno-

1691 1094 1844 1152 bium
1898 1106 2057 1153 tonso
2099 1100 2304 1169 capite,
2349 1103 2508 1171 quasi
2547 1114 2810 1172 perpetuo
2840 1107 3179 1170 monachus,
3223 1123 3282 1162 se

1693 1191 1946 1245 contulit.
1987 1189 2118 1246 Post
2153 1192 2373 1262 aliquod
2408 1201 2623 1265 tempus
2655 1195 2956 1262 Hilderico,
2992 1215 3116 1253 cum
3149 1199 3282 1254 leris

1692 1292 1838 1337 esset
1861 1298 1924 1337 ac
1953 1283 2136 1338 omnia
2167 1284 2473 1340 inconsulte
2503 1295 2706 1356 ageret,
2738 1304 2767 1341 a
2791 1289 3116 1358 quibusdam
3154 1306 3280 1346 cum

1692 1375 1880 1445 regina
1909 1375 1979 1406 ⁷⁸³
2011 1386 2309 1447 pregnaute
2339 1377 2645 1445 interfecto,
2680 1396 3009 1451 rursumque
3033 1381 3280 1438 Theotit-

1692 1468 1807 1522 rico
1837 1467 1890 1522 in
1918 1485 2146 1539 regnum
2183 1478 2465 1537 revocato,
2500 1470 2772 1527 Ebroinus
2797 1474 2862 1527 de
2887 1475 3128 1529 claustro
3153 1491 3280 1546 pro-

1692 1576 1974 1630 rumpens,
2007 1561 2074 1615 ad
2106 1577 2289 1632 regem
2327 1563 2590 1632 pervenit,
2622 1575 2950 1635 receptoque
2975 1567 3284 1637 principatu

1689 1669 1814 1719 suo,
1832 1655 2172 1725 tyrannidem
2197 1671 2448 1726 magnam
2473 1657 2526 1709 in
2551 1655 2812 1724 Francos,
2836 1659 3034 1731 quibus
3059 1659 3285 1714 odiosus

1687 1755 1826 1812 erat,
1853 1747 2119 1813 exercuit,
2154 1747 2287 1802 inter
2322 1764 2465 1817 quos
2503 1758 2554 1803 et
2600 1759 2849 1804 sanctum
2889 1749 3284 1820 Lcodcgarium

68 1816 215 1869 inacho
245 1815 304 1911 ξπ
336 1816 670 1886 episcopium
715 1817 1066 1890 Trajectense
1111 1822 1277 1878 dedit.
1324 1823 1587 1895 Pippinus
1621 1837 1662 1890 Β
1689 1837 1909 1893 occidit.
1956 1837 2170 1893 Mertuo
2217 1815 2398 1893 autem
2444 1838 2800 1907 Theoderico,
2853 1841 2948 1895 ﬁlii
2990 1815 3109 1911 cj'u‘e:
3153 1841 3285 1898 Ωιι)-

66 1917 202 1960 autem
233 1907 330 1962 dux
365 1919 519 1978 pater
555 1920 672 1966 erat
706 1921 910 1968 sanctae
941 1911 1239 1970 Gerdrudis
1263 1915 1491 1987 virginis
1529 1925 1582 1974 et

65 1997 400 2071 Beggai,quam
436 2001 595 2057 duxit
620 2019 847 2061 uxorem
889 2005 1190 2077 Ausgisus,
1226 2007 1368 2064 ﬁlius
1407 2012 1578 2068 sancti

62 2091 249 2160 Arnolh,
281 2093 374 2148 viri
411 2097 594 2168 magni
635 2095 857 2168 Dcoque
894 2099 1098 2165 dilecti,
1136 2101 1229 2170 qui
1269 2117 1368 2172 pro
1393 2119 1581 2160 amore

64 2180 130 2236 Dei
159 2185 450 2242 renuncians
490 2189 709 2257 seculo,
745 2190 933 2246 divino
961 2207 1019 2246 se
1050 2194 1380 2264 mancipavit
1405 2198 1577 2253 servi-

65 2276 389 2348 tio,faetusque
405 2290 489 2335 est
505 2291 692 2351 postea
707 2283 999 2354 cpiscopus
1014 2284 1365 2356 Metensium;
1386 2289 1580 2346 deinde

63 2365 366 2424 heremiticam
381 2371 617 2442 diligens
638 2372 827 2442 vitam,
845 2375 1037 2443 plenus
1061 2377 1354 2434 virtutibus
1378 2381 1579 2452 migra-

60 2459 113 2511 tit
134 2461 187 2515 ad
211 2461 507 2520 Dominum.
535 2463 711 2534 llujus
737 2467 911 2523 sancti
941 2469 1149 2522 Arnolﬁ
1174 2481 1327 2540 pater
1357 2469 1456 2527 fuit
1476 2473 1578 2528 Ar-

61 2551 211 2619 noll’us,
234 2554 309 2609 vir
333 2555 584 2622 illustris,
623 2559 768 2613 ﬁlius
791 2559 1046 2615 Ansberti
1075 2572 1128 2616 et
1150 2561 1438 2631 illithildte,
1466 2565 1575 2622 Lo-

57 2645 178 2700 tliarii
217 2648 346 2720 regis
389 2650 518 2706 ﬁlia:
551 2649 659 2721 (cf.
696 2650 801 2707 Vit.
845 2651 902 2707 S.
929 2652 1104 2722 Rem,
1137 2653 1194 2710 S.
1234 2654 1468 2727 Amat/2,
1512 2657 1572 2713 S.

58 2734 224 2809 Germ).

103 2827 169 2897 (ϐ.
193 2830 299 2903 Fr.)
331 2833 672 2906 Dagobertus
701 2845 883 2892 autem
907 2854 1002 2894 rex
1030 2855 1155 2895 cum
1185 2852 1435 2912 regnaret
1470 2860 1572 2898 an-

55 2922 114 2974 uis
133 2922 205 2989 5i,
224 2937 458 2984 mortuus
481 2938 590 2993 est,
623 2937 677 2984 et
696 2930 1023 2998 Clodoveus,
1048 2931 1192 2986 ﬁlius
1218 2933 1358 3002 ejus,
1382 2950 1574 3005 regna-

53 3015 104 3068 rit
122 3034 200 3085 pro
225 3035 458 3094 eosuper
486 3022 754 3089 Francos,
779 3025 1098 3095 accepitque
1127 3043 1354 3082 uxorem
1386 3028 1452 3082 de
1481 3046 1573 3099 ge-

54 3124 142 3161 nere
161 3109 412 3170 Saxonum
431 3117 529 3183 ⁷³⁸,
554 3118 776 3172 nomine
797 3117 1149 3172 Mahlhildem
1171 3120 1261 3185 "9,
1286 3120 1568 3189 pulchram

51 3211 86 3252 et
104 3200 396 3274 ingeniosam
417 3251 430 3275 ,
469 3225 597 3279 qua:
623 3210 808 3278 genuit
831 3211 880 3264 ei
905 3211 975 3241 7”
1021 3220 1130 3267 tres
1160 3211 1329 3278 ﬁlios,
1370 3212 1574 3272 Lotha-
1604 3185 1645 3242 Ο

52 3295 171 3362 num,
196 3296 516 3357 Hildericutn
545 3311 600 3356 et
639 3300 1056 3358 Theodericum.
1090 3303 1396 3374 Sigihcrtus
1427 3322 1574 3373 vero,

51 3384 170 3444 Later
202 3390 441 3450 Clodorei
462 3437 479 3461 ,
529 3409 625 3450 rex
668 3393 1082 3450 Austrasiorum
1104 3439 1118 3462 ,
1151 3396 1408 3452 defuncto
1441 3399 1578 3454 duce

51 3479 244 3553 Pippiao,
285 3487 452 3547 ﬁlium
490 3490 614 3559 ejus
653 3490 1028 3554 Grimoaldum
1072 3491 1338 3561 majorem
1381 3494 1578 3550 dt'mtus

51 3577 289 3636 r-oustituit.
331 3580 540 3640 Habuit
578 3591 757 3637 autem
802 3595 857 3638 et
903 3584 1017 3653 ipse
1061 3583 1364 3656 Sigibertus
1407 3587 1576 3643 lilium

51 3671 295 3739 parvulum,
312 3675 537 3730 nomine
553 3675 938 3746 Dagobertunt.
962 3676 1260 3732 Dcccdente
1278 3677 1438 3750 igitur
1451 3689 1581 3734 tent-

51 3775 158 3828 I’Ore,
181 3761 469 3836 Sigibertus
494 3767 788 3825 defunctus
818 3778 920 3835 est,
949 3779 1003 3824 et
1031 3769 1380 3827 Grimoaldus
1407 3773 1580 3842 major

52 3853 196 3910 i'omus
232 3858 393 3914 ﬁlium
430 3862 556 3932 ejus
596 3861 960 3933 Dagobcrtutn
993 3864 1256 3930 totondit,
1289 3865 1580 3919 Didonem-

52 3946 507 4022 tI16,Pictaviensis
543 3954 695 4009 urbis
727 3956 1067 4026 episcopum,
1101 3956 1152 4010 in
1180 3955 1441 4011 Scottiam
1465 3956 1581 4011 exi-

52 4039 166 4107 iians,
196 4043 555 4116 Dagobertum
588 4048 927 4118 episcopatui
964 4050 1262 4120 proposuit.
1307 4049 1461 4116 Quod
1497 4050 1580 4104 in-

52 4128 278 4200 lignantes
299 4138 537 4204 Franci,
568 4140 884 4196 Grimoaldo
919 4140 1146 4196 insidias
1184 4151 1452 4208 statuunt,
1489 4159 1582 4204 cas-

52 4235 253 4296 llumque
278 4230 556 4287 Clodoveo
595 4232 866 4288 deferunt.
915 4233 1086 4300 Quem
1128 4235 1216 4289 ille
1245 4235 1578 4289 vinculatum

52 4319 202 4375 i'arceri
236 4325 599 4396 manciparit,
638 4326 763 4387 ubi,
807 4336 865 4380 ut
895 4326 1091 4398 dignus
1122 4336 1270 4393 erat,
1306 4327 1472 4382 vitam
1514 4329 1577 4382 li-

57 4409 158 4463 tivit.

1683 1931 1888 1986 dovcus
1915 1939 1969 1985 et
2000 1928 2334 1986 llildibcrtus
2360 1943 2727 2001 regnaverunt
2752 1951 2764 2000 ;
2793 1941 2915 2004 post
2935 1950 3076 2004 ques
3106 1933 3288 2004 Dagoo

1683 2020 1871 2076 bertus
1940 2021 2170 2091 junior;
2252 2022 2341 2078 cui
2411 2020 2720 2092 llilpericus
2773 2040 2897 2080 cum
2968 2023 3286 2095 Reginfrido

1682 2115 2061 2180 succedentes,
2095 2131 2123 2168 a
2152 2113 2371 2183 Karolo,
2413 2114 2627 2186 Pippini
2656 2116 2786 2183 ﬁlio,
2823 2116 3018 2186 dejecti
3051 2125 3200 2183 sunt,
3231 2134 3287 2178 (ιι

1681 2204 1977 2261 Lotharius
2006 2208 2338 2262 substitutus
2366 2226 2378 2274 ;
2408 2218 2528 2277 post
2555 2225 2715 2278 quem
2751 2209 2945 2263 iterum
2978 2207 3286 2279 llilpetiuzs

1681 2293 1964 2364 regnavit;
2018 2301 2138 2364 post
2192 2293 2338 2350 hunc
2395 2293 2786 2350 Theodericus.
2841 2295 2960 2360 Quo
3017 2295 3282 2350 vicesimo

1681 2379 1882 2437 Leonis
1918 2383 2266 2453 imperatois
2295 2401 2439 2438 anno
2461 2392 2701 2451 mortuo,
2735 2394 2788 2439 ct
2814 2386 2990 2455 primo
3011 2386 3284 2442 Constan-

1681 2476 1800 2542 tini,
1851 2476 2098 2546 ejusdem
2151 2477 2350 2532 Leonis
2397 2478 2513 2545 ﬁlii,
2566 2494 2712 2534 anno
2759 2479 2958 2534 liarolo
3000 2478 3280 2535 defuncto.

1678 2568 1921 2638 quinque
1967 2569 2128 2622 annis
2159 2577 2280 2638 post
2322 2568 2721 2624 Theodericum
2769 2571 2889 2624 sine
2938 2586 3065 2640 rege
3110 2570 3280 2626 inter-

1679 2660 1866 2730 lapsis,
1894 2669 2048 2714 sexto
2077 2659 2297 2718 domum
2325 2677 2470 2716 anno
2497 2659 2829 2730 Pippinuset
2854 2660 3280 2726 Karlomannus,

1677 2757 1774 2811 ﬁlii
1831 2755 2034 2819 liaroli,
2092 2754 2424 2810 llildericum
2493 2763 2742 2811 statuunt
2792 2773 3016 2827 regem.
3081 2756 3173 2827 qui
3223 2766 3280 2812 et

1677 2851 1905 2905 ultimus
1965 2858 2083 2904 erat
2136 2849 2202 2904 dc
2253 2849 2479 2919 antiquo
2528 2865 2723 2919 genere
2766 2865 2955 2920 regum
3009 2847 3110 2919 (cf.
3160 2865 3276 2920 gen.

1675 2940 1857 3010 lion).

1745 3034 2010 3104 Tempore
2035 3045 2214 3089 autem
2241 3051 2426 3106 regum
2453 3035 2879 3106 procedentium,
2901 3045 3026 3104 post
3049 3042 3284 3089 mortem

1678 3125 1902 3180 Ebroini
1933 3125 2203 3196 Ansgisus
2230 3126 2320 3191 m,
2396 3125 2570 3180 sancti
2612 3124 2818 3179 At‘nolﬁ
2849 3124 3014 3190 ﬁlius,
3057 3139 3283 3188 nomen,

1679 3227 1741 3272 ut
1793 3218 1945 3272 aiunt
1978 3217 2069 3288 (cf.
2111 3217 2169 3271 Ρ.
2203 3217 2264 3272 D.
2301 3234 2375 3284 vn,
2401 3217 2520 3285 25),
2553 3216 2764 3271 ducens
2803 3215 2873 3286 ab
2903 3214 2996 3269 illo
3043 3213 3282 3283 Trojano

1680 3311 1949 3376 Anchisa,
1969 3311 2039 3341 7"“
2101 3319 2256 3380 patre
2285 3309 2496 3376 .‘Eneae,
2529 3308 2706 3378 major
2731 3307 2929 3362 domus
2948 3306 3174 3362 eﬁ'ectus
3202 3315 3286 3360 est

1681 3403 1735 3458 in
1763 3419 1929 3474 regno
1951 3403 2285 3458 Francorum
2311 3421 2325 3469 ;
2354 3411 2477 3472 post
2496 3416 2658 3471 quem
2683 3401 2968 3471 Pippinus,
2998 3398 3141 3453 ﬁlius
3162 3397 3283 3468 ejus

1680 3505 1728 3548 et
1765 3495 1952 3566 liegga:
1982 3495 2187 3551 sororis
2217 3503 2418 3550 sanctm
2446 3491 2748 3548 Gerdrudis
2775 3508 2789 3560 ;
2818 3501 2944 3574 post
2969 3493 3118 3546 hunc
3139 3491 3284 3546 ﬁlius

1679 3588 1800 3656 ejus
1837 3587 2090 3653 Karolus,
2141 3595 2501 3658 cognomento
2546 3585 2748 3651 Fortis,
2793 3583 2887 3656 qui
2936 3599 3033 3654 per
3083 3583 3284 3637 multas

1681 3698 1892 3751 pugnas
1915 3681 2280 3752 principatum
2309 3681 2431 3736 tulit
2452 3679 2519 3734 de
2549 3695 2716 3734 manu
2745 3676 3048 3748 Ileginfridi
3075 3692 3088 3743 ;
3117 3689 3282 3746 quem

1683 3770 1939 3826 liarolum
1973 3771 2160 3841 genuit
2212 3770 2445 3841 Pippino
2481 3769 2788 3835 Albhaidis,
2823 3783 2982 3824 soror
3017 3765 3282 3821 Diodonis

1681 3862 1962 3917 domestici
1995 3863 2110 3929 sui,
2157 3879 2321 3932 quam
2360 3864 2448 3918 ille
2477 3862 2803 3932 superduxit
2827 3860 3084 3930 legitima:
3119 3859 3278 3914 uxori

1683 3972 1797 4011 sua:
1842 3955 2140 4018 Plectrudi,
2194 3956 2262 4011 de
2308 3971 2417 4026 qua
2469 3962 2786 4024 susceperat
2833 3952 3182 4023 Druogonem
3224 3958 3281 4006 et

1683 4047 2060 4102 Grimoaldum
2116 4047 2208 4112 (ib.
2239 4064 2314 4112 γι,
2344 4048 2454 4116 42),
2491 4046 2664 4113 Quam
2710 4061 2824 4100 rem
2865 4046 2995 4100 dum
3031 4045 3277 4100 detesta-

1682 4149 1833 4198 retur
1872 4149 2096 4194 sanctus
2145 4138 2469 4207 Lampertus
2498 4139 2569 4169 ⁷⁷⁵⁸
2641 4138 2955 4208 episcopus,
2991 4136 3060 4189 ab
3088 4137 3277 4190 eodem

1686 4232 1928 4287 lliodone
1978 4247 2056 4287 est
2113 4230 2451 4296 interfectus,
2500 4231 2756 4300 Pippino,
2807 4238 2866 4283 ut
2909 4228 3064 4282 aiunt.
3107 4227 3280 4296 (225i),

1683 4325 2058 4380 consentiente
2104 4322 2192 4395 (cf.
2251 4323 2430 4378 SIGEB.
2473 4323 2576 4376 ΠΙ.
2606 4321 2662 4376 S.
2692 4320 2925 4389 Lamb.),
2953 4317 3279 4381 llildiberto,

1686 4416 2006 4472 Theoderici
2041 4417 2172 4482 ﬁlio,
2223 4427 2485 4487 regnante
2514 4419 2549 4468 ⁸.
2580 4414 2794 4468 Mortuo
2829 4421 3009 4466 autem
3045 4409 3148 4464 hoc
3177 4407 3282 4462 Ka-

92 4499 154 4556 Εο
192 4469 425 4579 tempore
462 4510 771 4566 Clodoveus
791 4554 804 4578 ,
847 4511 1138 4581 instigante
1164 4511 1412 4576 diabolo,
1451 4512 1576 4565 hra-
1610 4530 1656 4589 ι)
1684 4469 1823 4576 r010,
1847 4509 1941 4563 ﬁlii
1971 4509 2091 4578 ejus
2117 4469 2374 4579 Pippitijus
2415 4516 2468 4563 et
2491 4507 2895 4561 liarlomannus
2914 4501 3279 4573 principatum

52 4591 184 4650 ‘ltium
219 4603 387 4656 sancti
430 4602 661 4658 Dionisii
695 4603 939 4660 martiris
968 4603 1224 4669 abscidit,
1251 4619 1314 4657 ex
1345 4619 1455 4682 quo
1488 4619 1576 4658 re-

51 4696 167 4744 mum
189 4689 518 4749 Francorum
549 4696 771 4751 casibus
798 4695 1074 4766 pestiferis
1098 4696 1352 4750 concidit.
1380 4695 1575 4750 Clodo-

52 4789 109 4829 ’ρο
128 4779 290 4853 itaque
318 4796 446 4856 post
474 4788 542 4843 15
572 4804 748 4843 annos
777 4789 931 4859 regni
963 4789 1048 4844 sui
1075 4787 1353 4851 defuncto,
1385 4781 1578 4842 Franci

51 4877 296 4933 latuerunt
343 4869 704 4947 Lothariutn,
761 4882 985 4937 fratrem
1035 4882 1180 4951 ejus.
1227 4897 1351 4935 cum
1405 4889 1579 4935 matre

52 4960 280 5024 iahthilda
327 4988 565 5043 regnare
609 4989 707 5044 pro
741 4989 826 5030 eo.
872 4973 971 5030 llic
1011 4982 1264 5030 sanctum
1299 4972 1575 5040 Leocha—

52 5051 143 5108 ium
164 5057 542 5132 Augustuduni
577 5065 703 5121 fecit
729 5067 1066 5136 episcopum.
1097 5066 1174 5119 Eo
1201 5080 1419 5135 quoque
1441 5072 1574 5117 tt-m-

52 5164 131 5202 'ut‘c
154 5150 517 5212 Erchinoaldo
550 5159 757 5228 majore
777 5160 974 5215 domus
998 5158 1279 5224 defuncto,
1310 5157 1362 5212 in
1397 5157 1574 5210 locum

1682 4611 1978 4658 tenuerunt
2000 4603 2163 4657 simul
2187 4603 2346 4657 annis
2377 4603 2428 4665 4,
2451 4610 2637 4671 postea
2663 4598 2924 4668 Pippinus
2947 4595 3097 4650 solus
3122 4592 3279 4647 anni.‘

1687 4694 1738 4762 7,
1790 4695 1972 4750 adhuc
2018 4695 2239 4766 quidem
2282 4696 2502 4767 regibus
2549 4695 2604 4748 in
2657 4691 2890 4746 Franma
2940 4704 3006 4742 ex
3049 4685 3265 4754 antiqua

1683 4789 1852 4859 stirpe
1881 4789 2000 4844 solo
2040 4789 2263 4843 nomine
2294 4787 2646 4858 regnantibus
2673 4785 2766 4839 sed
2802 4783 2879 4837 nil
2905 4779 3069 4850 regia:
3096 4776 3263 4846 digni.

1680 4882 1812 4936 tatis
1851 4881 2200 4946 habentibus,
2235 4880 2409 4934 donec.
2439 4895 2534 4950 per
2581 4877 2959 4932 auctoritatem
2999 4868 3271 4924 Zacltarizr

1686 4989 1858 5043 papte,
1927 4972 2223 5037 Hilderico,
2291 4972 2385 5042 qui
2452 4982 2583 5026 tunc
2628 4970 2824 5024 falsum
2877 4965 3021 5035 regis
3079 4975 3280 5019 nomen

1685 5065 1938 5130 habebat,
1977 5066 2207 5120 dctonso
2232 5074 2285 5119 et
2313 5065 2364 5118 in
2393 5062 2786 5118 monasterium
2822 5059 3066 5120 detruso,
3101 5054 3274 5109 isdem

1684 5155 1953 5226 Pippinus
1979 5172 2044 5211 ex
2068 5156 2307 5226 prefecto
2334 5156 2519 5226 palatii
2546 5155 2599 5209 in
2633 5167 2858 5225 regnum
2894 5158 2978 5205 est
3011 5147 3278 5203 sublima-

1283 5271 1516 5326 VARIIE
1553 5270 1956 5326 LECTIONES.

79 5333 135 5363 τ³⁶
163 5353 427 5409 sagonum
461 5344 516 5398 5.
591 5347 657 5376 ⁷³⁷
691 5347 954 5401 romoeho
984 5345 1065 5399 l0.
1101 5345 1341 5400 rcmaelo
1367 5345 1452 5396 90.
1489 5353 1538 5396 et
1565 5342 1640 5394 ita
1667 5343 1718 5396 5.
1746 5344 2026 5396 recentior:
2056 5359 2233 5397 manu.

501 5415 571 5446 "°
602 5417 742 5470 deest
771 5418 855 5471 90.
933 5418 998 5448 m
1049 5417 1117 5470 fr.
1156 5432 1204 5470 e.
1378 5414 1448 5445 7“
1479 5415 1627 5467 deest

253 5481 322 5514 7“
353 5484 587 5541 anchisa
614 5487 666 5541 5.
744 5487 814 5518 ⁷⁵⁵
841 5487 1167 5557 Lantpertus
1190 5486 1245 5542 C.

58 5439 66 5447 .
93 5415 132 5454 et
157 5407 414 5478 ita—infra.

62 5487 86 5520 l1
113 5473 181 5528 Η.
253 5481 322 5514 ⁷⁸⁸
353 5499 414 5528 rm

52 5478 181 5531 'all.

2315 5342 2385 5373 ne
2417 5357 2680 5412 εἷιὲζοηυηι
2715 5341 2767 5393 5,
2843 5337 2912 5368 ἠν
2957 5332 3271 5412 lialtltildem

1676 5413 1760 5468 θα.
1841 5413 1912 5450 ⁷⁵³
1937 5413 2079 5470 deest
2111 5415 2197 5470 9ο.
2271 5413 2338 5444 ⁷³³
2367 5401 2624 5483 ansgisus
2662 5427 2798 5465 corr.
2850 5405 3076 5477 angisus
3106 5401 3184 5456 lO.
3221 5410 3272 5455 et

1506 5545 1738 5605 NOTAE.

81 5608 189 5664 (224

81 5614 189 5664 (224

79 5614 210 5753 {225;

53 5759 152 5804 este
177 5755 440 5813 disseruit
473 5759 664 5817 Hirselt
696 5765 759 5817 de
792 5763 912 5817 Vita
934 5762 1198 5832 Sigebcrli
1228 5778 1280 5831 Ρ·
1316 5762 1421 5815 5:95
1450 5755 1566 5829 qu'

233 5614 542 5674 Nacthilda.

237 5684 362 5743 Haec
384 5697 568 5760 tamen
597 5693 648 5746 in
674 5693 793 5747 Vita
829 5693 883 5746 S.
936 5691 1208 5746 Lamherti
1252 5691 1404 5746 haud
1445 5691 1701 5760 leguntur
1729 5704 1905 5759 neque
1949 5687 2076 5742 alibi
2129 5684 2370 5741 im-enire
2412 5684 2594 5752 potui;
2659 5681 2728 5737 cf.
2803 5697 2924 5751 quae
2971 5679 3072 5735 hac
3104 5679 3171 5732 de
3222 5691 3280 5729 re
