3876 6306
117 307 190 362 72:;
973 301 1340 357 CHRONICA.
1383 333 1454 342 κ-
1489 301 1884 360 cunouncou
1925 304 2380 365 nurvsnsur.
3205 317 3312 371 7:3,,

113 426 295 481 nudatos
318 421 589 475 deseruere
619 419 843 487 pedites,
871 434 1014 488 quos
1035 420 1196 474 Gothi
1231 437 1353 475 nios
1386 422 1620 475 cirrmn-
1651 428 1693 480 Α
1725 426 2132 495 stantinolmlim
2160 469 2175 492 ,
2228 428 2315 482 ubi
2351 437 2477 482 tunc
2512 429 2793 485 Dominica
2819 475 2831 494 ,
2875 448 3014 486 uxor
3049 430 3307 498 Valentis,

111 519 339 578 «tulerunt,
362 527 420 565 ac
439 509 756 580 sagittarum
787 510 1023 566 nubibus
1046 511 1152 566 huc
1179 521 1231 566 et
1263 513 1389 568 illuc
1413 513 1624 585 fugien-
1719 517 1972 584 sedebat;
2007 535 2126 588 qua:
2177 535 2239 574 ex
2276 519 2470 574 aerario
2503 521 2717 591 publico
2771 526 2974 594 premia
3029 527 3166 582 bene
3195 543 3313 581 cer-

113 624 171 664 u-s
187 609 469 662 obruean
500 601 617 672 Ipse
635 618 860 674 quoque
890 603 1184 674 imperator
1212 604 1408 662 \‘alens
1429 607 1624 676 sagitta
1723 608 1968 665 tantibus
1988 613 2242 680 preb'eus,
2272 614 2460 668 urbem
2493 614 2719 670 viriliter
2738 617 3077 674 defenderat.
3104 619 3309 688 ("an

107 701 335 758 sauciatus
357 706 407 752 et
430 697 480 751 in
517 696 701 768 fugam
735 713 944 763 versus,
973 713 1098 752 eum
1145 698 1215 753 ob
1251 697 1479 752 nimium
1525 697 1625 752 do-
1717 701 1845 757 ‘Snb
1877 703 1960 759 his
1990 706 2324 774 temporibus
2353 707 2684 776 Apollinaris
2738 708 3078 767 Laodicenus
3102 727 3314 783 CpISCO-

111 795 241 848 torem
276 791 336 846 de
356 805 493 860 equo
520 790 817 856 laberetur,
851 790 903 844 in
949 791 1271 845 vilissimam
1322 806 1505 846 casam
1536 791 1630 845 de-

109 893 324 956 portatur,
352 884 462 950 ubi,
492 882 684 939 Gothis
710 885 1214 954 supervenientibus
1255 884 1542 956 ipsumque
1558 884 1630 915 ’⁵⁸

108 975 160 1028 ibi
186 974 548 1042 nescientibus,
599 975 722 1045 igne
763 974 1019 1044 imposito
1043 986 1423 1032 concrematur
1443 1019 1458 1043 ,
1486 991 1632 1030 anno

109 1066 398 1133 vitzem50“,
438 1067 588 1138 regni
621 1076 800 1122 autem
835 1070 952 1136 15",
1009 1085 1243 1139 quorum
1290 1070 1348 1122 il
1388 1068 1634 1138 regnavit

105 1173 202 1211 cum
227 1156 395 1224 fratre,
422 1159 453 1212 4
477 1168 602 1229 post
634 1160 807 1215 illiilli.
835 1161 992 1216 Justo
1015 1163 1196 1232 itaque
1221 1161 1311 1215 Bei
1336 1161 1543 1232 judicio
1565 1162 1635 1217 ab

108 1249 189 1304 illis
210 1250 302 1321 igni
325 1261 592 1307 crematus
621 1262 724 1320 est,
755 1270 896 1324 quos
925 1255 1040 1326 ipse
1075 1256 1312 1325 perﬁdiae
1339 1257 1636 1312 succende—

104 1350 168 1395 rat
208 1343 331 1413 igne.
379 1346 549 1399 Antea
599 1347 798 1416 quippe
844 1349 1152 1417 petentibus
1203 1350 1396 1406 Gothis
1453 1359 1510 1406 ut
1556 1350 1636 1407 eis

104 1434 299 1488 insteret
343 1436 709 1506 predicatores
736 1449 790 1494 et
819 1441 1073 1496 doctores
1096 1484 1111 1508 ,
1161 1443 1255 1512 qui
1287 1458 1381 1497 eos
1411 1443 1639 1497 catholi-

97 1543 193 1581 cam
214 1528 355 1584 ﬁdem
385 1531 736 1599 instruerent,
770 1534 916 1589 misit
942 1535 1207 1591 Arrianus
1228 1537 1502 1603 doctores,
1532 1536 1640 1593 sic-

97 1635 184 1686 que
201 1623 360 1677 omnis
391 1623 479 1678 illa
507 1641 640 1695 gens
663 1627 890 1682 Arriana
916 1627 1056 1682 facta
1084 1639 1186 1684 est.
1218 1629 1433 1684 Mortuo
1452 1640 1639 1684 autem

101 1708 301 1783 Valente,
327 1715 487 1773 Gothi
517 1717 630 1787 jam
661 1720 838 1775 securi
889 1731 1121 1793 pergunt
1169 1723 1232 1777 ad
1277 1719 1465 1776 urbem
1496 1721 1641 1777 Gon-

1729 811 1832 866 pus
1861 797 2028 851 nmlta
2061 809 2262 854 nostrte
2289 801 2568 872 religionis
2598 803 2799 872 scripta
2830 804 3173 874 composuit;
3217 806 3311 874 qui

1728 897 1917 959 postea
1944 889 2169 947 devians
2198 907 2228 946 a
2261 892 2385 960 fide,
2419 895 2650 951 heresim
2683 895 2767 951 sui
2795 896 3031 952 nominis
3057 896 3312 953 instituit.

1732 982 1952 1050 Quia?"l
1981 999 2110 1040 vero
2140 984 2441 1041 Gothorum
2471 988 2676 1043 mentio
2723 1005 2834 1043 non
2877 990 3054 1044 solum
3104 989 3159 1044 in
3211 990 3318 1044 hoc

1733 1075 1856 1129 loco
1885 1077 1980 1132 sed
2010 1085 2065 1130 et
2109 1077 2161 1130 in
2196 1078 2609 1146 precedentibns
2641 1095 2768 1149 sepe
2813 1089 2898 1134 est
2925 1080 3130 1146 habita,
3178 1089 3231 1135 et
3262 1079 3319 1134 in

1735 1169 2092 1238 sequentibus
2120 1170 2303 1238 sepius
2343 1171 2698 1238 habendam,
2731 1189 2839 1227 non
2870 1173 3202 1243 superﬂuum
3234 1174 3314 1227 vi-

1737 1260 1915 1326 detur,
1943 1260 1987 1314 si
2016 1261 2083 1316 de
2107 1261 2316 1332 origine
2343 1278 2535 1317 eorum
2567 1263 2730 1318 altius
2757 1265 2825 1318 ab
2845 1265 2998 1319 initio
3025 1274 3318 1336 repetatur,

1737 1361 1790 1407 et
1820 1353 1915 1423 qui
1947 1363 2040 1407 aut
2074 1354 2216 1410 unde
2242 1365 2448 1420 essent,
2472 1371 2636 1425 quam
2669 1356 2987 1412 brevissime
3012 1358 3324 1412 verissime-

1739 1459 1845 1514 que
1876 1454 2072 1514 potest,
2107 1445 2194 1500 hic
2223 1445 2428 1516 aliquid
2462 1447 2752 1513 inseratur,
2798 1448 2925 1516 quia
2953 1457 3006 1503 et
3035 1447 3197 1512 Huni,
3230 1448 3323 1518 qui

1741 1552 1836 1592 eos
1867 1538 1933 1592 de
1962 1538 2184 1593 sedibus
2236 1538 2351 1594 suis
2385 1539 2661 1609 expulisse
2697 1539 3028 1604 referuntur,
3057 1540 3325 1611 originem

1741 1644 1808 1684 ex
1840 1629 1926 1684 his
1951 1630 2189 1686 traxisse
2233 1631 2509 1697 dicuntur,
2538 1631 2728 1702 chidi
2763 1648 2983 1703 quoque
3015 1641 3069 1687 et
3097 1633 3326 1686 Amazo-

1743 1737 1840 1778 nes
1869 1738 1933 1778 ex
1965 1724 2044 1779 eis
2072 1724 2405 1794 processisse
2431 1725 2704 1796 leguntur.

1182 1837 1590 1898 HYS'I‘ORIA
1641 1835 2097 1897 uornonnn
2133 1840 2204 1875 τις

150 1933 326 2009 (Juno)
361 1936 624 1992 Claudius
656 1937 1031 2004 Ptlmlomeus,
1065 1940 1214 1994 orbis
1243 1949 1399 1993 terrae
1427 1954 1635 1992 uescrr
1675 1941 1716 1998 Β
1749 1948 1864 1992 Ital.
1898 1946 2151 2008 Augusti,
2182 1939 2329 2008 quod
2379 1955 2432 1993 in
2479 1938 2673 1996 diebus
2703 1954 2849 1995 eirea
2879 1939 3118 1994 testivale
3144 1942 3331 1996 smsti-

94 2029 491 2100 pio-egregius,
543 2031 710 2085 refert
761 2031 812 2084 in
864 2034 1104 2087 secundo
1152 2033 1233 2086 sui
1269 2034 1450 2102 operis
1481 2033 1638 2098 libro,

89 2121 246 2173 ρεςοιίη
268 2123 450 2176 oceani
475 2124 648 2177 arctoi
667 2125 784 2178 salo
806 2124 1039 2178 insulam
1063 2127 1336 2195 quandam
1364 2144 1639 2198 magnam,

94 2210 277 2267 nomine
327 2213 615 2268 Scanziam
637 2259 651 2282 ,
707 2217 760 2270 in
815 2217 1039 2271 modum
1072 2218 1184 2272 folii
1214 2221 1345 2274 cetri
1380 2221 1642 2276 lateribus

87 2304 250 2368 pandis
292 2321 385 2374 per
433 2307 658 2377 longum
712 2309 930 2363 ductam
963 2351 978 2375 ,
1027 2328 1190 2380 quam
1224 2321 1279 2366 et
1309 2311 1644 2383 Pomponius

89 2393 198 2448 Mela
224 2397 272 2450 in
298 2400 465 2455 maris
493 2400 617 2454 sinu
651 2401 873 2456 Cozlano
901 2403 1130 2472 positam
1165 2405 1351 2472 refert,
1381 2408 1541 2476 cujus
1572 2409 1645 2463 ri-

85 2501 162 2552 pas
189 2489 351 2546 inﬂuit
379 2507 646 2548 oceanus.
683 2493 806 2549 lber.
836 2512 866 2549 a
894 2494 1072 2551 fronte
1104 2498 1278 2567 posita
1309 2509 1391 2554 est
1424 2499 1646 2556 Vistiliae

86 2575 310 2648 ﬂuminis,
346 2585 442 2655 qui
499 2584 821 2642 Sarmaticis
870 2591 1150 2646 mamilius
1201 2602 1378 2658 ortus,
1417 2594 1470 2647 in
1509 2612 1644 2650 con-

82 2682 241 2736 spectu
267 2673 518 2732 Scanzim
557 2679 967 2748 septentrionali
1001 2697 1208 2735 oceano
1238 2683 1498 2742 trisuleus
1529 2687 1647 2740 illa-

79 2760 220 2830 bitur,
249 2765 604 2825 Germaniam
661 2770 1050 2844 Scythiamque
1097 2775 1491 2834 determmans.
1545 2779 1646 2834 Ubi

77 2855 214 2911 etiam
239 2860 356 2916 alia:
382 2863 662 2932 pluresm
690 2865 882 2921 insula:
910 2866 1166 2922 dicuntur
1191 2884 1310 2924 esse
1339 2870 1644 2940 dispositae;

78 2947 131 2998 ad
156 2965 281 3018 quas
307 2954 358 3008 si
396 2957 690 3026 congelato
719 2959 856 3012 mari
908 2959 978 3013 ob
1026 2959 1256 3014 nimium
1311 2960 1484 3032 frigus
1534 2963 1646 3033 lupi

77 3044 388 3111 transierint,
422 3048 731 3104 luminibus
759 3049 1008 3104 feruntur
1035 3052 1258 3121 privari.
1314 3053 1389 3107 lta
1420 3071 1527 3109 non
1559 3071 1648 3110 so—

73 3129 168 3186 lum
214 3135 541 3196 hominibus
593 3141 953 3212 inhospitales
1004 3160 1192 3198 rerum
1242 3145 1408 3200 etiam
1459 3146 1648 3203 bestiis

72 3231 206 3281 ιρι-ηρ
232 3240 360 3285 sunt
387 3233 666 3288 crudeles.
719 3233 777 3288 In
830 3234 1056 3290 Scanzia
1092 3253 1220 3292 vero
1253 3238 1430 3293 insula
1464 3240 1648 3295 multa:

1743 2030 1888 2085 cium
1924 2031 1975 2084 in
2007 2031 2313 2100 vespertina
2364 2032 2494 2084 hora
2527 2031 2826 2085 abscondat
2855 2046 2914 2085 se
2944 2031 3045 2095 sol,
3079 2032 3333 2086 occidens

1743 2123 1901 2192 quasi
1956 2131 2078 2193 post
2129 2125 2415 2194 parvulum
2463 2123 2756 2191 tumulum,
2808 2123 2884 2177 ita
2930 2133 2987 2178 ut
3019 2123 3070 2176 in
3104 2123 3334 2176 niinimo

1746 2217 1838 2270 illo
1890 2228 2065 2286 spatio
2119 2218 2284 2272 nichil
2340 2219 2432 2272 fiat
2484 2218 2878 2283 tenebrarum,
2929 2217 3024 2271 sed
3073 2216 3336 2286 quicquid

1746 2309 1910 2364 homo
1937 2311 2152 2378 operari
2184 2311 2414 2366 voluerit
2439 2353 2455 2378 ,
2511 2320 2770 2380 tanquam
2815 2310 2867 2363 in
2904 2309 3171 2378 pI-escntia
3203 2309 3339 2362 solis

1745 2406 1947 2472 pessit;
2000 2412 2054 2458 et
2103 2420 2148 2458 su
2181 2404 2233 2458 in
2266 2392 2551 2458 altitudine
2582 2403 2852 2459 montium
2881 2402 3128 2469 ejusdem
3181 2410 3337 2454 terra:

1747 2495 2000 2560 fuissent,
2035 2495 2262 2551 forsitan
2292 2497 2373 2551 sol
2407 2511 2688 2565 nunquam
2718 2495 2800 2550 eis
2848 2493 3100 2548 latuisset
3131 2493 3222 2546 7‘“.
3277 2491 3335 2545 In

1746 2588 1928 2642 medio
1961 2598 2142 2643 autem
2177 2588 2354 2658 spatio
2403 2589 2567 2646 illius
2602 2587 2814 2641 minimi
2865 2586 3125 2655 temporis
3159 2585 3334 2648 media

1747 2698 1852 2735 nox
1888 2681 1946 2736 fit
1976 2681 2030 2735 in
2062 2681 2240 2736 medio
2269 2690 2533 2736 terrarum
2565 2681 2734 2735 orbis.
2771 2679 2876 2735 Sed
2923 2689 2976 2734 et
3008 2679 3198 2733 beatus
3227 2678 3340 2730 Au—

1746 2776 2001 2845 gustinus
2055 2775 2108 2829 in
2152 2783 2420 2830 sententia
2450 2817 2465 2840 ,
2511 2790 2633 2844 qum
2683 2775 2738 2828 in
2767 2772 3156 2828 mcclesiastiee
3187 2771 3243 2824 lit
3272 2771 3338 2824 de

1707 2915 1711 2917 .
1749 2867 1882 2929 sole,
1910 2867 1975 2920 de
2002 2867 2208 2919 ambitu
2257 2867 2386 2921 solis
2421 2866 2552 2921 dicit
2603 2866 2619 2935 (
2645 2865 2721 2919 De
2752 2864 2938 2920 Genesi
2969 2864 3060 2918 lib.
3098 2880 3133 2916 l.
3161 2863 3337 2932 Opera

1747 2958 1831 3011 ed.
1864 2956 2091 3012 Froben.
2127 2957 2211 3023 Ill,
2251 2974 2303 3028 p.
2355 2957 2501 3025 506)
2536 2976 2551 3012 :
2585 2957 2856 3011 Australis
2907 2973 3028 3026 ergo
3063 2971 3188 3025 pars
3221 2969 3338 3006 cum

1748 3048 1900 3102 habet
1932 3050 2114 3116 solem,
2145 3052 2292 3104 nobis
2344 3051 2455 3103 dies
2488 3061 2598 3113 est;
2643 3066 2762 3103 cum
2799 3059 2976 3102 autem
3012 3049 3084 3100 ad
3137 3056 3340 3116 partem

1749 3141 2014 3210 aquilonis
2043 3142 2301 3195 circuiens
2326 3140 2644 3210 parre/titur,
2677 3141 2826 3193 nobis
2855 3155 2958 3191 no.1:
2979 3147 3091 3199 est;
3121 3153 3222 3190 non
3256 3145 3340 3188 ta-

1751 3251 1866 3288 men
1891 3235 1945 3288 in
1969 3234 2079 3287 alia
2110 3244 2261 3305 parte
2292 3243 2494 3288 nonest
2528 3233 2662 3299 dies,
2687 3233 2775 3286 ubi
2801 3232 3063 3302 presentia
3092 3229 3219 3283 solis
3241 3230 3340 3288 est;

71 3326 113 3368 et
137 3317 354 3377 diversas
388 3336 626 3380 manent
671 3327 941 3393 nationes,
971 3346 1204 3399 quarum
1256 3341 1459 3401 septem
1495 3349 1648 3388 com-
1679 3323 1719 3382 C
1755 3333 1859 3385 nisi
1890 3332 2025 3402 forte
2065 3332 2286 3401 poeticis
2326 3330 2590 3400 [igniculis
2635 3344 2727 3381 cor
2751 3325 3122 3381 inclinandum
3152 3331 3252 3386 est,
3281 3332 3338 3374 ut

67 3423 310 3470 memorat
361 3415 766 3483 I’tholomeus;
819 3435 883 3475 ex
915 3421 1116 3491 quibus
1147 3439 1256 3478 una
1282 3424 1425 3479 dicta
1458 3424 1652 3497 Adogit

66 3499 112 3552 in
139 3515 315 3562 arctoa
373 3521 542 3580 parte
590 3511 831 3581 ejusdem
868 3514 1063 3569 insulae
1113 3516 1384 3582 consistit,
1420 3534 1544 3588 qua:
1595 3519 1650 3573 in

64 3595 218 3651 media
247 3610 448 3657 testate
507 3603 578 3657 Ml
623 3605 816 3660 diebus
845 3615 899 3661 et
942 3607 1194 3664 noctibus
1245 3608 1422 3664 lucem
1471 3611 1650 3666 conti—

63 3702 206 3743 nuam
229 3691 408 3749 fertur
432 3696 664 3761 habere,
697 3698 932 3770 itemque
945 3699 1122 3755 medio
1147 3701 1381 3756 brumali
1411 3711 1652 3772 tempore

63 3780 229 3838 eodem
265 3785 495 3844 dierum
533 3791 885 3862 noctiumque
932 3809 1182 3861 numero,
1216 3795 1480 3850 alternato
1513 3811 1650 3850 mte-

63 3887 166 3928 rorc
211 3895 339 3933 eum
394 3882 647 3954 gaudio,
683 3884 888 3939 claram
938 3885 1112 3939 lucem
1151 3887 1380 3941 nescire.
1433 3886 1500 3940 Et
1548 3887 1653 3942 hoc

63 3962 168 4021 inde
198 3973 369 4040 venit,
409 3976 553 4045 quia
587 3977 978 4044 prolixioribus
1005 3978 1198 4034 diebus
1230 3995 1326 4048 per
1351 3979 1471 4034 axis
1501 3995 1651 4033 mar-

63 4057 214 4124 ginem
247 4066 431 4120 solem
468 4067 660 4122 vident
692 4069 1005 4123 redeuntem
1033 4071 1099 4126 ad
1127 4070 1412 4136 orientem,
1440 4071 1655 4127 brevio-

64 4148 190 4208 °ibns
216 4171 351 4211 vero
387 4174 511 4213 non
545 4159 624 4214 sic
654 4161 794 4230 apud
821 4161 944 4216 illos
975 4163 1328 4232 conspicitur,
1359 4172 1417 4216 ut
1441 4171 1655 4218 austra-

67 4259 119 4295 cs
147 4251 493 4319 conspicere
522 4264 878 4309 censuerunt.
930 4254 1097 4310 Nobis
1128 4256 1274 4310 enim
1321 4256 1533 4311 videtur
1571 4256 1652 4310 sol

63 4333 109 4386 ll.)
134 4335 548 4418 imo-surgere,
582 4345 688 4399 illis
719 4362 850 4400 vero
900 4348 1200 4418 marginem
1241 4347 1495 4402 circuire.
1545 4347 1656 4404 Nec

64 4445 138 4483 Ioc
213 4436 393 4491 alicui
469 4439 794 4493 incredibile
862 4439 1152 4504 videatur,
1229 4440 1358 4509 quia
1444 4439 1655 4495 Plinius

67 4536 118 4585 ll.
160 4540 208 4578 c.
245 4526 342 4598 7'5)
385 4571 402 4594 ,
465 4529 804 4583 secularium
867 4529 1275 4585 eruditissimus
1326 4530 1653 4596 litterarum,

1754 3424 2031 3477 credamus
2067 3423 2230 3476 solent
2277 3424 2414 3477 mari
2445 3440 2498 3476 se
2523 3423 2830 3491 immergere
2852 3429 3010 3488 atque
3033 3417 3153 3470 inde
3175 3415 3342 3468 lotum

1752 3533 1817 3572 ex
1847 3517 1956 3570 alia
1984 3527 2134 3587 parte
2159 3533 2309 3570 mane
2334 3533 2576 3587 surgere;
2621 3530 2962 3585 quamquam,
2991 3513 3037 3566 si
3076 3512 3152 3564 ita
3185 3518 3336 3570 esset,

1755 3609 1974 3679 abyssus
2025 3610 2141 3678 ipsa
2180 3609 2308 3664 solis
2351 3608 2614 3678 presentia
2663 3605 3029 3660 illustraretur
3077 3612 3232 3671 atque
3269 3601 3340 3653 it’i

1755 3702 1864 3753 dies
1891 3710 2055 3765 esset;
2099 3709 2269 3769 posset
2298 3700 2435 3754 enim
2467 3709 2518 3753 et
2553 3715 2720 3769 aquas
2761 3697 3086 3761 illuminare,
3131 3693 3341 3764 qiurmlo

1755 3792 1818 3845 ab
1843 3793 1996 3846 eis'm
2021 3809 2121 3845 non
2142 3802 2311 3862 posset
2332 3793 2601 3864 extingui;
2623 3791 2713 3845 sed
2737 3790 2831 3844 hoc
2855 3798 3242 3844 monstruosum
3267 3793 3342 3837 est

1754 3885 2036 3954 suspicari.

1827 3977 2030 4047 dono.)
2067 3978 2186 4032 Alia
2233 3994 2452 4049 quoque
2481 3977 2738 4049 gensébi
2787 3985 2892 4042 est,
2922 3990 3045 4045 qua:
3092 3973 3342 4027 Suehans

1754 4073 1976 4136 dicitur,
2006 4074 2164 4143 cujus
2191 4074 2367 4145 gentis
2393 4074 2642 4128 homines
2663 4071 2821 4141 equis
2850 4079 3080 4124 utuntur
3103 4065 3341 4128 eximiis,

1750 4150 1811 4220 fet
1841 4165 1891 4218 bi
1925 4167 2171 4234 suntqui
2206 4166 2256 4218 in
2293 4181 2425 4218 usus
2460 4163 2737 4217 Itoiiianos
2771 4159 3103 4231 Sapherinas
3153 4156 3340 4226 pelles,

1750 4243 2090 4313 commercio
2121 4257 2532 4320 interveniente,
2571 4271 2666 4325 per
2695 4256 2830 4310 alias
2865 4255 3183 4308 innumeras
3214 4264 3346 4318 gen-

1759 4362 1840 4406 tes
1873 4351 2268 4415 transmittunt,
2302 4349 2497 4405 famosi
2539 4350 2735 4404 decora
2781 4347 3002 4418 pellium
3041 4341 3340 4410 nigredine.

1761 4443 1822 4498 lli
1849 4445 1918 4476 "’3
1942 4461 2064 4498 cum
2089 4445 2280 4513 inopes
2302 4443 2506 4508 vivant,
2530 4441 2800 4498 ditissime
2848 4439 3175 4494 vestiuntur.
3205 4433 3348 4487 Sunt

1761 4537 1832 4590 ibi
1865 4547 1919 4591 et
1952 4537 2179 4601 Suetidi,
2214 4535 2414 4605 cogniti
2444 4537 2497 4590 in
2525 4537 2625 4590 hac
2653 4541 2831 4605 gente,
2865 4530 3089 4600 reliquis
3117 4539 3348 4596 corpore

67 4615 219 4671 odem
253 4620 380 4674 fieri
415 4621 595 4675 modo
622 4621 676 4674 ill
709 4621 882 4677 insula
933 4621 1088 4677 Thile
1123 4632 1351 4678 testatur
1381 4623 1523 4677 circa
1549 4624 1658 4677 sol-
1693 4668 1736 4722 Β
1760 4630 2166 4694 eminentiores,
2200 4629 2453 4700 quamvis
2477 4628 2634 4695 Dalii,
2665 4645 2729 4683 ex
2759 4629 3000 4697 ipsorum
3027 4624 3196 4691 stirpe
3217 4634 3368 4690 pro—:

69 4706 253 4764 licium
285 4713 558 4768 azstivale
587 4723 644 4768 et
693 4714 938 4769 brumale
970 4716 1244 4786 aliquibus
1298 4727 1508 4771 tantum
1544 4717 1660 4772 dic-

69 4816 149 4854 us.
201 4802 377 4869 Quod
434 4813 501 4859 et
543 4806 869 4862 venerabilis
938 4807 1083 4862 Beda
1159 4808 1518 4878 comprobat,
1578 4809 1661 4862 di-

64 4906 157 4946 ens
191 4894 355 4963 (2‘26)
392 4896 522 4951 sibi
549 4896 754 4952 dictum
783 4898 952 4954 fuisse
983 4915 1013 4953 a
1045 4899 1375 4969 quibusdam
1421 4899 1658 4966 clericis,

65 4988 117 5040 ui
146 4990 203 5044 in
231 4991 453 5046 eadem
488 4990 671 5045 insula
723 4993 943 5046 fuerunt
968 5007 998 5045 a
1029 4991 1144 5046 Kal.
1197 4990 1354 5046 Febr.
1392 5007 1563 5060 usque
1592 4991 1660 5048 ad

1763 4722 1954 4792 gressi,
1987 4720 2216 4777 llcrulos
2237 4723 2471 4792 propriis
2493 4722 2716 4778 sedibus
2735 4717 3060 4788 expulerint,
3085 4714 3178 4784 qui
3208 4713 3348 4766 inter

1762 4828 1952 4867 onmes
1976 4813 2218 4868 Scanzim
2243 4815 2492 4870 nationes
2531 4829 2728 4868 nomen
2773 4811 2877 4867 sibi
2911 4808 3228 4878 precipumn
3280 4803 3352 4857 ob

1764 4905 1990 4960 nimiam
2020 4905 2401 4975 proceritatem
2429 4907 2681 4961 affectant
2700 4904 2789 4958 ηδ.

1835 4995 1910 5050 Ex
1939 4997 2042 5053 hac
2079 4998 2245 5069 igitur
2272 4999 2499 5054 Scanlia
2539 4996 2740 5061 insula,
2778 5008 2945 5065 quam
2985 4991 3076 5046 alii
3111 4987 3350 5044 Scantia—

1359 5081 1593 5139 VAltl/E
1635 5083 2040 5144 LECTIONISS.

91 5175 161 5205 ⁷⁵⁸
191 5177 396 5248 ipsum
432 5175 536 5248 9f.
608 5175 680 5207 ⁷⁸³
707 5191 756 5229 v.
784 5190 880 5248 sue
990 5173 1075 5248 90.
1146 5176 1218 5206 ’⁷³⁷
1249 5173 1492 5248 llis-toria
1519 5171 1810 5248 (lat/torum
1839 5179 1980 5232 deest
2009 5179 2067 5237 li;
2095 5181 2147 5232 in
2184 5179 2278 5232 Di.
2305 5195 2422 5232 rere
2447 5179 2501 5232 in
2539 5179 2978 5248 quaterniomous
3001 5173 3141 5229 XII.
3172 5171 3347 5227 Χ111.

63 5259 131 5318 tot
184 5243 605 5318 deﬁcientibus
647 5247 935 5318 separatim
960 5246 1158 5314 scripta
1193 5256 1326 5318 erat.
1360 5243 1428 5318 lu_
1449 5244 1501 5296 ἓ.
1529 5245 1617 5313 qui
1639 5244 1881 5318 plurima
1911 5251 2088 5303 omisit
2122 5250 2299 5302 omnia
2321 5249 2435 5318 jam
2460 5243 2582 5302 inde
2609 5268 2640 5302 a
2677 5249 2882 5303 verbis:
2932 5247 3146 5300 Mortuo
3168 5255 3370 5318 autent-

64 5312 269 5373 alentc'
300 5319 540 5373 omissa
565 5312 712 5370 sunt;
781 5317 852 5348 ⁷⁵⁸
872 5327 954 5370 est
982 5318 1035 5371 h.
1063 5312 1115 5372 5.

1190 5317 1260 5348 τ⁸⁹
1284 5315 1610 5369 Gotthorum
1635 5315 1687 5367 5.

63 5427 69 5440 .
143 5390 220 5421 ⁷⁵³
241 5391 330 5445 hii
361 5389 688 5461 δηθά-ρεαδ.
761 5388 830 5419 ⁷⁵³
854 5388 1104 5443 affectent
1125 5390 1177 5442 ιι.
1207 5387 1290 5440 lt).
1317 5388 1583 5440 alllectent
1603 5387 1688 5440 90.

1763 5319 1833 5351 ⁷⁶⁰
1860 5336 2023 5390 quam
2049 5321 2230 5389 plures
2251 5314 2334 5376 9c.
2411 5320 2477 5351 ⁷⁶¹
2504 5321 2542 5374 l.
2569 5321 2649 5375 eis
2797 5320 2867 5350 ⁷⁶²
2890 5335 2944 5388 q.
2972 5333 3080 5372 non
3101 5333 3153 5388 p.
3182 5317 3250 5370 ab
3273 5314 3357 5368 eis

1583 5499 1816 5556 NOTAE.

87 5618 249 5680 (“226)
295 5618 445 5672 Ilaec
477 5615 541 5686 in
567 5615 718 5670 Bedze
742 5617 1002 5686 operibus
1038 5615 1236 5670 frustra
1269 5615 1462 5684 quzeri,
1489 5613 1581 5686 sed
1609 5615 1663 5669 in

63 5688 216 5747 icuili
249 5690 424 5746 libro
480 5685 564 5741 De
588 5703 842 5742 mensura
883 5686 1034 5742 orbis
1057 5703 1152 5754 vit,
1177 5687 1230 5752 2,
1256 5687 1310 5752 6,
1359 5687 1491 5757 legi,
1538 5685 1651 5754 jam

1775 5614 2145 5686 Lappenberg.
2170 5613 2386 5668 Archiv.
2413 5628 2486 5679 vi,
2513 5627 2565 5681 p.
2593 5609 2696 5666 890
2721 5609 3008 5665 adnotmit.
