3876 6306
540 340 650 398 72.7

1740 333 2139 391 ΕΙίΚΕΗΑΜὶΙ
2180 329 2645 389 L'BAUGIENSIS

3270 295 3345 308 -σδ
3356 293 3501 310 ﬁ-”

3698 332 3783 389 73.3

533 459 753 514 naviam
776 454 1170 527 dieunt(P.tu:..
1203 454 1352 509 Duc.
1386 470 1425 521 ι,
1454 452 1508 506 ‘3.
1533 450 1618 507 Cf.
1645 467 1695 507 e.
1733 451 1808 522 l),
1841 451 2003 522 quasi
2035 452 2122 513 οἱ·-
2154 450 2198 507 A
2228 456 2394 511 tatur,
2419 460 2594 519 usque
2620 446 2687 500 ad
2716 441 3027 499 Danubium
3052 449 3405 513 montemque
3427 439 3786 511 Taurum,“

531 546 695 605 ﬁcina
726 547 988 619 gentium,
1020 554 1115 600 aut
1160 553 1307 600 certe
1335 545 1477 599 velut
1510 559 1539 610 e
1572 542 1765 615 vagina
1810 541 2117 608 nationum,

531 640 764 695 diversa:
798 638 1049 693 nationes
1091 652 1327 708 egressze
1372 645 1521 702 sunt,
1550 635 1709 716 Dani,
1734 629 1886 700 Daci,
1910 632 2119 700 Heruli,

534 728 698 806 Rugi,
723 731 1040 802 Turcilingi,
1065 730 1338 796 Waudali,
1366 730 1550 784 Winilt
1574 730 1669 800 qui
1689 737 1743 785 et
1755 726 2121 800 Longobardi,

533 833 589 880 et
628 824 684 879 hi
711 824 804 896 qui
834 836 1019 896 postea
1057 822 1473 895 Burgundiones
1515 822 1648 879 dicti
1696 831 1863 889 sunt,
1906 831 1962 876 et
2004 820 2125 879 alia!

528 915 722 971 inulta:
751 915 997 970 barbarie
1025 914 1295 969 nationes.
1321 908 1523 985 (Jono.l
1554 911 1636 968 Ex
1675 911 1865 968 eadem
1903 925 2127 981 quoque

526 1018 665 1062 'cum
707 1021 831 1075 rege
877 1021 979 1060 suo
1014 1004 1234 1059 nomine
1261 1004 1454 1059 Berich
1482 1002 1667 1069 Gozhi,
1702 1002 1799 1074 qui
1835 1010 1891 1060 et
1914 1000 2123 1069 Gethaa,

537 1096 816 1172 quondam
865 1103 1241 1151 memorantur
1287 1094 1495 1168 egressi
1550 1109 1678 1151 cum
1711 1093 1885 1150 tribus
1912 1101 2127 1148 tantum

538 1188 791 1244 navibus.
820 1187 923 1243 Sed
948 1188 1041 1259 qui
1066 1188 1119 1242 in
1144 1204 1253 1243 una
1276 1195 1431 1241 (rant
1450 1187 1595 1249 navi,
1617 1185 2103 1257 aliquautulumm

540 1289 601 1335 ut
647 1280 762 1335 fieri
810 1281 966 1346 solet,
998 1281 1289 1346 tardiores,
1322 1296 1446 1333 eum
1493 1279 1631 1334 alios
1676 1279 1832 1349 sequi
1860 1294 1969 1333 non
2001 1292 2131 1348 pos-

538 1382 683 1439 sent,
717 1373 770 1426 in
813 1373 1089 1443 quandam
1115 1371 1338 1428 Vistula:
1370 1370 1610 1428 [luminis
1639 1371 1878 1428 insulam
1902 1370 2130 1425 venien-

541 1473 644 1527 tes,
675 1480 961 1535 quousque
993 1464 1249 1519 meliores
1280 1464 1586 1519 invenirent
1611 1464 1790 1528 sedes,
1817 1461 1892 1519 ibi
1912 1461 2133 1518 resede-

539 1565 712 1622 runt,
767 1573 1077 1628 nomenque
1127 1556 1275 1629 genti
1318 1573 1385 1613 ex
1432 1557 1689 1614 tarditate
1731 1572 1831 1613 sua
1864 1556 2134 1612 dederunt

543 1650 737 1721 (ll:id.,
764 1666 812 1704 c.
848 1649 936 1723 l7)
985 1649 1121 1705 Nam
1171 1651 1354 1722 lingua
1394 1666 1582 1708 eorum
1632 1649 1847 1722 pigritia
1887 1648 2132 1719 Gepanta

543 1742 767 1810 dicitur,
794 1743 1022 1828 ipsaque
1054 1759 1189 1814 gens
1218 1754 1402 1814 postea
1435 1744 1698 1814 paulatim
1735 1754 1996 1814 corrupto
2028 1760 2131 1819 nor-

2224 539 2377 592 illum
2403 536 2549 593 Asiae
2577 535 2673 591 sed
2698 535 2982 606 proprium
3010 533 3270 607 Scythiae,
3297 550 3399 606 per
3429 550 3642 592 otnnetu
3666 536 3787 593 lico-

2224 632 2352 688 tidis
2377 632 2642 685 ambitum
2666 671 2684 697 ,
2728 630 2889 700 cujus
2919 629 3134 699 paludis
3166 630 3439 685 circuitus
3457 631 3531 663 ’τι
3574 642 3653 688 αι
3686 649 3788 702 pas-

2225 738 2386 780 suum
2416 722 2563 777 mille
2588 730 2808 777 centum
2840 722 2932 788 ιιι,
2969 736 3249 792 nusquam
3277 731 3410 776 octo
3430 723 3631 779 cubitis
3660 726 3793 780 altius

2226 813 2581 875 subsidentis.
2607 809 2666 865 lu
2686 827 2794 883 qua
2824 810 3048 883 Scythia
3070 811 3249 883 prima
3278 812 3351 868 ab
3382 813 3667 869 occidente
3691 832 3793 885 grus

2225 916 2310 962 est
2348 905 2679 976 Gepidorum
2708 945 2725 972 ,
2778 920 2905 977 qua:
2943 904 3159 976 magnis
3198 905 3555 977 opinatisque
3594 908 3793 962 swine

2227 998 2567 1065 ﬂaminibus,
2609 997 2965 1055 iutrorsus’"
2992 996 3148 1054 Datin
3177 1006 3284 1065 est,
3331 997 3404 1054 ad
3440 1014 3663 1055 corona:
3699 1016 3792 1071 spe-

2228 1093 2369 1147 ciem
2406 1090 2595 1147 arduis
2634 1088 2865 1161 Alpibus
2906 1090 3189 1157 emunita;
3232 1090 3362 1146 dein
3410 1105 3514 1160 per
3560 1090 3795 1146 inmensa

2229 1184 2407 1255 spatia
2437 1181 2790 1238 Venetiarum
2828 1181 2979 1238 natio
3007 1181 3273 1252 populosa
3298 1180 3579 1247 considet,
3601 1195 3796 1251 qua-um

2234 1276 2460 1331 nomina
2487 1275 2614 1331 licet
2637 1290 2785 1330 nunc
2807 1290 2906 1345 per
2935 1274 3116 1330 varias
3140 1272 3377 1330 familias
3399 1283 3457 1329 et
3480 1274 3606 1333 tua
3624 1284 3802 1329 tum

2230 1377 2342 1435 tur,
2365 1368 2737 1439 principaliter
2758 1376 2940 1423 tamen
2968 1366 3219 1422 Sclaveni
3243 1367 3633 1423 nominantur.
3655 1364 3799 1421 Prin

2214 1475 2362 1527 vero
2409 1459 2624 1515 mansio
2670 1458 2977 1515 Gothorum
3008 1458 3064 1513 in
3099 1458 3337 1530 Scythia
3379 1459 3509 1515 solo
3550 1458 3655 1512 fuit
3681 1459 3800 1529 juxta

2216 1552 2487 1625 paludem
2527 1550 2835 1618 Meotidem,
2872 1549 3112 1606 secunda
3140 1550 3198 1605 in
3224 1548 3386 1605 Misia
3437 1547 3738 1621 Tractaque
3763 1563 3804 1605 et

2234 1643 2412 1712 Dacia,
2440 1644 2609 1699 tercia
2633 1659 2798 1713 supra
2821 1642 2972 1697 mare
2994 1641 3304 1697 Ponticum.
3330 1640 3402 1697 Et
3423 1641 3564 1696 dum
3592 1642 3648 1696 in
3668 1642 3801 1712 prim

2236 1737 2539 1808 sedejuxta
2568 1735 2856 1792 Msatidetn
2882 1736 3238 1801 habitarent,
3294 1733 3620 1789 Filimereut
3662 1750 3803 1806 regem

546 1835 693 1889 mine
729 1850 799 1889 ex
834 1825 967 1891 vitio
999 1836 1266 1891 tarditatis
1298 1837 1628 1907 Gepidorum
1658 1838 1985 1892 vocabulum
2015 1853 2136 1893 sor-

2243 1830 2566 1897 Itabuerunt,
2597 1828 2651 1883 in
2692 1828 2954 1895 secunda,
2984 1827 3036 1882 id
3057 1828 3223 1883 estin
3249 1826 3428 1883 Misia‘.
3448 1825 3805 1897 Traci:cqncet

547 1926 697 1982 titur.
723 1926 880 1994 Quod
906 1929 1085 1999 ipsum
1106 1945 1205 1985 nec
1225 1930 1391 1987 credo
1413 1928 1808 1998 falsissimum;
1837 1940 1966 1986 sunt
1989 1929 2137 1986 enim

548 2020 769 2091 ingenio
790 2021 1059 2078 tardiores
1089 2031 1144 2079 et
1178 2023 1465 2079 velocitate
1499 2039 1795 2094 corporum
1837 2027 2136 2095 graviores.

536 2110 566 2180 η(
589 2110 654 2173 C.
687 2112 721 2166 tl
753 2116 918 2185 sqq.)
974 2112 1082 2169 Alii
1121 2130 1253 2170 vero
1282 2115 1377 2192 qui
1423 2115 1479 2170 in
1506 2116 1720 2172 duabus
1744 2125 1900 2172 erant
1928 2132 2053 2172 mox
2079 2125 2140 2170 ut

547 2203 860 2260 citeriorem
887 2206 1079 2262 oceani
1108 2206 1283 2278 ripam
1306 2207 1626 2279 attigerunt,
1661 2224 1860 2264 nomen
1897 2214 2017 2265 loco
2045 2210 2140 2266 de-

551 2293 773 2363 derunt,
797 2297 890 2369 qui
931 2298 1225 2369 hodieque,
1255 2307 1315 2355 ut
1340 2298 1533 2365 fertur,
1567 2300 1952 2357 Gothiscanzia
1976 2317 2141 2358 voca-

553 2391 663 2444 tur.
688 2387 818 2447 lnde
843 2405 971 2446 mox
995 2402 1398 2463 promoventes,
1416 2392 1485 2448 ad
1507 2391 1924 2465 Ulmerugorum
1960 2394 2136 2461 sedes,

551 2485 647 2557 qui
661 2493 794 2541 tunc
813 2488 1006 2543 oceani
1032 2488 1181 2559 ripas
1200 2487 1539 2555 insederunt,
1566 2497 1749 2544 castra
1774 2488 1963 2544 metati
1989 2496 2137 2555 sunt,

550 2592 777 2649 eosque,
805 2580 1106 2641 commisso
1135 2581 1345 2652 pratlio,
1387 2582 1624 2652 propriis
1668 2582 1891 2638 sedibus
1917 2581 2142 2652 expule-

536 2674 703 2741 runt,
724 2672 1046 2745 vicinosque
1068 2688 1261 2730 eorum
1286 2672 1586 2730 Wandalos
1607 2682 1738 2732 tunc
1764 2674 2138 2745 subjugantcs,

550 2764 670 2821 suis
694 2764 941 2822 victoriis
972 2766 1403 2838 applicaverunt.
1434 2765 1538 2823 Ubi
1564 2767 1799 2836 γει-0⁷⁸⁸,
1825 2783 2021 2838 magna
2042 2782 2142 2837 po—

551 2855 666 2926 puli
708 2857 1103 2914 numerositate
1142 2867 1442 2927 crescente,
1489 2858 1715 2929 quintus
1738 2859 1853 2929 jam
1884 2874 2021 2930 pene
2046 2874 2142 2913 rex

550 2956 672 3022 post
701 2947 893 3004 Berieh
923 2950 1207 3021 regnabat,
1228 2950 1471 3018 Filimer,
1498 2950 1748 3009 Gadariei
1770 2950 1947 3023 Magni
1974 2950 2140 3019 ﬁlius,

554 3041 846 3096 consilium
888 3043 1072 3111 dedit,
1121 3052 1185 3099 nt
1224 3060 1349 3101 eum
1398 3043 1622 3100 familiis
1670 3045 1788 3101 suis
1837 3044 2141 3099 Gothorum

554 3130 648 3185 ind
668 3132 766 3185 3’"
796 3142 1142 3202 promoveret
1170 3134 1465 3190 exercitus.
1498 3133 1603 3201 Qui
1632 3133 1946 3205 aptissimus
1986 3134 2143 3189 sedes

554 3221 783 3293 locaque
809 3223 939 3277 dum
961 3233 1213 3294 quereret
1233 3241 1498 3297 congrua,
1534 3227 1779 3295 pervenit
1801 3226 1869 3280 ad
1909 3223 2145 3297 Scythize

548 3325 755 3378 terras,
780 3329 904 3383 quae
933 3315 1118 3386 lingua
1151 3331 1344 3371 eorum
1375 3314 1531 3370 Ovim
1547 3316 1617 3348 ’⁸⁸
1657 3316 2010 3371 vocabantur.
2040 3314 2145 3371 Ubi

556 3406 858 3462 delectatus
911 3424 1107 3480 magna
1137 3410 1383 3465 ubertate
1423 3408 1708 3481 regionum
1736 3452 1750 3479 ,
1800 3427 1896 3481 per
1924 3421 2143 3482 pontem

556 3500 900 3568 transposuit
929 3502 1228 3557 exercitum
1273 3503 1413 3558 ultra
1455 3504 1727 3572 quendam
1759 3503 2001 3559 ﬂuvium.
2031 3502 2145 3560 Me-

560 3587 762 3647 dietate
809 3600 992 3646 autem
1060 3593 1336 3649 exercitus
1404 3595 1777 3664 transposita,
1825 3610 2003 3665 pons,
2056 3596 2147 3650 ubi

556 3695 779 3741 amnem
811 3683 1119 3754 traiecerat,
1156 3687 1358 3741 dicitur
1394 3687 1820 3756 irreparahiliter
1849 3688 2146 3755 corruisse,

561 3789 668 3830 nec
688 3776 919 3833 ulterius
952 3778 1104 3836 licuit
1129 3779 1244 3848 jam
1270 3779 1435 3834 alicui
1466 3780 1545 3835 ire
1570 3788 1666 3836 aut
1695 3781 1892 3835 redire.
1933 3779 2069 3835 Nam
2103 3782 2152 3837 is

562 3866 742 3934 locus,
767 3877 825 3923 ut
847 3868 1039 3938 fertur,
1061 3872 1307 3928 tremulis
1329 3873 1618 3943 paludibus
1635 3874 1894 3944 voragine
1916 3873 2153 3929 circum-

561 3958 707 4030 iecta
735 3961 1097 4027 concluditur,
1135 3977 1297 4032 quem
1330 3972 1561 4035 utraque
1603 3964 1929 4020 Confusione
1959 3974 2153 4020 natura

558 4049 744 4105 reddit
773 4051 1115 4123 impervium.
1146 4053 1530 4115 Verumtamen
1576 4055 1738 4112 hodie
1768 4057 1878 4113 illic
1904 4066 1960 4112 et
1992 4073 2154 4114 voces

562 4152 940 4208 armentorum
976 4146 1154 4209 audiri
1180 4154 1236 4202 et
1267 4146 1465 4203 indicia
1486 4148 1774 4204 hominum
1800 4149 2153 4220 deprehendi,

562 4236 989 4290 commeantium
1013 4238 1307 4303 attestatio,
1331 4241 1585 4296 quamvis
1613 4240 1772 4311 longe
1793 4240 2154 4310 audientium,

557 4325 707 4382 solet
738 4328 1041 4396 perhibere.
1088 4328 1156 4384 Hi
1191 4345 1339 4401 ergo,
1374 4331 1472 4401 qui
1526 4332 1670 4403 apud
1709 4331 1932 4389 Filimer
1960 4332 2156 4394 dicun-

565 4423 661 4480 tur
682 4416 739 4471 in
766 4425 941 4474 terras
982 4417 1139 4476 Ovim
1172 4437 1397 4478 emenso
1419 4438 1580 4478 amne
1606 4424 1947 4494 transpositi,
1971 4434 2159 4494 optato

2241 1921 2412 1978 Datim
2449 1923 2588 1990 solo,
2620 1921 2941 1987 Zalmoxen,
2973 1936 3136 1992 quem
3182 1918 3338 1975 mirae
3370 1919 3739 1991 phylosoplti:
3768 1932 3807 1974 ct

2239 2016 2562 2072 eruditionis
2585 2015 2756 2071 fuisse
2775 2023 3062 2071 testantur.
3100 2013 3355 2084 Plerique
3388 2024 3584 2069 autem
3618 2015 3807 2085 scripto-

2239 2125 2328 2164 res
2350 2108 2628 2163 annalium
2659 2108 2884 2163 tradunt
2911 2122 3006 2162 eos
3045 2106 3200 2177 prius
3222 2105 3492 2162 habuisse
3512 2106 3806 2161 cruditatem

2243 2200 2487 2268 Zeutem,
2524 2209 2714 2272 postea
2747 2198 3169 2269 Dieincum.qui
3205 2198 3358 2253 venit
3387 2198 3459 2253 ad
3485 2214 3587 2254 eos
3615 2214 3683 2254 eo
3707 2210 3810 2253 tan-

2241 2309 2372 2366 pnre
2400 2310 2509 2364 quo
2540 2294 2685 2364 Sylla
2714 2291 2963 2347 Romano
2989 2291 3298 2367 principatu
3340 2291 3559 2362 potitus
3588 2300 3691 2359 est,
3720 2302 3809 2362 past

2242 2386 2525 2443 Dicinemn
2600 2385 2858 2441 habuisse
2929 2385 3231 2455 sapientem
3284 2385 3650 2441 Comosicum
3678 2428 3692 2449 ,
3739 2384 3809 2454 qui

2241 2488 2463 2551 propter
2481 2493 2638 2534 suam
2672 2477 2931 2548 poriciam
2967 2486 3021 2532 et
3044 2493 3141 2531 rex
3167 2476 3276 2531 illis
3312 2476 3619 2531 haberetur
3642 2487 3809 2546 etpor-

2242 2572 2396 2639 tilex,
2433 2580 2691 2643 quartum
2726 2585 2858 2625 vero
2881 2569 3140 2629 hab-diss:
3164 2568 3493 2624 ZalmOxen.
3530 2567 3641 2625 Nec
3664 2568 3811 2623 defur-

2242 2674 2373 2721 ruut
2411 2664 2506 2735 qui
2549 2679 2644 2718 eos
2672 2662 2938 2732 sapientia
2975 2662 3284 2728 etudircnt;
3334 2662 3490 2716 unde
3531 2672 3587 2716 et
3623 2662 3811 2732 pene"-1

2244 2759 2499 2816 omnibus
2520 2755 2769 2811 barbaris
2785 2753 2947 2809 Gothi
2972 2753 3333 2823 sapientiores
3360 2754 3695 2809 exstiterunt
3712 2752 3811 2807 Gre

2244 2851 2434 2922 eisque
2458 2862 2595 2920 pene
2619 2846 2849 2914 similes,
2875 2853 2937 2900 ut
2957 2843 3124 2901 refert
3161 2844 3282 2913 Dio,
3324 2845 3426 2916 qui
3453 2844 3723 2919 hysterias
3738 2861 3811 2901 aa-

2243 2944 2508 3015 nalesque
2541 2955 2735 3001 eorum
2764 2938 2937 2995 Greco
2972 2938 3099 2993 stilo
3145 2939 3499 3015 composuit;
3548 2938 3644 3009 qui
3684 2948 3810 2991 eust-

2245 3036 2379 3093 dicit
2410 3050 2508 3090 eos
2536 3032 2775 3105 primum
2810 3030 3197 3097 Tarabosteos,
3233 3030 3435 3085 deinde
3464 3030 3716 3086 Pillealos
3740 3044 3813 3082 ro-

2245 3130 2445 3184 cltasse
2490 3127 2593 3185 hos
2624 3125 2720 3197 qui
2752 3125 2891 3181 inter
2916 3140 3009 3179 eos
3037 3123 3290 3194 generosi
3309 3124 3613 3178 exstabant
3632 3124 3721 3188 7",
3763 3138 3811 3175 ex

2246 3221 2447 3292 quibus
2490 3233 2646 3290 reges
2691 3226 2747 3273 et
2792 3216 3102 3273 sacerdotes
3148 3216 3254 3271 sibi
3300 3216 3659 3271 ordinabant.
3698 3216 3813 3273 Adeo

2246 3328 2375 3383 ergo
2412 3310 2618 3372 laudati
2668 3308 2820 3364 fuere
2852 3307 3058 3375 Gellia,
3086 3317 3146 3365 ut
3170 3306 3428 3376 Martem,
3456 3325 3626 3380 quem
3666 3318 3814 3379 porta-

2248 3419 2373 3458 rum
2401 3401 2614 3459 fallacia
2635 3401 2798 3457 deum
2822 3399 2946 3454 belli
2973 3400 3323 3471 pronunciat,
3351 3401 3503 3472 apud
3527 3417 3588 3456 se
3612 3401 3813 3457 diremit

2250 3497 2423 3552 fuisse
2453 3494 2818 3566 progenitum.
2851 3490 3007 3547 Unde
3042 3492 3178 3548 dicit
3208 3490 3480 3563 Virgilius
3512 3513 3523 3547 :

2323 3587 2712 3658 Gradivumque
2739 3595 2943 3656 patrem
2985 3583 3184 3639 Geticis
3216 3586 3307 3656 qui
3352 3587 3594 3656 preside:
3621 3588 3764 3642 anis.

2252 3679 2428 3748 Quem
2471 3677 2700 3734 Martem
2741 3676 2904 3733 Gothi
2954 3693 3172 3748 semper
3216 3679 3531 3748 asperrima
3577 3680 3816 3750 placarer:

2255 3775 2489 3840 cultura,
2514 3771 2723 3827 scilicet
2744 3778 2920 3825 morte
2948 3770 3313 3840 captivorum,
3367 3770 3662 3840 Opinautes
3680 3771 3812 3825 bello-

2253 3882 2375 3919 rum
2405 3863 2678 3936 presulem
2699 3862 2907 3933 apte?"
2938 3862 3182 3918 humano
3206 3864 3483 3934 sanguine
3508 3864 3812 3934 placandum.

2255 3956 2370 4011 llac
2408 3957 2591 4026 itaque
2636 3955 2763 4010 sede
2808 3952 3153 4010 morantibus
3182 3952 3400 4020 Gothis,
3428 3958 3529 4026 qui
3555 3967 3611 4012 et
3643 3956 3817 4026 Scyllae

2255 4049 2387 4106 dicti
2409 4057 2555 4115 sunt,
2579 4046 2814 4103 Vesoces
2838 4062 2931 4102 rex
2960 4045 3203 4118 AEgypti,
3231 4048 3327 4117 qui
3351 4049 3609 4119 regnavit
3630 4065 3693 4104 eo
3710 4060 3811 4102 teut-

2256 4158 2387 4214 pore
2425 4156 2537 4213 quo
2581 4139 2877 4201 Sosarmus
2919 4139 3211 4210 imperavit
3253 4140 3509 4212 Assyriis
3551 4152 3605 4197 ct
3625 4140 3814 4196 inachus

2259 4231 2549 4305 Syeioniis,
2578 4232 2777 4287 bellum
2799 4231 3009 4301 primus
3032 4230 3215 4286 intulit
3253 4230 3478 4299 Gothis,
3503 4234 3697 4304 quibus
3718 4243 3815 4286 tunc

2258 4334 2376 4380 erat
2392 4340 2489 4379 rex
2512 4323 2803 4391 Tanausis,
2831 4322 2924 4394 qui
2946 4322 3125 4379 eidem
3149 4339 3454 4379 occurrens
3477 4341 3704 4395 cumque
3721 4340 3814 4391 gn-

2260 4417 2720 4483 viterdebeilans,
2762 4431 2935 4486 usque
2977 4415 3031 4469 in
3074 4413 3373 4486 Egyptum
3418 4416 3627 4489 fugavit
3665 4414 3811 4485 (Oros.

566 4510 728 4585 potiti
762 4511 879 4575 solo
904 4554 919 4578 ,
966 4513 1093 4569 ilico
1134 4514 1203 4569 ad
1248 4523 1463 4579 gentem
1502 4513 1791 4585 Spalorum
1842 4517 2156 4584 adveniunt,
2191 4521 2236 4575 Ι)
2263 4528 2300 4575 ι,
2324 4511 2436 4581 li),
2459 4510 2781 4565 destitutum
2816 4507 3118 4563 exercitum
3166 4506 3493 4576 iuvadit'”,
3535 4520 3813 4574 omneomne

568 4607 933 4670 consertoque
961 4602 1167 4671 prmlio,
1190 4604 1480 4659 vactoriam
1512 4605 1907 4676 adipiscuntur.
1956 4606 2163 4665 Exinde

567 4689 684 4758 jam
718 4691 865 4746 velut
900 4694 1136 4751 victores
1176 4695 1244 4750 ad
1294 4706 1594 4752 extremam
1638 4697 1875 4771 Scythiae
1927 4709 2137 4770 partem

562 4795 694 4853 quae
731 4781 908 4839 Ponto
954 4788 1092 4842 mari
1130 4788 1310 4843 vicina
1332 4798 1435 4855 cst,
1468 4801 1782 4862 properant,
1807 4792 2137 4864 quemadmo

569 4873 702 4929 dum
726 4876 858 4937 etin
880 4878 1078 4947 priscis
1098 4893 1290 4935 eorum
1313 4880 1651 4937 carminibus
1696 4897 1833 4952 pene
1886 4883 2162 4954 ltystorico

570 4963 681 5022 ritu
706 4966 760 5020 in
784 4983 1075 5032 commune
1099 4972 1424 5039 celebratur,
1460 4981 1517 5029 et
1552 4973 1833 5041 Ablavius,
1857 4975 2164 5045 descriptor

572 5052 876 5114 Gothorum
910 5063 1089 5132 gentis
1108 5065 1382 5136 egregius,
1407 5066 1692 5121 verissima
1714 5074 1948 5135 testatur
1976 5069 2164 5141 hyste-

572 5146 687 5215 ria;
728 5150 782 5204 in
812 5166 976 5221 quam
1015 5158 1342 5213 sententiam
1374 5160 1624 5217 nonnulli
1669 5175 1995 5217 consensere
2038 5179 2162 5221 ma-

569 5237 1014 5315 jorum,.eosque
1044 5244 1276 5318 Scythas
1311 5248 1582 5318 appellare
1615 5259 1973 5311 consuerunt.
2028 5250 2164 5324 Scy-

572 5328 688 5389 thia
715 5331 1061 5401 siquidem”9
1091 5338 1398 5394 Germania:
1421 5341 1652 5397 conﬁnis
1678 5350 1780 5409 est,
1811 5351 2039 5399 eotenus
2070 5343 2162 5399 ubi

571 5416 788 5477 lster'"
810 5424 1008 5482 fluvius
1033 5429 1208 5491 oritur
1236 5432 1322 5487 vel
1368 5441 1620 5505 stagnum
1666 5431 1999 5489 Marsiauum
2026 5435 2164 5489 dila-

2256 4603 2382 4658 belli
2406 4612 2726 4672 apparatum
2753 4602 2991 4671 capessit
3015 4642 3032 4661 .
3078 4616 3143 4655 ac
3169 4609 3345 4665 totam
3371 4597 3667 4673 zEgyptunt
3686 4598 3812 4653 dm.

2255 4705 2474 4762 stasset,
2501 4711 2545 4751 SI
2568 4694 2792 4764 paludes
2814 4690 2917 4747 Nili
2944 4708 3053 4746 non
3076 4691 3449 4752 obstitissent.
3496 4688 3623 4745 Inde
3645 4684 3811 4743 reversi

2258 4788 2441 4853 Gothi,
2471 4801 2689 4841 omnem
2720 4800 2855 4856 pene
2879 4784 3096 4849 Asiam,
3134 4783 3369 4838 inﬁnitis
3399 4784 3640 4840 caedibus
3657 4778 3811 4852 perdo-

2257 4881 2470 4947 mitam,
2512 4878 2831 4950 vectigalcm
2872 4876 3140 4945 fecerunt,
3168 4874 3263 4930 ubi
3296 4892 3396 4947 per
3419 4877 3489 4932 f5
3521 4890 3687 4931 annos
3722 4870 3809 4925 sine

2255 4974 2509 5045 pactione
2536 4970 2833 5037 immorati,
2858 4969 3077 5027 tandem
3109 4984 3350 5035 uxorum
3394 4965 3715 5038 ﬂagitatione
3746 4976 3809 5015 tr-

2256 5049 2544 5132 vocantur,
2575 5062 3048 5128 deunttciantium,
3074 5061 3131 5115 ni
3170 5060 3420 5125 redeant,
3457 5075 3515 5115 se
3539 5076 3570 5113 a
3608 5052 3807 5112 ﬁnitimis

2259 5160 2499 5216 sobolem
2522 5157 2857 5230 quesituras.
2905 5153 3082 5227 (Jonn.
3109 5170 3159 5209 c.
3186 5153 3264 5223 7.)
3310 5151 3429 5208 lloc
3450 5162 3627 5209 autem
3648 5144 3805 5218 saltim

2259 5267 2371 5325 quo
2391 5251 2495 5307 viri
2535 5250 2860 5315 commorati
2905 5258 3036 5309 sunt
3075 5247 3129 5302 in
3162 5246 3319 5313 Asia,
3343 5244 3554 5301 femina:
3578 5244 3805 5299 illaulla

2256 5346 2437 5400 vicina
2460 5343 2698 5415 quadam
2720 5351 2877 5414 gente
2902 5349 3241 5411 temptantur
3258 5339 3314 5393 in
3337 5339 3538 5408 prada;
3576 5335 3669 5390 sed
3685 5331 3805 5385 illa:

2236 5436 2394 5492 .viris
2417 5436 2532 5491 suis
2553 5435 2779 5501 edoctae,
2804 5434 3037 5507 sumptis
3078 5433 3270 5499 armis,
3307 5431 3514 5489 fortiter
3534 5427 3804 5484 restiterim

1850 5547 2083 5618 VARI/lt]
2124 5548 2528 5605 LECTIOVES.
2575 5592 2589 5607 .

646 5631 1159 5709 "“aliquantumii.
1238 5637 1325 5709 7"“
1347 5653 1478 5709 ergo
1501 5637 1585 5695 9".
1657 5638 1727 5670 ⁷⁵⁷
1752 5642 1894 5696 deest
1917 5642 1969 5697 5.

2066 5644 2137 5676 ⁷⁸⁸
2159 5643 2310 5699 oium
2335 5644 2387 5699 5.
2414 5652 2464 5697 et
2487 5644 2563 5706 ita
2588 5632 2751 5713 infra.
2846 5641 2916 5713 ’7"

2941 5636 3160 5711 quidem
3185 5640 3240 5695 5.
3339 5641 3411 5671 ’⁷⁸
3469 5635 3699 5711 hister_5.
3725 5646 3798 5711 aff-

452 5710 517 5771 η
574 5702 758 5787 stertit.
833 5701 1197 5787 :’“-e_\‘r_t'citus
1223 5708 1306 5763 9".
1384 5701 1824 5773 mintrorsrsti.
1900 5714 1970 5745 ⁷⁷³
1994 5713 2137 5772 deest

2299 5715 2369 5747 7”
2384 5701 2692 5771 existebat.“
2714 5714 2765 5768 4.
2791 5701 3097 5779 existebant
3116 5711 3203 5773 9°.
3281 5711 3355 5753 ⁷⁷³
3376 5720 3498 5787 apto
3512 5709 3597 5764 9‘.
3622 5706 3741 5758 das!
3758 5701 3795 5749 ι

574 5771 646 5813 '7‘
671 5772 872 5833 invasit
907 5775 959 5827 αι.
999 5777 1083 5838 υπ,
