3876 6306
106 331 187 388 719
962 332 1334 394 CllllONlGA.
1373 367 1444 378 --
1477 336 1870 398 CHBOVICON
1912 343 2369 403 UNWERSALE.

3218 349 3324 406 130

106 447 353 513 hostesque
394 438 833 513 supervenientes
874 462 1001 503 cum
1060 464 1257 524 magna
1301 452 1628 508 verecundia
1658 461 1705 515 Α
1731 460 1968 514 revocati
1990 460 2281 532 leguntur,‘
2306 460 2527 517 illarum
2549 474 2677 516 vero
2711 460 2891 518 mariti
2933 459 3141 531 partim
3155 460 3322 531 bello,

105 539 369 608 abegerunt.
433 534 586 603 Unde
640 538 867 608 quidam
909 538 1149 613 (lcum)
1190 542 1487 613 opinantur
1532 544 1634 601 bas
1733 551 1934 619 partim
1962 554 2031 607 ab
2053 554 2187 624 ipsis
2209 553 2381 610 occisi
2403 554 2738 610 scribuntur.
2774 552 3114 615 Amazonum
3138 563 3323 612 sum

104 628 363 700 fuissequae
382 628 681 686 Amazones
703 630 991 699 dicuntur;
1034 633 1132 689 sed
1184 635 1289 691 hoc
1328 650 1636 707 repugnare
1735 640 1891 713 origo
1911 642 2226 715 hujusmodi
2252 645 2424 702 fuisse
2446 646 2661 717 legitur.

100 721 294 790 videtur,
313 723 452 795 quod
473 724 671 780 barum
689 725 793 781 viri
816 735 944 797 post
982 727 1052 782 l5
1097 744 1275 785 annos
1315 729 1387 785 ab
1426 730 1634 785 eisdem

1326 867 1435 929 DE
1478 865 2027 932 AMAZONIBUS.

171 987 312 1044 Osos.
348 986 521 1058 1,15.)
551 985 728 1043 Medio
767 995 1013 1058 tempore
1040 987 1402 1044 habitationis
1428 987 1638 1043 Gotho—

97 1097 196 1138 rum
227 1084 277 1135 in
307 1080 404 1135 hac
436 1079 585 1146 sede,
616 1078 730 1135 duo
758 1078 893 1152 regii
916 1079 1168 1149 juvenes,
1203 1079 1395 1137 Plinus
1414 1089 1467 1136 et
1500 1078 1635 1136 Sco-

97 1174 307 1250 IOpetius,
346 1172 482 1243 apud
531 1188 629 1229 eos
667 1188 764 1243 per
799 1172 1090 1229 factionem
1116 1174 1442 1245 optimatum
1472 1175 1638 1231 domo

96 1266 229 1338 pulsi,
248 1265 507 1336 ingentem
528 1265 868 1335 juventutem
892 1281 1079 1325 secum
1103 1275 1338 1335 traxere,
1369 1277 1425 1323 et
1445 1269 1501 1324 in
1532 1268 1639 1323 Ca-

94 1356 295 1426 padocize
316 1355 551 1411 Pontica:
571 1370 670 1411 ora
692 1355 851 1427 juxta
884 1354 1112 1411 ﬂuvium
1141 1356 1636 1414 Thermodoontem

94 1447 421 1514 omidcntcs,
465 1462 690 1518 campos
727 1446 1135 1520 Themiscyrios
1179 1449 1285 1504 sibi
1334 1450 1633 1520 subjecere.

95 1539 174 1596 libi
197 1540 420 1612 proxima
444 1556 679 1612 qumque
701 1541 831 1597 dum
858 1542 1209 1612 populantur,
1234 1543 1639 1613 conspiratione

91 1631 398 1689 finitimorum
421 1647 518 1702 per
541 1631 771 1687 insidias
794 1647 919 1689 cum
942 1632 1059 1689 suis
1085 1633 1155 1665 ⁷⁷⁷
1179 1632 1476 1691 comitibus
1499 1647 1639 1704 pene

92 1726 306 1781 omnibus
336 1725 691 1781 trucidantur.
718 1723 925 1781 Horum
949 1741 1150 1783 uxores
1177 1726 1339 1783 exilio
1367 1743 1433 1784 ac
1461 1727 1640 1786 vidui-

91 1827 176 1873 tate
193 1826 449 1888 perunctae,
475 1833 632 1873 arma
653 1817 975 1889 corripiunt,
1005 1826 1059 1874 et
1081 1826 1141 1874 ut
1159 1818 1417 1878 omnibus
1445 1835 1544 1892 par
1570 1836 1639 1876 ex

88 1910 224 1966 simili
249 1911 553 1968 conditione
582 1910 800 1969 animus
828 1910 1003 1979 ﬁeret,
1033 1911 1184 1967 viros
1217 1911 1314 1982 qui
1348 1911 1637 1985 superfue-

90 2011 188 2058 rant
210 2003 550 2071 interﬁciunt,
579 2011 744 2075 atque
763 2019 1009 2060 accensae
1030 2004 1086 2060 in
1111 2005 1350 2072 hostem,
1372 2006 1640 2077 sanguine

88 2110 168 2150 suo
190 2096 434 2152 ultionem
465 2112 737 2153 caesorum
763 2096 1009 2152 virorum
1033 2096 1248 2153 excidio
1278 2097 1639 2156 ﬁnitimorum

86 2198 392 2246 exsecuntur.
430 2188 613 2260 (που.
660 2206 709 2247 c.
742 2190 821 2264 8.)
850 2189 1009 2247 Tunc
1035 2207 1170 2263 pace
1194 2191 1366 2248 armis
1399 2193 1637 2265 quesita,

1740 998 1812 1044 tis
1838 986 2055 1045 femina:
2083 990 2227 1047 Asiae
2254 1007 2479 1064 regnum
2522 1010 2620 1065 per
2657 1004 2876 1051 centum
2912 1012 3086 1054 annos
3128 1008 3325 1062 tenue.

1738 1092 1901 1149 runt;
1956 1082 2144 1153 sicque
2176 1099 2371 1155 magna
2414 1100 2542 1155 pars
2591 1087 2866 1144 exercitus
2909 1091 3325 1160 opulentissima

1737 1173 1903 1242 preda
1933 1184 2130 1231 onusta
2158 1175 2213 1230 in
2248 1184 2435 1231 cautes
2463 1176 2762 1248 Marpesias
2784 1180 2851 1235 ad
2878 1183 3054 1239 socias
3077 1186 3327 1256 proprias

1739 1267 2037 1337 repedavit,
2068 1268 2290 1339 reliqum
2315 1284 2446 1324 vero
2468 1270 2535 1323 ad
2569 1271 2832 1326 tuendum
2862 1272 3006 1330 Asia:
3036 1274 3326 1345 imperium

1737 1359 1961 1427 relicuo,
1994 1360 2219 1417 incursu
2249 1361 2490 1416 hostium
2526 1377 2652 1418 cum
2689 1362 2956 1434 Marpesia
2989 1368 3174 1437 regina
3207 1379 3327 1427 tru-

1739 1451 1932 1509 cidata:
1954 1461 2100 1508 sunt.
2142 1453 2315 1524 Cujus
2336 1454 2516 1509 locum
2548 1454 2659 1527 lilia
2691 1454 2813 1525 ejus
2842 1456 3045 1528 Sinope
3069 1462 3327 1531 capessit,

1736 1559 1861 1616 quae
1884 1544 2220 1617 singularem
2245 1546 2465 1602 virtutis
2488 1546 2716 1618 gloriam
2739 1557 2998 1617 perpetua
3021 1549 3330 1621 virginitate

1739 1636 2058 1694 cumulavit.
2084 1635 2198 1693 Hac
2224 1636 2367 1693 fama
2390 1645 2575 1708 gentes
2600 1636 2810 1693 excitos
2837 1645 2990 1694 tanta
3018 1637 3253 1697 formido
3275 1651 3332 1698 et

1739 1726 2048 1782 ammiratio
2073 1726 2295 1789 invasit,
2319 1735 2381 1783 ut
2418 1725 2679 1784 Hercules
2703 1742 2943 1799 quoque,
2967 1744 3093 1784 cum
3135 1730 3330 1799 jussus

1737 1817 1934 1874 fuisset
1960 1835 1993 1873 a
2013 1818 2237 1875 domino
2254 1835 2357 1875 suo
2373 1819 2630 1876 exhibere
2654 1819 2757 1876 sibi
2773 1835 2925 1876 arma
2944 1822 3147 1893 reginae
3158 1825 3333 1879 Ama-

1740 1925 1961 1978 zonum,
2007 1910 2167 1982 quasi
2192 1911 2260 1967 ad
2283 1911 2595 1967 inevitabile
2614 1913 2920 1982 periculum
2944 1913 3331 1982 destinaretur,

1737 2018 1803 2057 ex
1840 2001 2097 2058 universa
2141 2003 2333 2059 Grecis
2376 2003 2574 2059 lectam
2607 2019 2674 2059 ac
2705 2004 2944 2059 nobilem
2984 2004 3330 2075 juventutem

1738 2094 2093 2161 contraxerit,
2131 2110 2325 2150 novem
2363 2094 2555 2166 longas
2594 2110 2763 2150 naves
2793 2095 3200 2167 praeparavcrit,
3233 2110 3336 2152 nec

1742 2191 1925 2251 tamen
1951 2185 2033 2241 sic
2076 2194 2369 2242 contentus
2402 2186 2654 2241 examine
2678 2185 2902 2252 virium,
2943 2199 3008 2240 ex
3036 2184 3336 2255 improviso

87 2281 238 2337 verita;
272 2296 338 2338 ne
363 2283 519 2354 prole
546 2294 859 2340 arescente
880 2283 1194 2351 deﬁcerem,
1223 2292 1479 2343 externos
1502 2300 1636 2342 con.
1663 2291 1711 2352 Β
1738 2291 1833 2333 cas
1845 2277 2066 2350 aggredi
2093 2288 2149 2334 et
2167 2278 2475 2349 insperatas
2495 2276 2893 2333 circumvenire
2913 2275 3185 2330 maluerit.
3203 2274 3336 2331 Duae

87 2372 269 2429 cubitus
307 2374 616 2430 vicinarum
647 2375 893 2447 gentium
935 2375 1147 2443 ineunt,
1189 2376 1351 2434 factis
1380 2377 1641 2434 nundinis

87 2462 224 2517 semel
254 2462 305 2517 in
324 2479 492 2532 anno,
528 2465 603 2520 ita
633 2473 695 2521 ut
717 2465 907 2521 eadem
944 2466 1033 2525 die
1061 2465 1232 2522 futuri
1256 2468 1520 2540 temporis
1548 2485 1640 2525 re-

88 2562 319 2612 vertentes
344 2555 399 2611 in
420 2556 480 2614 id
494 2604 497 2609 ι
511 2556 715 2628 ipsum,
736 2558 999 2629 quicquid
1021 2559 1312 2615 masculini
1337 2575 1504 2617 sexus
1528 2560 1643 2616 edi—

85 2643 287 2714 dissent,
315 2649 565 2718 patribus
597 2649 905 2717 redderent,
934 2651 1198 2722 quicquid
1238 2651 1482 2721 feminei,
1520 2669 1641 2709 ma-

88 2744 176 2791 tres
195 2738 256 2794 ad
277 2755 427 2796 arma
455 2741 652 2798 bellica
688 2743 988 2801 erudirent.
1012 2741 1199 2816 Neque
1223 2745 1373 2801 enim
1402 2746 1643 2818 virgines

86 2844 242 2887 earum
282 2832 463 2892 fusum
509 2835 581 2892 ad
617 2837 824 2909 aliquid
852 2839 1189 2909 operandam
1234 2842 1512 2911 tenebant,
1547 2841 1644 2899 sed

84 2924 214 2994 equis
231 2935 281 2981 et
300 2928 470 2987 armis
489 2938 546 2985 et
565 2931 951 2989 venationibus
965 2948 1025 2989 se
1043 2934 1389 2991 exercebant.
1408 2933 1643 3001 Quidam

86 3024 235 3072 autem
263 3018 467 3088 dicunt,
513 3021 684 3091 quo),
727 3022 889 3078 editis
914 3024 1181 3093 maribus,
1207 3026 1483 3082 novercali
1517 3026 1643 3084 odio

85 3107 274 3168 infantis
306 3113 610 3170 miserandi
641 3114 750 3171 fata
779 3125 1117 3188 rumperent,
1153 3126 1209 3174 et
1246 3119 1322 3174 ita
1349 3119 1493 3190 apud
1522 3119 1644 3176 illas

83 3200 360 3262 detestabile
381 3216 534 3264 esset
577 3210 946 3279 puerperium,
994 3211 1142 3281 quod
1187 3211 1391 3282 ubique
1429 3220 1645 3270 constat
1700 3270 1706 3276 ,

82 3310 181 3351 esse
206 3298 453 3357 votivum.
482 3299 618 3369 Qum
647 3303 942 3360 crudelitas
963 3304 1182 3361 illarum
1209 3306 1512 3362 maximum
1537 3316 1645 3363 ter-

84 3401 235 3446 rorem
273 3392 468 3454 vieinis
507 3395 762 3466 gentibus
802 3398 1122 3455 cumulabat
1153 3399 1388 3471 vulgatae
1426 3400 1643 3471 opinio-

84 3482 169 3535 αἱς.
190 3481 314 3540 Nam
340 3503 492 3558 qur,
520 3503 676 3560 rogo,
703 3504 832 3560 spes
863 3502 1013 3548 esset
1032 3500 1216 3563 capto,
1243 3494 1339 3550 ubi
1367 3493 1523 3551 nefas
1547 3495 1645 3551 ha-

83 3571 278 3631 bebatur
305 3578 522 3651 igtwsci
546 3581 630 3636 vel
660 3580 810 3636 ﬁlio?
837 3580 1024 3653 (Osos.
1057 3584 1097 3641 ι.
1130 3584 1196 3657 ι.)
1234 3584 1437 3643 Puellis
1459 3594 1642 3643 autem

79 3664 296 3727 dexteras
332 3671 631 3729 inurebaut
666 3675 958 3743 mamillae,
982 3691 1052 3732 ne
1076 3677 1397 3748 sagittarum
1438 3680 1524 3735 vel
1552 3680 1641 3749 ja-

80 3759 296 3819 culorum
325 3764 724 3835 impedirentur
743 3769 944 3837 jactus,
974 3778 1118 3825 unde
1141 3780 1196 3825 et
1225 3777 1532 3828 Amazones
1558 3763 1644 3828 di-

78 3863 269 3923 tuutur,
298 3856 402 3913 hoc
444 3866 535 3913 est
564 3858 684 3913 sine
713 3875 973 3916 mamma.
1018 3860 1196 3932 (Jonn.
1227 3878 1278 3919 c.
1328 3862 1405 3934 7.)
1435 3862 1642 3923 Harum

78 3942 178 3998 dare
197 3948 391 4018 regina:
413 3949 573 4006 fuere
592 3949 872 4022 Lampedo
889 3961 947 4008 et
967 3951 1259 4024 Marpesia,
1280 3970 1419 4025 quas
1432 3957 1642 4013 auden-

78 4035 220 4093 tiores
242 4043 436 4098 ceteris
457 4042 748 4114 eligentes,
779 4060 974 4101 earum
1007 4061 1067 4102 se
1093 4047 1424 4121 principatui
1451 4049 1643 4106 subdi-

75 4130 262 4190 derunt.
286 4135 440 4206 Quae,
478 4140 698 4210 agmine
717 4141 897 4197 diviso
926 4141 982 4197 in
1004 4143 1143 4200 duas
1169 4152 1375 4215 partes,
1397 4146 1643 4203 vicissim

75 4238 236 4289 utram
269 4230 395 4286 belli
427 4240 490 4287 et
524 4232 723 4290 domus
763 4235 1069 4291 custodiam
1104 4237 1494 4294 sortiebanturt
1538 4238 1646 4297 Sed

75 4312 184 4370 dum
216 4316 494 4392 Lampedo
514 4324 766 4400 proprios
802 4325 943 4383 ﬁnes
966 4327 1115 4383 domi
1131 4337 1398 4398 tueretur,
1428 4329 1645 4402 Μεῖνον

74 4405 161 4471 sia,
185 4406 507 4468 feminarum
541 4415 760 4485 agmine
781 4424 1027 4488 sumpto,
1048 4433 1254 4474 novum
1289 4435 1463 4491 genus
1488 4436 1647 4478 exer-

74 4498 195 4555 citus
211 4502 364 4561 duxit
385 4506 445 4560 in
468 4506 682 4574 Asiam,
704 4507 1059 4582 diversasque
1077 4520 1266 4582 gentes
1284 4512 1429 4569 bello
1455 4530 1649 4586 super-

73 4606 175 4659 a:.s,
206 4596 338 4654 alias
384 4614 522 4669 pace
556 4602 898 4668 concilians,
938 4604 1007 4660 ad
1051 4603 1364 4663 Caucasum
1405 4618 1647 4666 montem

72 4686 215 4752 venit.
251 4690 436 4762 ibique
470 4704 680 4749 certum
712 4703 929 4767 tempus
957 4696 1273 4765 demorans,
1302 4699 1423 4757 loco
1447 4716 1648 4759 nomen

70 4776 198 4835 dedit
220 4798 416 4840 saxum
447 4784 753 4856 Ilarpesiae.
781 4786 937 4845 Unde
960 4788 1228 4861 Virgilius
1248 4793 1325 4848 ait
1349 4812 1367 4849 :

125 4870 194 4924 Ac
216 4874 263 4927 si
282 4876 423 4930 dura
444 4876 584 4932 sile:
609 4894 769 4949 super
794 4889 871 4934 est
901 4879 1171 4952 Marpesia
1196 4894 1396 4940 cautes.

1670 3640 1717 3701 C

1740 2386 1960 2447 sorores
1993 2380 2126 2427 tunc
2157 2386 2327 2444 regno
2377 2380 2654 2442 preerant,
2699 2368 2971 2441 Anthiopc
3004 2377 3060 2424 et
3099 2366 3331 2424 Oritbia.

1742 2460 2000 2518 Hercules
2035 2472 2217 2518 autem
2255 2463 2553 2532 advectus,
2598 2462 2849 2517 incautas
2888 2461 3236 2532 inermesque
3282 2468 3339 2516 et

1741 2554 1891 2625 pacis
1922 2552 2134 2609 incuria
2171 2553 2387 2609 desides
2430 2552 2702 2624 obpressit
2740 2551 3068 2618 Amazones,
3098 2560 3153 2606 et
3196 2551 3338 2607 inter

1743 2659 1914 2701 causas
1938 2652 1995 2699 et
2030 2652 2217 2717 captas
2242 2645 2508 2708 plurimas
2534 2644 2659 2699 dua:
2688 2658 2908 2700 sorores
2929 2643 3219 2714 Anthiopas
3245 2658 3336 2698 re-

1743 2745 1905 2792 tentae
1944 2747 2092 2804 sunt,
2124 2739 2427 2808 Melanippe
2453 2736 2522 2791 ab
2552 2734 2804 2803 Hercule,
2836 2734 3086 2807 Yppolite
3129 2751 3159 2790 a
3189 2733 3336 2790 The-

1744 2845 1859 2885 sco.
1890 2826 1995 2885 Sed
2018 2828 2262 2886 Theseus
2285 2828 2575 2900 Yppoliten
2597 2828 2949 2886 matrimonio
2965 2826 3180 2893 ascivit,
3203 2825 3340 2882 lier-

1736 2920 1896 2985 cules
1926 2935 2054 2976 vero
2082 2919 2420 2992 Melanippen
2452 2920 2632 2975 sorori
2660 2918 2916 2988 reddidit,
2954 2928 3009 2975 et
3051 2935 3205 2975 arma
3246 2933 3337 2974 re-

1743 3014 1885 3086 gina:
1907 3012 1961 3068 in
1983 3013 2227 3084 precium
2249 3012 2639 3085 redemptionis
2662 3013 2888 3083 accepit.
2918 3011 3048 3067 Post
3067 3010 3338 3067 Orithiam

1742 3104 2046 3162 Pentiselea
2074 3121 2244 3178 regno
2264 3114 2349 3163 est
2376 3107 2570 3178 potita,
2598 3106 2756 3176 cujus
2789 3104 3097 3162 clarissima
3120 3104 3339 3161 virtutis

1744 3200 2073 3256 documenta
2102 3198 2245 3255 inter
2278 3198 2427 3257 vires
2463 3198 2702 3270 Trojano
2732 3199 3045 3269 accepimus
3079 3197 3242 3264 bello,
3281 3197 3340 3252 in

1744 3306 1856 3363 quo
1885 3290 2004 3361 ipsa
2033 3291 2213 3347 occisa
2262 3290 2463 3347 dicitur
2504 3292 2573 3348 ab
2606 3291 2834 3348 Achille.
2877 3289 3122 3347 Fuerunt
3154 3297 3340 3347 autem

1745 3400 1872 3441 cum
1892 3399 1957 3439 ea
1987 3382 2054 3438 70
2081 3384 2232 3439 milia
2254 3384 2615 3452 Amazonum,
2637 3400 2869 3455 quarum
2893 3399 3081 3454 pauca:
3106 3398 3339 3437 reversa:

1746 3485 1895 3533 sunt.
1929 3476 2061 3533 Post
2086 3476 2448 3534 Pentiseleam
2486 3493 2717 3550 regnum
2745 3476 2920 3532 tenuit
2956 3474 3339 3541 Thalisaridis,

1745 3586 1868 3640 qum
1894 3569 2085 3624 habuit
2107 3586 2295 3640 pacem
2336 3586 2462 3625 cum
2484 3568 2797 3625 Alexandro
2825 3568 3041 3641 Magno.
3069 3566 3341 3625 Dicuntur

1746 3668 1929 3714 autem
1968 3658 2276 3716 Amazones
2304 3674 2566 3732 regnasse
2600 3675 2697 3731 per
2723 3674 2899 3716 annos
2930 3659 3134 3715 multos
3165 3672 3344 3729 usque

1746 3752 1812 3807 ad
1834 3750 2038 3807 iulium
2056 3750 2351 3809 Caesarem.
2378 3750 2503 3808 llaec
2524 3760 2705 3808 autem
2729 3752 2795 3808 de
2815 3751 3187 3807 Amazonibus
3211 3749 3342 3807 huic

1744 3842 2004 3916 ltystorize
2031 3844 2444 3912 subintulimus,
2476 3854 2536 3900 ut
2560 3844 2660 3901 has
2689 3859 2909 3916 quoque
2929 3844 2997 3900 de
3019 3852 3190 3915 stirpe
3227 3842 3340 3899 Go-

1746 3936 1965 3991 thorum
2012 3936 2361 3993 descendisse
2405 3947 2870 4007 monstraremus,
2916 3954 3065 3994 nunc
3106 3954 3236 3994 vero
3273 3935 3344 3992 ad

1744 4039 1979 4100 emptam
2011 4030 2309 4088 eorundem
2337 4030 2645 4102 bystoriam.
2666 4031 2974 4087 redeamus.

1817 4142 1995 4215 (Joan.
2032 4159 2084 4199 c.
2128 4144 2163 4200 9
2203 4142 2353 4215 sqq.)
2394 4142 2498 4199 Dio
2526 4144 2840 4216 hystorieus
2866 4153 2921 4199 et
2954 4144 3343 4215 antiquitatum

1743 4235 2199 4307 diligentissimus
2225 4234 2540 4307 inquisitor,
2570 4235 2666 4305 qui
2695 4235 2845 4306 operi
2870 4251 2973 4291 suo
2992 4235 3243 4291 Geticum
3271 4235 3346 4288 ti-

1745 4328 1920 4384 tulum
1955 4329 2124 4396 dedit,
2166 4345 2350 4400 regem
2379 4328 2487 4384 illis
2512 4336 2635 4398 post
2665 4328 2837 4383 multa
2877 4336 3122 4398 tempora
3168 4326 3343 4382 fuisse

1736 4431 2143 4477 commemorat
2167 4420 2390 4478 nomine
2420 4419 2782 4494 Thelepbum,
2831 4418 2984 4475 Berli
3028 4420 3100 4453 ⁷⁷³
3147 4419 3344 4486 tilium,

1746 4530 2037 4586 procerum
2054 4514 2273 4585 quidem
2298 4528 2550 4585 corpore,
2567 4512 2663 4569 sed
2680 4513 2806 4585 plus
2820 4513 3007 4585 vigore
3023 4510 3346 4576 terribilem,

1733 4604 2134 4676 .quipatcrnam
2153 4604 2525 4661 fortitudinem
2542 4603 2781 4675 propriis
2790 4600 3347 4671 virtutibusaquans,

1749 4695 2033 4756 Herculeis
2057 4698 2288 4770 genibus
2309 4706 2363 4753 et
2390 4698 2582 4753 formae
2605 4695 3022 4753 similitudinem
3053 4691 3344 4749 referebat.

1749 4787 1926 4860 Hujus
1950 4805 2178 4861 regnum
2208 4787 2459 4845 Moesiam
2479 4788 2820 4860 appellavere
2843 4784 3102 4855 majores.
3133 4781 3186 4838 is
3212 4798 3348 4837 cou-

1746 4883 1903 4955 jugio
1928 4883 2139 4940 sororis
2171 4882 2378 4939 Priami
2411 4883 2721 4953 copulatus,
2753 4881 2955 4937 bellum
2994 4878 3188 4934 habuit
3217 4892 3346 4932 cum

72 4958 453 5058 “913090833,
478 4969 687 5026 Etalem
721 4971 948 5028 ﬂuvium
981 4975 1338 5043 transierunt,
1367 4987 1423 5033 et
1453 4977 1648 5035 Arme-
1679 4974 1977 5058 “Danais,
2004 4975 2062 5031 in
2106 4990 2217 5045 qua
2252 4991 2435 5046 pugna
2485 4973 2857 5029 Tessandrum
2901 4972 3100 5027 ducmn
3135 4970 3347 5045 Grecia:

72 5055 199 5113 aiam
218 5068 272 5114 et
293 5060 535 5134 Syriam,
555 5064 825 5133 Ciliciam,
844 5064 1135 5133 Galatiam,
1157 5066 1420 5127 Pisidiam
1446 5071 1645 5127 multa—
1680 5055 1701 5058 V
1753 5067 2011 5138 peremit;
2050 5076 2106 5123 et
2134 5067 2265 5123 dum
2288 5065 2510 5136 Ajacem
2533 5064 2767 5121 infestus
2791 5062 2999 5119 invadit
3024 5061 3358 5133 Ulixemquo.

68 5162 160 5215 ‘lue
184 5150 324 5210 Asia:
352 5154 478 5211 loca
507 5156 883 5224 obtinuerunt,
917 5158 1100 5230 ibique
1125 5159 1334 5218 diutius
1352 5162 1648 5219 dominanu
1752 5160 2097 5230 persequitur
2111 5157 2330 5224 ictibus,
2347 5172 2491 5230 equo
2503 5158 2751 5223 cadente,
2775 5156 2892 5227 ipse
2909 5156 3139 5225 corruit,
3158 5154 3351 5223 Achilo.

72 5248 157 5308 '08,
179 5241 457 5315 Ephesum
482 5259 536 5304 et
551 5250 688 5307 alias
708 5250 958 5307 civitates
977 5261 1271 5324 castraque
1284 5254 1649 5312 condiderunt
1751 5251 1932 5322 lisque
1951 5251 2139 5321 jaeulo
2166 5250 2375 5306 femore
2407 5250 2677 5317 sauciata,
2700 5249 2797 5308 diu
2819 5248 3024 5314 mederi
3061 5246 3307 5318 nequivit
3329 5261 3359 5330 ς.

1753 5343 1959 5401 Grecos
1978 5353 2161 5403 tamen
2182 5342 2437 5415 quamvis
2459 5343 2682 5399 saucius
2701 5358 2734 5399 a
2754 5342 2871 5399 suis
2902 5341 3107 5396 ﬁnibus
3128 5347 3359 5409 proturs

1752 5436 1919 5491 bavit.
1974 5436 2255 5502 Thelepho
2301 5450 2434 5490 vero
2481 5435 2761 5502 defuncto,
2815 5433 3153 5505 Euriphilus,
3199 5431 3358 5500 illius

70 5520 410 5593 tradiderant,
437 5527 575 5582 mira
603 5528 1011 5598 pulchritudine
1030 5531 1175 5601 apud
1201 5529 1477 5601 Ephesum
1508 5547 1644 5587 con-
1751 5528 1894 5599 ejus,
1940 5528 2207 5584 successit
2240 5528 2294 5583 in
2336 5544 2589 5599 regnum,
2618 5544 2686 5583 ex
2735 5526 2938 5582 Priami
2977 5526 3124 5597 regis
3159 5538 3349 5580 sorore

70 5619 388 5675 struxerunt.
428 5616 615 5688 (Osos.
642 5620 680 5675 Ι.
706 5620 771 5691 ι.)
797 5619 916 5676 Tali
937 5636 1069 5693 ergo
1098 5637 1230 5678 casu
1256 5621 1491 5678 chthize
1513 5620 1644 5696 gen-
1752 5622 2092 5693 progenitus,
2126 5620 2219 5692 qui
2267 5637 2393 5677 cum
2443 5622 2513 5677 ob
2560 5620 2888 5683 Cassandra:
2923 5632 3167 5679 amorem
3207 5614 3349 5671 bello

1368 5735 1604 5791 VARl/E
1640 5734 2045 5791 LECTIONES.

563 5829 634 5857 ττη
660 5827 762 5882 bcli
795 5829 843 5882 t.
887 5828 1045 5885 lterili
1075 5828 1161 5887 9°.
1195 5829 1438 5885 herculis
1477 5829 1557 5885 “-

69 5348 259 5408 suoque
286 5341 503 5402 nomini
527 5342 883 5411 dicaverunt;
929 5345 1190 5416 templum
1211 5362 1434 5417 quoque
1461 5347 1648 5405 Diana:

69 5427 130 5478 οἱ)
150 5432 442 5500 sagittandi
467 5449 531 5490 ac
550 5437 786 5492 venandi
814 5438 1077 5505 studium,
1110 5439 1311 5508 quibus
1339 5439 1550 5495 artibus
1585 5456 1648 5497 se

133 5818 195 5847 ’τ’
231 5822 374 5879 deret
399 5825 486 5880 9C.
