3876 6306
507 348 606 406 731

1686 333 2088 394 BKKEHMIBI
2106 330 2591 397 υιιωειεκειε

3670 312 3761 371 πα

502 469 795 525 interesset
841 457 1109 530 Trojano,
1132 463 1197 511 ut
1240 452 1560 526 parentibus
1601 467 1903 527 soceroque
1930 450 2097 509 ferret
2120 456 2171 518 Α
2198 465 2351 506 mum
2379 448 2558 515 Datis,
2584 452 2773 518 postea
2793 441 3016 507 Guthia,
3044 452 3195 495 nunc
3218 431 3636 530 dicta_Gepitlia.

506 556 801 620 auxilium,
836 567 964 609 mox
978 548 1290 607 exstinctus
1317 558 1423 606 est.
1505 609 1511 613 _

579 648 713 703 Post
752 646 975 717 longum
1020 641 1365 699 intervallum
1413 639 1699 696 Thamerts
1736 638 1929 708 regina
1971 653 2100 694 cum

507 739 623 796 ﬁlio
654 755 757 793 suo
786 736 981 793 Gothis
1009 730 1337 807 presidebat,
1368 749 1492 805 quae
1517 732 1724 805 Cyrum
1754 747 1933 804 regem
1971 732 2103 786 Pcr-

509 848 722 898 sartttn,
739 830 941 886 bellum
966 828 1182 900 Scythis
1205 827 1549 891 inferentem,
1573 824 1947 880 interficiebat.
1971 823 2105 880 Post

508 924 626 979 haec
670 923 906 977 Antinus
941 920 1134 976 Gothis
1174 919 1438 989 regnavit,
1474 918 1633 988 cujus
1682 915 1849 972 filiam
1884 915 2100 984 Darius,

510 1013 781 1087 Hydaspis
810 1012 976 1080 illius,
1004 1030 1098 1068 rex
1129 1011 1441 1077 Persarum,
1468 1009 1774 1082 postulans,
1817 1008 1911 1064 sed
1938 1022 2102 1078 repu-

508 1108 714 1175 diatus,
745 1122 870 1163 cum
904 1105 1259 1178 septingentis
1287 1105 1510 1162 milibus
1538 1111 1876 1160 armatorum
1903 1102 2102 1158 bellum

452 1249 456 1253 .
512 1201 732 1273 Scythis
759 1200 960 1263 intulit,
982 1199 1099 1267 sed,
1123 1200 1399 1271 octoginta
1429 1197 1651 1253 milibus
1681 1195 1924 1267 perditis,
1953 1193 2103 1249 refu-

510 1295 606 1366 git.
633 1293 764 1349 l’osl
788 1309 952 1365 quem
985 1293 1207 1360 Xerses,
1244 1292 1389 1348 lilius
1414 1292 1554 1361 ejus,
1592 1298 1848 1362 paternas
1876 1286 2107 1358 injurias

512 1386 756 1443 u'turum
798 1402 856 1442 se
892 1386 1181 1451 cstitnans,
1220 1400 1343 1440 cum
1388 1382 1491 1437 700
1520 1382 1741 1438 milibus
1768 1390 2105 1436 armatorum

509 1479 581 1534 de
607 1492 772 1549 regno
796 1487 852 1533 et
876 1479 981 1531 500
1009 1477 1228 1532 milibus
1250 1476 1316 1533 de
1340 1475 1578 1543 auxiliis,
1605 1475 1753 1530 mille
1772 1488 1990 1545 quoque
2011 1487 2108 1527 na—

510 1571 671 1625 vibus
694 1569 945 1625 rostratis
968 1578 1022 1624 et
1043 1569 1219 1625 tribus
1244 1568 1465 1624 milibus
1484 1566 1753 1624 onerariis
1779 1567 1846 1622 ad
1870 1580 1965 1621 eos
1991 1579 2111 1635 pro-

513 1660 798 1727 ficiscitur,
833 1660 926 1716 sed
960 1675 1060 1716 nec
1087 1668 1351 1732 temptare
1381 1660 1435 1715 in
1484 1658 1737 1716 conﬂictu
1783 1655 2108 1712 animosita-

476 1814 477 1817 η
512 1760 624 1807 tem
651 1768 842 1807 eorum
876 1767 1217 1823 presumens,
1245 1767 1369 1808 cum
1401 1753 1601 1807 rubore
1628 1749 1939 1806 revertitur.
1979 1747 2110 1802 Phi-

2270 542 2357 615 (C.
2382 540 2463 612 5.)
2486 538 2736 595 Terciam
2778 534 2964 592 sedem
2988 546 3156 603 super
3178 544 3334 598 mare
3370 525 3654 582 Ponticum
3670 521 3768 583 Go-
3873 520 3876 525 ⁴

2203 635 2280 691 thi
2305 634 2418 704 jam
2444 631 2799 688 humaniores
2830 635 2888 684 et
2921 623 3304 697 prudentiores
3324 619 3621 683 habebant,
3649 618 3772 673 diri-

2201 727 2390 797 sisque
2412 740 2509 796 per
2530 722 2769 778 familias
2788 720 2860 753 "“
2880 718 3119 791 populis,
3144 713 3494 784 Wisigothaa,
3521 711 3579 766 id
3597 717 3679 764 est
3693 724 3773 765 oc-

2202 818 2500 874 cidentales
2552 814 2747 881 Gothi,
2795 810 3020 867 familia!
3064 807 3380 866 serviebant
3425 801 3772 866 Ewaldorum,

2203 904 2546 976 Ostrogotha:
2572 917 2725 968 vero,
2768 900 2824 955 id
2861 908 2948 955 est
2981 896 3277 954 orientales
3316 892 3509 959 Gothi,
3538 890 3778 962 preclaris

2204 994 2561 1066 subjacebant
2586 991 2816 1047 Amalis.
2857 988 3105 1056 Quorum
3141 985 3387 1042 studium
3418 983 3527 1038 fuit
3563 981 3779 1052 primum

2203 1091 2347 1146 inter
2370 1087 2580 1143 vicinas
2606 1093 2794 1157 gentes
2818 1097 3009 1138 arcum
3037 1080 3318 1136 intendere
3340 1075 3558 1141 nervis,
3586 1073 3783 1128 Lucano

2205 1187 2458 1245 testante,
2488 1175 2582 1247 qui
2605 1176 2682 1231 ait
2706 1193 2720 1229 :

2346 1271 2724 1340 Armeniosque
2748 1282 2905 1322 arcus
2934 1263 3133 1321 Geticis
3164 1261 3422 1317 intendite
3446 1260 3649 1314 nervis.

2205 1365 2571 1435 Antiquorum
2594 1361 2758 1418 etiam
2782 1360 2926 1415 facta
2956 1358 3231 1429 majorum
3253 1362 3527 1410 cantuum
3560 1349 3788 1405 modula-

2208 1457 2452 1513 tionibus
2485 1455 2835 1528 eytharisque
2868 1451 3158 1516 cauebant,
3188 1445 3505 1518 Erpantahe
3532 1443 3628 1508 ⁷³³,
3663 1441 3789 1495 Haa—

2208 1549 2367 1618 nalzc,
2395 1546 2701 1619 Fridigerni
2733 1546 2826 1612 ⁷⁸⁸,
2861 1542 3151 1615 Widigojae
3182 1548 3240 1597 et
3276 1538 3547 1603 aliorum,
3576 1549 3789 1606 quorm

2209 1640 2266 1697 in
2302 1641 2405 1697 hac
2434 1648 2594 1713 gente
2629 1653 2827 1710 magna
2873 1636 3060 1707 Opinio
3087 1642 3193 1702 est,
3239 1632 3431 1703 quales
3480 1631 3579 1684 vix
3618 1631 3789 1682 heroas

2212 1733 2383 1789 fuisse
2405 1731 2651 1787 miranda
2687 1731 2859 1802 jactat
2880 1728 3197 1799 antiquitas.
3223 1726 3307 1798 (C.
3337 1725 3453 1796 ll.)
3486 1723 3597 1776 Diu
3634 1723 3793 1791 itaque

515 1843 697 1913 lippus
744 1815 984 1915 quoque,
1031 1815 1526 1914 pater'Alexandt'i
1564 1840 1765 1912 Magni,
1809 1855 1936 1896 cum
1985 1837 2105 1908 ipso
2135 1818 2179 1879 Β
2206 1824 2371 1881 Gothi
2399 1830 2785 1896 regnaverunt,
2818 1821 3049 1915 adeunt
3080 1818 3286 1915 Gaesar,
3316 1816 3409 1915 qui
3434 1815 3663 1886 primus
3692 1828 3791 1867 om-

516 1934 633 1989 lllio
657 1950 759 1991 suo
788 1936 856 1991 ad
901 1935 1177 2008 Scythiam
1214 1936 1472 2006 predantli
1522 1935 1738 1991 transiit
1784 1932 2104 1999 intentione,

515 2028 922 2098 commissoque
944 2028 1149 2098 prmlio,
1178 2044 1303 2084 cum
1337 2027 1551 2101 Scythae
1572 2037 1627 2084 et
1655 2041 1884 2083 numero
1912 2034 1966 2080 et
1994 2024 2106 2080 vir-

517 2124 634 2173 tute
657 2127 983 2188 prestarcnt,
1019 2117 1209 2175 fraude
1241 2117 1474 2188 Philippi
1512 2116 1740 2172 nimium
1775 2114 1956 2173 callidi
1986 2115 2108 2171 vin-

516 2220 737 2265 cuntur.
763 2208 823 2264 In
853 2225 959 2281 qua
984 2226 1163 2282 pugna
1192 2212 1264 2265 20
1291 2210 1439 2265 milia
1462 2210 1533 2242 ’τ’
1555 2222 1849 2280 puerorum
1874 2216 1929 2265 et
1954 2206 2110 2263 femi-

519 2315 713 2356 narum
747 2299 1016 2373 Scythicm
1048 2302 1225 2373 gentis
1253 2310 1409 2372 capta
1435 2309 1583 2368 sunt,
1616 2316 1810 2373 magna
1851 2313 2110 2371 pecorum

517 2390 673 2462 copia
724 2392 957 2449 abducta
986 2435 1000 2460 ,
1055 2393 1174 2448 auri
1227 2394 1544 2465 argentique
1594 2392 1761 2449 nichil
1813 2400 2105 2462 repertum.

519 2483 711 2541 Postea
752 2501 878 2540 cum
908 2486 990 2542 eis
1035 2487 1341 2543 amiciciam
1388 2485 1693 2554 foederatis,
1742 2485 2109 2555 Medumpam,

518 2574 730 2631 Gudila:
767 2574 911 2647 regis
941 2575 1246 2631 Gothorum
1286 2577 1473 2643 tiliam,
1512 2577 1722 2647 accepit
1761 2590 2011 2643 uxorem,
2051 2583 2113 2631 ut

517 2666 612 2721 tali
643 2665 901 2723 afﬁnitate
937 2667 1227 2724 roboratus
1271 2666 1623 2725 Macedonum
1658 2684 1887 2741 regnum
1923 2668 1992 2701 ⁷⁸⁸
2020 2668 2113 2722 tir-

519 2764 718 2813 uiaret.

592 2847 799 2906 Dehinc
825 2860 1086 2922 regnante
1124 2852 1179 2907 in
1213 2851 1406 2909 Gothis
1438 2851 1705 2919 Rorbista,
1732 2840 1988 2909 Dicineus
2014 2867 2112 2909 ve-

521 2941 602 2995 nit
628 2941 681 2996 in
711 2942 987 3011 Gothiam,
1024 2960 1090 2999 eo
1117 2952 1358 3016 tempore
1377 2961 1488 3016 quo
1513 2945 1659 3017 Sylla
1691 2944 2001 3001 Romanum
2033 2953 2113 3002 te-

523 3035 645 3089 nuit
667 3034 1062 3106 principatum;
1107 3053 1270 3107 quem
1308 3037 1588 3115 Dicincum
1624 3038 1931 3109 suscipiens
1972 3036 2111 3093 Bor-

523 3125 686 3194 bista,
714 3129 863 3184 dedit
881 3129 930 3183 ei
961 3129 1164 3200 regiam
1191 3139 1536 3200 potestatem,
1566 3130 1725 3201 cujus
1747 3130 1979 3187 consilio
1999 3129 2109 3187 Go-

523 3218 602 3272 thi
623 3218 1020 3275 Germanorum
1045 3221 1112 3253 ⁷⁸⁸
1141 3230 1339 3288 terras,
1364 3238 1504 3292 quas
1523 3238 1669 3278 nunc
1688 3221 1883 3279 Franci
1904 3229 2109 3290 tenent,

524 3311 768 3381 populati
815 3321 978 3380 sunt;
1024 3314 1226 3383 quibus
1276 3314 1381 3370 hoc
1402 3323 1522 3369 crat
1548 3314 1788 3382 salubre,
1825 3315 1931 3370 hoc
1962 3329 2114 3372 com-

527 3403 774 3470 modum,
815 3404 919 3461 hoc
947 3406 1209 3473 votivum,
1238 3415 1298 3463 ut
1334 3407 1594 3478 quicquid
1642 3405 1900 3463 Dicineus
1921 3421 2111 3462 eorum

514 3497 877 3553 consiliarius
908 3498 1256 3576 prcccpisset,
1296 3500 1402 3555 hoc
1440 3498 1620 3556 modis
1655 3498 1910 3575 omnibus
1947 3492 2113 3569 expc—

526 3589 741 3645 tisscttt.
772 3589 949 3661 (Jonn.
975 3606 1025 3647 c.
1060 3592 1118 3646 ll
1158 3592 1305 3664 sqq.)
1328 3590 1432 3659 Qui
1474 3606 1708 3648 cernens
1756 3606 1946 3648 eorum
1988 3590 2115 3647 ani»

527 3697 650 3736 mos
681 3682 781 3737 sibi
820 3684 872 3738 in
919 3684 1176 3739 omnibus
1203 3682 1424 3740 obedire
1463 3691 1519 3740 et
1557 3683 1806 3739 naturale
1837 3682 2117 3756 ingenium

525 3789 626 3829 eos
659 3775 888 3843 habere,
924 3775 1074 3829 omni
1120 3791 1260 3846 pene
1294 3775 1655 3849 phylosophia
1691 3791 1789 3832 eos
1833 3775 2116 3844 instruxit,

526 3866 800 3937 elegitque
825 3882 891 3923 ex
937 3868 1019 3923 eis
1055 3867 1428 3936 nobilissimos
1459 3876 1515 3924 et
1540 3868 1924 3939 prudentiores
1946 3867 2117 3936 viros,

528 3975 671 4030 quos
701 3960 1029 4032 theologiam
1052 3961 1277 4027 docens,
1303 3961 1531 4016 numina
1550 3962 1800 4032 quaedam
1825 3969 1881 4017 et
1921 3960 2120 4017 sacella

530 4052 781 4106 venerari
817 4053 1012 4119 suasit,
1043 4067 1248 4124 eosque
1269 4054 1580 4109 sacerdotes
1616 4052 1764 4121 fecit,
1791 4069 1991 4110 nomen
2014 4052 2122 4109 illis

514 4144 875 4215 pilleatorum
906 4147 1146 4213 tradens,
1176 4146 1305 4218 quia
1341 4147 1555 4218 opertis
1577 4146 1848 4217 capitibus
1891 4145 2119 4218 thyaris,

531 4238 638 4293 hoc
658 4248 745 4295 cst
770 4239 969 4309 pilleis,
994 4240 1243 4306 litabant,
1267 4240 1533 4310 reliquam
1556 4254 1689 4295 vero
1710 4248 1923 4312 gentem
1949 4238 2123 4310 capil-

529 4332 699 4388 latam
723 4333 830 4388 dici
846 4332 1031 4404 jussit.
1054 4332 1212 4399 Quod
1240 4348 1440 4388 nomen
1468 4332 1631 4389 Gothi
1651 4349 1752 4403 pro
1779 4346 1982 4404 magno
2001 4346 2126 4388 sus-

513 4424 818 4494 cipientes,
846 4425 1026 4480 adhuc
1062 4425 1117 4479 in
1145 4424 1263 4481 suis
1290 4424 1642 4481 cantionibus
1670 4425 2121 4480 reminiscuntur.

2208 1917 2360 1972 nium
2381 1915 2687 1972 Romanum
2713 1915 2818 1971 sibi
2840 1911 3144 1968 vcndicavit
3161 1909 3456 1981 imperium
3478 1919 3795 1975 omnemque

2207 2025 2347 2082 pene
2386 2025 2502 2066 suae
2537 2009 2732 2066 ditioni
2772 2007 3062 2077 subegerat
3104 2003 3398 2067 mundum,
3436 1999 3661 2054 Gothos
3691 2011 3797 2065 sepe

2207 2109 2599 2174 pertemptans,
2645 2099 2918 2171 subjicere
2952 2111 3065 2153 non
3086 2102 3292 2166 posset.
3324 2092 3511 2148 Gaius
3552 2087 3798 2161 Tyhcrius

2205 2194 2319 2267 jam
2354 2194 2560 2251 tercius
2598 2191 2862 2249 Romanis
2896 2188 3165 2261 regnavit,
3195 2185 3361 2243 Gothi
3397 2193 3599 2238 tamen
3638 2183 3690 2235 in
3715 2195 3799 2233 suo
3874 2210 3876 2265 ς

2209 2303 2380 2361 regno
2397 2288 2699 2343 incolomes
2718 2289 3088 2356 perseverant.
3114 2278 3198 2351 (C.
3222 2278 3292 2333 l3
3313 2278 3472 2348 sqq.)
3500 2272 3799 2329 Domiciauo

2210 2360 2340 2439 vero
2372 2379 2665 2437 undecimo
2681 2378 2793 2450 jam
2818 2378 2888 2432 ab
2907 2375 3158 2447 Augusto
3180 2378 3477 2442 regnante,
3508 2368 3687 2437 ripam
3713 2363 3799 2417 θει-
3874 2360 3876 2427 ξ

2209 2476 2386 2544 nubii,
2412 2474 2527 2547 jam
2561 2474 2657 2531 diu
2689 2488 2721 2528 a
2759 2468 3022 2527 Romanis
3049 2467 3361 2528 obsessam,
3396 2459 3609 2527 Gothi,
3634 2457 3802 2514 deletis
3874 2460 3876 2519 ἕ

2210 2569 2478 2627 militibus
2502 2565 2767 2624 Romanis
2802 2575 3104 2633 eorumque
3138 2557 3395 2622 ducibus,
3438 2560 3801 2609 vastaverunt.
3874 2586 3876 2591 -

2208 2663 2314 2720 Cui
2346 2660 2642 2735 provincia:
2682 2667 2815 2716 tunc
2852 2662 2979 2728 post
3012 2652 3308 2722 Απτίρρεηι
3350 2654 3589 2717 Veen"
3874 2642 3876 2649 Ι

2212 2734 2476 2822 Sabinus,
2498 2752 2693 2811 Gothis
2715 2759 2901 2809 autem
2920 2744 3335 2819 principabatur
3354 2738 3710 2809 Dei-pauens.
3731 2734 3799 2786 la-
3874 2784 3876 2803 ί

2211 2857 2295 2905 ter
2321 2862 2463 2920 quos
2485 2845 2628 2902 bello
2657 2842 2982 2908 commisso,
3013 2834 3179 2896 Gothi
3225 2834 3521 2889 Romanos
3556 2830 3805 2885 vicerunt.
3874 2830 3876 2885 ῗ

2211 2948 2378 3012 caput
2396 2937 2558 3010 Oppii
2598 2935 2789 2993 Sabini
2824 2932 3198 2996 absciderunt,
3231 2926 3444 2985 multas
3476 2923 3728 2979 civitates
3763 2926 3805 2970 ct

2212 3032 2436 3091 castella
2468 3031 2537 3087 de
2578 3037 2736 3102 parte
2765 3023 3115 3097 imperatoris
3153 3019 3372 3092 publice
3416 3014 3643 3087 predati
3677 3020 3801 3066 sunt.
3874 3014 3876 3089 ξ

2215 3124 2334 3193 Qua
2369 3123 2698 3181 necessitate
2738 3118 3081 3190 compulsus,
3107 3111 3475 3169 Domicianus
3510 3122 3643 3164 cum
3679 3101 3807 3157 mni
3874 3102 3876 3171 ε

2211 3216 2414 3270 virtute
2469 3211 2750 3268 Yllirieum
2796 3204 3131 3281 properavit,
3184 3202 3522 3273 prelatoque
3560 3194 3809 3252 militibus
3874 3198 3876 3253 ζ

2213 3307 2394 3365 Fusco
2413 3300 2659 3374 ductore,
2688 3318 2814 3361 cum
2834 3296 3184 3359 electissimis
3217 3292 3360 3349 viris
3380 3305 3615 3347 amnem
3644 3286 3807 3340 Dana-

2213 3401 2311 3471 bii,
2338 3399 2606 3459 consertis
2631 3372 2865 3454 navibus
2888 3394 3065 3449 instar
3092 3388 3303 3462 pontis,
3324 3401 3461 3442 eum
3486 3391 3811 3440 u‘ansmcam

2208 3466 2457 3568 precepit
2489 3507 2658 3560 super
2687 3488 2993 3547 exercitum
3026 3481 3325 3555 Dorpanei.
3373 3477 3547 3535 Gothi
3580 3477 3713 3531 haut
3735 3486 3808 3526 se-

2166 3597 2171 3603 '
2216 3602 2351 3660 gues
2387 3601 2542 3642 arma
2563 3589 2881 3656 capessunt,
2908 3577 3202 3651 primoque
3238 3570 3497 3630 conﬂictt
3548 3568 3811 3623 Romanos
3874 3602 3876 3647 η

2216 3680 2535 3748 devincunt,
2569 3686 2626 3735 et
2650 3676 2925 3734 exstincto
2956 3671 3138 3727 Fusco
3172 3668 3337 3733 duce,
3372 3664 3627 3721 militum
3650 3667 3809 3716 castra

2217 3775 2546 3849 precantur;
2589 3782 2899 3842 magnaque
2921 3763 3083 3838 potiti
3118 3759 3376 3825 victoria,
3410 3757 3532 3828 jam

2220 3846 2374 3937 suos,
2399 3882 2511 3923 non
2540 3863 2703 3936 quasi
2731 3875 2902 3933 puros
2924 3856 3179 3914 homines
3207 3852 3305 3910 sed
3327 3851 3498 3923 quasi
3532 3846 3809 3908 senibus.

2212 3960 2398 4017 ~Anses
2433 3951 2787 4014 vocaverunt.
2828 3951 3076 4020 Quorum
3117 3943 3501 4020 genealogiam
3540 3949 3609 3995 nt
3646 3937 3810 4009 paucis

2212 4067 2559 4127 percurram,
2602 4048 2817 4122 primus
2864 4046 3063 4100 horum
3091 4042 3324 4097 heroum
3355 4035 3470 4092 fuit
3504 4033 3706 4104 Caput,
3731 4030 3809 4127 qui

2223 4125 2411 4220 genuit
2431 4142 2633 4211 Ulmal,
2661 4135 2843 4197 Ulmal
2874 4151 3007 4194 vero
3028 4133 3218 4208 genuit
3243 4127 3587 4220 Anguisatb,
3623 4125 3808 4194 Angui-

2223 4219 2350 4295 sath
2369 4236 2441 4270 7"
2462 4234 2652 4308 genuit
2664 4246 2793 4289 eum
2812 4228 2909 4301 qui
2926 4227 3110 4283 dictus
3127 4232 3215 4281 est
3231 4219 3453 4286 Amata,
3476 4233 3510 4272 a
3733 4226 3808 4283 ge»

2212 4345 2333 4387 nus
2363 4307 2681 4383 Amalorum
2703 4321 2984 4384 decurrit;
3023 4316 3217 4373 Amata
3241 4328 3375 4371 vero
3409 4311 3609 4383 genuit
3646 4307 3809 4362 Risu-

2225 4437 2377 4489 nam,
2413 4419 2667 4475 Hisarnis
2691 4425 2873 4472 autem
2900 4410 3091 4485 genuit
3123 4406 3544 4477 Ostrogothatn,
3568 4400 3806 4468 Ostrogo-

532 4492 836 4571 Dccedcnte
867 4515 938 4548 ⁷⁸¹
972 4529 1104 4571 vero
1147 4515 1400 4583 Dicineo,
1434 4515 1552 4586 pari
1590 4531 1730 4587 pene
1773 4516 2126 4573 veneratione
2156 4525 2203 4582 Ι)
2225 4515 2320 4571 tha
2350 4512 2540 4585 genuit
2567 4509 2771 4574 llunul,
2804 4505 2985 4561 Runul
3008 4502 3201 4575 genuit
3232 4498 3420 4565 Athal,
3450 4495 3623 4550 Athal
3651 4492 3807 4564 gelari!

515 4670 519 4673 _
534 4607 1235 4675 habueruntCumosicum,
1253 4607 1349 4679 qui
1365 4624 1466 4665 nec
1479 4609 1704 4680 imparis
1718 4617 1839 4665 erat
1849 4608 2124 4665 sollertiae.

533 4697 637 4755 llic
654 4700 857 4756 ctenim
879 4716 972 4756 rex
1001 4701 1109 4755 illis
1129 4710 1184 4757 et
1212 4699 1460 4772 pontifex.
1495 4701 1568 4759 ob
1607 4717 1763 4757 suam
1789 4702 2040 4772 peritiam
2071 4702 2126 4757 in

533 4808 749 4849 summa
765 4792 981 4859 justitia
1003 4795 1267 4864 populum
1302 4793 1543 4866 regebat.
1584 4793 1651 4849 Et
1684 4794 1790 4849 hoc
1822 4795 1987 4851 rebus
2020 4794 2126 4849 hu-

534 4885 712 4943 manis
736 4886 1051 4953 excedentc,
1072 4885 1358 4942 Zalmoxes
1377 4901 1473 4942 rex
1493 4885 1797 4943 Gothorum
1821 4886 1876 4941 in
1900 4901 2129 4958 regnum

536 4979 878 5046 conscendit,
908 4987 966 5035 et
999 4995 1097 5050 per
1124 4978 1196 5034 40
1239 4993 1417 5043 annos
1457 4978 1513 5033 in
1546 4976 1702 5034 Datia
1731 4978 1848 5033 suis
1877 4978 2129 5049 gentibus

534 5065 840 5136 imperavit.
879 5068 1091 5125 Batiam
1125 5078 1310 5125 autem
1348 5069 1420 5102 ⁷⁸³
1460 5068 1585 5126 dico
1618 5068 1923 5139 antiquam,
1960 5084 2128 5139 quam

512 5174 686 5232 3nunc
729 5159 948 5231 Gepida
985 5162 1268 5232 possidere
1309 5169 1635 5218 noscuntur.
1684 5160 1820 5229 Quae
1855 5161 2032 5232 patria
2072 5162 2129 5218 in

504 5222 521 5321 ,3
536 5259 836 5320 conspectu
867 5250 1072 5308 Mtesitc
1098 5254 1203 5308 sita
1233 5263 1387 5309 trans
1410 5250 1742 5320 Danubium,
1779 5267 1983 5308 corona
2013 5252 2132 5307 cin-

537 5341 685 5412 gitur
712 5344 1005 5412 montium,
1030 5346 1171 5403 duos
1202 5354 1418 5402 tantum
1457 5344 1668 5403 habens
1700 5359 1980 5411 accessus,
2019 5344 2133 5415 pri-

2230 4605 2458 4663 Achiull'
2479 4614 2536 4661 et
2561 4597 2766 4670 Odiuli,
2797 4597 3023 4656 Achiqu
3051 4604 3235 4653 autem
3276 4592 3468 4666 genuit
3502 4588 3746 4644 Ausim:
3766 4591 3806 4634 α

2231 4697 2420 4755 Ediqu
2447 4706 2504 4754 et
2521 4694 2723 4752 Witqu
2738 4695 2808 4729 ⁷⁸⁸
2828 4701 2885 4749 et
2912 4689 3357 4751 Hermenricnm,
3386 4680 3598 4739 Witulf
3612 4681 3684 4713 ’³⁸
3702 4690 3808 4731 vero

2232 4791 2423 4866 genuit
2461 4788 2929 4849 Walaradantem,
2983 4780 3340 4838 Walaradans
3384 4771 3806 4866 Biar-inmm-d

2232 4862 2645 4949 Venetharium,
2670 4877 3036 4936 Venetharius
3071 4870 3551 4934 Wandalaricum,
3592 4862 3807 4918 Wand:-

2228 4977 2433 5034 laricus
2454 4974 2641 5048 genuit
2663 4972 3003 5028 Dietmarum
3031 4967 3105 4999 7"
3126 4974 3184 5021 et
3216 4962 3575 5019 Walamirem
3597 4966 3651 5012 et

2230 5042 2563 5132 inanimi“,
2586 5063 2830 5119 Dtetmar
2858 5059 3047 5133 genuit
3077 5054 3504 5115 Theodericum,
3532 5042 3805 5133 Theodosi-

2227 5172 2331 5214 cus
2391 5155 2581 5230 genuit
2635 5132 3087 5210 Amalasuindam
3111 5191 3129 5218 ,
3188 5142 3589 5203 Amalasuinda

2230 5228 2607 5306 Athalaricum
2647 5256 2703 5305 et
2741 5244 3142 5303 Matesnindam
3170 5241 3241 5297 de
3274 5234 3579 5295 Eutharico
3603 5233 3674 5265 "‘
3707 5228 3803 5281 vim

2233 5358 2357 5410 suo,
2378 5342 2473 5413 qui
2502 5340 2761 5397 allinitate
2783 5337 3000 5411 generis
3023 5336 3107 5392 sic
3131 5333 3202 5389 ad
3220 5347 3347 5388 eam
3372 5325 3797 5397 conjunctae!!-

1845 5435 2081 5493 VARIA'I
2114 5435 2520 5493 LECTIONES.

611 5530 688 5563 ’τ’
721 5530 817 5585 XX
841 5531 903 5586 9c
1004 5531 1075 5564 ⁷⁸⁸
1100 5547 1147 5586 r.
1188 5546 1329 5588 mae.
1360 5531 1415 5587 5.
1490 5532 1559 5564 ⁷⁵¹
1593 5539 1634 5586 t.
1677 5545 2035 5587 romanorum
2062 5530 2147 5585 96.

538 5603 610 5637 ’⁷⁸⁸
639 5603 922 5672 arpantale
962 5603 1008 5657 ι.
1035 5611 1353 5673 crpantana:
1377 5602 1431 5658 5.
1464 5609 1794 5673 expatttame
1815 5600 1901 5673 l0.
1928 5601 2268 5673 herpantalte
2290 5600 2377 5673 9}.

2225 5528 2295 5561 ⁷⁸³
2324 5527 2608 5583 decidente
2633 5525 2688 5580 4.
2725 5526 2779 5581 5.
2814 5523 2901 5579 10.
2977 5521 3049 5555 ⁷⁸⁸
3078 5535 3211 5575 vero
3238 5520 3295 5574 5.
3370 5516 3437 5549 7“
3466 5506 3793 5583 familiam}-

2453 5577 2977 5667 Htr‘sgagampc.
3009 5665 3016 5667 _
3046 5593 3123 5667 ςητ
3144 5592 3290 5645 dem
3328 5589 3419 5667 .9“-
3471 5585 3557 5667 te.
3590 5577 3795 5667 est???

538 5651 1360 5751 .,._,;,'.ir_ibj.f“n6'statim;
1380 5651 1792 5751 "cineras;
1820 5651 1909 5726 “92'.
1929 5651 2572 5729 ’ίδι”τιεῖῑῇρίιιέιιςιι-υιη
2598 5651 2652 5721 ri
2680 5651 2764 5722 9:.
2949 5663 3302 5751 ..νειιιεηπιιηι
3324 5659 3406 5713 9ο.
3585 5651 3793 5707 (οδω

539 5740 701 5817 fidem
723 5746 779 5799 in
805 5746 887 5800 his
906 5746 1204 5802 nominibus
1228 5740 1525 5798 scribendis
1553 5751 1762 5797 secutus
1781 5757 1918 5798 sum.
