3876 6306
123 304 204 401 n3

985 322 1353 411 CHRONiGA.
1394 358 1463 370 ---
1500 314 1895 384 CHROMCON
1924 314 2400 380 'UNIVERSALE.

3239 320 3345 380 πιι

122 452 421 514 Ermenrieus
467 444 538 481 7"
587 438 958 518 supradictus,
1001 445 1145 501 ﬁlius
1190 440 1439 506 Aehiu‘lt‘,
1470 441 1658 514 genuit
1686 438 2097 499 Aobsidion‘em
2138 438 2313 505 ditati,
2346 437 2414 492 ad
2436 435 2993 507 promist-adierunt,
3036 452 3244 511 suaque
3290 442 3346 496 in

121 544 500 609 llunimundum,
539 539 929 595 Ilunimundus
972 535 1465 603 Thurismundum,
1500 532 1654 589 Thu-

120 637 386 697 rismundus
409 632 826 698 Herimundum,
849 628 1220 686 Herimundus
1252 636 1434 684 autem
1470 625 1657 699 genuit

117 732 399 794 Beterieum,
438 722 717 781 Betericus
738 721 1077 789 Eutaricum,
1109 720 1203 791 qui
1229 719 1557 789 coniunctus
1583 716 1657 750 '"

116 814 649 887 Atnalsuindaa'genuit
694 813 1069 869 Athalaricum
1111 820 1165 867 et
1199 810 1650 866 Mathesuindam.

116 912 318 987 llortuus
344 918 422 964 est
468 915 651 962 autem
686 905 1033 960 Athalaricus
1059 904 1115 959 in
1143 902 1304 959 annis
1329 902 1652 973 puerilibus,

115 1014 155 1058 et
170 1000 525 1057 Mathcsuindre
545 998 768 1069 Witigis
782 1004 864 1054 est
885 998 1194 1068 copulatus,
1215 996 1282 1052 de
1303 1011 1414 1067 quo
1434 994 1524 1049 illa
1541 1009 1652 1049 non

114 1095 309 1165 suscepit
334 1094 521 1150 ﬁlium.
559 1091 700 1148 Cum
723 1099 905 1146 autem
939 1089 1159 1162 Witigis
1198 1090 1365 1145 rebus
1395 1087 1654 1143 humanis

112 1189 365 1253 excederet,
390 1185 695 1242 Germanus
726 1184 1012 1256 patricius,
1040 1182 1315 1239 fratruelis
1335 1181 1521 1238 domni
1550 1180 1650 1235 Ju-

112 1280 212 1335 stini
244 1278 597 1349 imperatoris,
628 1291 855 1332 sumens
890 1291 1012 1331 eam
1048 1276 1105 1332 in
1133 1274 1452 1342 conubium,
1477 1273 1652 1345 patri-

111 1364 222 1424 ciam
244 1368 358 1425 fecit
377 1369 732 1437 ordinarium,
751 1368 1044 1441 genuitque
1062 1367 1236 1424 ﬁlium
1257 1382 1325 1422 ex
1345 1381 1410 1422 ea
1430 1366 1653 1422 nomine

109 1458 407 1517 Germanum.
432 1459 701 1517 Defuncto
725 1469 906 1517 autem
942 1458 1218 1517 Germano
1245 1459 1366 1514 viro
1387 1474 1509 1527 suo,
1534 1458 1652 1530 ipsa

109 1540 234 1605 vidua
258 1546 594 1622 perseverare
626 1551 922 1623 disposuit.
966 1548 1298 1623 Conjunetio
1322 1551 1653 1622 consangui-

108 1644 256 1699 nitatis
276 1645 571 1701 Ermenriei
593 1654 648 1702 et
661 1644 984 1701 Theoderici
1006 1645 1132 1701 talis
1153 1643 1275 1700 fuit.
1297 1641 1651 1700 Ermenricus

107 1746 147 1792 et
164 1737 392 1795 Wituli‘us
420 1739 518 1794 filii
540 1736 763 1794 fuerunt
782 1736 1038 1794 Achiulti.

406 1830 798 1888 Hermenricus
1016 1828 1282 1888 Wituifus

404 1902 799 2030 llunitiiundus
881 1932 885 1937 1
1029 1902 1388 2032 Wala'radans
1408 1975 1478 2009 ⁷⁸⁸

404 2043 857 2171 Τὴυνίιεῐιιυηάιις
1014 2043 1381 2175 Winitlbarius

406 2184 778 2312 lleriniundus
798 2256 871 2289 ⁷⁸⁸
1016 2185 1441 2316 Wandalarieus

400 2326 685 2454 Betui-ileus
1014 2326 1325 2457 Dietmlarus

400 2468 739 2595 Euthalricus
1010 2469 1403 2599 Theodericus.
1476 2541 1655 2614 Cujus

99 2624 230 2684 tiliam
264 2629 711 2687 Amalasuindam
754 2628 1084 2687 Eutharicus
1116 2632 1415 2703 accipiens,
1463 2634 1653 2705 genuit

98 2720 421 2779 Athalaricum
456 2731 519 2780 et
557 2722 1016 2792 Matbesuindam,
1051 2724 1389 2797 stirpemque
1423 2725 1649 2781 Amale-

97 2825 194 2867 rum
221 2813 323 2884 jam
373 2829 519 2886 pene
559 2814 795 2872 divisam
828 2808 1133 2887 conjunxit.
1173 2815 1272 2873 llis
1317 2817 1391 2873 ita
1428 2817 1651 2875 insertis

98 2918 182 2958 non
208 2908 269 2963 ab
287 2925 359 2977 re,
385 2919 445 2966 ut
468 2906 771 2978 credimus,
805 2909 876 2966 ad
904 2907 1150 2968 ordinem
1175 2909 1436 2982 bystoriae
1460 2909 1652 2967 redea-

96 3010 213 3053 ntus.

148 3089 286 3159 (ιλιι
318 3094 465 3167 sqq.)
515 3092 804 3165 Dorpaneo
834 3094 1003 3167 igitur
1051 3109 1180 3167 rege
1219 3094 1525 3151 Gothorum
1554 3093 1651 3150 de-

94 3176 267 3251 functo,
286 3186 558 3243 successit
582 3185 932 3259 Ostrogotha,
954 3195 1009 3243 et
1029 3203 1158 3258 pars
1179 3186 1505 3254 Gothorum,
1530 3202 1653 3258 qum

94 3272 366 3333 orientalem
405 3281 628 3352 plagam
674 3279 911 3348 tenebat,
967 3277 1421 3350 Ostrogotharum
1453 3292 1651 3333 nomen

92 3367 282 3437 accepit,
328 3371 441 3427 sive
474 3386 509 3426 a
547 3385 708 3443 rege,
745 3370 861 3428 sive
894 3387 927 3427 a
965 3371 1216 3444 regione;
1259 3370 1455 3442 reliqui
1497 3385 1650 3438 vero,

92 3456 167 3524 qui
202 3459 252 3514 in
294 3463 529 3519 occidua
563 3472 720 3520 erant
772 3472 949 3535 parte,
977 3463 1300 3536 Wisigotha:
1346 3464 1477 3520 dicti
1503 3474 1651 3532 sunt,

92 3549 234 3608 amba
260 3562 435 3611 tamen
476 3564 660 3626 partes
698 3557 813 3629 regi
849 3555 1193 3628 Ostrogotba:
1223 3557 1681 3628 subjaeuerunt;‘

90 3639 363 3715 mirumque
392 3646 446 3701 in
478 3647 701 3702 modum
737 3647 846 3704 illis
881 3648 1315 3719 proﬁcientibus,
1336 3649 1440 3705 sub
1462 3664 1652 3705 eorum

87 3726 275 3788 dextera
302 3733 612 3793 Wandalus
641 3737 836 3808 jacuit,
877 3736 1301 3795 Mareomannus
1334 3741 1439 3795 sub
1468 3739 1654 3811 precio

88 3826 228 3891 stem,
263 3828 521 3900 princeps
562 3827 880 3897 Quadorum
926 3831 982 3886 in
1034 3831 1352 3888 servitutem
1400 3832 1656 3890 redactus

85 3922 170 3969 est.
207 3914 451 3991 Philippo
489 3921 675 3992 itaque
714 3920 976 3979 Romanis
1012 3923 1336 3994 imperante,
1373 3924 1468 3995 qui
1502 3924 1655 3980 solus

83 4016 188 4062 ante
205 4009 631 4068 Constantinum
657 4031 784 4071 eum
806 4015 918 4072 ﬁli'o
943 4032 1046 4073 suo
1071 4016 1199 4072 item
1214 4015 1475 4088 Philippo
1492 4015 1656 4072 Chri-

83 4104 264 4163 stianus
297 4109 482 4167 factus
516 4121 620 4181 est,
669 4110 999 4183 Ostrogotha
1044 4129 1172 4169 cum
1214 4113 1332 4170 suis
1380 4112 1655 4168 transiens

80 4193 359 4258 Danubium
386 4247 402 4273 ,
458 4207 778 4275 provincias
821 4205 1199 4263 Romanorum
1262 4207 1527 4276 vastavit;
1584 4208 1654 4264 ad

81 4300 218 4356 quem
252 4292 641 4352 debellandum
676 4296 875 4354 Decius
918 4309 1140 4354 senator
1168 4315 1195 4354 a
1223 4299 1478 4370 Philippo
1514 4298 1652 4355 diri-

78 4378 218 4449 gitur.
250 4383 353 4452 Qui
382 4388 640 4456 veniens,
668 4387 950 4446 Romanos
976 4390 1177 4448 milites
1200 4408 1340 4462 quos
1375 4390 1580 4447 invenit
1619 4406 1653 4448 a

1623 1752 1631 1759 ’
1679 1788 1725 1850 n

1757 530 1931 604 patria
1956 530 2184 586 feliciter
2220 529 2601 595 versabantur,
2628 542 2922 600 quousque
2965 529 3349 602 princepset,-

1756 634 1881 677 rum
1914 621 2125 677 exstitit
2151 619 2501 692 Ostrogotha.
2525 617 2658 676 Post
2686 621 2846 691 cujus
2868 635 3157 677 excessum
3175 621 3348 678 Dniba

1758 715 2041 782 successit,
2068 716 2163 786 qui
2189 715 2355 770 ducto
2378 716 2620 771 exercitu
2647 730 2771 770 cum
2813 712 3190 769 Romanorum
3222 730 3351 785 par-

1755 815 1838 863 tes
1878 808 2205 875 devastaret,
2235 806 2429 863 Decius
2454 808 2567 878 jam
2602 808 2897 878 imperator
2943 822 3067 861 enm
3096 807 3225 862 ﬁlio
3248 822 3350 862 suo

1753 899 1805 957 ei
1839 900 2099 967 occurrit,
2147 908 2510 970 consertoque
2537 900 2744 971 prmlio,
2772 897 2918 954 Decii
2964 899 3130 965 filius,
3158 907 3210 954 et
3234 899 3350 969 ipse

1755 993 1935 1049 dictus
1966 991 2184 1059 Decius,
2212 992 2406 1063 sagitta
2448 992 2736 1058 occiditur,
2777 999 2932 1061 pater
2955 1006 3193 1061 quoque,
3221 1006 3348 1047 eum

1754 1082 1925 1136 ﬁlium
1951 1081 2143 1138 ulcisci
2168 1081 2240 1114 ’Μ
2265 1081 2570 1149 moliretur,
2594 1081 2945 1137 interimitur.
2970 1080 3103 1136 Post
3123 1080 3347 1136 Decium

1753 1171 1943 1228 Gallus
1971 1180 2026 1228 et
2070 1169 2403 1228 Volusianus
2444 1188 2612 1244 regno
2632 1173 2815 1243 potiti,
2850 1187 3038 1244 pacem
3071 1188 3196 1228 cum
3238 1172 3350 1228 Go-

1755 1265 1864 1321 this
1884 1265 2227 1337 pepigerunt,
2251 1280 2353 1322 nec
2374 1264 2538 1336 longo
2552 1265 2839 1320 intervallo
2860 1265 3108 1335 utrisque
3127 1280 3351 1320 oceum-

1754 1357 2031 1426 bentibus,
2059 1356 2337 1414 Gallienus
2358 1356 2429 1390 ""
2458 1356 2692 1427 arripuit
2709 1357 3096 1428 principatum.
3124 1355 3245 1423 Quo
3271 1363 3347 1411 la-

1754 1451 1922 1507 scivia
1942 1451 2204 1519 resoluto,
2229 1449 2405 1520 Respa
2433 1458 2487 1505 et
2510 1448 2766 1504 Veducus
2797 1447 3229 1519 Tbnrbarusqne
3248 1448 3350 1503 du-

1755 1556 1847 1598 ces
1871 1542 2174 1598 Gothorum
2212 1541 2414 1598 fretum
2456 1540 2883 1611 Ellespontieum
2912 1538 3348 1606 transfretantes,

1754 1635 1959 1691 multas
1978 1634 2123 1691 Asia:
2145 1634 2313 1691 urbes
2333 1633 2612 1705 depredati
2636 1642 2786 1702 sunt,
2817 1633 3057 1705 illudque
3085 1632 3352 1704 opinatis-

1754 1726 1957 1781 simum
1985 1724 2173 1779 Dianae
2194 1725 2477 1795 templum,
2502 1725 2573 1780 ab
2594 1723 2968 1780 Amazonibus
2994 1722 3194 1794 Ephesi
3220 1738 3352 1778 eon-

1754 1817 1952 1883 ditum,
1993 1816 2414 1883 succenderunt,
2449 1823 2506 1872 et
2533 1831 2661 1872 cum
2698 1815 2870 1870 multa
2898 1813 3062 1886 preda
3092 1813 3352 1884 regressi,

1754 1908 1997 1981 Trojam,
2028 1924 2151 1980 qua:
2181 1908 2270 1964 vix
2307 1909 2378 1963 ab
2405 1907 2499 1963 illo
2534 1906 2908 1978 Agamennico
2939 1906 3081 1961 bello
3115 1914 3354 1975 quantu-

1753 2003 2113 2074 lumcumque
2138 2009 2391 2072 reparata
2413 2008 2552 2067 erat,
2569 2015 2794 2056 rursum
2809 1999 3146 2065 deleverunt,
3165 1997 3357 2068 sicque

1752 2094 1881 2152 Asia
1905 2103 2137 2162 vastata,
2177 2092 2428 2151 Traciam
2468 2094 2824 2159 devenerunt,
2848 2100 2902 2147 et
2919 2091 3075 2162 juxta
3111 2091 3353 2146 radicem

1753 2184 1908 2242 Hemi
1940 2186 2145 2242 montis
2173 2200 2443 2257 aquarum
2466 2185 2768 2241 calidarum
2807 2183 3028 2238 lavacro
3077 2181 3353 2250 delectati,

1754 2279 1943 2334 multis
1989 2278 2185 2335 diebus
2210 2284 2615 2334 commorantes
2642 2318 2658 2342 ,
2696 2274 2763 2330 ad
2802 2273 3021 2345 propria
3053 2273 3351 2328 redierunt.

1754 2369 1932 2442 (Jonn.
1964 2387 2014 2428 c.
2037 2370 2110 2425 20
2135 2369 2314 2442 seqq.)
2345 2368 2479 2425 Post
2502 2368 2619 2426 haec
2643 2368 2714 2423 ab
2743 2365 2999 2422 Herculio
3021 2364 3354 2419 Maximiano

1752 2463 1807 2518 in
1831 2463 2100 2519 auxilium
2169 2461 2545 2518 Romanorum
2607 2466 2800 2516 contra
2868 2457 3105 2514 Parthos
3152 2457 3352 2528 rogati,

1753 2555 1984 2613 ﬁdeliter
2002 2556 2436 2620 decertaverunt,
2459 2563 2513 2609 et
2533 2550 2803 2608 Narseum
2828 2566 3012 2623 regem
3035 2549 3351 2618 Persarum,

1755 2637 1978 2718 Saporis
2009 2643 2192 2716 magni
2217 2652 2494 2715 nepotem,
2541 2641 2888 2713 fugaverunt.
2918 2641 2964 2694 A
2989 2639 3355 2696 Constantino

1751 2754 1971 2811 quoque
1997 2738 2331 2808 imperatore
2364 2735 2562 2806 regali,
2586 2734 2760 2789 multo
2797 2733 3074 2788 afuerunt
3123 2733 3353 2796 auxdto,

1751 2840 1808 2888 et
1835 2840 1896 2887 ut
1926 2828 2360 2886 famosissimum
2403 2826 2593 2882 Romae
2637 2824 2890 2881 aemulam
2920 2824 2975 2880 in
3002 2839 3106 2880 suo
3130 2822 3354 2878 nomine

1752 2924 2014 2982 conderet
2060 2922 2338 2979 civitatem
2365 2962 2381 2988 ,
2432 2918 2740 2977 Gothorum
2782 2915 3030 2973 interfuit
3081 2913 3350 2987 operatio.

1752 3017 1859 3084 Qui
1885 3015 2088 3072 findere
2112 3014 2251 3070 inito
2281 3028 2409 3070 cum
2457 3013 2811 3083 imperatore,
2835 3008 2906 3064 40
2926 3008 3077 3064 milia
3123 3021 3352 3063 suorum

1754 3110 1832 3164 illi
1861 3110 1917 3164 in
1947 3108 2203 3166 solatium
2235 3115 2424 3164 contra
2465 3105 2648 3160 varias
2695 3111 2883 3176 gentes
2911 3101 3177 3168 obtulere,
3215 3115 3354 3172 quo-

1755 3216 1879 3259 rum
1926 3210 1982 3260 et
2027 3216 2295 3257 numerus
2316 3207 2371 3256 et
2401 3198 2598 3254 militia
2625 3210 2801 3267 usque
2847 3195 2916 3251 ad
2941 3209 3171 3265 presens
3205 3193 3262 3247 in
3294 3208 3354 3248 re

1754 3296 1972 3369 publica
1997 3292 2334 3362 nominatur,
2358 3292 2415 3349 id
2440 3299 2524 3348 est
2545 3288 2818 3346 fmderati.
2848 3285 3006 3343 Tunc
3025 3285 3228 3369 etenim
3249 3285 3355 3341 sub

1754 3364 1988 3444 Ariarici
2010 3396 2066 3443 et
2089 3384 2324 3441 Ariarici
2353 3398 2547 3455 regum
2567 3394 2798 3438 suorum
2814 3377 3082 3434 ﬂorebant
3100 3364 3351 3448 imperio.

1754 3478 1886 3537 Post
1932 3494 2171 3553 quorum
2195 3477 2503 3534 discessum
2537 3470 2828 3530 successor
2855 3471 3013 3542 regni
3039 3469 3219 3525 extitit
3243 3468 3353 3525 Ge-

1754 3572 1942 3629 bericb
1964 3614 1980 3639 ,
2014 3571 2217 3627 virtute
2265 3578 2322 3626 et
2359 3566 2644 3624 nobilitate
2694 3564 2952 3620 eximius.
3010 3560 3149 3616 Nam
3200 3569 3356 3632 patre

1755 3662 2028 3721 Hilderico
2049 3673 2232 3729 natus,
2256 3676 2360 3717 avo
2393 3659 2624 3725 Hovida,
2680 3650 2888 3728 proavo
2930 3653 3089 3723 Nida,
3125 3653 3353 3726 gloriam

1754 3756 1971 3829 generis
2002 3756 2090 3810 sui
2109 3753 2271 3810 factis
2293 3751 2620 3823 exaequavit.
2646 3748 2706 3803 In
2748 3746 3021 3820 principio
3046 3746 3248 3818 quippe
3265 3757 3356 3798 re-

1755 3847 1847 3919 gni
1880 3846 1968 3902 sui
1988 3861 2117 3901 mox
2137 3843 2534 3900 Wandalorum
2557 3840 2727 3912 genti,
2755 3839 2940 3911 quieo
2964 3846 3209 3907 tempore
3234 3848 3355 3889 ma-

1755 3939 1959 3994 nebant
1978 3938 2072 3994 ubi
2107 3945 2298 4007 postea
2333 3934 2526 4005 Gepidi
2567 3933 2860 3997 sedebant,
2885 3930 3086 3987 bellum
3137 3927 3352 3995 indixit,

1754 4043 2047 4101 regemque
2090 4042 2285 4084 eorum
2334 4024 2712 4081 Wisamarum
2768 4037 2897 4078 cum
2952 4035 3147 4091 magna
3200 4027 3356 4089 parte

1752 4121 1934 4193 gentis
1968 4136 2083 4177 suae
2125 4118 2445 4190 prostravit,
2476 4115 2899 4186 depredatisque
2924 4111 3208 4166 Wandalis
3231 4151 3247 4176 ,
3278 4111 3359 4165 vi-

1754 4222 1874 4270 ctor
1898 4212 2181 4269 remeavit.
2218 4209 2485 4281 Perpauci
2503 4224 2636 4264 vero
2659 4205 2936 4273 Wandali,
2957 4204 3050 4275 qui
3076 4217 3357 4259 remanse~

1753 4312 1880 4360 rant
1907 4302 2304 4360 infortunatam
2337 4301 2440 4358 sibi
2483 4300 2719 4373 patriam
2771 4297 3161 4367 relinquentes,
3206 4294 3353 4352 Pan-

1754 4395 2002 4461 noniam,
2053 4411 2085 4450 a
2123 4393 2491 4450 Constantino
2534 4393 2864 4462 imperatore
2903 4388 3011 4444 sibi
3033 4388 3105 4421 ""
3129 4400 3357 4444 conces-

79 4470 246 4530 militia
266 4475 529 4548 deposuit
551 4489 604 4535 et
633 4480 689 4535 in
713 4481 925 4551 privata
954 4482 1064 4537 vita
1090 4483 1286 4555 degere
1311 4482 1458 4548 fecit,
1494 4484 1654 4554 quasi
1685 4499 1732 4556 ι)
1756 4502 1898 4555 sam,
1926 4486 2223 4558 petierunt,
2252 4487 2440 4558 ibique
2462 4484 2658 4541 locatis
2683 4482 2931 4549 sedibus,
2951 4496 3051 4552 per
3074 4481 3357 4551 sexaginta

75 4574 236 4620 eorum
269 4570 525 4642 neglectu
556 4570 718 4627 Gothi
755 4571 1067 4629 Danubium
1107 4575 1444 4643 transierint,
1472 4575 1648 4631 facta-

76 4668 183 4724 que,
208 4674 264 4715 ut
288 4663 527 4731 putavit,
568 4663 624 4718 in
650 4680 783 4721 suos
808 4665 1070 4735 vindicta,
1100 4669 1393 4724 revertitur
1422 4668 1492 4724 ad
1520 4668 1653 4725 Phi-

74 4743 276 4817 lippum.
306 4753 514 4811 Milites
536 4765 721 4813 autem
747 4758 1017 4826 videntes,
1049 4775 1108 4815 se
1130 4769 1255 4830 post
1283 4769 1361 4816 tot
1380 4761 1596 4818 labores
1620 4777 1654 4817 a

73 4839 242 4897 militia
274 4848 488 4917 pulsos,
521 4849 591 4905 ad
619 4847 967 4921 Ostrogothaa
988 4851 1132 4921 regis
1162 4853 1364 4909 auxilia
1389 4853 1654 4926 confuge—

74 4942 202 4988 runt.
232 4935 337 5005 Qui
359 4941 645 5012 excipiens
675 4955 793 5011 eos,
815 4958 1119 5016 eorumque
1139 4946 1324 5001 verbis
1362 4962 1651 5015 accensus,

70 5036 180 5080 mox
210 5038 453 5088 trecenta
497 5034 647 5091 milia
672 5052 901 5092 suorum
933 5046 1143 5093 armata
1166 5039 1421 5109 producit
1441 5040 1510 5095 ad
1532 5040 1650 5096 bel-

70 5110 187 5184 lum,
213 5125 559 5196 transitoque
592 5125 863 5197 Danubio,
887 5127 1135 5185 Moesiam
1161 5132 1402 5202 populati
1429 5140 1577 5198 sunt,
1600 5141 1656 5188 et

69 5203 526 5287 Marcianopolim,
552 5219 800 5290 ejusdem
838 5221 1029 5292 patria:
1050 5223 1244 5279 urbem
1284 5224 1651 5294 metropolim,

68 5312 215 5367 quam
244 5306 524 5380 Trajanus
547 5312 680 5367 olim
703 5328 773 5369 ex
800 5314 1023 5369 nomine
1050 5316 1259 5371 sororis
1293 5330 1411 5372 sua:
1439 5314 1655 5371 Marciae

68 5396 314 5468 condidit,
339 5402 706 5473 obsederunt;
735 5414 1066 5477 acceptoque
1083 5407 1269 5478 precio
1291 5416 1415 5479 post
1434 5406 1653 5478 longam

1751 4594 1929 4636 annos
1973 4577 2371 4650 imperatorum
2400 4577 2638 4634 decretis
2675 4576 2826 4631 velut
2854 4574 3048 4630 incola:
3080 4571 3357 4628 deservie-

1754 4679 1905 4728 runt.
1936 4670 2066 4727 lude
2084 4671 2201 4742 jam
2229 4679 2356 4741 post
2387 4670 2613 4742 longum
2640 4676 2859 4738 tempus
2884 4681 2917 4720 a
2935 4662 3220 4728 Stilieone,
3245 4676 3357 4717 ma-

1754 4764 1929 4836 gistro
1958 4765 2197 4819 militum
2250 4772 2307 4818 et
2360 4761 2659 4819 exconsule
2711 4774 2779 4815 ac
2816 4757 3071 4829 patricio,
3114 4754 3353 4821 invitati,

1757 4855 1965 4911 Gallias
1985 4862 2413 4925 occupaverunt,
2436 4853 2533 4908 ubi
2560 4851 2825 4907 ﬁnitimos
2845 4847 3229 4919 depredantes,
3244 4859 3356 4900 non

1758 4949 1897 5005 adeo
1935 4949 2074 5004 ﬁxas
2098 4947 2257 5003 sedes
2290 4946 2623 5001 habuerunt.
2652 4941 2920 4999 Geberico
2963 4954 3202 5011 namque
3230 4952 3358 5009 rege

1757 5041 2059 5097 Gothorum
2081 5038 2249 5093 rebus
2274 5035 2534 5092 humanis
2576 5035 2890 5101 excedente,
2940 5040 3069 5104 post
3107 5031 3360 5101 aliquan-

1756 5140 1876 5187 tum
1904 5128 2169 5200 temporis
2216 5127 2591 5193 Ermenricus,
2612 5124 2933 5180 Amalorum
2957 5121 3356 5190 nobilissimus,

1758 5214 2028 5278 successu
2054 5219 2112 5276 in
2137 5233 2389 5291 regnum,
2421 5215 2517 5287 qui
2542 5214 2742 5271 multas
2771 5213 2941 5270 arctoi
2971 5220 3161 5285 gentes
3207 5209 3360 5266 belli-

1761 5328 1923 5370 cosas
1944 5311 2256 5382 perdomuit
2286 5308 2511 5379 suisque
2535 5306 2747 5378 legibus
2768 5320 2963 5377 parere
3013 5302 3161 5370 fecit,
3190 5315 3357 5373 quem

1762 5404 1960 5461 merito
1990 5403 2240 5459 nonnulli
2269 5401 2508 5472 majores
2531 5399 2843 5455 Alexandro
2891 5409 3091 5466 magno
3129 5406 3355 5462 compa-

1372 5581 1460 5637 VA
1470 5580 1610 5637 RIIE
1648 5577 2055 5636 LECTIONES.

130 5728 192 5762 *τ’
220 5747 272 5789 c.
306 5745 393 5792 est
416 5737 500 5793 9°.
576 5738 647 5773 "“
682 5739 1019 5799 Vualaradus
1041 5743 1120 5799 9'.
1201 5743 1269 5776 ⁷η
1299 5743 1690 5799 herismundus
1713 5743 1765 5800 5.
1847 5742 1915 5776 m
1954 5759 2006 5798 u.
2035 5739 2073 5797 Υ.
2103 5741 2154 5798 5.
2179 5812 2183 5816 θ
2233 5740 2304 5772 ’θ’
2331 5739 2578 5813 galienus
2604 5734 2690 5793 9°.
2766 5734 2838 5768 ’θ’
2866 5736 3009 5789 deest
3035 5733 3111 5787 Ως.
