3876 6306
506 311 613 369 730

1582 374 1589 385 ,
1678 311 2075 385 smmum

2197 318 2585 377 {AUGIENSIS
3671 315 3753 375 7Ξῦ

503 438 715 515 ξυνοῖς.
746 422 1226 515 llabebatquippe
1246 425 1356 493 sub
1372 426 1581 515 ditione
1618 443 1724 487 sua
1750 427 1975 487 Golthes
2001 430 2093 499 7",
2128 443 2169 501 Α
2199 434 2297 501 vit,
2321 434 2836 515 quinnmerosnlate
2857 433 3143 503 pollentes,
3173 432 3357 506 primo
3397 430 3646 487 resistere
3678 446 3755 489 ro-

504 513 853 577 (‘itathiudos
879 515 971 581 '°°,
999 513 1237 571 lnanxos
1266 515 1361 583 ⁸⁸³³,
1389 514 1619 585 Suasos,
1664 515 1980 579 Narboncas
2003 520 2097 588 ⁸⁰’,

504 605 797 681 Μει-θηιθε,
814 605 1146 674 Mordeutcs,
1177 604 1532 663 Ynmiscaros
1553 609 1646 677 3”,
1673 608 2101 684 Roscathaizan-

505 708 590 754 tes
616 698 709 767 '“,
754 698 1041 766 Athaalos,
1101 697 1448 770 Mavegones,
1487 698 1830 772 llubegenas,
1870 684 2096 761 illolzlas.

504 788 571 849 Et
624 805 750 846 eum
808 798 1092 847 tantorum
1142 791 1366 851 servitio
1405 792 1588 849 clarus
1631 792 1945 863 haberetur,
1989 811 2099 851 non

503 882 712 955 quievit
740 882 851 937 nisi
890 891 945 937 et
976 881 1302 938 Herulorum
1365 893 1575 955 gentes,
1630 885 1833 958 quibus
1886 896 2103 958 preerat

501 975 778 1043 Alaricus,
800 975 903 1031 sibi
928 975 1241 1047 sutijiceret.
1281 974 1416 1043 Quae
1449 993 1580 1049 gens
1600 977 1757 1048 juxta
1810 977 2100 1039 Meotidem

502 1067 755 1139 paludem
780 1067 1055 1135 habitans,
1090 1084 1155 1124 ex
1182 1067 1320 1124 locis
1348 1069 1752 1139 stagnantibus,
1777 1084 1918 1140 quas
1940 1069 2099 1126 Greci

502 1161 644 1216 belle
672 1168 910 1228 vocant,
947 1158 1137 1215 Heruli
1184 1160 1346 1232 quasi
1399 1158 1595 1215 Helluli
1636 1160 1905 1215 nominati
1948 1169 2099 1231 sunt,

501 1266 635 1321 gens
663 1260 928 1322 quantum
952 1251 1111 1306 velox
1155 1259 1368 1307 tantum
1409 1250 1666 1320 superba.
1722 1249 1881 1306 Nulla
1936 1252 2103 1323 siqui-

500 1342 624 1400 dem
654 1360 789 1414 gens
818 1351 951 1399 tunc
983 1353 1120 1410 erat,
1152 1359 1277 1413 qua:
1307 1358 1417 1398 non
1468 1342 1640 1397 levem
1666 1343 1737 1374 ⁸⁰⁵
1761 1351 2096 1400 armaturam

501 1434 556 1489 in
590 1436 706 1491 acie
729 1452 828 1492 sua
851 1452 919 1490 ex
944 1435 1080 1507 ipsis
1102 1434 1345 1508 eligeret.
1379 1434 1487 1491 Sed
1505 1436 1756 1507 quamvis
1791 1450 1983 1491 eorum
2006 1452 2098 1492 ve-

500 1527 696 1599 locitas
720 1529 789 1583 ab
827 1529 951 1585 aliis
982 1529 1177 1585 crebro
1213 1528 1540 1584 bellantibus
1559 1544 1656 1584 eos
1677 1537 1965 1596 tutaretur,
1984 1527 2096 1584 Go-

502 1620 724 1675 thorum
753 1629 933 1676 tamen
981 1622 1265 1677 stabilitati
1305 1631 1360 1677 et
1400 1623 1641 1677 tarditati
1679 1623 2093 1694 subjacucruut,

502 1710 741 1781 fecitque
762 1727 928 1768 causa
958 1712 1205 1781 fortium,
1238 1725 1298 1770 ut
1326 1715 1430 1785 ipsi
1471 1716 1615 1771 inter
1641 1715 1882 1787 reliquas
1905 1725 2094 1788 gentes

2202 526 2509 592 nabantur;
2548 525 2645 580 sed
2671 524 2841 580 nichil
2868 525 3010 580 valet
3040 524 3335 578 multitudo
3358 524 3413 578 in
3432 524 3595 590 bello,
3622 524 3759 580 ubict

2199 617 2343 691 Deus
2366 618 2633 689 permittit
2666 627 2721 675 et
2748 618 3040 673 multitudo
3067 616 3137 672 fo.
3155 617 3291 672 tium
3317 627 3530 672 armata
3563 619 3760 678 silvesc-

2196 707 2288 762 rit.
2322 705 2698 763 Venethorum
2734 723 2860 762 vero
2890 707 3060 773 natio,
3084 699 3146 761 ut
3172 721 3340 777 supra
3380 705 3620 761 diximus
3640 748 3656 773 ,
3678 723 3762 777 pe-

2198 800 2393 873 pulosa
2412 808 2520 867 est,
2542 799 2637 870 qui
2664 800 2735 855 ab
2757 816 2866 855 una
2884 798 3052 870 stirpe
3072 798 3270 865 exorti,
3302 799 3413 853 tria
3439 797 3546 853 sibi
3572 800 3763 861 nomina

2198 892 2533 957 indiderunt,
2564 890 2816 957 Venethi,
2840 880 3069 958 Anthes,
3104 889 3378 957 Sclaveni,
3414 889 3565 962 quod
3593 906 3762 946 nomen

2197 984 2279 1041 eis
2300 984 2599 1056 principale
2631 993 2735 1053 est.
2777 983 2882 1050 Qui
2929 983 3181 1053 quamvis
3225 992 3442 1054 postea,
3476 982 3764 1038 facientibus

2197 1078 2436 1148 peccatis
2458 1077 2844 1147 quorumdam,
2898 1076 3101 1147 ubique
3134 1076 3393 1140 sevirent,
3444 1084 3578 1135 tunc
3611 1084 3764 1130 tamen

2198 1183 2390 1233 omnes
2416 1167 2738 1230 Ermenrico
2759 1169 3084 1224 servierunt.
3111 1166 3407 1222 Hesternm
3448 1182 3667 1238 quoque
3688 1183 3767 1221 na-

2199 1261 2425 1330 tionem,
2450 1262 2546 1337 qui
2580 1261 2960 1333 longissimam
3009 1260 3199 1317 oceani
3244 1260 3423 1332 ripam
3481 1258 3765 1315 Germanici

2198 1354 2531 1421 insederant,
2566 1354 2708 1409 idem
2732 1353 3018 1424 prudentia
3043 1362 3097 1409 et
3124 1354 3326 1407 virtute
3347 1354 3592 1424 subegit,
3615 1354 3765 1415 omni-

2196 1446 2409 1517 busque
2431 1444 2667 1519 Scythiae
2683 1456 2737 1502 et
2753 1445 3061 1504 Germania:
3083 1445 3399 1505 nationibus
3419 1446 3543 1500 acsi
3565 1445 3768 1517 propriis

2194 1539 2403 1597 laribus
2460 1538 2767 1609 imperavit.
2822 1537 2955 1593 Post
3011 1538 3126 1594 haec
3169 1552 3302 1594 vero
3330 1535 3625 1593 Hunorum
3658 1553 3769 1607 gens

2196 1631 2345 1689 enini
2377 1629 2659 1686 ferocitate
2680 1631 2922 1686 atrocior
2947 1629 3150 1685 exarsit
3198 1628 3253 1683 in
3301 1628 3547 1695 Gothos,
3572 1644 3775 1699 eosque,

2196 1723 2289 1793 qui
2314 1724 2466 1795 prius
2489 1722 2674 1778 timori
2698 1730 2857 1778 erant
2896 1721 3095 1778 ceteris
3143 1720 3425 1792 gentibus,
3453 1721 3535 1774 ab
3562 1719 3771 1790 antiquis

503 1799 802 1856 Gctharum
824 1805 935 1875 regi
964 1801 1284 1861 Ermenrico
1304 1805 1593 1864 servirent.
1617 1802 1749 1863 Post
1771 1804 2099 1863 llerulorum
2133 1806 2174 1864 Β
2202 1815 2532 1871 conterritos
2552 1815 2761 1886 expulit
2779 1814 3022 1870 sedibus.
3040 1812 3171 1880 llos,
3199 1821 3258 1867 ut
3277 1811 3449 1869 refert
3474 1812 3768 1893 antiquitas,

503 1894 703 1951 caulem
740 1895 870 1953 item
901 1896 1254 1954 Ermenricus
1282 1898 1338 1954 in
1366 1897 1639 1957 Venethos
1664 1916 1818 1964 arma
1846 1916 2102 1961 comma-

2204 1905 2281 1962 ita
2311 1906 2560 1964 extitisse
2586 1906 2978 1978 comperimus.

1657 2045 1765 2107 DE
1808 2042 2032 2105 ORlGI
2042 2045 2147 2106 NE
2188 2042 2611 2107 HUNORUM.

577 2163 797 2220 Filimer
824 2181 917 2221 rex
947 2166 1275 2236 Gothorum,
1299 2166 1552 2223 Gadariei
1576 2166 1755 2241 Magni
1781 2168 1948 2236 lilius,
1998 2167 2095 2241 qui

502 2265 628 2330 post
656 2271 938 2330 egressum
963 2274 1155 2314 eorum
1198 2261 1264 2315 de
1298 2259 1527 2315 Seauzia
1562 2260 1738 2315 insula
1762 2259 1875 2330 jam
1898 2246 2092 2332 quinto

501 2346 623 2407 loco
651 2348 827 2404 tenuit
857 2365 1086 2420 regnum
1137 2349 1459 2418 Getharum,
1488 2351 1693 2422 quique
1723 2361 1900 2408 terras
1955 2351 2092 2426 Sey-

504 2438 705 2507 thicas,
731 2448 792 2494 ut
814 2442 1068 2511 superius
1090 2441 1297 2498 dictum
1332 2452 1436 2511 est,
1459 2460 1583 2499 cum
1616 2453 1776 2516 gente
1800 2461 1898 2500 sua
1921 2446 2088 2503 intra-

498 2531 599 2593 vit,
628 2533 893 2603 quasdam
925 2534 1183 2592 mulieres
1230 2552 1453 2608 magas,
1475 2552 1613 2607 quas
1648 2537 1724 2592 illi
1757 2535 1949 2594 Gotico
1994 2555 2092 2595 no~

499 2624 649 2681 mine
675 2625 919 2682 alirunas
955 2635 1173 2696 vocant,
1226 2627 1286 2689 in
1345 2630 1585 2684 exercitu
1626 2630 1847 2700 reperit,
1890 2646 2094 2703 easque

500 2725 786 2786 suspectas
836 2717 1065 2785 habens,
1122 2719 1189 2775 de
1243 2720 1424 2775 medio
1477 2720 1565 2776 sui
1590 2720 1706 2791 jam
1743 2732 2090 2794 pregnantes,

498 2818 561 2864 ut
603 2811 831 2881 quidam
853 2808 1027 2883 (Jour).
1057 2829 1107 2868 c.
1144 2812 1238 2884 24)
1262 2814 1472 2881 dicunt,
1512 2815 1873 2886 proturbavit,
1902 2817 2091 2888 longe-

502 2918 609 2975 que
636 2905 705 2959 ab
726 2905 966 2960 exercitu
997 2906 1212 2977 fugatas
1246 2907 1301 2961 in
1328 2908 1623 2965 solitudine
1647 2924 1872 2966 manere
1893 2911 2089 2982 coegit.

500 2997 734 3064 Quidam
760 2999 977 3070 (idem?)
1004 3015 1133 3054 vero
1153 3000 1344 3055 dicunt
1390 3002 1537 3072 quod
1586 3001 1864 3059 silvestres
1915 3003 2095 3061 homi-

501 3105 623 3158 nes,
655 3107 796 3162 quos
820 3090 1040 3147 Faunos
1068 3092 1284 3149 ticarios
1318 3102 1537 3160 vocant,
1568 3094 1697 3151 dum
1721 3112 1816 3152 eas
1859 3112 1955 3168 per
1999 3096 2094 3151 de-

500 3193 708 3239 sertum
732 3200 916 3241 errare
944 3186 1210 3254 viderent,
1236 3203 1535 3258 carumque
1564 3190 1938 3260 complexibus
1958 3190 2093 3247 sein

501 3274 652 3331 coitu
675 3275 1015 3342 miscuerint,
1055 3284 1109 3330 et
1129 3292 1302 3348 genus
1333 3277 1435 3335 hoc
1456 3277 1859 3336 ferocissimum
1906 3280 2094 3337 edide-

503 3369 632 3433 rint.
673 3368 829 3436 Quod
860 3368 960 3425 fuit
1004 3369 1242 3440 primum
1279 3371 1422 3427 inter
1449 3373 1673 3443 paludes
1699 3372 1965 3430 Meotidas
1987 3373 2092 3431 mi-

501 3472 720 3527 nutum,
749 3470 950 3518 tetrum
973 3472 1138 3533 atque
1160 3463 1323 3531 exile,
1370 3464 1531 3535 quasi
1570 3464 1854 3521 hominum
1898 3471 2091 3536 genus,

502 3569 604 3609 nec
635 3552 735 3611 alia
770 3569 903 3609 voce.
933 3563 1145 3622 notum,
1195 3554 1302 3611 nisi
1350 3555 1497 3626 quad
1553 3555 1780 3612 humani
1821 3556 2094 3614 sermonis
2121 3521 2166 3584 ο

502 3646 797 3718 imaginem
816 3647 1149 3719 assignabat.
1178 3647 1293 3703 Tali
1318 3650 1481 3720 igitur
1506 3649 1674 3721 stirpe
1717 3647 1862 3706 Huni
1903 3650 2092 3719 creati,

503 3739 809 3796 Gothorum
843 3728 1043 3796 tinide
1069 3741 1424 3796 advenerunt.
1453 3739 1610 3797 Natio
1639 3750 1821 3797 autem
1849 3742 2092 3813 illorum,

506 3842 568 3887 ut
600 3832 805 3888 dictum
836 3840 941 3898 est,
972 3830 1240 3889 referente
1264 3832 1451 3890 Prisco
1477 3834 1776 3907 bystorico,
1806 3834 2093 3891 Mectidem

499 3926 754 3997 paludem
779 3925 834 3981 in
866 3924 1114 3981 ulteriori
1141 3926 1257 3997 ripa
1281 3926 1545 3993 insidens,
1570 3928 1845 3987 venationi
1882 3937 2093 3986 tantum

503 4018 735 4084 studuit,
762 4019 968 4074 nullum
999 4018 1167 4078 alium
1209 4027 1431 4090 experta
1471 4020 1736 4088 laborem,
1778 4020 1885 4076 nisi
1924 4021 2094 4093 quod,

502 4119 794 4192 postquam
816 4111 1078 4171 crevisset
1101 4112 1155 4166 in
1183 4113 1434 4183 populos,
1474 4111 1762 4169 fraudibus
1808 4121 1864 4169 et
1889 4113 2095 4184 rapinis

502 4205 808 4263 vicinarum
832 4205 1078 4279 gentium
1104 4205 1451 4261 conturbavit
1474 4206 1735 4277 quietem.
1767 4204 1946 4277 llujus
1964 4220 2096 4279 ergo

502 4296 684 4369 gentis
706 4304 1012 4362 venatores,
1036 4306 1099 4352 ut
1118 4298 1380 4363 assolent,
1410 4298 1543 4354 dum
1581 4298 1638 4353 in
1664 4298 1910 4354 ulteriori
1943 4296 2094 4355 Meo-

504 4391 543 4444 ti
564 4389 633 4445 lis
686 4389 803 4460 ripa
847 4390 1168 4445 venationes
1212 4390 1592 4460 inquirerent,
1626 4390 2094 4460 animadvertunt,

502 4482 779 4552 quomodo
828 4497 989 4537 cerva
1042 4498 1109 4537 ex
1152 4481 1452 4551 improviso
1498 4497 1559 4538 se
1591 4482 1700 4538 illis
1725 4482 1943 4550 obtulit,
1973 4498 2097 4557 qua:

503 4575 750 4646 ingressa
795 4573 1072 4644 paludem,
1112 4589 1370 4645 nuncque
1419 4575 1795 4645 progrediens,
1840 4591 2097 4647 nuncque

500 4667 830 4734 subsistens,
856 4667 1119 4723 indicium
1143 4668 1246 4723 viae
1267 4667 1478 4723 tribuit.
1506 4666 1684 4736 Quam
1712 4668 1885 4724 secuti
1931 4684 2097 4724 vena-

502 4769 679 4827 tores,
708 4760 962 4831 paludem
1007 4760 1322 4827 meotidcm,
1363 4776 1528 4831 quam
1568 4760 1888 4831 impcrviam
1936 4768 2097 4832 puta-

2207 2167 2376 2226 thiam
2397 2175 2713 2240 properant,
2739 2176 2794 2224 et
2818 2176 3297 2240 quantoscnmque
3321 2167 3659 2241 Scytharum
3696 2170 3774 2223 ob-

2193 2258 2312 2316 vios
2346 2260 2655 2316 habuerunt
2703 2260 3041 2327 occiderunt,
3077 2261 3322 2331 reliquos
3377 2261 3633 2331 perditos
3667 2261 3772 2316 sub-

2192 2358 2441 2421 egerunt.
2474 2348 2608 2404 Nam
2633 2366 2757 2405 mox
2782 2360 2842 2404 ut
2863 2351 3135 2421 ingentem
3155 2351 3305 2405 illam
3331 2352 3603 2422 paludem
3628 2362 3775 2407 trans-

2193 2442 2414 2511 ierunt,
2458 2443 2585 2500 ilico
2634 2443 2924 2514 Alpizuros
2972 2453 3026 2501 ct
3075 2443 3364 2500 Aleizuros
3408 2460 3481 2500 ac
3535 2444 3772 2510 ltimaros,

2192 2535 2387 2591 deinde
2410 2534 2579 2591 Arsos
2613 2543 2669 2590 et
2697 2534 2945 2601 Boiscos,
2983 2535 3067 2607 ini
3112 2534 3245 2606 ripa:
3300 2534 3557 2608 Scythiae
3605 2536 3773 2592 inside~

2192 2627 2345 2696 baut,
2389 2627 2548 2699 quasi
2575 2627 2798 2698 quidam
2835 2628 2996 2684 turbo
3030 2628 3274 2700 gentium
3306 2626 3641 2698 rapiebant;
3675 2628 3777 2683 Als-

2193 2736 2295 2777 nos
2316 2737 2554 2792 quoque,
2584 2737 2766 2793 pugna
2801 2720 2904 2777 sibi
2926 2737 3086 2792 pares
3111 2721 3205 2776 sed
3246 2720 3605 2777 humanitate
3628 2722 3774 2781 tit-tus

2193 2812 2480 2886 formaque
2502 2799 2819 2882 dissimiles,
2852 2811 3126 2885 frequenti
3148 2812 3469 2869 certamine
3520 2812 3775 2885 fatigautcs

2194 2907 2577 2979 subjugabant.
2610 2905 2747 2963 Nam
2796 2915 2850 2962 et
2896 2922 3036 2979 quos
3092 2906 3233 2961 bello
3284 2904 3533 2960 forsitan
3583 2906 3775 2961 minime

2194 3000 2544 3071 superabant,
2573 3001 2757 3059 vultus
2783 3001 2867 3055 sui
2893 3008 3099 3055 terrore
3119 3000 3351 3054 nimium
3398 3014 3665 3069 pavorem
3708 2998 3775 3053 ina

2194 3102 2464 3164 gerentes,
2481 3091 2764 3165 fugabaut,
2782 3108 2848 3148 eo
2875 3092 3022 3164 quod
3050 3101 3168 3148 crat
3187 3091 3269 3146 eis
3291 3090 3519 3163 species
3550 3091 3774 3164 pavenda

2194 3183 2518 3255 nigredinis,
2548 3193 2601 3239 et
2626 3182 2672 3240 si
2702 3184 2810 3239 dici
2836 3183 2919 3238 fas
2952 3190 3060 3249 est,
3090 3182 3341 3253 quaedam
3391 3181 3779 3254 informiselfa,

2195 3291 2307 3333 non
2331 3274 2522 3343 facies,
2547 3276 2863 3351 habensque
2892 3276 3067 3349 magis
3092 3275 3253 3346 quasi
3293 3275 3564 3345 quaedam
3606 3284 3775 3347 panda

2195 3382 2360 3439 quam
2390 3368 2621 3434 lumina,
2649 3384 2884 3439 quorum
2906 3367 3077 3423 animi
3099 3367 3359 3423 fiduciam
3391 3368 3653 3424 turbidus
3670 3382 3775 3438 pm-

2196 3460 2276 3516 dit
2296 3469 2571 3531 aspectus.
2602 3460 2706 3527 Qui
2730 3460 2895 3515 etiam
2924 3460 2981 3514 in
3004 3458 3148 3514 filios
3168 3473 3301 3515 suos
3324 3458 3519 3529 primo
3538 3460 3627 3516 die
3646 3469 3781 3514 natos

2196 3551 2501 3627 descviunt.
2538 3550 2674 3612 Nam
2709 3549 2856 3606 ferro
2886 3557 3076 3607 secant
3099 3564 3270 3621 genas
3312 3564 3546 3617 eorum,
3598 3565 3713 3604 mox
3731 3558 3776 3602 ut

2197 3646 2311 3703 nati
2340 3654 2488 3713 sunt,
2513 3653 2575 3700 ut
2596 3652 2892 3715 antequam
2923 3642 3082 3698 lactis
3109 3641 3455 3698 nutrimenta
3479 3642 3775 3713 percipiant,

2196 3737 2441 3794 vulneris
2462 3746 2731 3808 cogantur
2756 3735 2940 3793 subire
2961 3734 3329 3791 tolerantiam.
3354 3731 3509 3788 Hine
3538 3734 3777 3789 imberbes

2195 3839 2492 3890 senescunt
2522 3838 2577 3885 et
2606 3829 2727 3885 sine
2748 3835 3035 3883 venustate
3066 3825 3261 3897 ephebi
3293 3834 3454 3893 sunt,
3486 3826 3618 3897 quia
3638 3824 3776 3879 facies

2196 3920 2344 3977 ferro
2375 3921 2582 3977 sulcata
2615 3921 2994 3992 tempestivam
3020 3918 3257 3991 pilorum
3278 3918 3530 3991 gratiam
3555 3917 3776 3974 cicatrice

2197 4010 2457 4070 absumit.
2482 4013 2682 4068 Forma
2718 4012 2937 4085 quidem
2968 4010 3173 4083 exigui,
3195 4010 3292 4067 sed
3325 4010 3550 4083 argutis
3570 4009 3778 4066 motibus

2196 4116 2328 4164 sunt
2349 4106 2584 4182 expediti
2609 4115 2664 4162 et
2697 4105 2765 4161 ad
2815 4105 3171 4177 equitandum
3221 4104 3656 4174 prompt'ssimi,
3680 4117 3775 4155 5;:-

2194 4201 2340 4275 pulis
2360 4200 2488 4257 latis
2507 4209 2562 4256 et
2589 4198 2659 4253 ad
2688 4213 2850 4255 arcus
2886 4197 3225 4271 sagittasque
3247 4197 3469 4275 paratis
3508 4195 3605 4262 ⁸⁸⁸,
3634 4192 3777 4259 tinnis~

2197 4292 2503 4349 cervicibus
2541 4301 2597 4348 ct
2647 4288 2901 4363 superbia
2953 4305 3169 4361 semper
3201 4289 3407 4344 erectis
3433 4290 3533 4345 3".
3568 4285 3632 4343 Hi
3673 4300 3775 4349 np

2197 4383 2303 4439 sub
2341 4382 2516 4455 ﬁgura
2564 4382 2851 4436 hominum
2879 4380 3070 4436 vivunt
3100 4378 3323 4434 heluiua
3372 4378 3606 4434 sevicia.
3648 4369 3774 4442 Quod

2197 4490 2371 4547 genus
2390 4472 2865 4553 expeditissimum
2893 4472 3189 4526 multarum
3224 4469 3524 4524 nationum
3555 4465 3705 4523 Gothi
3731 4474 3775 4516 In

2196 4566 2470 4633 viderunt,
2500 4571 2892 4641 expavescunt,
2918 4577 3129 4633 suoque
3158 4577 3286 4617 cum
3337 4576 3470 4632 rege
3506 4559 3776 4615 deliberans

2198 4658 2330 4730 quid
2350 4666 2534 4731 agant.
2567 4655 2921 4720 Ermenricus
2950 4669 3080 4709 vero
3101 4669 3198 4708 rex
3227 4652 3546 4711 Gothorum
3575 4651 3709 4714 licet,
3731 4656 3773 4697 ut

2199 4752 2453 4822 superius
2490 4750 2779 4808 retulimus
2811 4791 2827 4817 ,
2877 4748 3175 4804 multarum
3229 4746 3483 4821 gentium
3535 4742 3775 4799 extitisset

501 4852 654 4921 baut,
687 4851 918 4922 pedibus
960 4851 1317 4917 transierunt,
1346 4867 1584 4923 moxque
1633 4851 1946 4925 Scythicam
1997 4860 2099 4908 ter-
2125 4868 2178 4930 ι)
2202 4848 2588 4925 triumphator,
2621 4846 2687 4902 de
2714 4843 2996 4900 Hunorum
3028 4852 3214 4899 tamen
3243 4842 3491 4897 adventu
3538 4836 3773 4895 sollicitus

500 4960 622 5016 ram
670 4944 829 5001 inscii
870 4945 1233 5002 intraverunt.
1290 4944 1357 4999 lli
1382 4961 1511 5001 vero
1570 4954 1752 5016 preter
1802 4945 2091 5004 Mentidem

483 5036 673 5103 alium
694 5036 960 5092 mundum
991 5052 1114 5093 esse
1133 5036 1479 5109 ignorabant,
1511 5036 1896 5093 ammiratiane
1937 5047 2097 5095 terra:

506 5126 776 5198 Scythica:
797 5128 967 5197 ducti,
993 5136 1057 5184 ut
1077 5137 1235 5187 erant
1281 5128 1548 5194 sollertes,
1595 5127 1699 5184 iter
1751 5128 1883 5185 illud
1936 5139 2097 5186 antra

506 5220 644 5295 nulli
668 5221 815 5276 aetati
845 5230 1036 5278 notum
1086 5220 1352 5279 divinitus
1389 5219 1493 5276 sibi
1530 5229 1813 5277 ostensum
1858 5221 1984 5287 rati,
2030 5220 2098 5281 ad

505 5326 642 5367 suos
666 5311 916 5381 redeunt,
940 5313 1020 5369 rei
1040 5322 1227 5369 actum
1263 5313 1515 5379 edocent,
1551 5310 1830 5384 Scythiam
1851 5314 2096 5379 laudant,

507 5416 702 5471 omnes
728 5404 889 5461 simul
935 5423 1031 5477 per
1053 5407 1199 5471 viam
1245 5423 1409 5479 quam
1444 5422 1606 5466 cerva
1647 5405 1831 5463 docuit
1867 5407 1935 5463 ad
1966 5406 2102 5479 Scy-

2200 4942 2331 4997 dum
2358 4940 2640 5012 cogitaret,
2669 4936 3111 5001 Rasomonorum
3138 4950 3273 5008 gens
3295 4932 3488 4999 infida,
3521 4944 3644 5002 qua
3669 4935 3771 4981 tunc

2203 5035 2347 5092 inter
2370 5035 2507 5094 alias
2535 5033 2608 5089 illi
2654 5032 2975 5088 famulatum
3006 5028 3319 5094 exhibebat,
3352 5025 3449 5080 tali
3484 5038 3615 5080 eum
3643 5031 3771 5073 οων

2203 5128 2359 5184 sione
2405 5126 2728 5199 decipiebat.
2758 5124 3046 5193 Quandam
3102 5119 3363 5176 feminam
3393 5132 3461 5173 ex
3499 5118 3771 5171 memorata

2205 5226 2385 5291 gente,
2417 5216 2794 5273 Suanihildam
2829 5213 3071 5278 nomine,
3102 5227 3204 5291 pro
3238 5208 3427 5267 mariti
3456 5207 3550 5264 sui
3576 5201 3770 5295 fraqu

2204 5312 2355 5367 lento
2372 5310 2620 5367 discessu
2648 5325 2742 5365 rex
2790 5306 2976 5369 furore
3016 5313 3349 5366 conuuotus,
3403 5300 3567 5370 cquis
3615 5294 3770 5353 iam?

2211 5404 2316 5459 bus
2338 5402 2409 5435 ⁸³⁸
2426 5402 2676 5477 prccepit
2692 5400 2903 5472 alligari
2922 5409 2978 5455 et
3006 5395 3250 5453 incitatis
3296 5394 3558 5449 cursibus
3582 5402 3671 5462 per
3701 5382 3765 5436 di-

1805 5524 2041 5586 VAIllE
2080 5526 2371 5583 LECTION
2380 5526 2482 5582 ES.

679 5638 724 5669 ⁹⁹
750 5637 965 5708 golthos
995 5638 1047 5691 4.
1074 5638 1159 5707 9ιξ.
1193 5637 1278 5692 ll.
1313 5637 1511 5705 gothos
1544 5635 1627 5690 l0.
1709 5637 1780 5671 ⁸⁰⁰
1812 5637 2147 5697 cithatimlos
2169 5640 2255 5694 9°.

512 5709 598 5762 οε,
709 5700 779 5739 δι”έ
815 5700 1216 5764 ἰιιιιίεριιωέᾼ.
1315 5700 1393 5739 ’δοῖ
1440 5708 1891 5767 roscathazantcs
1950 5712 2035 5768 9“.

513 5779 547 5833 9
676 5779 744 5810 ’θ’
772 5777 936 5835 erecti
969 5780 1054 5833 9ο.
1131 5779 1204 5810 ⁸⁰⁴
1230 5776 1589 5833 ferocioribus
1611 5778 1663 5831 5.

2097 5711 2201 5769 ius.
2259 5710 2632 5767 calhaizantes
2688 5709 2732 5762 l.

2889 5637 2958 5667 ⁸⁰²
3010 5634 3321 5690 narboneas
3367 5630 3420 5683 4.
3482 5624 3765 5691 turbanti?

2847 5708 2916 5738 ⁸⁰⁵
2940 5707 3111 5780 Ιιτεωιι
3145 5706 3197 5761 5.
3231 5704 3319 5758 9°.
3361 5698 3440 5752 l0.
3518 5694 3591 5729 ⁸³⁸
3624 5696 3763 5764 μου

2336 5639 2403 5669 ⁸⁸⁵³
2436 5654 2665 5693 mansos
2702 5638 2786 5692 9C.
