3876 6306
109 338 197 400 757

963 336 1334 396 CHRONlCA.
1376 370 1446 380 —
1479 328 1878 397 CHRONZCON
1918 324 2389 391 CNWERSALE.

3257 335 3359 397 738

108 471 238 514 versa
265 451 458 510 divelli.
488 451 657 525 Cujus
684 449 883 510 fratres
927 453 1098 510 Sarus
1152 465 1208 511 et
1252 454 1503 511 Ammius
1539 470 1661 526 ger—
1692 456 1734 517 Α
1764 450 2065 521 templatio.
2096 450 2318 521 quando
2346 447 2613 506 mirabilis
2661 449 2902 508 Dietmar
2950 468 3048 525 pro
3098 451 3268 513 fratre
3288 454 3361 492 ’⁸⁸

109 561 257 603 mante
297 544 501 600 obitum
542 544 916 614 vindicantes,
971 545 1276 601 Ermenrici
1335 547 1477 602 latus
1519 545 1664 602 ferro

108 639 366 712 petirrunt,
391 653 501 710 quo
522 638 747 693 vulnere
778 638 1024 705 saucius,
1062 655 1263 712 mgram
1296 639 1462 694 vitam
1493 639 1667 693 imbe-

108 730 299 787 cillitate
320 730 607 786 contraxit.
641 729 815 797 Quam
850 731 1134 787 adversam
1158 730 1277 802 ejus
1309 730 1669 788 valitudinem

109 824 306 880 audiens
336 821 623 879 Valamber
653 840 746 879 rex
780 822 1088 890 Hunorum,
1118 826 1171 879 in
1209 821 1666 897 Ostrogotborum

108 923 285 986 partem
326 914 495 970 movit
545 914 871 980 exercitum,
899 931 929 969 a
960 930 1195 986 quorum
1242 915 1503 971 societate
1551 914 1666 986 jam

108 1006 394 1077 Wisigothtc
422 1006 659 1076 quadam
700 1005 844 1060 inter
897 1021 956 1062 se
1002 1006 1353 1061 contentione
1409 1005 1668 1077 disjuncti

104 1106 254 1155 erant.
276 1096 418 1154 inter
440 1098 556 1154 haec
580 1096 935 1153 Ermenrieus
964 1107 1073 1153 tam
1126 1098 1367 1152 vulneris
1423 1094 1665 1153 dolorem

108 1202 244 1262 quam
264 1188 547 1245 Hunorum
574 1190 942 1245 incursionem
980 1206 1090 1244 non
1123 1187 1325 1253 ferens,
1349 1190 1462 1259 jam
1506 1205 1670 1261 gran—

107 1285 248 1340 devus
269 1290 320 1339 et
343 1272 535 1353 plenus
555 1283 792 1350 dierum,
810 1282 1111 1338 centesimo
1135 1282 1347 1338 decimo
1378 1292 1522 1337 anno
1544 1281 1670 1338 vitte

109 1392 201 1431 sine
222 1374 504 1430 defunctus
526 1383 630 1430 est.
664 1371 836 1445 Cujus
860 1375 1052 1430 mortis
1076 1375 1297 1429 occasio
1326 1374 1471 1429 dedit
1497 1372 1669 1427 Hunis

108 1467 351 1538 prevalere
379 1466 434 1521 in
457 1465 668 1522 Gothos
689 1466 813 1520 illos
834 1480 976 1536 quos
997 1464 1314 1520 dixeramus
1339 1465 1391 1518 in
1414 1462 1667 1519 orientali

108 1561 234 1630 plaga
264 1558 446 1614 sedere
474 1567 530 1614 et
554 1557 913 1632 Ostrogothus
959 1556 1285 1627 nuncupari.
1340 1554 1443 1622 Qui
1496 1553 1671 1611 Hunis

110 1652 326 1706 resistere
364 1668 473 1707 non
542 1651 818 1716 valentes,
850 1666 975 1705 cum
1039 1650 1181 1720 regis
1232 1648 1318 1704 sui
1366 1648 1670 1703 Ermenrici

109 1753 254 1798 morte
272 1742 592 1816 Wisigotba:
623 1743 692 1798 ab
715 1743 797 1799 eis
820 1750 1007 1799 essent
1036 1742 1232 1808 divisi,
1281 1741 1335 1796 in
1386 1740 1668 1812 antiquam

1768 538 2069 595 Walamiro
2098 536 2364 595 militabat
2387 540 2635 611 imperio,
2659 540 2925 599 Walamir
2956 560 3086 600 vero
3131 561 3232 618 pro
3280 550 3363 604 ai-

1767 632 2135 704 terojubebat
2156 631 2425 698 ornando,
2474 631 2728 688 Witimar
2766 636 3018 706 utrisque
3064 639 3362 696 adherelzat

1765 732 1821 779 et
1841 723 2000 795 quasi
2038 723 2288 795 utrisque
2317 723 2606 791 serviebat,
2632 725 2711 782 sic
2735 727 2843 783 illis
2865 737 3054 784 mutua
3078 731 3362 789 affectione

1767 824 1827 872 se
1856 814 2156 881 tuentibus,
2189 825 2249 871 ut
2278 817 2409 874 nulli
2441 830 2666 891 regnum
2696 820 2941 887 deesset,
2970 824 3116 892 quod
3140 824 3363 895 utrique

1768 906 1823 962 in
1858 922 1992 979 pace
2027 908 2301 976 tenebant,
2339 910 2413 965 ita
2442 919 2645 978 tamen,
2679 922 2739 966 ut
2760 912 3045 969 Hunorum
3071 917 3235 989 regis,
3265 915 3361 989 qui

1763 1000 1876 1071 jam
1904 1007 2023 1056 erat
2046 1001 2233 1067 Attila,
2262 1002 2600 1059 deservirem
2632 1005 2881 1076 imperio.
2932 1006 3017 1079 (C.
3046 1008 3162 1080 '55.)
3206 1008 3364 1066 Post-

1771 1106 1936 1161 quam
1965 1091 2112 1147 enim
2135 1091 2210 1124 m
2239 1102 2491 1149 mortuus
2518 1109 2603 1149 est
2627 1092 2920 1152 Valamber
2942 1098 3015 1130 ⁸⁸⁵
3036 1114 3132 1153 rex
3176 1098 3365 1156 Hune:

1768 1195 1915 1247 rum,
1944 1181 2208 1252 regnabat
2227 1180 2584 1249 Mauzuchus,
2610 1191 2762 1254 pater
2790 1185 2991 1254 Attilae,
3025 1198 3149 1258 post
3197 1206 3362 1260 quem

1768 1273 2016 1345 germani
2062 1274 2184 1344 ejus
2233 1272 2436 1330 Hoctar
2458 1283 2513 1330 et
2563 1274 2728 1344 Roas,
2776 1287 2898 1348 post
2938 1296 3077 1349 quos
3105 1280 3177 1313 ³⁸⁸
3198 1279 3366 1338 Attila

1768 1380 1895 1421 cum
1925 1364 2088 1421 Bleda
2115 1381 2378 1438 germano
2402 1383 2523 1435 suo,
2550 1368 2645 1438 qui
2667 1385 2877 1441 magna:
2897 1373 3037 1443 parti
3076 1371 3361 1431 Hunorum

1770 1467 2015 1528 preerat;
2055 1458 2149 1514 sed
2186 1457 2373 1526 Attila,
2402 1459 2689 1516 interfecto
2712 1461 2879 1518 fratre
2906 1462 3089 1532 Bleda,
3139 1468 3363 1521 univcr-

1772 1566 1896 1606 sum
1926 1552 2188 1621 populum
2212 1552 2316 1607 sibi
2350 1553 2696 1625 subjugabat,
2718 1554 2814 1608 vir
2844 1555 2899 1609 in
2947 1559 3366 1614 concussionem

1772 1645 2018 1716 gentium
2067 1653 2123 1701 et
2186 1654 2459 1703 terrarum
2526 1648 2772 1705 omnium
2843 1657 3049 1704 metum
3103 1658 3266 1707 natus
3312 1653 3367 1706 in

1772 1739 2000 1805 mundo,
2023 1738 2139 1810 qui,
2161 1741 2351 1796 nescio
2371 1757 2479 1812 qua
2505 1750 2673 1809 sorte,
2710 1752 2905 1798 cuncta
2947 1743 3204 1811 terrebat,
3257 1744 3371 1799 f0:-

109 1835 302 1904 patriam
335 1811 574 1907 chthia:
600 1836 918 1891 remeabant
943 1878 957 1901 ,
989 1833 1273 1890 Hunorum
1325 1811 1670 1905 subjacentcs
1700 1811 1745 1874 Β
1772 1830 2018 1886 midabih
2046 1832 2115 1888 de
2137 1847 2197 1889 se
2224 1811 2484 1904 opinione
2525 1835 2765 1906 vulgata.
2801 1833 2931 1896 Erat
2973 1843 3156 1892 autem
3187 1852 3372 1908 super-

108 1923 289 1992 ditioni.
321 1922 653 1980 Winithario
679 1932 861 1980 tamen
908 1922 1157 1991 llamalu,
1200 1922 1505 1980 Ermenrici
1560 1924 1671 1980 fra-

109 2014 265 2071 truelis
286 2016 413 2084 lilio,
434 2015 777 2087 principatus
807 2016 1041 2090 insignia
1073 2016 1357 2073 retinente.
1412 2015 1587 2091 (Jour).
1614 2033 1665 2074 c.

108 2107 200 2177 l8.)
221 2107 316 2175 Qui
343 2107 574 2177 Witulti,
606 2111 693 2165 avi
725 2112 833 2176 sui,
863 2110 957 2181 qui
1000 2122 1117 2166 erat
1148 2109 1315 2167 frater
1344 2109 1666 2180 Ermenrici,

109 2198 328 2256 virtutem
364 2202 635 2272 imitatus,
664 2206 919 2274 quamvis
942 2204 1243 2261 Ermenrlci
1278 2205 1533 2263 felicitate
1579 2206 1668 2263 iu-

109 2291 263 2359 ferior,
286 2309 421 2365 aegre
444 2303 629 2350 tamen
653 2292 832 2351 ferens
865 2295 1147 2352 Hunorum
1183 2297 1466 2368 subiacere
1498 2299 1671 2370 impe-

109 2383 203 2451 rio,
225 2385 495 2456 paululum
535 2403 593 2443 se
629 2388 907 2451 subbaliit
937 2389 1005 2443 ab
1034 2390 1138 2446 illis
1158 2433 1172 2455 ,
1222 2408 1491 2462 suamque
1537 2392 1668 2448 dum

109 2477 269 2532 nititur
294 2478 583 2534 ostendere
606 2479 883 2547 virtutem,
909 2481 961 2535 in
1004 2481 1306 2535 Anctorum
1339 2483 1475 2537 fines
1499 2483 1672 2538 movit

110 2567 431 2639 procinctum,
484 2586 694 2642 eosque
730 2573 1018 2644 agrcdiens
1046 2575 1136 2641 ³ου,
1184 2573 1359 2644 prima
1411 2589 1671 2644 congres-

110 2659 235 2716 sione
258 2662 514 2729 vincitur,
551 2664 647 2719 sed
668 2664 865 2721 deinde
900 2664 1113 2721 fortiter
1143 2683 1331 2737 agens,
1373 2683 1555 2739 regem
1576 2682 1671 2722 eo-

111 2765 207 2805 rum
231 2750 362 2809 B001
388 2756 457 2787 ⁸⁸⁸
488 2757 715 2812 nomine
737 2773 860 2812 cum
910 2757 1037 2814 filiis
1082 2760 1196 2814 suis
1231 2770 1283 2814 et
1315 2761 1670 2832 septingentis

109 2842 395 2911 primatibus
424 2849 481 2903 in
509 2850 817 2919 exemplum
881 2850 1106 2905 terroris
1161 2850 1348 2918 aﬂixit,
1382 2862 1439 2907 ut
1476 2851 1671 2907 dediti-

109 2933 190 2989 ciis
217 2945 410 2994 metum
454 2940 724 2995 cadavera
769 2940 1119 3011 pendentium
1160 2941 1517 3012 geminarent.
1565 2939 1668 2998 Sed

110 3026 217 3083 dum
239 3030 326 3086 tali
346 3031 602 3089 libertate
626 3033 714 3087 vix
744 3033 872 3087 anni
904 3033 1142 3104 spatium
1168 3034 1521 3103 imperasset,
1560 3050 1668 3088 non

108 3133 273 3187 passus
290 3132 371 3179 est
391 3122 690 3181 Valamber
716 3142 809 3181 rex
837 3122 1143 3193 Hunorum,
1170 3126 1265 3182 sed
1296 3141 1461 3196 super
1486 3124 1667 3180 Wini-

110 3209 314 3269 diarium
362 3214 526 3269 duxit
571 3215 905 3283 exercitum;
947 3216 1152 3287 diuque
1195 3231 1319 3270 cum
1374 3225 1668 3283 certarent,

109 3302 257 3370 primo
275 3315 326 3362 et
350 3308 600 3363 secundo
621 3307 920 3364 certamine
950 3306 1319 3364 Winitiiarius
1339 3309 1508 3365 vincit
1528 3353 1542 3376 ,
1571 3326 1673 3366 nec

108 3395 227 3451 valet
266 3397 462 3471 aliquis
501 3416 934 3458 commemorare
978 3412 1239 3473 quantum
1292 3412 1527 3474 stragem
1559 3401 1672 3457 Ilu-

111 3500 274 3544 uorum
308 3489 521 3548 fecerit.
552 3491 746 3549 'l‘ercio
766 3508 897 3548 vero
919 3490 1105 3564 pra-lio
1123 3492 1483 3551 \‘iinitliarius
1507 3494 1674 3550 inter-

108 3591 289 3650 emptus
320 3592 422 3650 est,
469 3583 666 3656 sicque
709 3600 804 3639 rex
840 3582 1125 3640 Hunorum
1163 3602 1379 3641 onmem
1412 3588 1672 3658 populum

110 3667 379 3731 Gather-um
415 3676 473 3731 in
506 3692 638 3747 pace
658 3677 946 3734 subactum
984 3679 1248 3748 possedit,
1282 3679 1354 3733 ita
1394 3688 1573 3734 tamen
1617 3690 1675 3736 ut

109 3776 219 3831 gens
243 3762 547 3824 Gothorum
575 3783 791 3839 semper
829 3769 1084 3841 proprios
1129 3770 1371 3841 regulos,
1421 3771 1676 3843 quamvis

111 3851 361 3915 Hunorum
398 3861 657 3929 consilio,
685 3862 927 3919 haberet.
956 3860 1224 3919 Defuncto
1254 3874 1435 3918 autem
1504 3863 1677 3919 Wini-

108 3946 282 4018 thario,
306 3951 723 4023 Hunimundus,
749 3952 1054 4012 Ermenrici
1089 3955 1365 4028 quondam
1413 3958 1677 4028 potentis-

110 4040 211 4096 simi
235 4046 374 4117 regis
396 4047 569 4113 ﬁlius,
598 4051 865 4104 successit
887 4048 941 4104 in
968 4066 1220 4121 regnum,
1259 4065 1433 4121 eoque
1479 4049 1676 4105 defun-

108 4141 200 4200 cto,
225 4140 464 4210 regnavit
489 4140 635 4195 illius
659 4141 780 4211 ejus
800 4138 1266 4209 Thurismundus,
1293 4142 1425 4198 flore
1476 4142 1675 4213 juven-

110 4228 219 4282 tutis
259 4218 511 4299 ornatus,
557 4235 651 4302 qui
694 4232 938 4289 secundo
990 4233 1143 4306 regni
1197 4236 1283 4291 sui
1309 4250 1455 4290 anno
1485 4244 1677 4291 contra

120 4314 316 4389 Trepidos
339 4324 643 4381 exercitum
673 4326 865 4392 movit,
895 4342 1202 4399 magnaque
1228 4329 1293 4382 de
1324 4327 1430 4384 illis
1474 4328 1678 4399 potitus

115 4408 332 4480 victoria,
363 4431 498 4471 casu
522 4415 725 4472 dicitur
748 4416 1129 4489 interemptus.
1183 4418 1357 4486 Quem
1412 4420 1491 4476 sic
1522 4421 1677 4476 luxe-

1770 1920 2115 1978 bus'incessu
2146 1963 2161 1990 ,
2196 1923 2307 1979 huc
2346 1932 2401 1979 et
2449 1924 2577 1980 illuc
2618 1921 3013 1981 circumferens
3047 1924 3259 1992 oculos,
3312 1931 3373 1980 ut

1770 2014 1899 2070 elati
1929 2016 2172 2086 potentia
2198 2016 2318 2087 ipso
2347 2031 2569 2087 quoque
2589 2025 2743 2073 motu
2769 2018 3015 2088 corporis
3063 2027 3367 2089 appareret,

1766 2108 2038 2164 bellorum
2073 2110 2295 2180 quidem
2320 2122 2553 2178 amator,
2579 2111 2673 2166 sed
2695 2111 2815 2182 ipse
2841 2127 3009 2168 manu
3035 2120 3368 2183 temperans,

1770 2201 2412 2271 consiliovalidissimus,
2449 2203 2745 2259 exorabilis
2796 2204 3251 2274 supplicantibus,
3283 2220 3370 2261 sc-

1770 2295 1938 2349 semel
1964 2295 2019 2349 in
2058 2293 2163 2350 tlde
2185 2295 2418 2366 receptis
2458 2296 2756 2367 propicius,
2789 2294 2967 2351 forma
3012 2296 3214 2364 brevis,
3261 2297 3371 2353 lato

1769 2396 2014 2458 pectore,
2047 2387 2227 2457 capite
2254 2389 2467 2460 grandi,
2505 2388 2733 2444 minutis
2761 2387 2935 2444 oculis
2960 2428 2975 2455 ,
3006 2390 3175 2444 barba
3226 2390 3371 2445 raris

1771 2478 1924 2534 canis
1946 2494 2191 2550 aspersa,
2218 2488 2358 2535 tetro
2378 2481 2560 2537 colore
2589 2480 2819 2551 originis
2849 2495 2961 2536 sua:
3007 2479 3251 2536 referens
3302 2481 3373 2536 si-

1771 2586 1897 2642 gna.
1924 2570 2029 2638 Qui
2067 2572 2322 2643 quamvis
2364 2571 2531 2643 hujus
2590 2580 2738 2629 esset
2798 2580 3007 2628 naturae
3055 2580 3115 2625 ut
3157 2582 3373 2641 semper

1771 2680 1970 2735 magna
2001 2664 2072 2699 '"
2094 2666 2414 2733 confideret,
2440 2666 2673 2722 addebat
2699 2666 2751 2723 ei
2782 2675 2963 2722 tamen
2986 2665 3369 2721 conﬁdentiam

1768 2757 1986 2828 gladius
2020 2757 2230 2826 Martis,
2268 2760 2413 2830 apud
2471 2759 2796 2833 Scytharum
2831 2775 2987 2832 reges
3032 2759 3286 2815 inventus
3318 2768 3372 2815 et

1773 2866 1992 2920 semper
2021 2851 2261 2917 habitus,
2288 2867 2451 2922 quem
2482 2851 2792 2923 hystoricus
2816 2850 3038 2906 Priscus
3066 2848 3161 2905 tali
3203 2849 3373 2906 refezt

1773 2943 2062 2998 occasione
2075 2942 2369 2998 detectum.
2389 2941 2528 2997 Cum
2545 2950 2732 3013 pastor
2750 2940 2971 3012 quidam
2995 2941 3174 3012 gregis
3205 2957 3370 2996 unam

1772 3033 2030 3089 buculam
2054 3035 2454 3090 claudicantem
2485 3032 2843 3103 conspiceret,
2881 3048 2982 3088 nec
3007 3049 3230 3087 causam
3266 3033 3369 3090 do-

1718 3162 1738 3182 ς
1774 3124 1909 3181 loris
1941 3126 2229 3193 inveniret,
2254 3125 2360 3180 nisi
2410 3123 2557 3194 quod
2611 3139 2732 3179 eam
2764 3124 3108 3180 vulneratam
3137 3124 3369 3190 videret,

1776 3219 2044 3274 sollicitus
2064 3219 2293 3290 vestigia
2317 3218 2532 3273 cruoris
2561 3217 2883 3289 insequens,
2910 3218 3128 3272 tandem
3151 3218 3219 3273 ad
3255 3216 3373 3289 gla-

1766 3311 1925 3367 dium
1956 3311 2230 3379 veniebat,
2271 3327 2434 3382 quem
2479 3310 2738 3366 latentem
2768 3311 2825 3366 in
2853 3309 3040 3367 herbis
3075 3325 3242 3366 vacca
3271 3310 3370 3366 de-

1771 3420 2006 3476 pasecns
2032 3405 2250 3460 incauta
2271 3404 2598 3471 calcavcrat,
2637 3402 3006 3475 etfossumque
3027 3404 3281 3474 protinus
3302 3402 3370 3457 ad

1775 3498 1996 3552 Attilam
2021 3497 2309 3552 detulerat.
2335 3495 2457 3563 Quo
2488 3496 2577 3551 ille
2600 3510 2825 3551 munere
2851 3496 3082 3550 multum
3130 3495 3373 3565 gratula-

1775 3597 1884 3654 tur,
1916 3598 2057 3645 etut
2088 3589 2475 3661 magnanimus
2528 3588 2694 3644 totius
2726 3585 2915 3643 mundi
2960 3587 3263 3658 principem
3313 3602 3373 3642 se

1775 3683 2134 3737 constitutum
2152 3698 2218 3737 ac
2247 3697 2344 3752 per
2367 3680 2559 3736 Martis
2580 3680 2822 3752 gladium
2843 3687 3173 3751 potestatem
3201 3678 3343 3734 bello
3358 3710 3372 3718 -

1760 3787 1896 3830 ‘rum
1926 3775 2028 3830 sibi
2049 3789 2369 3830 concessam
2416 3773 2587 3829 fuisse
2646 3772 2965 3827 arbitratur.
3004 3770 3143 3827 llinc
3183 3771 3371 3825 multis

1776 3868 2093 3923 nationibus
2143 3868 2283 3922 bella
2326 3866 2588 3932 inferens,
2635 3881 2750 3923 sute
2783 3865 2978 3921 ditioni
3010 3864 3369 3936 subjiciebat:

1777 3957 1875 4031 (11.
1907 3959 2004 4026 ut.)
2041 3957 2371 4028 Gepidarum
2420 3970 2643 4028 quoque
2699 3972 2882 4027 regem
2934 3954 3372 4011 famosissimum

1776 4049 2133 4107 Hardcricum
2165 4049 2268 4105 sibi
2316 4048 2601 4104 subdebat.
2646 4044 3028 4118 Ostrogotbas,
3080 4056 3140 4102 ut
3164 4048 3371 4103 dictum

1777 4153 1880 4209 est,
1927 4144 1997 4198 ab
2039 4141 2205 4198 inicio
2240 4139 2385 4196 Huni
2423 4139 2779 4211 possidebant
2815 4137 2992 4207 (Joun.
3021 4155 3071 4194 c.
3120 4139 3234 4211 48),
3272 4150 3373 4194 nec

1777 4247 1968 4293 contra
1988 4235 2426 4307 consanguineos
2442 4233 2780 4304 Wisigothae
2800 4232 2953 4287 licuit
2973 4247 3227 4287 recusare
3254 4246 3376 4287 cera

1779 4339 1983 4397 tamen,
2008 4344 2109 4385 nec
2138 4330 2295 4383 aliter
2337 4328 2407 4382 ab
2432 4325 2716 4381 Hunorum
2772 4323 3017 4380 dominio
3046 4323 3227 4378 divelli
3270 4338 3373 4394 po-

1780 4423 1883 4478 tuit
1908 4439 2040 4494 gens
2068 4420 2158 4476 illa
2190 4420 2465 4493 Scythica,
2493 4418 2599 4475 nisi
2629 4433 2779 4475 mors
2805 4417 2983 4473 Attilae
3038 4416 3373 4487 proveniret,

100 4488 219 4559 frum
258 4502 624 4579 Ostrogotbze,
677 4517 737 4564 ut
761 4526 859 4581 per
907 4488 997 4565 407
1026 4528 1200 4568 annos
1254 4512 1308 4567 in
1348 4512 1529 4569 locum
1556 4514 1677 4585 ejus
1709 4525 1755 4583 υ
1780 4488 2165 4587 qumvcunctis
2220 4488 2278 4567 in
2327 4527 2618 4569 commune
2663 4510 2980 4568 nationibus
3021 4518 3075 4565 et
3108 4507 3374 4563 Romanis

112 4592 231 4649 alius
251 4612 356 4653 nou
401 4601 743 4669 succederet,
774 4603 1035 4673 quatinus
1086 4602 1233 4659 illius
1275 4606 1540 4661 memoria
1584 4606 1679 4661 diu

111 4686 233 4752 apud
254 4704 348 4746 eos
367 4702 635 4748 maneret.
654 4693 826 4765 Cujus
849 4695 993 4751 illius
1015 4693 1385 4754 Herimundus
1414 4714 1680 4770 spernens

110 4788 311 4848 regnum
330 4781 791 4856 Ostrogotharum
808 4798 1027 4859 propter
1042 4787 1325 4845 Hunorum
1350 4791 1677 4859 dominium,

111 4883 217 4926 cum
246 4874 351 4933 filio
372 4894 478 4935 suo
505 4878 750 4937 Beterico
770 4883 837 4936 ad
863 4880 1153 4953 Hesperias
1182 4892 1370 4955 gentes
1402 4900 1460 4939 se
1487 4893 1678 4941 contu-

112 4959 178 5029 lit,
199 4974 248 5019 et
272 4969 372 5024 sub
398 4969 740 5029 Theoderico
759 4972 1191 5047 Wisigotharum
1212 4992 1360 5048 rege,
1390 4977 1456 5031 de
1478 4977 1681 5048 quibus

111 5067 220 5110 mox
242 5058 472 5129 dicetur,
499 5064 660 5119 tacita
694 5066 908 5136 generis
937 5065 1024 5121 sui
1077 5067 1505 5137 propinquitate,
1552 5084 1676 5123 cum

112 5164 285 5224 magna
307 5159 482 5228 gloria
516 5161 786 5217 militavit.
818 5161 973 5218 Unde
1020 5174 1143 5233 past
1192 5164 1413 5234 longum
1464 5170 1679 5232 tempus

109 5236 352 5303 Walamir
371 5251 466 5317 ⁸⁸⁸,
498 5251 643 5308 illius
676 5251 1067 5322 Wandalarici,
1120 5255 1213 5327 qui
1241 5263 1357 5309 erat
1382 5255 1525 5309 Illius
1568 5254 1683 5309 Wi-

111 5334 331 5406 nitbaz'ii,
362 5357 591 5413 regnum
614 5346 823 5416 accepit
857 5361 981 5401 cum
1037 5346 1206 5401 fratre
1257 5360 1361 5401 suo
1403 5345 1680 5400 Dictmaro

112 5437 299 5483 necnon
316 5442 369 5487 et
398 5432 706 5503 Witimaro,
730 5449 954 5509 eratque
984 5439 1037 5493 in
1057 5438 1143 5494 his
1170 5438 1342 5495 tribus
1366 5448 1517 5511 grata
1542 5455 1678 5494 con-

1783 4606 1889 4662 fuit
1918 4615 2123 4678 optata.
2146 4605 2281 4674 Quae
2308 4605 2544 4677 qualiter
2563 4602 2896 4675 provenerit,
2926 4602 2982 4659 in
3018 4599 3376 4672 sequentibus

1783 4700 2059 4769 dicemus;
2094 4716 2241 4755 nunc
2268 4699 2338 4756 ad
2366 4697 2801 4771 Wisigotharum
2840 4694 3141 4768 hystoriam
3178 4692 3374 4749 redcav

1786 4809 1929 4848 mus.

1859 4884 1941 4958 (C.
1982 4884 2100 4955 ‘25.)
2138 4882 2457 4955 Wisigothre
2478 4883 2548 4916 ⁸¹⁷
2599 4883 2783 4953 itaque
2824 4895 2950 4936 cum
2990 4894 3088 4950 per
3139 4881 3373 4933 mortem

1785 4975 2089 5033 Ermenrici
2119 4976 2190 5031 ab
2208 4973 2555 5046 Ostrogothis
2582 4975 2923 5030 discederent
2964 4979 3019 5026 ct
3037 4970 3254 5026 eosdem
3304 4970 3375 5024 ab

1780 5068 1956 5126 llunis
1974 5069 2209 5140 oLprimi
2232 5076 2286 5124 et
2306 5067 2499 5138 expelli
2552 5076 2856 5130 cernerent,
2888 5064 3119 5119 nimium
3173 5061 3373 5127 territi,

1781 5160 1911 5233 quid
1949 5161 2017 5216 de
2043 5175 2103 5215 se
2147 5168 2369 5230 propter
2410 5166 2625 5230 gentem
2667 5152 2956 5210 Hermum
2988 5153 3060 5187 ⁸¹⁸
3107 5151 3377 5209 delibera-

1779 5262 1905 5311 rent
1950 5252 2293 5317 ambiebant;
2329 5249 2535 5321 diuque
2571 5248 2900 5319 cogitantes,
2943 5246 3165 5304 tandem
3224 5261 3377 5303 corn-

1782 5345 1938 5401 muni
1965 5343 2164 5415 placito
2186 5342 2395 5415 legatos
2425 5341 2492 5396 ad
2521 5338 2828 5406 Valentem,
2866 5338 3088 5396 fratrem
3131 5334 3377 5393 Valenti-

1783 5436 1934 5494 niani
1960 5428 2213 5499 scnioris,
2242 5443 2374 5489 tunc
2400 5432 2877 5519 Constantinqpoil
2927 5437 3267 5504 regnantem,
3317 5440 3378 5485 ut

1370 5594 1602 5650 VARUE
1642 5591 2045 5650 LECTIONES.

171 5722 236 5754 “’
263 5741 361 5797 pro
391 5742 515 5797 agg.
545 5722 606 5785 9'
683 5731 757 5764 ⁸¹⁹
787 5732 887 5788 bez
922 5732 1007 5787 9'.

111 5789 185 5846 ι’.
252 5789 325 5828 ίι⁶
359 5789 511 5853 mis].
544 5801 597 5855 ὅ.
674 5804 742 5836 δίτ
779 5844 793 5857 .
828 5803 1042 5858 rubrum
1068 5804 1195 5859 add.
1228 5804 1303 5859 De
1338 5790 1681 5874 \Yisigotizis.

1085 5733 1151 5767 ⁸¹¹
1192 5732 1407 5787 walmir
1427 5732 1608 5795 5.,9‘.
1685 5731 1757 5764 m
1789 5728 1825 5785 Γ.
1854 5739 1906 5784 et
1956 5745 2024 5783 \v.
2057 5727 2141 5783 9'.

2223 5728 2292 5761 ⁸⁸³
2320 5728 2461 5784 deest
2499 5728 2582 5786 9t.
2663 5729 2734 5761 °“
2760 5729 2980 5784 valaber
3003 5728 3054 5783 5.
3133 5727 3202 5759 ³⁸⁸
3233 5726 3376 5781 διέθει

1787 5803 1858 5835 ⁸⁸⁸
1918 5801 1973 5855 ιι.
2037 5817 2089 5874 g.
2124 5802 2176 5857 5.
