3876 6306
480 362 599 422 159

1655 330 2053 395 ΕΚΚΕιΙΛΙὶθΙ
2090 321 2562 385 URAUGIENSIS
2621 394 2625 399 ἢ

3656 305 3740 367 πο

483 474 740 549 Sillim-jus
761 473 1031 543 smmum
1055 467 1125 501 ω
1148 470 1253 531 est,
1275 459 1567 524 miserum,
1599 464 1661 510 ut
1682 460 1895 524 partem
1946 447 2084 503 Tra-.
2110 447 2158 503 A
2182 440 2392 543 domini
2416 434 2831 549 possessgiibus
2870 431 3141 549 imperare
3171 435 3428 549 totasque
3454 433 3636 549 partes
3656 440 3751 529 ,εο-

482 541 584 625 ciae
603 568 719 625 sive
743 541 951 620 Mmsiaa
980 560 1088 615 illis
1124 555 1365 612 traderet
1402 549 1473 606 ad
1501 546 1813 610 colendum,
1859 541 1980 612 ejus
2022 553 2083 595 se

481 659 696 732 legibus
722 656 952 726 ejusque
990 648 1237 721 imperiis
1286 658 1349 705 se
1387 643 1632 700 victuros
1676 636 2078 732 promittentes.

486 728 562 806 Et
592 749 813 806 utslides
863 743 1081 801 uberior
1128 739 1239 796 illis
1288 737 1602 799 haberetur,
1647 728 1976 802 promittunt
2025 737 2086 779 se

484 841 832 899 Christianos
854 835 990 901 ﬁeri,
1015 835 1062 890 si
1087 833 1287 904 linguae
1315 843 1430 885 suae
1450 826 1596 884 scios
1620 823 1703 879 eis
1726 822 1964 878 mitteret
1986 819 2088 872 do-

486 941 665 988 ctores
696 929 840 985 ﬁdei.
867 926 988 995 Quo
1018 924 1217 980 Valens
1241 928 1543 992 comperto,
1571 931 1699 972 mox
1727 912 2085 986 gratulabun-

487 1023 593 1080 dus
612 1021 826 1087 annuit,
858 1019 1005 1090 quud
1030 1017 1146 1088 ipse
1168 1016 1240 1048 ⁸²⁰
1270 1016 1415 1070 ultro
1440 1021 1624 1083 petere
1655 1008 1938 1073 voluisset,
1963 1018 2090 1060 sus-

488 1124 784 1187 ceptusque
834 1113 890 1167 in
934 1111 1182 1182 partibus
1210 1107 1418 1163 Maesia:
1445 1104 1649 1160 Gethas
1676 1099 1837 1171 quasi
1868 1111 2089 1154 murum

490 1207 642 1279 regni
677 1205 764 1262 sui
799 1213 990 1261 contra
1017 1210 1230 1259 ceteras
1260 1198 1457 1255 statuit
1484 1202 1701 1267 gentes;
1726 1201 1782 1248 et
1801 1190 1931 1263 quia
1960 1199 2093 1245 tunc

499 1299 695 1354 Valens
718 1298 1015 1367 imperator
1062 1293 1298 1348 Arriana
1349 1288 1576 1360 perﬁdia
1625 1285 1847 1343 saueius
1900 1296 2094 1338 omnes

496 1399 812 1447 nostrarum
862 1387 1103 1459 partium
1151 1384 1467 1445 sacerdotes
1515 1381 1643 1437 odio
1691 1378 1943 1444 habebat,
1978 1392 2095 1433 sua:

498 1482 671 1553 partis
725 1481 968 1536 fautores
1022 1479 1151 1534 illuc
1189 1477 1390 1532 direxit
1430 1474 1819 1546 predieatores.
1862 1470 1969 1537 Qui
2001 1484 2097 1524 ve-

498 1576 730 1640 nientes,
760 1574 990 1629 rudibus
1037 1581 1092 1626 et
1138 1570 1343 1642 ignaris
1388 1568 1512 1623 ilico
1543 1566 1781 1638 perﬁdia:
1803 1580 1918 1620 sua:
1942 1564 2096 1619 virus

501 1666 819 1723 infundunt.
849 1666 940 1722 Sic
963 1666 1149 1736 itaque
1176 1663 1497 1735 Wisigothae
1537 1677 1634 1732 per
1685 1659 1962 1715 Valentem
1996 1656 2099 1711 im-

501 1769 817 1830 peratorem
845 1758 1064 1813 Arriani
1086 1758 1270 1829 potius
1295 1771 1460 1827 quam
1484 1751 1784 1809 Christiani
1810 1751 2007 1817 effecti,
2032 1750 2100 1806 de
2131 1796 2175 1853 Β

501 1860 682 1906 cetero
735 1859 844 1906 tam
905 1848 1250 1921 Ostrogothis
1294 1864 1461 1919 quam
1509 1845 1730 1916 Gepidis
1780 1844 2099 1916 parentibus

504 1946 622 1999 suis
651 1943 960 1998 aﬁ‘ectionis
994 1942 1170 2014 gratia
1215 1939 1674 2010 evangelizantes,
1722 1952 1818 2008 per
1843 1935 2098 2007 Ulpbiam

505 2034 824 2105 episcopum
848 2050 1009 2090 suum
1033 2032 1327 2087 Arrianum
1352 2029 1450 2103 (11.
1481 2029 1600 2100 m.),
1631 2029 1726 2100 qui
1763 2028 1972 2084 litteras
1994 2025 2103 2082 Go-

505 2125 684 2181 thieas
715 2126 928 2196 primus
965 2124 1174 2180 invenit
1224 2132 1281 2180 et
1331 2124 1632 2194 scripturas
1676 2122 1948 2177 ineorum
1998 2121 2104 2175 lin-

506 2234 671 2289 guam
696 2218 911 2274 divinas
936 2216 1226 2283 convertit,
1253 2230 1472 2271 omnem
1497 2214 1664 2284 hujus
1704 2213 1904 2285 linguae
1926 2213 2106 2268 natio-

506 2326 634 2365 nem
689 2310 892 2380 ubique
938 2309 1007 2365 ad
1038 2309 1315 2365 culturam
1368 2315 1531 2363 sectie
1578 2305 1745 2377 hujus
1781 2305 2101 2361 invitabant.

509 2399 690 2473 (longe.
715 2401 754 2455 ι.
779 2400 843 2472 Ι.)
872 2399 980 2472 Ipsi
1021 2404 1243 2467 autem,
1286 2407 1348 2455 ut
1395 2399 1602 2455 dictum
1643 2407 1748 2465 est,
1795 2397 2106 2453 Danubium

513 2501 937 2561 transmeantes,
970 2491 1183 2548 Datiam
1209 2501 1264 2547 et
1292 2491 1582 2562 Ripensem
1601 2530 1617 2557 ,
1668 2488 1913 2546 Mmsiam
1966 2474 2105 2544 Tra-L

509 2584 761 2655 ciamque
783 2583 1333 2654 permissuprincipis
1358 2583 1697 2639 insederunt.
1725 2582 1808 2654 (C.
1834 2581 1951 2653 26.)
1973 2581 2109 2648 Qui-

509 2676 615 2732 bus
638 2677 839 2749 evenit,
877 2685 937 2732 ut
956 2677 1162 2733 assolet
1184 2677 1331 2749 genti
1354 2675 1590 2732 necdum
1614 2676 1752 2731 bene
1776 2662 1922 2731 loco
1978 2674 2108 2729 fun-

509 2767 673 2835 datae,
704 2778 764 2823 ut
787 2768 1018 2840 penuria
1054 2767 1214 2824 lamis
1236 2768 1637 2839 stringerentur
1664 2764 1757 2833 3“,
1795 2775 2110 2836 coeperunt-

511 2875 621 2930 que
666 2860 835 2916 duces
877 2876 1095 2927 eorum,
1146 2860 1243 2931 qui
1298 2876 1488 2931 regum
1535 2860 1654 2915 vice
1690 2859 1799 2914 illis
1832 2864 2148 2930 preerant,‘

515 2950 872 3022 Fridigernus
902 2962 956 3008 et
975 2953 1239 3009 Alatheus
1260 2960 1317 3008 ct
1351 2951 1656 3023 Saphrach,
1703 2952 1977 3008 exercitus
2025 2952 2113 3006 in-

513 3042 659 3113 opia:
683 3043 974 3099 eondolere
1017 3044 1557 3115 negotiationemque
1585 3058 1617 3098 a
1644 3042 1910 3113 Lupicino
1935 3043 2029 3109 δ”,
2057 3052 2114 3099 et

2183 529 2576 604 ptentrionales
2623 526 2696 559 ⁸¹δ
2747 540 2923 595 usque
2958 523 3029 578 ad
3060 520 3369 595 Danubium
3399 518 3507 575 sub
3535 533 3632 572 suo
3650 517 3755 587 jure

2184 633 2388 680 tenere.
2423 619 2582 688 Quod
2607 617 2954 689 comperiens
2979 615 3037 671 in
3082 612 3375 668 Antiochia
3405 609 3629 676 Valens,
3657 606 3753 664 bel-

2185 717 2298 772 lum
2327 715 2594 770 adversus
2623 727 2723 767 eos
2752 710 2952 776 movit;
2977 707 3037 763 in
3057 722 3169 779 quo
3197 704 3315 777 ipse
3341 703 3677 770 vulneratus,
3709 702 3758 758 in

2185 808 2461 881 quandam
2511 820 2697 862 casam
2750 801 3020 874 confugit,
3047 798 3547 872 ignorantibusque
3575 795 3756 862 Gothis,

2187 900 2335 971 quod
2367 899 2664 970 imperator
2676 898 2731 952 in
2756 905 2869 952 tam
2881 895 2975 949 vili
3000 909 3129 950 casa
3149 893 3363 957 lateret,
3378 888 3631 961 apposito
3650 887 3758 959 igni,

2189 1001 2465 1050 crematus
2486 1000 2591 1057 est,
2615 989 2767 1062 justo
2792 988 3003 1045 scilicet
3047 973 3256 1058 judicio
3284 982 3405 1050 Dei,
3440 990 3507 1036 ut
3536 981 3608 1035 ab
3652 980 3763 1052 ipsis

2190 1086 2303 1158 igni
2319 1085 2755 1148 combureretur,
2767 1098 2909 1154 quos
2932 1081 3049 1152 ipse
3060 1095 3248 1136 veram
3273 1077 3435 1132 ﬁdem
3459 1082 3700 1146 petentes
3720 1075 3763 1130 in

2190 1179 2474 1249 perﬁdiam
2502 1176 2817 1242 declinavit,
2853 1175 3148 1246 ignemque
3170 1171 3419 1228 caritatis
3438 1169 3514 1225 ad
3536 1169 3767 1240 gehennc

2193 1270 2373 1341 ignem
2403 1267 2653 1325 detorsit.
2701 1264 2881 1334 (Jonn.
2913 1280 2963 1320 c.
3003 1263 3074 1318 27
3105 1261 3285 1334 seqq.)
3316 1260 3448 1317 Post
3494 1259 3637 1314 tanti
3671 1258 3765 1329 glo-

2193 1363 2334 1418 riam
2357 1360 2573 1431 trophei
2597 1358 2921 1431 Wisigothae
2952 1356 3204 1412 Traciam
3232 1354 3571 1424 Datiamque
3596 1349 3767 1420 Ilipea-

2196 1470 2311 1511 sem
2356 1452 2535 1525 potiti,
2568 1460 2848 1521 tamquam
2892 1449 3073 1505 solum
3114 1447 3357 1533 genitale
3389 1455 3675 1516 creperum
3704 1442 3768 1496 in-

2196 1547 2395 1612 colere,
2424 1544 2598 1600 donec
2641 1541 3008 1608 Theodosius,
3042 1539 3283 1612 Hyspani
3306 1537 3612 1593 Theodosii
3634 1536 3770 1600 ﬁlius,

2199 1654 2230 1694 a
2262 1637 2527 1694 Gratiano
2569 1635 2900 1705 imperatore
2937 1632 3147 1689 electus
3174 1639 3229 1688 et
3273 1632 3326 1686 in
3362 1629 3627 1686 orientali
3652 1628 3772 1699 pria-

2201 1731 2380 1802 cipatu
2406 1730 2528 1785 loco
2554 1726 2802 1782 Valentis
2842 1725 3023 1797 patrui
3055 1723 3141 1779 sui
3182 1723 3530 1794 subrogatus
3569 1729 3667 1775 est.
3690 1718 3773 1786 Qui

2200 1838 2325 1879 acer
2367 1820 2586 1893 ingenio
2614 1828 2670 1876 et
2708 1820 2914 1875 virtute
2942 1826 3108 1890 atque
3131 1815 3371 1872 concilio
3415 1814 3639 1880 clarus,
3670 1813 3771 1866 dum

2201 1914 2548 1985 disciplinam
2594 1912 2890 1967 militarem
2922 1918 3220 1975 exerceret,
3267 1907 3495 1979 ignavia
3524 1918 3581 1962 et
3601 1904 3775 1960 desidia

2202 2006 2449 2078 priorum
2474 2003 2783 2074 principum
2807 2002 3027 2058 exclusa
3060 2019 3074 2055 :
3102 1999 3339 2066 Gothus,
3366 2007 3429 2053 ut
3459 1997 3658 2061 sensit,
3683 2010 3778 2066 per-

2202 2098 2406 2165 timuit,
2434 2078 2744 2165 militesque
2759 2092 3005 2165 ,Romani
3030 2092 3134 2147 sub
3157 2089 3371 2146 meliori
3395 2089 3652 2160 principe
3670 2089 3779 2143 lide~

2204 2193 2347 2248 ciam
2368 2190 2727 2261 accipientes,
2756 2187 2968 2244 Gothos
2991 2188 3252 2258 impetere
3272 2193 3581 2255 temptant,
3611 2199 3778 2253 eosque

2205 2300 2239 2341 a
2283 2284 2484 2339 ﬁnibus
2524 2281 2735 2337 Tracim
2777 2280 3074 2351 expellunt.
3129 2278 3262 2334 Post
3295 2278 3439 2333 haec.
3503 2276 3781 2332 Theodosio

2206 2392 2343 2447 pene
2371 2390 2546 2446 usque
2579 2374 2647 2431 ad
2674 2372 3122 2469 desperationem
3153 2378 3489 2443 aegrotante,
3522 2371 3671 2425 datur
3700 2371 3777 2423 ite-

2208 2485 2332 2526 rum
2355 2467 2548 2524 Gothis
2572 2465 2823 2531 audacia,
2843 2462 3129 2535 divisoqu'e
3157 2463 3427 2528 exercitu,
3456 2462 3782 2534 Fridigernu

2208 2562 2277 2618 ad
2306 2560 2640 2632 predandam
2663 2556 3007 2613 Thessaliam
3028 2566 3082 2611 et
3104 2555 3371 2611 Achaiam
3396 2554 3685 2627 digressus
3700 2564 3779 2617 est,

2208 2655 2470 2710 Alatheus
2514 2668 2646 2709 vero
2692 2660 2748 2708 et
2809 2650 3093 2722 Saphrach
3147 2649 3464 2706 Panouiam
3521 2651 3780 2720 petierunt.

2210 2750 2369 2819 Quod
2412 2764 2539 2806 cum
2581 2747 2878 2804 Gratianus
2905 2745 3170 2812 audisset,
3205 2745 3301 2815 qui
3325 2755 3522 2800 tunca
3566 2742 3783 2799 Romani

2212 2843 2419 2900 Gallias
2440 2842 2512 2874 ⁸³⁸
2544 2840 2794 2907 secessit,
2821 2854 2949 2893 mox
2972 2837 3201 2894 collecto
3223 2838 3483 2892 exercitu
3505 2838 3577 2893 ad
3601 2851 3693 2892 eos
3712 2850 3786 2891 vc-

2211 2936 2313 3003 nit,
2339 2951 2439 2991 nec
2468 2943 2651 2991 tamen
2680 2932 2852 2991 armis
2872 2931 3065 2997 fretus,
3087 2931 3183 2986 sed
3210 2930 3389 3002 gratia
3409 2940 3473 2985 et
3502 2929 3787 2985 muneribus

2212 3045 2310 3086 eos
2330 3029 2609 3094 victurus;
2644 3042 2771 3082 nam
2797 3026 2978 3083 foedus
3014 3040 3141 3080 cum
3170 3025 3253 3080 eis
3296 3024 3448 3091 iniit,
3480 3033 3539 3080 et
3565 3023 3785 3080 victualia

514 3133 775 3203 Maximo,
791 3134 1164 3191 Romanorum
1179 3135 1432 3203 ducibus,
1444 3144 1715 3206 expetere.
1734 3135 1860 3203 Qui,
1878 3135 2109 3192 avaricia

2219 3121 2329 3177 illis
2354 3119 2648 3176 concessit.
2692 3117 3040 3175 Theodosius
3070 3132 3201 3172 vero
3225 3117 3651 3183 convalescens,
3688 3129 3787 3171 arva

516 3228 895 3297 cornpellente,
927 3237 1214 3298 eruperunt
1238 3244 1348 3282 non
1389 3229 1568 3283 solum
1611 3228 1796 3283 ovium
1839 3229 2115 3299 boumque

517 3333 737 3385 carnes,
760 3333 951 3373 verum
974 3319 1139 3374 etiam
1162 3334 1361 3374 canum
1379 3328 1435 3374 et
1472 3318 1880 3374 immundorum
1904 3320 2118 3375 anima-

518 3405 656 3460 lium
687 3407 977 3462 morticina
1008 3408 1090 3463 eis
1138 3408 1480 3476 contradere,
1537 3410 1674 3463 adeo
1722 3417 1782 3464 ut
1838 3410 2119 3480 quodlibet

522 3498 862 3568 mancipium
886 3499 943 3553 in
967 3514 1078 3555 uno
1098 3515 1239 3587 pane
1263 3508 1359 3556 aut
1406 3501 1594 3556 decem
1645 3501 1910 3557 librarum
1952 3518 2119 3558 carne

522 3598 923 3651 mercarentur.
958 3590 1244 3661 Mancipiis
1271 3601 1326 3646 et
1368 3591 1518 3646 omni
1573 3593 1943 3664 subpellectile
1985 3593 2120 3648 deﬁ-

520 3681 720 3747 ciente,
747 3682 887 3737 ﬁlios
921 3698 1113 3771 eorpm
1138 3699 1337 3739 avarus
1378 3693 1652 3740 mercator
1695 3688 1961 3756 exposcit.
2013 3684 2120 3742 Sed

525 3781 782 3842 parentes
811 3774 1044 3830 salutem
1067 3775 1357 3846 pignorum
1382 3790 1609 3831 suorum
1634 3777 2000 3848 providentes,
2027 3778 2122 3833 de-

526 3864 782 3933 liberant,
831 3864 1045 3923 facilius
1091 3868 1479 3938 ingenuitatcm
1524 3869 1703 3939 perire
1735 3886 1901 3941 quam
1928 3871 2120 3937 vitam,

524 3958 658 4013 dum
688 3958 1116 4016 misericorditer
1138 3960 1368 4016 alendus
1390 3961 1518 4031 quis
1539 3961 1612 3992 ⁸³⁸
1636 3962 1890 4017 venditus
1940 3963 2123 4034 potius

522 4065 691 4120 quam
736 4052 1036 4108 moriturus
1086 4060 1357 4118 servatur,
1399 4052 1544 4108 ﬁlios
1588 4053 1833 4109 tradunt.
1880 4053 2127 4125 Contigit

521 4150 705 4197 autem
739 4142 832 4197 illo
860 4151 1120 4214 tempore,
1151 4152 1212 4198 ut
1243 4142 1544 4217 Lupicinus
1592 4145 1790 4201 ductor
1845 4145 2127 4201 Romano-

522 4250 645 4291 rum
677 4233 1058 4307 Fridigernum
1080 4236 1384 4292 Gothorum
1413 4237 1662 4309 regulum
1691 4238 1759 4292 ad
1809 4237 2124 4294 convivium

526 4325 785 4382 invitaret
814 4327 1132 4400 delumque,
1173 4335 1233 4382 ut
1262 4337 1387 4399 post
1422 4330 1604 4385 exitus
1642 4329 1849 4397 docuit,
1905 4330 2127 4386 molire-

522 4426 634 4473 tur.
668 4417 775 4474 Sed
810 4414 1163 4492 Fridigernus
1204 4420 1391 4476 dolum
1423 4422 1698 4489 nesciens,
1751 4438 1877 4479 cum
1930 4423 2124 4493 paucis

2215 3213 2512 3285 reperisset
2564 3210 2844 3267 Romanos
2886 3217 2943 3265 et
2982 3207 3192 3265 Gothos
3241 3206 3433 3264 fmdus
3507 3208 3787 3280 pepigisse.

2217 3312 2373 3377 grato
2414 3302 2601 3358 animo
2629 3301 2872 3371 accepit,
2903 3307 2961 3355 et
3000 3299 3119 3370 ipse
3163 3314 3291 3354 cum
3331 3298 3685 3362 Athalarico,
3712 3295 3788 3364 qui

2208 3395 2537 3467 Fridigerno
2560 3394 2828 3451 successit
2851 3393 2907 3448 in
2929 3407 3120 3464 regno,
3144 3389 3326 3448 fmdus
3346 3391 3646 3462 percussit,
3661 3404 3789 3446 enn-

2217 3503 2325 3559 que
2358 3485 2887 3557 Constantinopolim
2911 3484 3180 3540 invitavit.
3206 3482 3314 3550 Qui
3340 3484 3579 3538 omnino
3596 3484 3793 3539 libenter

2221 3579 2600 3650 acquiesccns,
2630 3577 2762 3635 dum
2806 3577 3013 3649 regiam
3059 3575 3252 3632 urbem
3283 3576 3669 3648 ingrederetur
3698 3584 3745 3630 et
3764 3588 3789 3627 a

2223 3670 2530 3727 Theodosio
2555 3687 2683 3726 cum
2714 3670 2866 3725 omni
2886 3669 3231 3741 jocunditate
3254 3676 3313 3724 et
3332 3668 3628 3724 aﬁ‘ectione
3647 3666 3794 3723 susci-

2221 3771 2463 3834 peretur,
2489 3763 2682 3818 videns
2707 3762 3065 3818 aediﬁciorum
3098 3761 3577 3833 magniﬁcentiam
3596 3769 3649 3817 et
3668 3773 3795 3816 exer-

2223 3856 2339 3911 nati
2360 3856 2521 3927 quasi
2545 3856 2614 3912 ad
2639 3856 2785 3912 diem
2809 3854 3012 3912 festum
3034 3855 3218 3926 populi
3242 3853 3646 3926 frequentiam,
3670 3853 3794 3909 urbis

2223 3949 2392 4006 situm
2424 3949 2756 4020 naviumque
2787 3956 3178 4016 commeatum,
3225 3963 3293 4006 ac
3337 3948 3607 4020 deinceps
3648 3946 3793 4016 inpe-

2226 4041 2426 4098 ratoris
2465 4042 2675 4114 regiam
2716 4040 3052 4114 ingrediens,
3086 4047 3144 4096 et
3180 4040 3452 4111 obsequia
3499 4042 3793 4108 diversaque

2226 4133 2400 4191 ofﬁcia
2435 4134 2805 4206 conspiciens,
2854 4134 3011 4190 valde
3055 4134 3385 4189 ammiratus
3420 4152 3436 4187 :
3470 4132 3592 4201 En,
3620 4132 3790 4201 inquit.

2227 4243 2414 4293 cerno,
2439 4227 2580 4298 quod
2624 4243 2744 4298 sepe
2780 4225 3082 4281 incredulus
3134 4226 3461 4289 audiebam;
3504 4228 3626 4281 sine
3659 4225 3792 4279 dubio

2227 4315 2358 4371 deus
2386 4324 2621 4371 terrenus
2665 4326 2741 4371 est
2765 4316 3085 4387 imperator,
3122 4324 3175 4369 et
3202 4316 3251 4369 si
3275 4316 3399 4386 quis
3430 4316 3791 4370 aduersum

2229 4424 2446 4463 manum
2478 4408 2719 4475 moverit,
2748 4408 2859 4480 ipse
2896 4407 3173 4480 sanguinis
3207 4408 3295 4462 sui
3322 4424 3449 4462 rm
3478 4410 3608 4463 erit.
3635 4407 3687 4462 ln
3721 4404 3791 4460 αθ

524 4513 593 4569 ad
623 4514 937 4571 convivium
965 4489 1141 4581 venit;
1168 4523 1225 4571 et
1237 4516 1369 4570 dum
1386 4516 1439 4571 in
1459 4517 1697 4587 pretorio
1716 4489 1990 4588 epulatur,
2003 4519 2109 4572 cla-

2225 4517 2356 4574 ergo
2382 4502 2767 4557 ammiratione
2796 4500 2991 4570 majori
3030 4499 3242 4554 honore
3278 4515 3313 4554 a
3342 4500 3603 4572 principe
3630 4496 3791 4555 δυσαι-

523 4624 733 4664 morem
767 4608 1094 4664 miserorum
1122 4610 1474 4664 morientium
1512 4611 1739 4665 audivit.
1768 4610 1903 4665 Nam
1930 4612 1983 4665 in
2014 4611 2120 4666 alia

522 4709 680 4769 parte
738 4700 921 4755 socios
965 4700 1086 4770 ejus
1138 4699 1386 4755 reclusos
1435 4699 1638 4756 milites
1685 4700 1843 4755 ducis
1871 4699 2120 4770 Lupicini

520 4790 680 4859 jussu
707 4788 830 4859 ejus
860 4788 1135 4844 trucidare
1166 4789 1350 4845 conati
1373 4797 1522 4844 sunt.
1553 4787 1711 4856 Quod
1734 4789 1978 4844 sentiens
1999 4788 2121 4843 Fri—

525 4879 807 4950 digernus,
837 4880 1124 4953 evaginato
1153 4880 1355 4953 gladio,
1386 4897 1496 4937 non
1533 4881 1654 4937 sine
1682 4897 1880 4954 magna
1903 4881 2122 4936 temeri-

525 4978 638 5027 tate
689 4973 949 5029 velociter
994 4990 1063 5030 ex
1123 4974 1372 5030 convivio
1419 4974 1716 5046 egreditur,
1748 4974 2041 5044 sociosque
2088 4988 2121 5028 a

526 5072 702 5119 morte
727 5074 945 5136 ereptos
966 5066 1035 5122 ad
1059 5082 1250 5123 necem
1285 5065 1660 5123 Romanorum
1714 5067 1957 5138 instigat.
2013 5065 2121 5133 Qui

528 5155 677 5211 nacti
703 5157 1050 5215 occasionem
1077 5159 1337 5225 votivam,
1366 5159 1648 5230 elegerunt
1671 5159 1853 5229 potius
1895 5158 1949 5212 in
1977 5158 2121 5214 bello

528 5246 672 5301 mori
693 5262 858 5317 quam
894 5247 1038 5303 fame
1064 5248 1315 5316 deﬁcere,
1345 5257 1401 5306 et
1425 5249 1552 5305 ilico
1580 5249 1635 5304 in
1659 5257 1891 5305 mortem
1916 5248 2119 5305 ducum

529 5336 780 5407 Lupicini
802 5346 858 5393 et
880 5338 1102 5393 Maximi
1125 5339 1559 5397 armanturJlla
1588 5341 1709 5397 dies
1741 5340 2116 5396 Romanorum

529 5430 878 5491 securitatem
899 5440 951 5487 et
981 5430 1287 5489 Gothorum
1341 5434 1622 5491 ademerat
1672 5434 1903 5502 famem;
1942 5450 2121 5505 cmpe-

528 5531 768 5593 runtque
791 5523 954 5580 Gothi
971 5515 1234 5597 jamjion
1264 5535 1323 5582 ut
1343 5527 1638 5599 peregrini,
1661 5526 1757 5584 sed
1789 5536 1849 5583 ut
1890 5528 2043 5583 cives
2067 5535 2124 5582 et

2226 4605 2339 4662 tus,
2363 4596 2557 4667 paucis
2598 4587 2884 4651 mensibus
2908 4593 3233 4663 intcrjectis,
3260 4594 3431 4649 rebus
3458 4594 3694 4649 excessit
3714 4592 3795 4645 lu:-

2228 4689 2427 4745 manis.
2463 4687 2637 4755 Quem
2678 4687 2934 4758 princeps
2968 4686 3275 4742 affectionis
3303 4687 3482 4759 gratia
3529 4703 3667 4757 pene
3697 4686 3791 4754 plus

2227 4792 2506 4840 mortuum
2552 4796 2719 4852 quam
2763 4780 2951 4835 vivum
2991 4780 3299 4847 honorans,
3330 4780 3451 4850 ipse
3490 4779 3547 4835 in
3578 4776 3794 4848 exequiis

2212 4874 2487 4947 feretrum
2533 4873 2655 4943 ejus
2679 4871 2967 4944 preccssit,
3009 4870 3301 4943 dignasque
3334 4871 3493 4926 illum
3530 4872 3791 4942 sepultum

2228 4966 2472 5022 tradidit.
2506 4963 2663 5032 Quod
2688 4964 2880 5020 videns
2900 4970 3135 5019 cunctus
3160 4962 3283 5032 ejus
3308 4964 3609 5028 exercitus,
3638 4964 3687 5017 in
3704 4975 3793 5015 see

2223 5059 2358 5115 vitio
2394 5056 2689 5125 Theodosii
2720 5071 2821 5126 pro
2856 5063 3009 5133 tanta
3041 5055 3165 5127 ejus
3199 5055 3536 5126 benignitate
3560 5055 3792 5126 perha-

2220 5152 2331 5221 ‘vit,
2376 5149 2734 5219 Romanoque
2760 5164 2821 5203 se
2853 5147 3098 5203 subdens
3140 5147 3411 5218 imperio,
3456 5148 3605 5204 velut
3648 5157 3789 5200 maia

2224 5256 2425 5312 corpus
2468 5256 2596 5296 cum
2632 5239 2903 5295 militibus
2932 5237 3200 5295 Romanis
3237 5239 3495 5309 edicitur,
3517 5240 3793 5306 militisque

2222 5333 2315 5393 illa
2345 5334 2553 5393 dudum
2594 5333 2698 5389 sub
2729 5331 3098 5389 Constantino
3117 5331 3516 5389 foederatorum
3543 5338 3789 5392 revocata

2227 5443 2283 5488 ct
2311 5433 2410 5503 ipsi
2436 5430 2688 5488 ftederati
2721 5429 2854 5485 dicti
2890 5437 3037 5485 sunt.
3063 5426 3108 5482 E
3137 5428 3346 5500 quibus
3368 5432 3789 5502 imperatori-u-

2228 5535 2313 5582 tra
2338 5525 2643 5598 Eugenium
2666 5532 2986 5598 tyrannum,
3011 5522 3106 5593 qui
3128 5522 3320 5580 occiso
3337 5523 3599 5580 Gratiano
3616 5521 3790 5580 Gallias

1798 5621 2031 5678 VABIIE
2052 5619 2459 5677 LECTIONES.

638 5713 710 5789 1"
740 5713 1064 5789 dictum
1144 5714 1214 5747 ⁸²⁰
1236 5714 1377 5770 deest
1407 5715 1493 5772 9°.
1568 5711 1638 5749 ⁸³¹
1671 5716 2033 5789 strigerentur
2061 5718 2123 5773 5.

601 5784 675 5817 "'
705 5787 926 5856 galliam
960 5786 1011 5839 Si.

2204 5718 2273 5750 ⁸³³
2297 5716 2562 5788 lupicinio
2589 5719 2643 5775 4.
2675 5718 2729 5774 5.
2794 5718 2878 5759 ³⁸³
2900 5716 2995 5788 qui
3024 5716 3110 5774 9‘.
3190 5719 3263 5753 “‘
3306 5715 3729 5790 septentrionalis
3744 5713 3786 5769 5-
