3888 6306
151 336 225 392 7M

973 326 1340 386 CHRONICA.
1374 359 1450 371 -
1485 329 1877 388 CHRONICON
1915 333 2377 394 UNIVERSALE.

3255 343 3364 402 τις

144 447 399 520 occupavit,
434 444 551 516 plus
585 459 748 515 quam
797 444 946 499 milia
993 452 1332 499 armatorum
1369 444 1442 476 ⁸³⁸
1477 442 1670 499 ﬁdeles
1699 445 1745 503 Α
1769 461 1918 516 vero,
1944 430 2144 505 Alariei
2178 449 2608 522 consanguineam
2627 493 2642 520 ,
2667 466 2831 523 super
2855 467 2914 510 se
2938 469 3121 527 regem
3147 458 3370 515 euasti-r-

143 545 226 602 sibi
245 551 291 598 et
312 539 503 595 amicos
529 538 844 608 intellegens
868 537 1115 603 adduxit,
1147 536 1543 606 victoriamque
1563 549 1666 604 po-

141 637 276 700 titus,
298 632 537 686 ultionem
587 629 784 700 exegit.
833 627 1130 698 Postquam
1162 643 1292 684 vero
1324 627 1668 683 Theodosius

137 726 270 782 rebus
298 720 514 777 excessit
546 719 800 776 humanis
819 761 834 787 ,
864 729 1151 789 coeperunt
1182 719 1280 774 ﬁlii
1304 719 1426 789 ejus
1454 728 1665 775 utram-

137 833 222 890 que
253 831 353 870 rem
387 812 651 884 publicam
688 812 972 868 luxuriose
1012 812 1244 868 vivendo
1288 813 1357 867 ad
1400 813 1664 868 nichilum

135 909 357 964 deducere
378 903 780 974 auxiliariisque
796 903 866 938 ⁸³⁷
889 904 1005 960 suis
1027 903 1220 959 Gothis
1236 910 1498 960 consueta
1520 905 1666 962 dona

134 999 437 1063 subtrahere;
482 1011 609 1050 mox
655 995 850 1052 Gothis
897 995 1178 1051 fastidium
1220 1011 1412 1052 eorum
1459 998 1660 1063 crevit,

134 1097 439 1157 verentesque
464 1101 532 1140 ne
567 1085 727 1156 longa
750 1100 886 1156 pace
923 1101 1116 1140 eorum
1145 1101 1204 1142 se
1234 1087 1466 1142 solveret
1504 1085 1674 1142 forti-

135 1181 264 1245 tudo,
302 1179 675 1234 ordinaverunt
717 1193 884 1248 super
911 1193 970 1233 se
1008 1193 1191 1249 regem
1223 1178 1534 1245 Alaricum,
1574 1178 1663 1234 cui

131 1281 222 1328 erat
237 1280 343 1342 post
361 1270 573 1325 Amalos
595 1269 667 1301 ⁸¹⁸
687 1271 928 1326 secunda
962 1271 1216 1327 nobilitas
1240 1271 1664 1343 Balthorumque

130 1381 182 1418 ex
205 1377 374 1434 genere
397 1362 543 1432 origo
578 1362 828 1428 miriﬁca,
853 1379 1088 1434 quorum
1121 1365 1332 1434 primus
1353 1365 1557 1420 dudum
1593 1366 1664 1422 ab

129 1453 314 1508 anzlacia
348 1452 551 1508 virtutis
571 1452 784 1522 Baltba,
811 1454 867 1509 id
887 1464 972 1510 est
999 1455 1200 1522 audax,
1231 1456 1376 1510 inter
1397 1473 1528 1512 suos
1560 1473 1662 1512 no-

130 1562 227 1600 men
265 1553 548 1615 acceperat.
587 1545 713 1600 Mox
741 1547 908 1618 igitur
931 1547 1184 1603 Alaricus
1211 1565 1335 1604 cum
1377 1550 1495 1605 suis
1525 1549 1662 1606 deli-

127 1639 305 1702 berans,
327 1637 493 1691 suasit
515 1638 615 1704 eis,
638 1653 741 1694 suo
763 1641 947 1709 potius
981 1641 1051 1678 “°
1077 1641 1264 1696 labore
1281 1657 1510 1712 regnum
1532 1659 1664 1714 que-

125 1744 219 1783 rere
241 1745 389 1798 quam
414 1729 586 1784 alieno
619 1733 880 1788 exercitui
913 1749 1010 1803 per
1035 1733 1160 1788 odia
1193 1734 1508 1804 subjacere;
1545 1735 1656 1791 sic—

1772 547 2012 596 tuerunt.
2041 542 2146 609 Qui
2192 544 2414 600 rediens
2449 542 2710 612 Romam,
2759 546 3022 618 quicquid
3066 551 3374 617 remansit,

1769 644 1923 685 more
1952 631 2293 704 locustarum
2334 633 2530 701 erasit,
2569 635 2829 706 nulloque
2861 637 3183 706 resistente,
3229 640 3360 696 tulit

1771 736 2016 783 sororem
2041 721 2270 779 Honorii
2301 723 2620 794 Placidiam,
2653 726 2818 783 ﬁliam
2861 728 3157 787 Theodosii
3186 731 3355 803 impe-

1725 833 1741 847 -
1768 812 1990 879 ratoris,
2039 829 2271 886 eamque
2324 816 2428 872 sibi
2471 817 2528 872 in
2565 818 2822 891 coniugio
2867 822 3161 893 copulavit.
3219 821 3352 890 Quae

1768 917 1893 960 eum
1932 905 2319 963 blandimentis
2366 909 2612 965 animum
2649 911 2752 966 viri
2787 911 3027 970 ﬂecteret
3073 923 3132 969 ut
3156 931 3350 986 pacem

1769 1011 1894 1050 cum
1921 994 2188 1053 Romanis
2232 998 2474 1066 haberet,
2514 1000 2718 1059 Gallias
2763 1005 3010 1074 tetendit,
3041 1007 3350 1078 vieinisque

1767 1087 2019 1158 gentibus
2047 1090 2374 1158 perterritis,
2407 1099 2463 1146 et
2485 1091 2767 1150 Wandalis
2791 1095 2915 1152 inde
2949 1097 3004 1151 in
3031 1095 3350 1168 Hispaniam

1766 1175 1990 1248 fugatis,
2021 1179 2190 1234 tercio
2217 1195 2363 1235 anno
2404 1191 2692 1252 postquam
2735 1184 2935 1241 Gallias
2963 1194 3018 1243 et
3047 1186 3353 1260 Hyspanias

1766 1271 2117 1340 perdomuit,
2177 1270 2372 1327 fraude
2417 1288 2648 1328 suorum
2697 1273 3018 1334 interfectus
3063 1288 3166 1336 est.
3217 1280 3353 1338 Post

1767 1377 1928 1432 quem
1957 1361 2248 1434 Segericus
2272 1379 2503 1436 regnum
2545 1367 2786 1436 accepit;
2821 1370 2915 1424 sed
2953 1379 3010 1426 et
3037 1370 3151 1440 ipse
3177 1387 3209 1428 a
3231 1373 3350 1429 suis

1765 1452 1985 1507 occisus
2013 1452 2105 1518 ⁸⁸⁸,
2151 1453 2320 1506 vitam
2365 1469 2490 1508 cum
2521 1468 2692 1524 regno
2723 1455 2964 1525 reliquit.
3003 1456 3210 1514 Dehinc
3233 1459 3352 1528 jam

1763 1551 1992 1614 quartus
2013 1543 2083 1598 ab
2105 1541 2322 1599 Alarico
2342 1558 2437 1600 rex
2455 1545 2786 1600 constitutus
2803 1546 3097 1622 estVallia,
3115 1547 3348 1604 nimium

1763 1634 2035 1704 prudens;
2060 1642 2252 1690 contra
2279 1650 2442 1706 quem
2465 1634 2740 1692 Honorius
2761 1636 3058 1706 imperator
3078 1637 3353 1694 Constan-

1763 1721 1922 1788 tium,
1966 1721 2148 1776 virum
2188 1721 2459 1778 industria
2496 1723 2722 1778 militari
2767 1724 3082 1794 pollentem,
3126 1727 3349 1793 direxit,

125 1835 209 1889 que
232 1836 316 1889 per
339 1818 669 1876 Pannoniam
703 1822 929 1879 intravit
957 1823 1190 1890 Italiam,
1215 1825 1477 1896 nulloque
1502 1827 1654 1897 peni-

1763 1813 2088 1884 promittens
2109 1815 2181 1881 ei,
2213 1814 2260 1870 si
2283 1830 2531 1871 sororem
2559 1831 2718 1871 suam
2759 1815 3054 1872 Placidiam
3081 1818 3194 1872 sive
3220 1833 3356 1888 pace

125 1919 195 1964 tus
215 1910 508 1976 obsistente,
551 1912 817 1982 applicuit
841 1912 908 1967 ad
945 1923 1165 1984 pontem
1194 1914 1540 1982 Candidiani,
1563 1917 1660 1987 qui

123 2000 262 2055 tercio
301 2001 524 2056 miliario
562 2010 681 2057 erat
711 2003 780 2058 ab
825 2005 958 2060 urbe
984 2005 1133 2077 regia
1173 2004 1465 2074 Ravenna,
1498 2008 1658 2078 cujus

122 2091 294 2147 dudum
331 2109 691 2164 possessores,
729 2104 789 2150 ut
810 2096 1032 2152 tradunt
1065 2097 1324 2168 majores,
1352 2097 1569 2167 Enethi,
1604 2099 1656 2154 id

120 2193 184 2237 est
211 2184 504 2251 laudabiles,
528 2186 870 2242 dicebantur.
901 2186 959 2242 In
983 2188 1144 2259 cujus
1160 2189 1498 2245 vicinitatem
1529 2207 1656 2248 cum

119 2272 500 2344 Wisigotharum
528 2278 880 2348 applicuisset
907 2281 1203 2347 exercitus,
1234 2280 1484 2337 Alaricus
1510 2282 1657 2355 lega-

121 2365 288 2418 tionem
320 2366 461 2422 misit
504 2369 570 2422 ad
613 2367 939 2444 Honorium,
987 2371 1159 2427 ﬁlium
1185 2371 1514 2441 Theodosii,
1559 2375 1654 2444 qui

118 2466 221 2510 tunc
243 2457 304 2512 ibi
325 2468 454 2526 erat,
478 2469 538 2516 ut
554 2461 710 2516 daret
729 2433 806 2516 ei.
801 2463 983 2518 locum
1006 2463 1099 2530 m,
1124 2464 1179 2519 in
1209 2481 1320 2536 quo
1345 2481 1470 2520 cum
1499 2482 1656 2522 exer-

114 2550 201 2602 citu
225 2566 316 2607 suo
346 2553 587 2609 habitare
631 2563 837 2624 posset.
883 2555 989 2623 Qui
1028 2559 1302 2614 concessit
1339 2558 1390 2613 ei
1420 2558 1654 2615 Galliam

113 2655 152 2696 et
173 2643 488 2716 llyspaniam,
513 2665 653 2719 quas
673 2649 982 2707 Geisericus
1005 2667 1101 2706 rex
1125 2651 1517 2710 Wandalorum
1538 2657 1653 2726 jam

115 2751 222 2805 [ncne
246 2741 480 2795 vastavit.
508 2741 628 2808 Quo
657 2758 782 2798 cum
805 2743 1089 2798 tenderent
1117 2743 1302 2804 Gothi.
1333 2746 1386 2800 in
1411 2750 1652 2818 quodam

113 2827 208 2882 loco
233 2831 531 2901 aliquandiu
555 2835 754 2888 morati
776 2844 923 2890 sunt.
953 2834 1109 2892 Tune
1137 2836 1366 2894 Stilicho
1387 2854 1572 2896 comes
1597 2850 1653 2896 et

112 2920 351 2989 mincius,
398 2941 555 2980 socer
599 2925 826 2982 Honorii
859 2927 1205 2998 imperatoris
1225 2973 1241 2998 ,
1275 2931 1459 2987 subito
1490 2932 1653 2989 irruit

110 3028 242 3082 super
270 3030 358 3070 eos
403 3016 454 3070 in
489 3018 608 3088 ipsa
649 3019 1026 3076 sacratissima
1068 3021 1159 3076 die
1199 3023 1449 3092 paschae,
1479 3024 1650 3079 nichil

111 3107 210 3158 mali
245 3109 594 3179 suspicantes,
623 3120 679 3167 et
697 3113 902 3169 multos
926 3130 993 3169 ex
1023 3113 1132 3170 illis
1155 3115 1373 3171 occidit.
1399 3115 1647 3172 Primum

107 3197 272 3268 quippe
305 3203 603 3270 perturbati
627 3213 758 3260 sunt
801 3204 985 3273 Gothi,
1033 3207 1127 3263 sed
1158 3223 1305 3274 mox,
1345 3209 1651 3279 recollectis

111 3289 308 3358 viribus,
349 3309 499 3350 arma
540 3297 880 3368 corripiunt,
921 3299 1237 3369 multosque
1281 3300 1350 3355 de
1403 3302 1650 3356 exercitu

109 3379 343 3440 Stiliconis
372 3387 704 3456 occidentes,
730 3397 943 3446 ceteros
981 3389 1036 3445 in
1083 3389 1266 3462 fugam
1302 3401 1648 3460 convertunt,

109 3483 148 3526 et
176 3474 220 3528 in
243 3493 482 3549 magnam
512 3480 649 3535 iram
679 3482 922 3548 excitati,
948 3481 1063 3552 jam
1096 3483 1149 3537 in
1192 3482 1396 3540 Gallias
1427 3500 1654 3554 pergere

107 3565 293 3632 nolunt;
323 3570 416 3624 sed
457 3569 756 3627 furibundo
782 3573 969 3628 animo
1002 3582 1240 3644 emptum
1266 3574 1368 3629 iter
1389 3575 1652 3630 deseren-

107 3667 186 3722 tes,
207 3660 252 3714 in
274 3661 748 3736 Liguriam,quam
763 3665 877 3736 jam
907 3667 1257 3735 transierant,
1281 3678 1648 3736 revertuntur,

105 3765 298 3823 eamque
323 3757 642 3826 spoliantes,
689 3757 968 3813 Emiliam
997 3761 1204 3830 pariter
1241 3769 1297 3816 et
1323 3759 1650 3816 Flaminiam

105 3839 367 3914 det'astaul,
397 3858 453 3903 et
481 3864 578 3918 per
601 3847 858 3905 Tusciam
877 3864 1050 3921 usque
1075 3851 1144 3906 ad
1171 3850 1401 3906 Romam
1433 3853 1650 3908 discur-

104 3947 270 4000 rentes.
299 3941 560 4012 quicquid
590 3957 659 3998 ex
701 3951 936 4013 utroque
962 3943 1131 3999 latere
1160 3942 1285 4007 fuit,
1311 3944 1382 4012 in
1425 3944 1650 4014 predam

103 4028 364 4098 diripiunt,
413 4031 760 4104 Romamque
809 4033 1122 4102 venientes,
1174 4035 1654 4105 apprehenderunt

101 4134 196 4173 eam
233 4131 282 4176 et
315 4124 675 4179 devastabant
716 4132 771 4180 et
811 4125 1196 4180 incendebant.
1245 4124 1420 4181 Jussit
1466 4135 1650 4181 tamen

101 4212 332 4281 Alan‘cus,
362 4225 423 4272 ut
447 4217 494 4273 si
517 4218 644 4288 quis
670 4218 726 4272 in
750 4217 868 4273 loca
897 4226 1086 4273 sancta
1119 4215 1460 4288 confugeret,
1483 4219 1651 4274 nichil

99 4304 200 4358 mali
223 4317 513 4377 pateretur,
544 4318 600 4363 et
619 4309 871 4380 quamvis
897 4309 1088 4366 civitas
1113 4309 1454 4380 predaretur,
1488 4323 1652 4364 nemo

97 4402 245 4452 tamen
285 4401 648 4456 occideretur.
677 4401 848 4473 Capta
887 4409 974 4457 est
999 4410 1182 4457 autem
1211 4400 1386 4456 Roma
1424 4401 1492 4480 ab
1519 4401 1650 4456 Ala-

97 4490 189 4546 rico
211 4508 327 4564 rege
372 4494 680 4550 Gothorum
712 4504 837 4566 post
863 4511 1039 4551 annos
1083 4496 1221 4551 HM
1257 4511 1325 4551 ex
1363 4511 1476 4566 quo
1507 4494 1650 4550 facta

93 4594 176 4638 est.
205 4585 470 4644 Exeuntes
490 4599 672 4645 autem
701 4589 866 4647 Gothi
894 4591 964 4646 ab
985 4590 1150 4658 Urbe,
1169 4608 1267 4663 per
1293 4591 1652 4663 Campaniam

93 4688 134 4731 et
161 4675 442 4735 Lucaniam
473 4681 830 4760 Brutiamque
856 4695 1248 4755 perrexerunt;
1275 4693 1332 4742 et
1369 4700 1496 4742 cum
1533 4685 1650 4742 vel-

93 4766 182 4821 lent
208 4773 438 4828 transire
466 4773 522 4827 in
567 4773 833 4844 Siciliam,
874 4775 1036 4832 multi
1077 4792 1144 4832 ex
1170 4777 1252 4832 eis
1286 4775 1342 4830 in
1376 4777 1515 4832 mari
1551 4791 1650 4847 pe-

92 4860 288 4918 rierunt.
321 4864 580 4921 Alaricus
603 4853 732 4922 vero
758 4867 889 4923 dum
912 4868 1242 4924 deliberaret
1273 4867 1408 4938 quid
1443 4877 1646 4940 ageret,

90 4952 342 5011 subitanea
395 4966 577 5012 morte
619 4959 762 5029 apud
802 4958 1158 5016 Consentiam
1203 4959 1498 5017 defunctus
1539 4970 1644 5018 est.

89 5038 234 5106 Quem
267 5047 350 5102 sui
384 5048 558 5104 nimia
602 5049 892 5106 dilectione
912 5053 1184 5125 lugentes,
1214 5051 1506 5108 Vasentcm
1539 5053 1647 5109 ﬁu-

88 5145 210 5188 num
255 5135 321 5191 de
353 5138 513 5193 alveo
557 5153 660 5193 suo
699 5139 1116 5208 derivaverunt,
1149 5156 1444 5212 regemque
1485 5158 1647 5199 suum

87 5220 337 5284 Alaricum
368 5229 426 5284 in
449 5229 634 5285 medio
662 5229 905 5286 ﬂuminis
941 5247 1069 5287 cum
1098 5231 1309 5288 divitiis
1340 5232 1532 5290 multis
1562 5250 1651 5292 se-

83 5317 337 5386 pelierites,
352 5321 536 5392 ipsum
559 5319 760 5377 ﬁumen
787 5321 842 5377 in
866 5323 1080 5379 alveum
1105 5339 1266 5380 suum
1295 5323 1653 5394 reduxerunt,

85 5413 130 5458 et
159 5424 221 5464 ne
247 5411 424 5468 locum
455 5397 634 5483 ipsum
663 5414 730 5450 ⁸³¹
753 5415 954 5485 aliquis
975 5425 1161 5485 postea
1186 5418 1369 5483 sciret,
1405 5418 1648 5488 captivos

83 5505 161 5571 qui
183 5505 326 5564 ilium
354 5519 670 5567 averterant
707 5526 900 5567 omnes
940 5511 1290 5577 occiderunt;
1327 5510 1644 5567 Athaulfum

1677 3175 1718 3233 C

1763 1906 1876 1962 sive
1904 1921 2254 1976 quocumque
2279 1907 2441 1963 modo
2461 1908 2748 1965 reduceret
2767 1909 2912 1979 quod
2942 1924 3062 1964 eam
3091 1911 3192 1966 sibi
3220 1927 3350 1966 con-

1755 1998 1942 2068 jugcm
1983 1999 2156 2054 daret.
2201 1997 2320 2066 Quo
2361 2000 2596 2070 placito,
2627 2001 2984 2057 Constantius
3021 2018 3196 2058 ovans
3223 2018 3362 2057 cum

1763 2101 2099 2148 armatorum
2146 2093 2304 2162 copia
2350 2092 2655 2164 Hyspa-nias
2699 2094 2886 2164 petiit,
2913 2094 3004 2150 cui
3038 2093 3206 2148 Vallia
3239 2109 3352 2149 non

1761 2185 1965 2242 minori
1999 2185 2282 2256 procinctu
2310 2187 2586 2254 occurrit;
2613 2186 2708 2243 sed
2729 2187 2799 2242 ab
2827 2199 3058 2258 utraque
3083 2196 3238 2259 parte
3266 2188 3349 2242 le-

1757 2278 1977 2349 gatione
2010 2279 2240 2344 directa,
2278 2279 2352 2332 ita
2396 2279 2684 2347 convenit,
2727 2287 2790 2335 ut
2823 2295 3068 2335 sororem
3111 2281 3348 2350 principi

1757 2371 2009 2426 redderet
2037 2387 2309 2441 suumque
2353 2371 2688 2439 adjutorium
2720 2371 2983 2427 Romanae
3010 2372 3088 2426 rei
3117 2372 3348 2442 publica:

1757 2477 1867 2518 non
1909 2463 2222 2534 denegaret.
2266 2462 2602 2518 Dnodecimo
2649 2479 2794 2518 anno
2819 2464 2888 2496 ⁸³³
2938 2464 3090 2536 regni
3135 2463 3344 2530 Vallize,

1755 2555 1976 2625 quando
2003 2564 2060 2610 et
2081 2554 2224 2609 Huni
2249 2565 2371 2624 post
2398 2553 2792 2626 quinquaginta
2821 2571 2997 2610 annos
3019 2571 3050 2610 a
3079 2555 3343 2612 Romanis

1753 2655 1808 2702 et
1835 2647 2028 2702 Gothis
2069 2648 2139 2702 ab
2177 2648 2364 2702 invasa
2393 2646 2675 2702 Pannonia
2719 2647 2930 2716 expulsi
2971 2657 3118 2714 sunt,
3151 2649 3346 2704 videns

1754 2739 1896 2794 idem
1925 2738 2120 2804 Vallia,
2153 2739 2446 2796 Wandalos
2476 2739 2531 2793 in
2567 2739 2684 2796 suis
2719 2739 2920 2795 ﬁnibus
2944 2755 3066 2795 esse
3099 2755 3224 2795 cum
3262 2749 3343 2796 te-

1752 2832 2022 2898 meritate,
2048 2840 2241 2888 contra
2271 2846 2367 2886 eos
2407 2831 2579 2886 movit
2603 2831 2936 2898 exercitum,
2966 2833 3353 2902 expulsosque'

1752 2922 1805 2977 in
1833 2921 2098 2989 Africam,
2120 2923 2282 2978 vellet
2303 2939 2401 2978 eos
2425 2923 2594 2978 etiam
2623 2922 2698 2978 ibi
2722 2922 2996 2992 persequi,
3023 2924 3131 2979 nisi
3151 2941 3339 2992 casus,

1749 3015 1843 3085 qui
1875 3015 2083 3071 dudum
2109 3015 2328 3074 Alarico
2353 3016 2481 3071 illuc
2499 3015 2737 3070 tendenti
2759 3013 3089 3086 contigerat,
3112 3032 3237 3070 eum
3259 3032 3346 3073 re-

1750 3115 2022 3164 vocasset.
2049 3107 2316 3164 Defuncto
2336 3106 2530 3174 Vallia,
2549 3107 2918 3163 Theodericus
2941 3124 3167 3178 regnum
3185 3124 3341 3164 acce-

1753 3201 1852 3270 pit,
1875 3200 1942 3255 ad
1964 3216 2149 3271 quem,
2168 3209 2228 3255 ut
2248 3216 2413 3272 supra
2435 3201 2644 3256 dictum
2671 3208 2775 3265 est,
2792 3198 3182 3265 Herimundus,
3198 3200 3346 3256 ﬁlius

1753 3291 2172 3359 Thurismundi,
2185 3293 2402 3363 nepotis
2419 3291 2744 3358 Ermenrici,
2763 3301 2946 3362 spreto
2968 3308 3137 3363 regno
3151 3292 3346 3348 Ostro—

1752 3383 2042 3453 gotharum
2071 3391 2292 3452 pr0pter
2321 3381 2605 3436 Hunorum
2631 3381 2966 3446 dominium,
2995 3398 3056 3437 se
3086 3383 3338 3438 contulit.

1825 3481 1922 3552 (Η.
1953 3481 2017 3537 R.
2045 3491 2100 3538 et
2117 3481 2193 3537 11.
2225 3483 2324 3552 τη.)
2351 3482 2496 3538 Inter
2529 3482 2647 3538 hate
2674 3483 3029 3554 regnantibus
3064 3483 3348 3540 Marciano

1753 3572 1809 3626 in
1839 3570 2060 3628 Oriente
2089 3583 2144 3629 et
2172 3572 2550 3629 Valentiniano
2591 3574 2645 3628 in
2675 3573 2969 3630 Occidente
2989 3616 3004 3641 ,
3035 3575 3224 3642 Attila,
3245 3591 3344 3630 rex

1753 3663 2036 3720 Hunorum
2057 3667 2302 3720 omnium
2332 3675 2385 3720 et
2406 3667 2557 3722 solus
2581 3677 2836 3738 regnator
2856 3683 2994 3738 pene
3017 3677 3342 3723 cunctarum

1755 3755 2137 3828 Scythicarum
2192 3759 2438 3828 gentium
2477 3758 2722 3815 conﬁsus
2748 3760 2802 3814 in
2835 3760 3186 3820 multitudine
3231 3758 3348 3814 for-

1751 3849 2090 3905 tissimarum
2137 3851 2410 3921 gentium,
2444 3867 2584 3922 quas
2623 3851 2727 3906 sibi
2773 3852 3158 3924 subjugaverat
3225 3851 3348 3908 Ma-

1753 3942 2036 3998 cedoniam
2060 3950 2116 3996 et
2137 3940 2380 3997 Moesiam
2401 3985 2416 4008 ,
2443 3942 2705 3999 Achaiam
2728 3952 2784 3998 et
2807 3953 3094 4014 utramque
3109 3944 3344 4012 Batiam,

1755 4029 2008 4086 Traciam
2045 4040 2101 4086 et
2141 4046 2306 4086 omne
2345 4047 2484 4101 pene
2519 4031 2780 4086 llliricum
2809 4034 3208 4100 devastaverat,
3240 4051 3344 4104 po-

1755 4123 1976 4192 suitque
1999 4123 2054 4177 in
2080 4123 2276 4178 animo
2303 4139 2428 4189 suo,
2472 4124 2661 4179 venire
2695 4126 2761 4179 ad
2789 4125 3170 4196 dissipandum
3197 4129 3347 4184 occi-

1753 4215 1973 4270 dentale
2004 4215 2319 4284 imperium,
2357 4216 2463 4271 hoc
2483 4225 2569 4272 est
2596 4215 2926 4271 Romanum.
2958 4216 3085 4272 Erat
3106 4233 3346 4288 namque

1755 4306 1858 4361 sub
1881 4306 2002 4376 ejus
2023 4313 2294 4375 potestate
2314 4305 2790 4362 nominatissimus
2805 4306 3133 4376 Gepidarum
3159 4322 3252 4362 rex
3273 4307 3346 4341 ⁸³⁵

1754 4396 2106 4465 Hardcricus,
2132 4397 2462 4454 eminentior
2487 4399 2607 4469 ipso
2633 4399 2722 4454 cui
2757 4400 3047 4465 serviebat,
3071 4407 3126 4454 et
3147 4397 3346 4454 Ostro-

1683 4521 1728 4580 υ
1756 4491 2043 4563 gotharum
2070 4507 2166 4546 rex
2192 4491 2459 4548 Walamir
2482 4509 2609 4550 cum
2633 4492 2899 4549 fratribus
2921 4494 3037 4550 suis
3067 4493 3348 4549 Dietmaro

1757 4593 1812 4640 et
1839 4584 2131 4640 Witimaro
2152 4585 2246 4652 ⁸³⁸,
2279 4601 2493 4641 necnon
2531 4585 2847 4642 fortissima:
2875 4595 3098 4657 gentes,
3125 4586 3344 4640 Marco-

1755 4677 1973 4743 manni,
2021 4676 2218 4744 Suevi,
2265 4677 2479 4745 Quadi,
2507 4677 2728 4744 Heruli,
2755 4677 3085 4749 Tureilingi,
3123 4677 3260 4747 Rugi
3288 4685 3346 4732 et

1753 4771 1874 4826 alia!
1923 4771 2172 4826 barbara:
2219 4781 2429 4842 gentes,
2469 4787 2593 4842 qua:
2631 4771 2950 4826 habitabant
2994 4771 3047 4824 in
3092 4769 3344 4840 partibus

1753 4863 2049 4933 aquilonis.
2075 4862 2140 4917 Hi
2165 4879 2358 4918 omnes
2383 4872 2540 4918 erant
2572 4863 2628 4917 in
2649 4863 2924 4933 adjutorio
2943 4862 3087 4932 ejus,
3111 4869 3346 4932 eratque

1751 4971 2017 5012 numems
2074 4957 2350 5012 exercitus
2403 4956 2524 5026 ejus
2573 4956 2722 5010 milia
2768 4956 3086 5026 quingenta.
3132 4953 3344 5011 ﬂetum

1753 5050 2000 5106 omnium
2057 5047 2222 5106 Attila
2271 5053 2543 5120 superbus
2586 5048 2850 5118 imperio,
2897 5064 3104 5119 primas
3147 5049 3342 5104 mundi

1753 5152 1964 5214 gentes,
2011 5141 2294 5198 Romanos
2338 5141 2548 5198 scilicet
2585 5149 2641 5196 et
2685 5140 3022 5212 Wisigothas
3043 5183 3059 5208 ,
3106 5140 3343 5196 subdere

1755 5235 1860 5290 sibi
1883 5233 2228 5305 preoptahat,
2253 5243 2308 5288 et
2327 5232 2580 5303 quamvis
2616 5225 2861 5301 speraret
2891 5247 2951 5287 se
2975 5230 3153 5287 facere
3175 5245 3343 5301 posse

1755 5328 1903 5398 quod
1932 5326 2094 5383 vellet
2120 5341 2218 5397 per
2256 5325 2514 5380 virtutem
2556 5331 2832 5378 tantarum
2856 5324 3124 5395 gentium,
3155 5330 3342 5384 tamen

1755 5427 1808 5474 et
1839 5435 1936 5489 per
1961 5418 2218 5474 astutiam
2257 5418 2476 5472 vincere
2509 5416 2790 5487 querebat.
2823 5415 3046 5471 Timens
3077 5412 3250 5479 enim,
3271 5427 3342 5468 ne

1755 5512 1940 5576 Gothi,
1973 5511 2068 5583 qui
2096 5511 2240 5565 intra
2271 5509 2835 5576 Galliashabitabant,
2855 5509 3215 5579 jungereutur
3231 5504 3344 5560 Ro-

1343 5602 1384 5659 ν
1396 5601 1577 5660 ΜὶιιιΕ
1625 5603 2029 5662 [ΕΩΤΙΟΝΕὲ.

139 5691 201 5769 ⁸’ξ
227 5707 471 5752 armatos
501 5713 547 5752 s.
581 5695 632 5769 f.
651 5697 704 5751 5.
784 5697 854 5730 ³⁸⁷
883 5696 1296 5769 auxiliariisq'm
1328 5699 1380 5752 5.

1459 5696 1790 5754 mHamalos
1818 5698 1902 5754 9“.

2258 5699 2307 5744 ἲς,
2383 5699 2452 5732 880
2481 5698 2623 5744 deest
2653 5698 2735 5744 9c-
2817 5696 2884 5729 ⁸³¹
2909 5696 2950 5744 ἱ.
2984 5695 3021 5744 Ι.
3052 5693 3104 5744 5.
3182 5688 3252 5721 ⁸³¹
3281 5703 3340 5744 ο.

2255 5699 2307 5754 5.
2383 5699 2452 5732 ⁸³⁰
2481 5698 2623 5754 deest
2653 5698 2736 5754 9°.
2817 5696 2884 5729 ⁸³¹
2909 5696 2950 5749 i.
2984 5695 3021 5748 l.
3052 5693 3104 5747 5.

1991 5699 2061 5730 "9
2092 5715 2145 5769 p.
2176 5714 2222 5754 s.

81 5771 149 5816 εει
177 5763 254 5820 9ε.
331 5769 403 5800 ⁸³³
432 5769 573 5822 deest
690 5769 774 5824 υτ.
853 5768 926 5803 ⁸³³
954 5785 996 5822 r.
1035 5787 1084 5841 g.
1119 5770 1172 5825 ὃ.
1209 5763 1314 5800 ’⁸⁵⁵
1347 5769 1638 5824 withmaro
1669 5772 1753 5824 9C.
