3876 6306
1060 333 1204 354 ν,,,,.

484 356 594 424 ’με

3130 320 3177 330 ,ιλ
3216 319 3236 325 γ.
3288 317 3359 327 ..ν

1652 340 2051 401 EKKEIIARDI
2085 337 2119 397 ῑ

2216 327 2557 398 inclausus
3130 320 3177 330 ’“’
3216 319 3236 325 ”
3288 317 3359 327 ”’
3384 316 3413 328 ”
3654 338 3732 409 tu

486 477 670 537 manis
701 468 760 531 in
801 468 1138 544 adiutorium
1157 509 1174 534 ,
1205 480 1330 522 cum
1369 471 1515 519 esset
1563 462 1730 517 nimis
1767 466 1987 517 astutus
2019 467 2076 513 et
2105 466 2150 523 Α
2181 457 2468 513 hominum
2495 471 2634 512 cassa
2672 455 2743 487 “‘
2769 455 2903 511 refe:
2916 465 3117 524 untur,
3140 464 3465 531 tantumque
3490 467 3737 535 anguina,

489 569 731 635 subtilis,
765 565 919 621 misit
950 561 1183 618 nuncios
1214 557 1283 614 ad
1330 553 1806 619 Valentinianum,
1848 552 2085 608 nullate-

489 674 600 717 nus
619 675 685 716 se
711 656 1009 713 adversum
1039 653 1112 685 ⁸⁸⁵
1147 650 1426 705 Romanos
1464 646 1737 702 hostiliter
1765 644 1955 700 venire
1982 657 2087 699 nec

501 752 736 824 publica:
755 747 835 804 rei
857 745 1137 802 amicicias
1161 759 1218 798 in
1249 742 1435 812 aliquo
1472 755 1531 796 se
1564 739 1703 794 velle
1730 738 1959 803 vmlare,
1987 735 2085 792 sed

374 878 388 890 -
492 850 684 900 (cntra
724 838 1120 895 Theodericum
1154 833 1584 906 Wisigotharum
1610 845 1794 903 regem
1833 830 1937 885 sibi
1962 843 2087 885 cer-

495 933 722 991 taminis
764 945 964 988 causas
997 929 1233 984 existere
1261 924 1358 996 (cf.
1403 923 1609 996 Jortin).
1651 922 1914 978 Similiter
1938 921 2090 976 misit

495 1026 643 1083 et~ad
668 1023 1090 1088 Theodericum,
1116 1036 1225 1076 non
1252 1018 1355 1075 sibi
1378 1031 1618 1088 pugnam
1646 1030 1769 1070 esse
1796 1014 2089 1069 adversum

497 1119 730 1184 Gothos,
776 1116 874 1173 sed
921 1123 1114 1171 contra
1144 1112 1446 1175 Romanos,
1479 1122 1647 1179 seque
1691 1107 1825 1163 satis
1873 1106 2092 1160 studere

498 1229 691 1286 pacem
747 1227 873 1268 cum
919 1208 1115 1268 Gothis
1160 1207 1384 1263 habere.
1432 1202 1547 1262 Hoc
1581 1213 1761 1258 autem
1802 1215 1898 1271 per
1942 1207 2095 1256 astu-

500 1308 639 1363 tiam
667 1306 736 1339 ⁸³¹¹
768 1290 900 1360 [υείἰ
925 1303 981 1358 in
1006 1302 1154 1366 dolo,
1187 1309 1270 1364 ut,
1298 1298 1345 1354 si
1369 1293 1649 1351 Romanus
1676 1293 1994 1363 Gothosque
2025 1291 2095 1346 ab
2133 1296 2136 1298 ⁷

500 1398 738 1454 invicem
759 1396 1047 1459 divideret,
1080 1393 1185 1447 hos
1205 1397 1261 1447 et
1282 1389 1406 1444 illos
1434 1399 1622 1459 postea
1646 1385 1806 1471 facile
1827 1390 2092 1439 vinceret.

503 1490 704 1547 Accius
740 1495 925 1545 autem
971 1481 1260 1557 patricius,
1302 1481 1398 1552 qui
1447 1488 1581 1535 tunc
1619 1477 1830 1533 militia:
1857 1484 2094 1548 preerat,

2182 551 2421 606 cllusum
2442 564 2585 616 esse,
2619 559 2681 605 ut
2702 552 2964 621 parvulus
2987 551 3202 609 rivulus
3244 554 3339 623 qui
3364 554 3439 609 ibi
3468 555 3740 627 labebatur,

2183 641 2451 713 sanguine
2470 642 2784 697 occisorum
2812 642 2997 698 subito
3020 653 3239 711 auctus,
3267 645 3538 702 cadavera
3563 665 3745 718 perem-

2182 743 2401 805 ptorum
2453 749 2645 790 secum
2701 735 2959 790 traheret.
3021 736 3248 792 Attilam
3296 753 3431 794 sane
3482 740 3555 794 de
3603 754 3751 799 morte

2188 827 2344 883 Accii
2387 843 2487 883 sua
2537 824 2730 882 fefellit
2767 828 3040 898 suspicio;
3093 843 3222 883 nam
3269 827 3639 886 Theodericus
3676 847 3750 889 ut

2186 916 2621 991 Wisigotharum
2644 920 2922 974 occubuit.
2960 919 3161 976 Accius
3187 937 3358 977 sanus
3377 924 3576 978 evasit.
3596 922 3649 978 ιη
3666 942 3754 995 quo

2187 1011 2376 1082 prazlio
2421 1011 2674 1082 quamvis
2703 1021 2900 1066 neuter
2928 1013 3191 1068 cessisset
3227 1015 3531 1081 exercitus,
3576 1028 3755 1072 constat

2175 1096 2374 1157 tamen
2395 1102 2620 1157 Attilam
2644 1094 2816 1160 fuisse
2834 1113 3175 1174 superatum.
3204 1102 3381 1177 (Joau.
3414 1125 3466 1163 c.
3501 1109 3615 1181 40.)
3634 1097 3759 1166 Tunc

2186 1190 2514 1265 .WisigOthze
2535 1193 2604 1226 ⁸⁵⁷
2633 1193 2938 1253 dividentes
2964 1210 3024 1251 se
3044 1197 3119 1251 ab
3141 1196 3356 1265 Alanis,
3387 1200 3651 1255 invadunt
3667 1200 3759 1256 lla-

2194 1300 2393 1340 norum
2422 1294 2697 1340 catervam
2718 1328 2732 1351 ,
2764 1295 2819 1342 et
2848 1302 2986 1357 pene
3013 1288 3240 1344 Attilam
3272 1291 3646 1359 trucidarent,
3678 1294 3761 1349 nisi

2193 1377 2457 1449 providus
2478 1388 2605 1432 ante
2633 1374 2863 1450 fugisset
2887 1388 2941 1435 et
2967 1396 3026 1435 se
3054 1397 3295 1453 suosque
3315 1381 3444 1440 ilico
3472 1385 3619 1439 intra
3644 1398 3763 1456 septa

2197 1478 2541 1535 castrorum,
2574 1487 2697 1541 qua:
2748 1472 3009 1541 plaustris
3055 1475 3414 1542 vallaverant,
3456 1477 3763 1534 reclusissct.

505 1582 819 1652 intelligens
853 1576 1112 1634 astutiam
1145 1582 1203 1631 et
1237 1572 1394 1630 dolos
1436 1570 1646 1637 Attilaa,
1689 1569 1841 1624 misit
1878 1584 1945 1624 ex
1972 1583 2101 1638 per-
2202 1560 2296 1617 Sic
2332 1577 2463 1634 ergo
2491 1566 2745 1633 quamvis
2772 1563 2947 1635 fragili
2978 1567 3306 1634 munimine,
3342 1584 3412 1623 eo
3451 1579 3637 1626 tamen
3660 1588 3767 1641 que-

509 1689 647 1731 sona
673 1669 1045 1727 Valentiniani
1066 1667 1139 1701 ⁸³⁸
1164 1665 1511 1737 imperatoris
1534 1663 1744 1733 legatos
1768 1662 1836 1716 ad
1860 1658 2103 1716 Theode-
2202 1654 2414 1711 sierunt
2443 1654 2514 1687 ⁸⁸⁸
2540 1656 2847 1711 subsidium
2874 1657 3017 1721 vitm,
3046 1660 3247 1729 quibus
3270 1661 3437 1731 paulo
3465 1670 3596 1717 ante
3621 1664 3769 1718 nullus

508 1766 688 1822 ricam
718 1778 903 1835 regem
924 1754 1250 1826 Gothorum,
1282 1759 1376 1830 qui
1403 1756 1494 1812 illo
1516 1757 1572 1811 in
1594 1755 1664 1788 ⁸³³
1693 1764 1935 1825 tempore
1956 1751 2100 1824 apud
2201 1756 2419 1818 poterat
2442 1749 2673 1804 muralis
2709 1764 2874 1821 agger
2902 1751 3189 1807 obsistere.
3223 1754 3410 1808 Altera
3446 1770 3588 1809 vero
3610 1756 3689 1810 die
3714 1757 3773 1809 lti-

510 1849 769 1913 Tolusam
800 1854 1082 1927 regnabat,
1104 1859 1168 1908 ut
1186 1866 1378 1923 pacem
1400 1849 1641 1905 ﬁrmaret
1663 1864 1788 1904 cum
1820 1847 1933 1901 illo.
1958 1845 2107 1901 Con-
2137 1835 2182 1895 Β
2209 1848 2295 1895 tra
2348 1840 2724 1910 plaustrorum
2770 1842 3108 1899 munimenta
3170 1860 3231 1900 se
3270 1846 3604 1913 continens,
3641 1849 3772 1902 Atch

512 1949 690 2006 sensit
715 1948 774 2003 in
800 1947 909 2003 hoc
927 1944 1317 2011 Theodericus,
1346 1956 1649 2013 pacemque
1670 1955 1796 1995 cum
1821 1937 1988 1993 Accio
2009 1936 2098 1990 ﬁr-

512 2039 703 2106 mavit,
733 2054 903 2110 seque
945 2053 1072 2094 cum
1103 2050 1169 2093 eo
1213 2043 1404 2092 contra
1448 2031 1675 2088 Attilam
1705 2045 1951 2102 pugnare
1975 2044 2105 2099 pro-~

515 2130 685 2187 misit.
711 2129 958 2185 Fuerunt
988 2138 1172 2183 autem
1205 2127 1261 2181 in
1297 2124 1505 2181 auxilio
1538 2121 1691 2177 Accii
1718 2119 1934 2191 patricii
1968 2120 2109 2173 Bur-

514 2222 845 2296 guniiones,
876 2220 1094 2287 Franci,
1115 2217 1295 2283 Alani,
1332 2218 1606 2283 Saxones,
1633 2212 1918 2285 Riparioli,
1954 2210 2112 2267 Brio-

515 2330 636 2382 nes,
665 2315 950 2380 Sarmatae,
965 2311 1355 2377 Armoriciani,
1376 2306 1649 2365 Luticiani
1669 2301 1760 2361 ⁸⁸⁸³.
1782 2301 2115 2361 Producitur

516 2418 740 2476 quoque
762 2420 794 2459 a
824 2418 950 2475 rege
986 2398 1329 2457 Theoderico
1362 2398 1797 2471 Wisigotharum
1818 2394 2114 2451 multitudo

519 2495 963 2553 innumerabilis.
991 2494 1241 2562 Quatuor
1265 2507 1506 2562 namque
1529 2490 1658 2546 ﬁliis
1694 2488 1812 2546 suis
1847 2488 1995 2544 domi
2025 2486 2115 2542 di-

518 2589 730 2657 missis,
779 2587 1060 2645 Friderico
1104 2586 1333 2651 scilicet,
1367 2583 1569 2639 Eurico
1606 2582 1699 2648 '“,
1746 2579 2016 2636 Retemire
2060 2584 2117 2634 et

517 2680 831 2747 lmncrico,
868 2680 1009 2736 duos
1054 2682 1271 2731 tantum
1317 2675 1554 2744 majores
1601 2687 1790 2727 secum
1847 2669 2113 2734 assumit,

518 2770 996 2833 Thurismundum
1036 2778 1090 2826 et
1114 2766 1537 2824 Theodericum.
1561 2763 1912 2820 Conveniunt
1932 2760 2118 2831 itaque

524 2864 579 2920 in
608 2880 836 2936 campos
866 2861 1282 2927 Catalaunicos,
1311 2858 1409 2929 qui
1444 2867 1499 2912 et
1525 2854 1791 2911 Mauriaci
1820 2852 2118 2908 nominan-

528 2968 639 3025 tur,
664 2965 888 3013 centum
929 2955 1121 3011 leuvas
1154 2952 1250 3018 m,
1281 2957 1343 3004 ut
1382 2947 1523 3004 Galli
1565 2959 1889 3003 mensurare
1917 2942 2118 3006 solent,

523 3049 581 3104 in
608 3050 836 3120 longum
869 3054 1119 3103 tenentes
1165 3052 1223 3099 et
1258 3038 1609 3112 septuaginta
1654 3039 1710 3092 in
1754 3038 1948 3101 latum,
1997 3051 2121 3105 qua:

522 3141 666 3196 tiunt
703 3141 762 3196 in
795 3138 1139 3211 longitudine
1183 3133 1423 3191 miliaria
1456 3140 1678 3189 centum
1721 3128 2118 3201 quinquaginta

525 3234 660 3287 etin
689 3230 979 3286 latitudine
1013 3228 1251 3284 miliaria
1274 3234 1496 3281 centum
1526 3223 1792 3295 quinque.
1819 3220 1939 3275 Una
1971 3219 2121 3274 enim

527 3325 688 3379 lcuva
715 3323 789 3357 ⁸³³
810 3321 1019 3378 Gallica
1045 3320 1194 3376 mille
1214 3319 1642 3391 quingentorum
1665 3327 1928 3385 passuum
1945 3326 2126 3381 quan-

529 3417 686 3476 titate
717 3420 1090 3471 mensuratur.
1125 3410 1304 3482 (Joao.
1343 3438 1416 3448 —
1437 3405 1511 3462 H.
1539 3405 1605 3460 Β.
1628 3433 1700 3445 —-
1723 3402 1797 3459 Η.
1828 3402 1925 3475 m.)
1954 3402 2128 3457 Cum-

529 3523 641 3579 que
673 3507 741 3563 ad
774 3507 958 3561 locum
1000 3503 1284 3560 venissent
1340 3501 1433 3557 ubi
1474 3500 1592 3572 jam
1647 3512 1892 3569 pugnare
1919 3494 2125 3551 debue-

532 3610 679 3668 rant,
718 3598 1077 3670 interrogavit
1100 3596 1266 3652 Attila
1309 3594 1646 3651 divinatorcs
1677 3606 1810 3647 suos
1835 3590 1969 3661 quid
2019 3589 2127 3647 sibi

533 3695 602 3751 de
630 3695 748 3766 ipsa
772 3707 954 3764 pugna
983 3690 1388 3762 protendereut.
1418 3683 1620 3756 (Jortin)
1646 3682 1754 3751 Qui
1786 3697 1940 3738 more
1964 3682 2130 3738 solito

536 3801 687 3843 nunc
708 3786 877 3845 libras
902 3797 1160 3855 pecorum
1177 3823 1193 3848 ,
1224 3796 1372 3836 nunc
1397 3776 1666 3849 quasdam
1693 3790 1866 3831 venas
1885 3775 1941 3829 in
1964 3774 2131 3829 abra-

534 3879 620 3935 sis
652 3877 876 3933 ossibus
907 3877 1182 3931 intuentes
1202 3912 1217 3941 ,
1260 3872 1437 3929 Hunis
1477 3868 1718 3926 infausta
1741 3867 2129 3939 pronunciant,

534 3970 752 4027 scilicet
778 3969 1005 4026 Attilam
1032 3983 1144 4023 non
1180 3966 1499 4022 habiturum
1540 3960 1852 4017 victoriam.
1892 3959 2011 4016 Hoc
2044 3967 2132 4015 ta-

536 4077 664 4119 men
685 4060 1255 4133 quantulumcumque
1275 4057 1560 4130 predixerc
1582 4053 1783 4121 solatii,
1803 4053 1952 4125 quod
1976 4067 2132 4107 sum-

538 4168 668 4210 mus
697 4154 766 4210 de
791 4161 947 4225 parte
972 4152 1157 4209 hostili
1185 4151 1386 4207 ductor
1427 4149 1485 4204 in
1507 4146 1810 4205 certamine
1836 4145 2134 4203 occumbe-

537 4257 640 4303 ret.
672 4244 771 4318 (ΙΙ.
795 4242 861 4302 R.
884 4277 958 4288 —
980 4243 1055 4301 Η.
1080 4245 1179 4317 m.)
1208 4244 1373 4299 Attila
1398 4256 1529 4298 vero
1551 4257 1678 4297 eum
1699 4241 1806 4297 hoc
1825 4240 1893 4295 de
1914 4238 2134 4294 interitu

537 4339 715 4404 Accii,
741 4338 902 4409 cujus
926 4345 1162 4395 mortem
1187 4335 1258 4371 εδδ
1279 4335 1517 4401 sitiebat,
1543 4332 1877 4390 denunciare
1898 4339 2133 4402 putaret,

539 4442 653 4486 non
685 4427 987 4495 dubitavit,
1018 4426 1103 4482 vel
1151 4442 1279 4483 eum
1311 4440 1545 4483 suorum
1584 4423 1893 4497 perditione
1935 4424 2137 4478 bellum

2208 1948 2332 1989 cum
2358 1933 2541 2004 egredi
2566 1948 2674 1989 non
2696 1935 2942 2001 autleret,
2971 1950 3074 1991 nec
3094 1943 3276 1992 tamen
3297 1938 3454 1994 tubis
3492 1948 3550 1994 et
3573 1939 3774 1995 clamore

2168 2054 2177 2060 —
2209 2034 2576 2096 perstrepere,
2601 2027 2763 2096 quasi
2793 2026 3169 2083 incursionem
3206 2029 3509 2097 minitans,
3542 2045 3649 2086 non
3679 2047 3774 2087 ces-

2212 2124 2377 2182 saret,
2438 2124 2499 2171 ut
2563 2117 2799 2173 victores
2834 2132 2966 2172 suos
3005 2116 3251 2176 inclusus
3293 2121 3577 2188 turbaret,
3615 2121 3777 2177 Thuri-

2211 2206 2482 2265 smundus
2544 2206 2855 2264 Theoderici
2906 2210 3052 2281 regis
3101 2204 3283 2280 (ilius,
3321 2213 3392 2268 de
3425 2223 3658 2285 paterna
3698 2214 3775 2269 de

2210 2300 2332 2357 lens
2349 2300 2420 2334 m
2446 2300 2745 2369 occisione,
2768 2302 2978 2370 statuit,
2997 2303 3220 2359 Attilam
3248 2315 3517 2364 coartare
3538 2308 3780 2364 obsidione

2212 2407 2451 2464 eumque
2495 2408 2620 2448 cum
2652 2394 2770 2450 suis
2799 2395 2867 2450 ad
2917 2395 3336 2461 internicionem
3366 2399 3580 2456 delere.
3612 2399 3697 2469 (Π.
3729 2401 3776 2454 Β.

2212 2514 2285 2525 -
2314 2483 2388 2538 Η.
2415 2485 2512 2555 m.)
2545 2483 2699 2540 Tunc
2734 2485 2899 2539 Attila
2926 2486 2994 2541 de
3021 2485 3132 2542 vita
3154 2480 3486 2558 desperans,
3520 2506 3590 2546 ex
3608 2488 3782 2561 equits.

2215 2577 2373 2633 tm'iis
2405 2577 2556 2633 sellis
2597 2578 2871 2649 ingentem
2912 2594 3105 2650 pyram
3146 2581 3448 2647 exstruxit,
3486 2593 3568 2647 ut,
3599 2583 3643 2638 si
3676 2583 3784 2637 forte

2217 2670 2379 2727 Gothi
2416 2672 2790 2738 imminerent,
2821 2667 3109 2742 sub'posito
3147 2673 3289 2744 igne,
3334 2674 3462 2745 ipse
3506 2676 3786 2732 ascenderet

2217 2778 2448 2834 seseque
2468 2771 2758 2830 cremaret,
2794 2780 2865 2820 ne
2891 2779 2987 2819 aut
3009 2765 3304 2836 quisquam
3341 2767 3412 2823 de
3446 2768 3574 2839 ejus
3599 2769 3785 2824 vulnere

2219 2856 2507 2925 gauderet,
2541 2864 2637 2911 aut
2666 2872 2762 2911 rex
2790 2865 3070 2912 tantarum
3116 2860 3364 2929 gentium
3404 2862 3471 2916 in
3504 2871 3786 2932 potestatem

2220 2948 2463 3003 hostium
2506 2949 2804 3004 deveniret.
2856 2951 3057 3008 Accius
3099 2967 3266 3020 vero,
3314 2962 3626 3023 metuens,
3657 2957 3787 3010 Attila

2219 3051 2522 3111 perempto,
2549 3040 2825 3098 Romanos
2845 3046 3033 3113 postea
3054 3044 3274 3115 impune
3292 3062 3324 3101 a
3348 3046 3559 3105 Gothis
3575 3049 3789 3121 deprimi,

2221 3146 2324 3186 nec
2343 3132 2599 3202 deinceps
2626 3134 2916 3189 adversum
2940 3134 3168 3203 Gothos,
3201 3137 3249 3192 si
3279 3142 3597 3196 necessitas
3618 3143 3791 3196 incum-

2224 3224 2399 3291 beret,
2424 3226 2688 3280 auxilium
2713 3226 2968 3293 inveniri,
3005 3227 3449 3299 Thurismundo,
3481 3236 3640 3305 quasi
3662 3234 3793 3289 rebus

2224 3316 2346 3387 ejus
2375 3317 2668 3374 consulens
2689 3318 2785 3387 ⁸³⁸,
2818 3321 3114 3389 persuasit,
3152 3331 3212 3377 ut
3234 3322 3472 3378 domum
3505 3325 3794 3396 quantocius

2226 3414 2594 3464 reverteretur
2640 3424 2923 3481 regnoque
2948 3421 3176 3482 paterno
3223 3415 3529 3484 potiretur,
3569 3433 3654 3483 ne,
3683 3418 3722 3472 si
3744 3416 3796 3469 ab

2226 3499 2348 3572 ejus
2381 3502 2659 3573 germanis
2704 3503 3072 3573 invaderetur,
3100 3504 3219 3576 ipse
3247 3509 3490 3563 omnino
3507 3510 3795 3580 privaretur,

2227 3602 2482 3665 essetque
2530 3593 2632 3650 sibi
2678 3594 2934 3652 acerbius
2974 3605 3167 3667 postea
3206 3613 3334 3653 cum
3374 3601 3502 3655 suis
3556 3601 3799 3656 decertare

2234 3702 2402 3757 quam
2453 3701 2581 3743 cum
2629 3686 2826 3743 alienis
2869 3672 3155 3746 dimicare.
3212 3689 3333 3748 Hoc
3386 3692 3487 3749 ille
3544 3695 3797 3750 consilium

2231 3777 2392 3849 quasi
2419 3793 2521 3850 pro
2551 3794 2652 3835 sua
2685 3780 2861 3835 salute
2883 3781 3157 3851 prolatum
3198 3783 3442 3840 libenter
3477 3788 3799 3859 amplectens.

2231 3872 2455 3929 domum
2496 3875 2679 3944 rediit,
2708 3892 3048 3949 regnumque
3077 3887 3369 3949 paternum
3419 3884 3649 3955 accepit.
3672 3883 3800 3939 Cete-

2232 3979 2358 4020 rum
2387 3963 2587 4024 Aecius
2608 3967 2738 4023 talia
2768 3969 3116 4026 machinatus
3135 3979 3238 4035 est,
3271 3981 3336 4027 ut
3358 3975 3592 4031 Attilam
3621 3977 3685 4031 ab
3709 3976 3802 4045 ejus

2235 4055 2596 4128 impressione
2642 4060 3004 4129 subduceret,
3045 4077 3109 4117 ea
3142 4063 3460 4122 intentione
3496 4085 3608 4138 qua
3650 4068 3799 4139 pndi-

2235 4158 2384 4204 ctum
2405 4156 2510 4218 est,
2534 4151 2643 4207 heu
2673 4153 2915 4221 nescius,
2943 4163 3213 4225 quantum
3244 4157 3351 4213 hac
3386 4161 3701 4229 provisione
3728 4160 3801 4212 dr-

2238 4241 2552 4297 trimentum
2571 4244 2781 4314 patriar,
2805 4244 2935 4302 dum
2959 4257 3207 4303 avertere
3228 4251 3404 4322 cupit,
3427 4252 3674 4325 ingessit.
3696 4251 3802 4305 Sam

2236 4334 2404 4391 Attila
2457 4350 2688 4395 cernens
2732 4337 2949 4409 hostes,
2997 4356 3058 4398 se
3101 4343 3333 4413 relicto,
3382 4347 3457 4402 ad
3496 4348 3711 4420 propria
3739 4361 3804 4398 re-

2239 4442 2473 4498 measse,
2499 4430 2696 4487 erectis
2725 4430 2948 4500 animis,
2980 4430 3332 4494 Pannoniam
3369 4441 3674 4509 repedavit,
3700 4438 3806 4492 mul-

536 4522 906 4589 conimittcre,
943 4520 1245 4578 dummodo
1278 4521 1528 4587 Accium,
1569 4520 1687 4576 suis
1712 4519 1955 4575 motibus
1979 4516 2138 4574 forti-
2170 4530 2216 4586 ι)
2240 4529 2357 4578 tum
2399 4522 2666 4593 potiorem
2691 4539 3024 4582 coacervans
3054 4527 3383 4589 exercitum.
3417 4531 3630 4587 Italiam
3659 4532 3803 4586 deinec

541 4624 629 4673 ter
653 4615 1033 4682 obsistentem,
1058 4622 1248 4685 posset
1266 4615 1604 4687 extinguere.
1629 4614 1935 4670 Committit
1960 4614 2145 4685 itaque
2246 4613 2578 4671 furibundus
2604 4615 2845 4685 intravit,
2894 4634 2961 4674 ac
2998 4618 3241 4689 primum
3271 4621 3616 4693 Aquileiam,
3643 4626 3691 4678 in
3714 4624 3805 4693 ipso

542 4722 786 4781 pugnam
814 4707 962 4764 circa
995 4707 1191 4762 horam
1221 4706 1330 4762 diei
1357 4722 1582 4774 nouam,
1613 4707 1729 4778 jam
1766 4707 1821 4762 in
1851 4723 2141 4778 vesperum

541 4800 635 4856 die
655 4807 933 4871 vergente,
962 4805 1043 4866 ut,
1071 4797 1120 4854 si
1143 4806 1524 4868 superaretur,
1570 4798 1639 4854 ab
1667 4798 1921 4855 hostibus
1954 4799 2141 4854 immi~

544 4893 728 4949 uentis
752 4892 929 4949 noctis
953 4905 1015 4948 se
1039 4890 1280 4947 tenebris
1333 4891 1625 4947 occuleret.
1668 4889 2016 4946 Conveniunt
2039 4891 2143 4947 ita-

543 4988 658 5055 (με
692 4985 819 5040 hinc
858 4993 914 5041 et
954 4985 1081 5042 inde
1104 4984 1359 5040 nationes
1388 4983 1722 5051 fortissimae,
1767 4991 2141 5040 conseruntur

548 5076 719 5143 acies,
752 5077 813 5133 lit
848 5078 1059 5135 bellum
1085 5090 1213 5135 acre
1249 5076 1418 5134 nimis
1443 5084 1499 5133 et
1529 5077 1783 5148 pertinax
1808 5119 1822 5144 ,
1856 5077 2019 5148 quale
2045 5077 2141 5132 vix

552 5168 663 5223 ulla
687 5167 758 5201 ⁸⁸⁸
776 5180 1033 5225 narratu.-
1060 5169 1337 5255 hystoria;
1362 5184 1464 5225 nec
1489 5177 1616 5226 ante
1634 5169 1916 5241 praeliandi
1942 5169 2142 5225 anlore

550 5260 899 5333 quieverunt,
949 5277 1118 5335 quam
1163 5276 1275 5319 nox
1319 5261 1713 5336 superveniens
1746 5261 2025 5334 pugnandi
2061 5257 2145 5316 fa-

544 5353 814 5411 cultatem
840 5354 924 5411 eis
948 5354 1232 5411 adimeret.
1255 5352 1339 5410 Eo
1360 5354 1631 5426 siquidem
1647 5353 1837 5426 praelio
1863 5353 1968 5408 l70
1989 5353 2142 5410 milia

2243 4705 2413 4762 Italiae
2440 4707 2677 4778 positam
2726 4707 2998 4780 principio
3039 4706 3133 4777 ⁸⁸¹,
3177 4727 3503 4785 expugnare
3552 4725 3805 4787 περι-ωδε

2242 4805 2347 4852 est.
2382 4795 2559 4863 Quam
2602 4799 2866 4854 continuo
2890 4800 3133 4855 triennio
3156 4801 3447 4871 obsidens,
3488 4822 3619 4860 cum
3652 4804 3807 4859 adven

2241 4903 2340 4945 sus
2360 4903 2503 4955 eam,
2528 4888 2742 4944 civibus
2767 4897 2990 4948 strenue
3017 4893 3482 4963 repugnantibus,
3532 4896 3615 4949 nil
3650 4906 3808 4965 prm-

2239 4980 2395 5048 leret,
2415 4979 2642 5052 jamque
2662 4995 2915 5039 murmur
2938 4983 3025 5039 sui
3047 4985 3349 5053 eXercitus,
3373 4989 3663 5057 penuriam
3681 4986 3808 5040 famis

2238 5075 2480 5130 tolerare
2505 5090 2615 5129 non
2643 5075 2876 5131 valentis
2902 5084 2957 5131 et
2975 5075 3263 5135 discedere
3287 5080 3589 5150 cupientis,
3612 5078 3806 5135 audire.

2241 5167 2331 5223 die
2372 5168 2610 5237 quadam
2661 5167 2935 5224 circuiens
2975 5168 3284 5237 civitatem,
3333 5180 3394 5227 ut
3420 5189 3483 5227 ex
3537 5189 3648 5244 qua
3686 5181 3809 5241 parte

2242 5269 2432 5332 posset
2451 5275 2571 5315 eam
2603 5259 2821 5317 facilius
2848 5276 3165 5332 expugnare
3194 5263 3525 5334 inquireret,
3559 5264 3721 5319 cernit
3740 5278 3805 5313 rr—

2244 5361 2408 5425 pente
2434 5366 2564 5410 aves
2594 5352 2650 5408 in
2672 5352 3030 5411 mdiﬁciorum
3058 5352 3300 5429 fastigiis
3339 5355 3632 5412 nidiﬁeare
3655 5355 3805 5412 solre-

1870 5486 1962 5545 VA
1975 5486 2111 5545 RLE
2147 5484 2551 5546 LECTIONES.

630 5583 697 5615 ⁸³⁸
725 5584 986 5640 adversus

554 5652 624 5728 ξδξ
652 5663 706 5728 et
733 5670 782 5711 e.
813 5656 899 5728 οε.
983 5653 1065 5728 ξδ’
1103 5652 1312 5728 ΑΙθιιεειξ
1360 5656 1569 5728 ηιμθε.
1672 5654 1740 5728 Ψ
1770 5654 1925 5728 leuga
1955 5654 2038 5728 9οἶ

1190 5582 1261 5616 ⁸³⁷
1290 5598 1345 5658 p.
1377 5599 1429 5640 a.
1462 5583 1574 5639 des.
1605 5583 1691 5639 9°.
1769 5582 1841 5615 ⁸³⁸
1872 5580 2144 5638 Valentini
2170 5580 2224 5637 5.
2256 5596 2398 5635 corr.
2429 5578 2799 5637 Valentiniani
2833 5578 2917 5634 l0.
2994 5578 3065 5613 "9
3094 5579 3234 5637 deest
3264 5582 3355 5638 9°.
3423 5582 3489 5615 ⁸⁸⁸
3521 5579 3715 5637 luciani
3740 5575 3806 5629 9‘.

1192 5672 1308 5706 tuas
1360 5656 1426 5706 κι.
1483 5656 1569 5706 9ε.
1672 5654 1740 5687 ⁸³³
1770 5654 1924 5706 leuca
1955 5654 2038 5706 9ο.
2142 5650 2216 5685 ⁸³³
2243 5650 2493 5706 άεεδιῡθ.
2572 5652 2643 5684 ⁸⁵⁵
2672 5651 2856 5706 inulla
2887 5651 2971 5706 9".
3050 5653 3121 5685 8“
3147 5651 3394 5706 deestb‘~‘.
3465 5653 3542 5685 '"
3571 5659 3626 5706 ct
3652 5664 3698 5703 1·
3739 5647 3803 5701 9‘.

2339 5662 2387 5706 st
2407 5662 2493 5707 9“.
2572 5662 2643 5684 "°
2672 5666 2727 5706 ill
2751 5662 2856 5706 uua
2887 5662 2971 5707 U".

3050 5653 3121 5685 ⁸⁸³
3147 5651 3394 5711 άεεδιξθδ.
3465 5653 3542 5685 ⁸³⁷
3571 5659 3626 5707 et
3652 5664 3698 5703 1·
3739 5647 3803 5701 9'.

551 5724 581 5759 ⁸
607 5724 627 5756 ⁸
656 5726 798 5781 deest
834 5726 899 5782 9'
977 5726 1047 5762 ’δ’
1091 5724 1325 5782 Ιερειύεμ
1411 5726 1483 5760 ⁸⁵⁸
1512 5724 1948 5784 εοιιευιιιιτιιεῦ.
2026 5724 2095 5758 ⁸⁵¹
2125 5738 2156 5779 a
2184 5737 2270 5799 pr.
2303 5724 2391 5799 9°,
