3876 6306
146 213 223 270 755

990 203 1355 260 CHRONICA.
1398 233 1466 244 .—
1499 171 1896 259 etmoutcoN
1932 201 2046 257 om
2100 201 2369 258 uas-tu:

3227 206 3330 262 ’⁷16

141 340 218 393 tes,
239 337 339 395 qua:
363 319 576 379 ciconiae
602 329 897 385 vocantur,
923 336 1034 374 uno
1065 321 1266 391 impetu
1296 336 1362 375 ex
1387 319 1523 374 urbe
1551 319 1655 373 mi—
1691 328 1727 382 Α
1759 333 1973 371 morum
2024 331 2220 389 genere
2257 332 2388 387 gens
2434 317 2527 371 ilia
2568 317 2802 373 maxime
2851 319 3120 375 utebatur.
3151 317 3305 393 (Jono

141 433 260 486 grate
300 413 530 482 fetusque
556 427 686 468 suos
717 413 960 468 sublatos
991 413 1185 467 rostris
1217 411 1525 467 forinsecus
1562 411 1655 466 de—

136 520 328 583 portare,
346 515 397 562 et
421 515 478 561 ut
506 514 625 560 erat
651 504 1071 576 sagacissimus,
1099 505 1174 559 ait
1203 504 1272 559 ad
1307 518 1438 559 suos
1467 522 1479 556 :
1507 502 1658 572 Aspi-

138 606 213 658 cite
251 617 351 655 aves
405 600 705 669 futurorum
755 599 988 670 prescias
1039 599 1333 668 perituram
1389 597 1657 650 civitatem

135 693 372 762 relinquere
389 706 705 760 casurasque
733 705 880 743 arces
905 687 1140 759 periculo
1173 688 1477 742 imminente
1511 686 1659 739 dese-

136 803 234 839 me.
274 781 554 852 Statimque
583 781 843 836 adhibitis
877 781 1180 846 machinis,
1211 780 1461 834 hortatur
1505 793 1655 842 suos,

132 871 493 930 acriter-urbem
539 871 821 943 impugnat
863 887 929 926 ac
973 871 1094 926 sine
1123 886 1277 926 mora
1319 871 1498 940 capit;
1527 871 1660 926 diri-

133 966 317 1035 piuntur
336 978 481 1033 opes,
502 963 847 1033 captivantur
874 962 960 1016 vel
989 962 1330 1017 trucidantur
1360 962 1537 1028 cives;
1569 977 1658 1017 re-

130 1058 307 1112 siduum
326 1056 624 1126 direptioni,
649 1055 935 1125 subposito
957 1056 1100 1125 igne,
1124 1055 1340 1110 ﬂamma
1363 1053 1656 1109 consumit.

129 1148 258 1203 Plura
312 1146 500 1203 dehinc
539 1147 784 1218 ejusdem
833 1146 1076 1218 regionis
1129 1145 1352 1200 castella
1405 1144 1661 1200 immanis

131 1241 285 1305 hostis,
315 1241 558 1295 extinctis
589 1240 672 1294 vel
711 1240 1000 1310 eaptivatis
1025 1237 1264 1303 civibus,
1297 1238 1578 1293 succendit
1599 1254 1664 1294 ac

128 1333 278 1398 diruit,
296 1332 672 1398 Concordiam,
698 1331 938 1386 Altinum
980 1332 1096 1388 sive
1119 1330 1421 1395 Patavium,
1454 1330 1663 1384 vicinas

127 1426 344 1497 Aquileia:
372 1425 614 1482 civitates
638 1442 653 1492 ;
685 1425 880 1480 exinde
909 1439 1006 1494 per
1029 1423 1279 1478 diversas
1307 1420 1660 1476 Venetiarum

128 1519 263 1573 urbes
303 1516 437 1572 Huni
467 1517 794 1581 ba'chantur,
831 1517 936 1571 hoc
968 1523 1058 1570 est
1100 1513 1396 1579 Veronam,
1432 1511 1665 1568 Vincen-

127 1613 249 1677 tiam,
275 1611 524 1676 Brixiam,
548 1609 874 1681 Pergamum
895 1624 989 1664 seu
1015 1607 1273 1677 reliquas,
1299 1605 1662 1662 Mediolanum
1693 1672 1700 1678 _

1756 425 1804 464 c.
1836 410 1952 479 49.)
1997 409 2258 480 Sequenti
2304 425 2434 465 vero
2461 409 2618 477 luce,
2657 427 2784 466 cum
2823 427 3018 482 magna
3057 412 3165 468 diei
3204 429 3332 486 pars

1757 511 1946 558 exacta
1973 501 2188 568 fuisset,
2219 502 2455 559 ministri
2502 503 2644 574 regis
2672 512 2797 573 post
2843 505 3111 560 clamores
3149 508 3294 561 max-i
3319 537 3332 548 -

1757 609 1878 650 mos
1906 594 2050 650 fores
2077 595 2394 666 eﬂ‘ringuut,
2415 595 2804 666 inveniuntque
2819 596 3042 652 Attilam
3073 598 3192 653 sine
3221 599 3333 652 ul‘o

1757 686 2000 751 vulnere,
2032 686 2315 757 sanguinis
2343 686 2607 742 effusione
2638 697 2914 742 mortuum
2942 729 2957 755 ,
2989 690 3335 760 puellamque

1758 777 2000 833 demisso
2025 777 2178 833 vultu
2208 779 2311 833 sub
2337 779 2603 835 velamine
2629 781 3027 835 lacrimantem.
3061 780 3243 846 Tunc,
3277 793 3338 837 ut

1759 870 1837 925 illi
1866 871 2012 942 genti
2051 886 2172 927 mos
2209 880 2320 939 est,
2363 872 2596 927 crinium
2637 881 2788 942 parte
2826 881 3108 940 truncata,
3160 873 3322 928 infor.

1760 978 1904 1018 mem
1934 963 2129 1018 faciem
2158 971 2448 1033 turpavere
2474 965 2812 1030 vulneribus,
2835 973 2897 1019 ut
2922 965 3195 1036 praeliator
3223 969 3338 1020 exi-

1760 1055 1906 1110 mius
1933 1069 2042 1110 non
2074 1054 2323 1111 femineis
2352 1056 2833 1112 lamentationibus
2871 1058 2962 1112 sed
3003 1059 3221 1128 agmine
3250 1059 3338 1112 lu-

1761 1154 1976 1217 geretur
2001 1146 2354 1217 virilLCujus
2381 1148 2623 1218 exequiae
2651 1149 2837 1204 multis
2864 1149 3148 1219 plausibus
3178 1166 3207 1202 a
3239 1165 3338 1204 sua

1763 1246 1922 1309 gente
1959 1239 2241 1294 honorata:
2285 1248 2432 1294 sunt.
2474 1239 2530 1293 lu
2581 1241 2776 1295 mediis
2805 1241 3074 1311 siquidem
3129 1241 3338 1310 campis

1764 1332 1906 1386 intra
1942 1333 2238 1387 tentorium
2290 1333 2526 1388 sericum
2577 1333 2866 1398 collocato,
2907 1334 2974 1389 de
3021 1342 3132 1390 tota
3184 1343 3341 1405 gente

1761 1421 2044 1478 Hunorum
2087 1423 2245 1478 electi
2293 1423 2505 1493 equites
2544 1423 2799 1478 cursibus
2839 1424 2969 1478 illud
3012 1423 3340 1488 ambientes,

1763 1524 1987 1571 cantum
2017 1514 2303 1570 funereum
2335 1515 2854 1582 celel'rant,'deindc
2881 1515 3146 1587 strabam,
3176 1531 3340 1585 quam

1763 1608 1845 1663 sic
1873 1616 2089 1674 vocant,
2117 1623 2284 1679 super
2319 1608 2594 1663 tumulum
2630 1607 2750 1677 ejus
2779 1606 2980 1678 ingenti
3010 1621 3345 1662 commessa-

121 1718 304 1774 quoque
329 1701 688 1772 Ticinumque
709 1700 828 1772 pari
853 1708 1000 1756 sorte
1020 1699 1306 1769 diripiunt,
1339 1698 1408 1752 ab
1437 1699 1561 1768 igne
1583 1705 1667 1752 ta-
1702 1700 1742 1758 Β
1769 1701 1919 1756 tione
1965 1701 2336 1766 celebrantes,
2366 1708 2421 1754 et
2449 1700 2724 1755 contraria
2774 1699 3006 1754 invicem
3038 1699 3143 1755 sibi
3172 1713 3343 1767 copu-

125 1809 220 1847 men
243 1793 563 1849 abstinentes
584 1801 638 1847 et
659 1792 822 1847 ferro.
850 1790 1054 1848 Deinde
1088 1789 1325 1846 Emilize
1351 1787 1661 1845 civitatibus

120 1889 334 1944 similiter
356 1887 696 1959 exspoliatis,
727 1886 1024 1943 novissime
1049 1901 1115 1942 eo
1135 1887 1279 1954 loco,
1300 1902 1411 1957 quo
1432 1884 1662 1942 Mincius

122 1977 285 2033 ﬂuvius
319 1977 523 2034 Padum
564 1978 740 2034 inﬂuit
761 1986 941 2033 castra
977 1977 1164 2032 metati
1191 1986 1338 2032 sunt.
1371 1975 1472 2032 Ubi
1496 1977 1662 2031 Attila

116 2067 419 2134 consistens,
449 2069 583 2123 dum
626 2068 812 2121 animo
854 2066 1176 2133 ﬂuctuaret,
1214 2075 1397 2121 utrum
1431 2065 1661 2120 Romam

117 2159 278 2224 adiret,
318 2176 384 2215 an
416 2161 742 2223 desisteret,
783 2175 892 2214 non
920 2157 1076 2226 Urbi,
1119 2159 1209 2214 cui
1238 2157 1484 2214 infensus
1522 2165 1660 2223 erat,

114 2253 390 2319 consulens,
425 2253 526 2309 sed
561 2252 764 2308 Alarici
807 2251 1147 2322 exemplum,
1186 2251 1278 2322 qui
1315 2259 1486 2321 capue
1530 2249 1663 2305 Urbi

119 2359 202 2398 non
225 2346 309 2400 diu
339 2345 666 2416 supervixit,
692 2360 918 2414 pavens,
945 2352 1164 2414 repente
1179 2343 1560 2398 sanctissimus
1581 2342 1666 2398 vir

115 2432 202 2489 Leo
229 2452 358 2506 papa
398 2453 499 2507 per
530 2453 590 2492 se
617 2437 687 2492 ad
720 2452 847 2491 eum
881 2436 1131 2492 accessit.
1172 2435 1277 2502 Qui
1317 2450 1441 2490 cum
1481 2433 1548 2488 ad
1579 2448 1694 2489 re-‘

115 2539 210 2592 gem
236 2526 524 2582 barbarum
575 2527 943 2596 introgressus
970 2535 1153 2591 esset,
1189 2533 1383 2580 cuncta
1414 2533 1472 2579 ut
1513 2535 1667 2595 opta-

113 2626 236 2672 verat
262 2618 536 2683 obtinens,
560 2634 668 2672 non
695 2617 872 2674 Sulllm
906 2616 1112 2683 Romae,
1149 2617 1246 2672 sed
1285 2626 1338 2672 et
1360 2617 1525 2672 totius
1556 2615 1665 2671 lta-

111 2705 183 2762 lia}
201 2710 417 2764 salutem
438 2709 1026 2786 reportavit.'l‘erritus
1047 2725 1284 2779 namque
1305 2708 1483 2764 fuerat
1502 2709 1667 2764 Attila

109 2809 220 2854 nutu
256 2799 372 2864 Dei,
413 2817 526 2858 nec
551 2801 704 2857 aliud
740 2801 947 2857 Christi
986 2801 1256 2858 sacerdoti
1294 2802 1444 2872 loqui
1477 2803 1667 2868 valuit,

107 2892 194 2946 nisi
223 2894 361 2963 quod
398 2895 526 2965 ipse
561 2894 884 2964 preoptavit.
920 2893 1127 2949 Ferunt
1162 2894 1365 2964 itaque,
1395 2903 1519 2964 post
1562 2894 1669 2952 dis-

102 2997 289 3040 cessum
311 2986 596 3058 pontiﬁcis
617 2985 1008 3057 interrogatum
1031 2986 1200 3042 fuisse
1228 2985 1449 3040 Attilam
1471 3001 1502 3040 a
1527 2985 1664 3052 suis,

1763 1796 1959 1858 iantes,
1993 1794 2199 1848 luctum
2231 1791 2516 1848 funereum
2549 1792 2723 1847 mixto
2751 1791 2948 1864 gaudio
2977 1791 3343 1863 cxplicabant,

1763 1896 2033 1957 nocteque
2062 1893 2270 1940 secreta
2301 1884 2533 1940 cadaver
2560 1892 2717 1940 terra:
2743 1882 3219 1940 commendabant.
3238 1882 3348 1936 Cu-

1759 1979 1852 2049 jus
1880 1977 2144 2035 ferculam
2175 1978 2410 2049 primum
2442 1992 2599 2044 auro,
2630 1977 2870 2033 secundo
2891 1983 3146 2049 argento,
3174 1975 3348 2031 tercio

1765 2070 1895 2126 ferri
1939 2071 2120 2143 rigore
2157 2070 2566 2136 communiunt,
2615 2069 2712 2124 tali
2771 2077 3093 2141 argumento
3136 2066 3347 2139 signiﬂ-

1764 2173 1972 2230 cantes,
1995 2163 2376 2234 potentissimo
2401 2162 2515 2234 regi
2537 2164 2720 2218 omnia
2749 2163 3088 2227 convenisse,
3119 2161 3348 2239 ferrum,

1765 2255 1895 2324 quia
1941 2263 2127 2326 gentes
2167 2253 2452 2320 edomuit,
2485 2269 2680 2309 aurum
2728 2263 2784 2310 et
2829 2262 3144 2325 argentum,
3201 2253 3346 2323 quod

1769 2348 2056 2418 utriusque
2104 2349 2180 2403 rei
2220 2348 2450 2419 publica).
2490 2354 2811 2402 ornamenta
2853 2345 3078 2417 accepit.
3130 2345 3349 2400 Addunt

1767 2439 1932 2494 etiam
1962 2454 2113 2493 arma
2143 2439 2381 2495 hostium
2403 2439 2646 2495 caedibus
2675 2439 2963 2509 acquisita,
2997 2437 3347 2493 falci-amenta

1767 2531 1922 2586 vario
1951 2546 2287 2603 gemmarum
2318 2530 2530 2600 fulgore
2557 2531 2807 2601 preciosa
2845 2529 3156 2599 diversique
3182 2543 3346 2600 gene-

1767 2623 1848 2678 ris
1875 2622 2134 2692 insignia,
2165 2621 2366 2691 quibus
2389 2621 2588 2676 colitur
2615 2619 2753 2674 aula:
2781 2619 2967 2674 decus.
3000 2617 3068 2672 Et
3095 2627 3154 2672 ut
3183 2615 3350 2672 tantis

1767 2707 1973 2788 divitiis
2000 2710 2241 2766 humana
2269 2711 2562 2766 curiositas
2590 2695 2886 2775 arceretur,
2921 2708 3046 2764 huic
3073 2708 3224 2780 operi
3250 2707 3348 2762 de-

1769 2810 1988 2872 putatas
2015 2799 2319 2856 detestabili
2348 2799 2598 2856 mercede
2633 2799 2993 2853 trucidarunt.

1840 2894 1973 2949 Post
1998 2896 2114 2950 haec
2135 2893 2277 2948 inter
2307 2908 2656 2950 successores
2671 2891 2851 2946 Attila:
2877 2892 2944 2946 de
2969 2903 3136 2966 regno
3163 2897 3350 2946 exorta

1770 2994 1856 3040 est
1880 2985 2180 3050 contentio,
2217 2993 2272 3040 et
2307 2985 2437 3041 dum
2475 2983 2784 3040 inconsulte
2809 2985 3076 3054 imperare
3099 2982 3351 3052 Cupiunt,

101 3095 184 3134 cur
219 3051 354 3138 ultra
393 3083 628 3139 solitum
660 3051 869 3136 morem
908 3090 1115 3136 tantam
1153 3081 1507 3137 reverentiam
1558 3051 1670 3136 Ro-
1696 3051 1750 3112 θ
1770 3091 1965 3132 omnes
1991 3076 2155 3132 simul
2185 3078 2474 3147 imperium
2506 3051 3043 3147 perdiderunt._Nam
3071 3051 3188 3130 filii,
3208 3075 3352 3144 ejus,

99 3187 240 3230 mana
253 3175 510 3245 pontiﬁci
530 3175 858 3239 exhibuerit,
885 3174 1146 3243 illumque
1166 3172 1530 3242 respondisse,
1560 3187 1670 3228 non

97 3265 298 3322 seillius
338 3281 651 3338 personam
685 3265 782 3336 qui
820 3266 1114 3320 advenerat
1144 3265 1438 3320 reveritum
1477 3263 1670 3329 fuisse,

96 3356 175 3411 sed
213 3357 378 3414 alium
431 3361 628 3414 virum
667 3358 823 3428 juxta
859 3372 985 3412 eum
1031 3357 1086 3411 in
1127 3354 1452 3412 sacerdotali
1485 3355 1671 3410 habitu

92 3447 378 3506 adstantem
410 3450 663 3515 vidisse,
700 3450 795 3520 qui
833 3449 1008 3503 forma
1040 3447 1329 3519 augustior
1353 3448 1674 3519 canicieque

98 3542 471 3608 venerabilior,
503 3539 798 3611 evaginato
831 3539 1010 3610 gladio
1046 3547 1276 3593 mortem
1310 3537 1415 3592 sibi
1447 3537 1672 3594 minita-

91 3633 240 3699 verit,
276 3635 323 3690 si
377 3650 495 3689 non
531 3633 721 3687 omnia
753 3647 877 3702 quae
911 3631 1002 3685 ille
1031 3630 1316 3700 expetebat
1346 3629 1670 3700 impleverit.

87 3720 242 3791 Igitur
267 3725 449 3780 Attila.
477 3725 581 3780 tali
606 3724 766 3778 modo
787 3739 819 3778 a
842 3738 938 3779 sua
977 3723 1177 3778 sevicia
1209 3737 1516 3792 repressus,
1543 3722 1674 3777 reti--

83 3823 160 3867 cta
195 3815 380 3884 Italia,
413 3815 743 3872 Pannonias
783 3815 1050 3886 repetivit.
1091 3814 1174 3870 Ad
1211 3830 1374 3886 quem
1412 3813 1672 3878 Ilonoria,

85 3901 447 3964 Valentiniani
488 3907 760 3979 principis
795 3923 1086 3979 germana,
1135 3907 1264 3962 dum
1316 3922 1348 3960 a
1397 3905 1566 3960 fratre
1604 3905 1676 3960 ob

76 4000 232 4057 decus
266 4005 576 4074 pudicicia:
613 4003 858 4059 districte
897 4010 1234 4067 servaretur,
1275 4016 1434 4057 suum
1480 3999 1677 4054 direxit

73 4096 411 4163 eunuchum,
446 4095 722 4168 quatinus
749 4110 871 4150 eam
899 4094 1003 4149 sibi
1033 4110 1065 4148 a
1088 4093 1256 4148 fratre
1280 4092 1597 4161 deposceret
1619 4090 1676 4144 in

71 4189 524 4245 matrimonium.
565 4187 673 4254 Qui
702 4195 926 4257 accepto
967 4186 1190 4250 nuncio,
1222 4200 1347 4240 cum
1372 4183 1486 4253 jam
1509 4181 1676 4237 Italiae

72 4277 198 4334 ﬁnes
218 4283 596 4346 excessisset,
620 4295 720 4335 nec
745 4280 928 4335 statim
953 4277 1175 4348 fatigato
1203 4277 1442 4332 exercitu
1466 4274 1675 4346 regredi

65 4369 362 4439 potuisset,
394 4371 641 4426 mandat
675 4369 1055 4424 Valentiniano
1100 4366 1410 4437 imperatori
1439 4407 1455 4430 ,
1488 4365 1674 4435 pejora

67 4461 308 4524 proxime
341 4478 408 4518 se
440 4463 736 4517 illaturum
770 4459 969 4526 Italiae,
996 4459 1042 4514 si
1071 4474 1196 4514 mox
1232 4457 1335 4513 sibi
1359 4473 1672 4528 germanam

63 4568 212 4610 suam
253 4573 394 4613 cum
447 4555 728 4628 regalium
771 4570 935 4626 opum
977 4555 1224 4624 portione
1272 4569 1380 4608 non
1419 4552 1677 4608 transmi-

62 4644 242 4702 sisset.
297 4649 608 4704 Reversus
649 4656 830 4702 autem
871 4647 938 4702 ad
978 4645 1228 4716 proprias
1277 4645 1464 4710 sedes,
1512 4660 1677 4714 super

58 4737 239 4805 plures
267 4758 426 4813 quas
461 4740 712 4796 habebat
732 4754 930 4794 uxores
952 4740 1185 4809 puellam
1216 4739 1490 4810 quandam
1523 4739 1678 4795 valde

59 4833 379 4898 speciosam
413 4832 542 4889 sibi
573 4831 874 4901 conjunxit.
905 4831 987 4885 0b
1022 4831 1179 4900 cujus
1207 4830 1426 4900 nuptias
1454 4829 1677 4900 profusa

57 4938 321 4981 exercens
359 4924 662 4987 convivia,
693 4925 819 4977 dum
853 4931 1060 4978 tantum
1084 4923 1194 4977 vini
1225 4932 1488 4993 quantum
1519 4932 1677 4978 antea

57 5031 346 5087 nunquam
380 5019 463 5051 ⁸⁸²
513 5016 580 5070 in
610 5015 776 5071 semel
816 5014 1074 5082 bibisset,
1105 5014 1494 5085 dormiensque
1524 5016 1678 5085 supi-

57 5121 152 5163 nus
186 5109 452 5178 jacerct,
517 5107 692 5164 nimia
739 5105 1024 5176 sanguinis
1067 5106 1382 5175 eruptione,
1414 5107 1508 5177 qui
1535 5106 1585 5162 ei
1613 5107 1680 5162 de

57 5201 279 5255 naribus
302 5202 562 5256 emuere
589 5199 813 5269 solebat,
844 5197 1141 5253 suffocatus
1159 5208 1259 5254 est.
1293 5197 1493 5254 Eadem
1525 5207 1682 5254 nocte

57 5290 192 5357 apud
235 5289 816 5358 Constantinopolim
855 5279 1130 5344 Marciano
1160 5289 1473 5359 imperatori
1519 5307 1680 5347 arcus

57 5380 232 5438 Attila:
261 5383 507 5439 fractus
545 5381 600 5435 in
634 5380 842 5434 somnis
869 5381 1194 5446 ostenditur,
1225 5397 1334 5453 ouo
1361 5383 1566 5452 scilicet
1593 5399 1682 5436 ar-

1707 4415 1753 4472 D

1769 3186 2005 3243 quorum
2051 3187 2150 3242 per
2172 3172 2446 3228 licentiam
2489 3171 2733 3228 libidinis
2774 3185 2910 3241 pene
2948 3169 3183 3240 populus
3223 3167 3349 3235 fuit.

1769 3274 1959 3337 gentes
1985 3266 2089 3321 sibi
2117 3266 2283 3321 dividi
2316 3273 2463 3322 sorte
2493 3265 2814 3337 poscebant,
2847 3273 2912 3319 ut
2933 3265 3107 3318 instar
3129 3260 3355 3319 familia:
3416 3273 3420 3276 '

1745 3357 2019 3414 .bellicosi
2049 3373 2204 3428 reges
2243 3373 2370 3414 cum
2405 3357 2620 3428 pepulis
2664 3356 3011 3412 mitterentur
3036 3353 3093 3409 in
3124 3356 3355 3409 sortem.

1773 3449 1845 3506 Ut
1871 3461 2053 3507 autem
2081 3452 2411 3522 Gepidarum
2447 3467 2544 3506 rex
2575 3449 2904 3506 ﬂardericus
2932 3450 3035 3504 hoc
3067 3448 3354 3518 comperit,

1773 3547 2090 3618 indignatus
2111 3556 2302 3602 contra
2337 3545 2480 3600 ﬁlios
2505 3544 2683 3600 Attilae
2719 3543 2930 3613 primus
2960 3540 3211 3611 insurgit,
3241 3539 3356 3604 ifla:

1773 3647 2003 3708 tumque
2025 3639 2294 3693 serviendi
2324 3639 2588 3708 pudorem
2613 3645 2800 3692 secuta
2826 3635 3083 3690 felicitate
3105 3633 3354 3697 detersit,

1776 3745 1877 3784 nec
1901 3730 2079 3785 solum
2110 3745 2266 3785 suam
2293 3738 2509 3801 gentem
2533 3729 2626 3783 sed
2655 3738 2708 3783 et
2749 3736 2960 3782 ceteras
2991 3735 3200 3798 gentes,
3231 3741 3356 3795 quae

1774 3819 1982 3890 pariter
2014 3820 2419 3888 premebantur,
2451 3828 2550 3873 sua
2579 3817 2916 3873 discessione
2939 3817 3192 3882 absolvit,
3225 3816 3358 3887 quia

1776 3910 1935 3966 facile
1955 3926 2145 3966 omnes
2167 3918 2449 3980 appetunt,
2480 3911 2626 3980 quod
2646 3925 2745 3980 pro
2775 3917 3098 3964 cunctorum
3123 3908 3359 3963 utilitate

1774 4011 2074 4072 temptatur
2116 4003 2485 4057 immutatum.
2514 4001 2684 4073 Igitur
2713 4011 3016 4068 armantur,
3045 4003 3358 4072 bellumque

1773 4095 2126 4150 committunt
2149 4094 2203 4148 in
2220 4093 2521 4158 Pannonia,
2539 4095 2694 4163 juxta
2712 4093 2913 4150 ﬂumen
2940 4096 3029 4150 cui
3051 4110 3251 4150 nomen
3273 4101 3359 4148 est

1775 4185 1993 4253 Neoda;
2020 4187 2130 4241 illic
2150 4186 2222 4218 ⁸⁸⁸
2256 4201 2558 4242 concursus
2579 4184 2758 4241 factus
2781 4195 2866 4242 est
2895 4186 3138 4257 gentium
3173 4187 3356 4241 varia-

1778 4294 1922 4344 rum,
1949 4293 2086 4348 quas
2115 4278 2278 4332 Attila
2308 4278 2362 4332 in
2384 4292 2483 4332 sua
2509 4278 2725 4332 tenebat
2747 4278 2971 4333 ditione.
3002 4277 3132 4334 Post
3155 4278 3357 4333 mult-vs

1776 4387 1908 4442 ergo
1953 4370 2238 4426 conﬂictus
2270 4369 2404 4426 favit
2445 4370 2739 4440 Gepidis‘”
2770 4371 3048 4441 inopinata
3092 4372 3355 4435 victoria;
3399 4392 3406 4400 -

1781 4480 1906 4520 nam
1936 4463 2159 4534 triginta
2185 4463 2298 4518 fere
2320 4463 2470 4518 milia
2487 4471 2598 4517 tam
2629 4461 2911 4518 Hunorum
2939 4479 3104 4533 quam
3129 4464 3358 4517 aliarum

1781 4557 2047 4628 gentium,
2070 4573 2191 4626 quae
2228 4555 2400 4611 Hunis
2435 4555 2683 4612 ferebant
2719 4556 3005 4620 auxilium,
3034 4555 3360 4611 llardcricus

1784 4649 2033 4718 peremit,
2081 4648 2362 4718 liliumque
2417 4648 2596 4703 Attilae
2640 4648 2904 4718 majorem
2947 4656 3100 4714 natu,
3141 4647 3364 4701 nomine

1784 4738 2014 4804 Heliam,
2042 4741 2258 4803 occidit,
2292 4756 2454 4810 quem
2478 4749 2629 4810 pater
2651 4756 2818 4810 super
2840 4748 3050 4794 ceteros
3068 4740 3121 4793 in
3146 4747 3360 4793 tantum

1786 4829 1958 4884 fertur
1981 4847 2216 4895 amasse,
2233 4839 2290 4885 ut
2311 4847 2435 4884 eum
2459 4838 2672 4885 cunctis
2691 4830 2813 4886 aliis
2834 4831 2951 4885 suis
2981 4830 3166 4885 liberis
3200 4829 3253 4883 in
3276 4844 3361 4883 re-

1783 4937 1891 4992 gno
1907 4924 2064 4977 vellet
2086 4923 2480 4992 preferre.Quo
2502 4923 2848 4992 interempto,
2870 4923 3063 4992 reliqui
3093 4923 3212 4993 ejus
3239 4937 3363 4992 ger—

1785 5017 1933 5070 mani
1965 5031 2088 5070 cum
2115 5014 2289 5070 Hunis
2315 5014 2573 5085 fugantur
2591 5015 2908 5080 juxta'litus
2938 5015 3104 5070 maris
3125 5013 3358 5078 Pontici,

1787 5109 1878 5162 ubi
1907 5107 2062 5178 prius
2090 5107 2262 5162 fuisse
2309 5107 2563 5176 leguntur
2591 5106 2773 5162 Gothi.
2802 5105 2928 5160 Haec
2956 5121 3123 5160 causa
3157 5104 3363 5160 Harde—

1788 5201 1887 5256 riei
1919 5201 2046 5256 felix
2085 5201 2187 5256 fuit
2229 5201 2286 5254 in
2335 5201 2565 5256 diversis
2609 5201 2946 5266 nationibus,
2996 5215 3120 5269 quae
3172 5197 3361 5253 Huno-

1787 5308 1911 5349 rum
1950 5293 2201 5363 regimini
2243 5291 2648 5348 famulabantur
2686 5294 2887 5358 invitae,
2915 5306 3217 5362 earumque
3243 5290 3366 5344 ani-

1788 5401 1907 5440 mos
1941 5386 2035 5440 diu
2073 5386 2458 5442 mmstissimos
2489 5387 2554 5442 ad
2590 5388 2934 5460 bylaritatem
2959 5386 3223 5443 libertatis
3261 5396 3365 5440 vc-

1425 5497 1655 5553 VABIAS
1707 5500 2101 5558 LECTIONES.

110 5638 187 5670 ⁶⁵¹
219 5657 280 5695 n.
319 5655 380 5694 τι.
419 5644 481 5690 h.
579 5636 647 5668 ⁸⁸³
685 5639 811 5693 illuc
845 5638 929 5693 9".
998 5631 1071 5662 ⁸⁸³
1109 5639 1250 5692 deest
1277 5649 1356 5693 δε.

398 5730 699 5787 Parant.
747 5727 866 5785 tiLl
884 5731 952 5794 Υ,
