3876 6306
531 199 630 255 7L7

1725 199 2126 256 EKKEHARDI
2165 199 2630 262 URAUGIENSIS
2657 199 2662 207 ’
3682 220 3758 278 τω

525 317 653 370 tiva:
689 313 912 369 arrexit.
956 312 1244 371 Venientes
1280 327 1412 385 ergo
1453 312 1612 370 multi
1656 328 1725 371 ex
1759 315 1841 374 eis
1882 316 1952 372 ad
1978 315 2123 370 Mar—
2148 317 2198 379 Α
2227 317 2334 373 mlr
2359 324 2648 390 promittit,
2678 328 2738 377 ut
2768 319 2969 378 exinde
3003 339 3108 394 pax
3149 326 3400 383 stabilior
3433 327 3576 385 inter
3603 330 3761 393 Rm-

519 409 747 464 cianum
780 408 1102 480 principem,
1147 406 1461 480 gratissime
1503 414 1633 462 sunt
1661 407 1731 464 ab
1753 422 1821 463 eo
1850 408 2112 478 suscepti,

525 503 960 574 «listri‘butasque
989 503 1167 570 sedes,
1212 517 1351 574 quas
1397 500 1718 570 incolerent,
1761 510 2110 574 acceperunt.

517 595 717 668 ‘Gepidi
768 612 1004 667 namque
1031 593 1318 651 Hunorum
1344 594 1450 651 sibi
1480 595 1638 652 sedes
1664 595 1895 652 viriliter
1937 595 2115 652 vindi-

515 696 735 754 cantes,
759 688 925 743 totius
948 687 1119 745 Datia:
1139 687 1340 744 ﬁnibus
1356 687 1503 742 velut
1523 687 1759 743 victores
1784 686 1942 758 potiti
1964 698 2112 758 sunt,

527 780 696 834 nichil
733 780 882 836 aliud
924 797 956 836 a
999 779 1250 836 Romano
1281 779 1512 850 imperio
1551 779 1659 836 nisi
1684 795 1874 851 pacem
1917 789 2112 852 postu-

521 870 732 937 lantes;
778 870 1044 928 Sarmatae
1087 887 1219 927 vero
1247 881 1303 928 et
1350 870 1645 927 Cemaudri
1690 880 1747 928 et
1783 873 2015 944 quidam,
2047 891 2114 931 ex

522 959 808 1016 Hunorum
834 970 988 1032 parte
1031 963 1100 1018 ad
1141 963 1440 1018 Maternam
1483 963 1675 1019 urbem
1725 963 1908 1021 lllirici
1938 967 2114 1026 sedes

521 1062 844 1123 posuerunt,
873 1054 1028 1127 Scyri
1051 1064 1105 1110 et
1126 1055 1381 1127 Adagarii
1417 1055 1487 1088 ⁸⁵⁸
1528 1054 1806 1128 Scythiam
1841 1059 2112 1115 minorem

522 1153 576 1200 et
606 1144 920 1202 inferiorem
964 1145 1213 1202 Moesiam
1248 1157 1594 1218 acceperunt,
1617 1147 1758 1219 Rugi
1789 1149 2020 1220 aliaeque
2041 1151 2113 1184 ⁸⁵⁸

521 1239 772 1294 nationes
800 1240 1079 1294 nonnullae
1110 1239 1282 1296 Bizim
1320 1249 1374 1295 et
1394 1241 1840 1312 Archadiopolim
1871 1244 2108 1313 petiere;

514 1328 771 1386 ilernach
807 1345 1047 1402 quoque,
1083 1333 1272 1403 junior
1303 1333 1484 1389 Attilae
1527 1333 1694 1402 ﬁlius,
1729 1351 1856 1391 cum
1880 1337 1998 1393 suis
2017 1353 2113 1393 ex-

515 1431 730 1478 tremas
771 1423 1001 1480 minoris
1033 1425 1269 1497 Scythiae
1294 1427 1478 1482 sedem
1504 1426 1666 1498 elegit
1698 1426 2027 1484 Hemmezur
2058 1438 2114 1486 et

519 1514 816 1571 Bulzindur
843 1516 912 1548 ⁸⁸⁷
935 1519 1331 1590 consanguinei
1352 1518 1409 1573 in
1438 1517 1594 1574 Datia
1623 1519 1854 1592 Ripensi
1875 1521 2111 1579 Hedisco

518 1605 824 1678 Halmoque
849 1608 1008 1678 potiti
1047 1618 1195 1676 sunt,
1232 1610 1545 1682 diversique
1570 1611 1787 1670 diversa
1815 1614 2107 1685 petierunt.

527 1698 691 1754 Gothi
740 1715 870 1756 vero
915 1701 1165 1757 videntes
1207 1701 1444 1773 Gepidos
1480 1702 1766 1760 Hunorum
1808 1707 1966 1762 sedes
2005 1707 2107 1763 sibi

515 1787 812 1845 vendicare
833 1799 886 1846 et
912 1787 1198 1846 Hunorum
1225 1792 1489 1862 p0pulum
1520 1809 1651 1849 suas
1674 1795 1832 1850 sedes
1853 1795 2110 1867 antiquas

516 1898 811 1956 occupare,
841 1884 1156 1940 maluerunt
1191 1901 1222 1940 a
1255 1884 1506 1942 Romano
1530 1903 1700 1958 regno
1725 1896 1903 1944 terras
1928 1897 2111 1958 petere

517 1992 684 2048 quam
738 1993 866 2033 cum
913 1977 1234 2034 discrimine
1280 1978 1490 2035 alienas
1550 1978 1844 2048 invadere;
1895 1979 2112 2036 Panno-

514 2069 776 2140 niamque
798 2083 1078 2140 accepere,
1105 2069 1292 2140 ibique
1330 2070 1435 2126 sub
1475 2085 1601 2141 rege
1632 2070 1935 2128 Walamiro
1963 2073 2110 2144 ejus-

2218 419 2320 461 nos
2345 413 2399 460 et
2445 405 2656 463 Gothos
2685 420 2952 464 maneret.
3010 409 3184 482 Igitur
3225 411 3598 473 Theodericus
3636 421 3761 480 obses

2217 495 2434 552 ducitur
2464 499 2532 554 ad
2564 498 2755 554 urbem
2777 501 2848 535 ’"
2880 500 3567 576 Constantinopolitanam,
3594 522 3641 566 et
3666 519 3764 584 quia

2217 587 2478 656 parvulus
2517 591 2738 662 elegans
2784 591 2908 659 fuit,
2948 593 3286 664 imperialem
3322 599 3560 668 gratiam
3590 618 3765 672 prome-

2216 679 2345 734 ruit.
2369 677 2669 751 Postquam
2697 681 2769 715 ⁸⁶¹⁶
2796 697 2930 753 ergo
2958 684 3116 740 ﬁrma
3144 702 3249 757 pax
3277 688 3420 744 inter
3450 688 3710 750 Romanos
3729 710 3769 753 et

2216 768 2426 827 Gothos
2460 770 2606 828 facta
2640 783 2745 842 est,
2777 775 3026 833 videntes
3051 777 3124 810 ⁸⁸⁸
3156 777 3322 834 Gothi
3376 782 3482 837 sibi
3515 799 3624 838 non
3651 788 3767 842 sutli-

2215 878 2340 918 cere
2364 880 2486 934 quae
2515 865 2584 920 ab
2612 864 2944 938 imperatore
2986 880 3330 941 acceperant,
3365 873 3644 945 simulque
3668 880 3769 934 soli-

2215 965 2326 1012 tam
2357 957 2640 1028 cupientes
2663 968 2943 1018 ostentare
2971 963 3253 1032 virtutem,
3290 975 3586 1035 ceperunt
3605 969 3770 1026 vicinas

2215 1049 2497 1119 depredari
2517 1049 2589 1082 ⁸⁸⁸
2612 1061 2822 1122 gentes,
2847 1055 3199 1126 primumque
3217 1068 3410 1113 contra
3435 1058 3683 1130 Satagos,
3699 1065 3770 1133 qui

2215 1141 2528 1200 interiorem
2554 1144 2895 1202 Pannoniam
2922 1150 3302 1219 possederant,
3316 1168 3471 1207 arma
3497 1168 3769 1211 moverunt.

2215 1234 2373 1303 Quod
2424 1237 2517 1293 ubi
2559 1253 2657 1293 rex
2700 1237 2986 1296 Hunorum
3034 1241 3281 1310 Dinzich,
3327 1244 3480 1302 ﬁlius
3516 1245 3683 1303 Attila:
3701 1250 3769 1314 “’,

2213 1331 2492 1400 cognovit,
2541 1331 2782 1388 collectis
2833 1347 2976 1404 quos
3031 1335 3209 1390 adhuc
3249 1336 3512 1404 habebat,
3563 1343 3773 1410 quamvis

2213 1438 2438 1492 paucos,
2463 1422 2804 1495 Pannoniam
2827 1425 3114 1496 depredari
3143 1430 3326 1499 coepit.
3351 1429 3480 1497 Quo
3502 1444 3770 1503 comperto,

2215 1513 2376 1570 Gothi
2407 1515 2501 1571 ubi
2527 1526 2687 1572 erant
2709 1518 3106 1588 expeditionem
3140 1521 3432 1590 solventes,
3468 1540 3638 1595 quam
3669 1543 3772 1581 con-

2215 1615 2299 1662 tra
2332 1606 2563 1680 Satagos
2601 1609 2896 1679 habebant,
2929 1611 2986 1666 in
3017 1610 3207 1669 Hunos
3235 1625 3596 1685 convertunt,
3625 1619 3772 1689 sicque

2212 1715 2309 1756 eos
2350 1699 2554 1757 ﬁnibus
2596 1702 2714 1758 suis
2765 1703 3032 1776 inglorios
3083 1706 3448 1776 expellebant,
3510 1719 3576 1765 ut
3607 1726 3667 1766 ex
3705 1713 3774 1766 illo

2212 1801 2458 1863 tempore
2481 1793 2576 1864 qui
2605 1806 2986 1853 remanserant
3007 1795 3151 1853 Huni
3173 1797 3489 1856 Gothorum
3515 1818 3664 1857 arma
3681 1819 3775 1873 per-

2215 1883 2524 1942 timescant.
2550 1884 2877 1954 Quiescente
2905 1888 3023 1960 jam
3056 1891 3276 1946 tandem
3324 1891 3627 1950 Hunorum
3652 1906 3775 1966 gente

2211 1992 2244 2032 a
2277 1977 2494 2046 Gothis,
2519 1978 2945 2038 Chunimundus
2965 1997 3058 2038 rex
3086 1982 3399 2040 Suavorum
3422 1986 3506 2020 ⁸⁶⁸
3539 2003 3659 2043 cum
3687 1988 3774 2042 suis

2211 2069 2475 2127 invadens
2495 2071 2631 2128 ﬁnes
2659 2072 2941 2141 Dietmari,
2973 2074 3162 2132 fratris
3181 2075 3480 2134 Walamiri
3539 2081 3674 2151 regis
3690 2079 3776 2135 Go-

509 2174 624 2230 que
650 2175 912 2232 germano
937 2160 1215 2217 Dietmaro
1240 2161 1311 2194 ⁸⁵⁸
1338 2163 1720 2229 morabantur,
1751 2165 2004 2234 quamvis
2029 2165 2111 2220 lo-

517 2253 601 2310 cis
637 2253 850 2322 divisis,
872 2255 1105 2312 consilio
1129 2264 1315 2312 tamen
1347 2256 1537 2312 unitis.
1566 2254 1705 2311 Nam
1729 2255 1998 2313 Walamir
2025 2258 2110 2313 in-

513 2358 599 2404 ter
637 2349 1040 2422 Scarniungam
1073 2350 1143 2385 ⁸⁸⁸
1177 2358 1233 2406 et
1267 2350 1481 2421 Aquam
1514 2349 1758 2424 Nigram,
1800 2351 2110 2410 Dietmarus

498 2439 670 2511 juxta
718 2438 900 2497 locum
947 2440 1016 2473 ⁸⁶⁰
1065 2439 1266 2498 Pellois
1325 2441 1639 2510 habitabat,
1692 2441 1945 2498 Witimar
1981 2460 2108 2500 cum

513 2539 751 2602 utroque
778 2530 1054 2586 manebat.
1079 2530 1324 2603 Contigit
1347 2542 1550 2600 autem,
1574 2540 1634 2588 ut
1655 2532 1836 2589 Attilae
1857 2533 1952 2588 ﬁlii
1974 2549 2108 2589 con-

509 2632 596 2680 tra
637 2622 871 2692 Gothos,
910 2623 1071 2696 quasi
1117 2623 1428 2680 desertores
1457 2624 1855 2681 dominationis
1889 2640 2104 2692 eorum,

509 2718 782 2786 venirent,
815 2718 1134 2792 ignarisque
1164 2719 1289 2776 aliis
1330 2719 1614 2789 fratribus,
1644 2736 1809 2792 super
1843 2721 2109 2776 Walami—

512 2826 636 2867 rum
688 2811 868 2868 solum
920 2811 1220 2867 irruerent:
1263 2810 1414 2878 Quos
1464 2819 1647 2867 tamen
1682 2813 1934 2882 quamvis
1980 2828 2108 2868 cum
2209 2806 2417 2876 ιηἐθιὶο,
2442 2805 2518 2860 ίιῦ
2539 2820 2636 2862 θοε
2657 2806 2950 2878 οϋρῐθεεὶι,
2975 2815 3034 2862 ιη
3053 2807 3220 2862 etiam
3241 2807 3428 2877 ipsum
3460 2824 3641 2880 regem
3658 2806 3776 2861 Chu-

507 2901 704 2974 paucis
730 2903 821 2958 ille
861 2903 1094 2974 excepit,
1127 2903 1334 2974 diuque
1377 2902 1633 2974 fatigatos
1673 2904 1748 2960 ita
1788 2906 2104 2975 prostravit,

2210 2897 2536 2952 nimundum
2581 2905 2803 2968 captum
2847 2913 2973 2954 cum
3017 2908 3274 2969 superato
3303 2902 3561 2956 exercitu
3606 2901 3778 2956 Gotho-

511 3002 573 3048 ιιι
614 2993 707 3049 vix
745 2993 932 3065 aliqua
977 3009 1174 3050 eorum
1223 3009 1352 3065 pars
1383 3003 1710 3051 remaneret,
1747 2994 1828 3052 Εο
1861 3005 2107 3068 tempore
2135 3013 2178 3072 ο
2210 3005 2332 3044 rum
2364 2989 2613 3045 servituti
2635 2989 2958 3046 subdiderit.
2984 2989 3239 3047 Seddum
3267 3003 3422 3048 esset
3450 2996 3679 3048 multum
3697 2993 3776 3046 llli-

505 3101 638 3140 cum
663 3100 764 3156 pro
795 3087 950 3159 gesta
980 3101 1042 3142 re
1065 3087 1136 3142 ad
1166 3085 1365 3144 fratres
1390 3103 1522 3145 suos
1560 3086 1898 3145 Dietmarum
1920 3098 1976 3145 et
1997 3089 2107 3144 Wi-

2212 3081 2471 3149 sericors,
2497 3081 2640 3137 facta
2685 3082 2911 3151 ultione,
2949 3083 3166 3139 veniam
3201 3084 3282 3140 eis
3322 3086 3678 3151 condonavit,
3707 3099 3778 3138 re-

498 3177 770 3232 timarum
825 3176 1118 3232 direxisset
1167 3178 1454 3244 nuncium,
1497 3178 1724 3234 veniens
1773 3180 2010 3236 nuncius
2050 3181 2107 3238 in
2211 3175 2646 3245 COIlciliatusque
2677 3189 2804 3231 cum
2850 3174 3070 3244 Suavis,
3111 3176 3347 3232 eundem
3378 3193 3556 3248 quem
3595 3184 3779 3248 ceperat

509 3269 677 3325 domo
718 3266 983 3324 Dietmari
1013 3310 1029 3336 ,
1072 3269 1254 3340 majus
1297 3269 1505 3326 invenit
1547 3271 1836 3343 gaudium;
1873 3272 1994 3343 ipso
2029 3273 2104 3328 si-
2210 3267 2478 3339 adoptans
2522 3268 2629 3324 sibi
2672 3268 2730 3323 in
2782 3266 2979 3336 ﬁlium,
3028 3269 3243 3325 remisit
3283 3269 3341 3323 in
3385 3268 3652 3325 Suaviam
3677 3284 3778 3324 cum

509 3357 732 3428 quidem
748 3357 837 3415 die
859 3356 1250 3427 Theodericus,
1276 3359 1423 3416 ﬁlius
1443 3359 1584 3432 ejus,
1608 3363 1860 3433 quamvis
1884 3363 1952 3419 de
1973 3378 2107 3420 con-
2210 3360 2346 3416 suis.
2377 3359 2470 3416 Ille
2499 3369 2708 3427 autem,
2727 3369 2970 3430 paternae
3011 3360 3304 3417 immemor
3333 3362 3535 3433 gratiae
3563 3363 3652 3427 ⁸⁸⁸,
3680 3369 3778 3432 post

509 3450 734 3518 cubina,
768 3451 928 3508 bona:
955 3459 1141 3508 tamen
1167 3452 1283 3524 spei
1313 3454 1596 3523 puerulus,
1630 3464 1793 3512 natus
1814 3467 1950 3513 erat.
1975 3456 2108 3515 Post
2207 3450 2416 3521 aliquot
2437 3460 2655 3522 tempus
2681 3451 2808 3507 dolo
2833 3460 3120 3522 concepto,
3154 3449 3380 3523 Scyros,
3420 3453 3521 3523 qui
3553 3463 3678 3508 tunc
3702 3467 3778 3506 s-

507 3552 728 3614 tempus
774 3557 906 3616 ergo
956 3559 1069 3600 non
1118 3544 1353 3600 multum
1405 3545 1474 3578 ⁸⁶¹
1525 3563 1622 3602 rex
1672 3547 2006 3606 Walamirus
2051 3561 2106 3608 ei,
2207 3559 2304 3615 per
2349 3542 2662 3599 Danubium
2709 3543 3090 3612 considebant,
3128 3543 3400 3612 incitavit,
3441 3553 3504 3600 ut
3555 3546 3611 3599 in
3635 3559 3777 3599 una

506 3635 628 3706 ejus
653 3634 858 3691 fratres
885 3635 1198 3693 Dietmarus
1230 3646 1284 3693 et
1327 3636 1651 3696 Witimarus
1676 3641 1806 3697 dum
1838 3652 2103 3700 consueta
2206 3636 2419 3692 collecti
2448 3645 2665 3707 gentem
2696 3636 3003 3695 Gothorum
3043 3637 3384 3692 invaderent.
3416 3637 3584 3694 Tunc
3615 3636 3780 3692 Golhii

506 3727 653 3783 dona
680 3728 966 3785 tardarent
991 3745 1023 3784 a
1046 3728 1290 3800 principe
1315 3729 1595 3786 Marciano
1624 3733 1893 3804 accipere,
1920 3744 1975 3790 et
2007 3734 2105 3792 fu,»
2205 3728 2377 3785 nichil
2414 3729 2545 3786 mali
2579 3729 3024 3800 susspicantibus
3055 3728 3126 3784 ab
3153 3728 3350 3785 amicis
3373 3731 3580 3786 vicinis
3606 3728 3778 3784 bellum

507 3818 645 3876 dera
676 3828 860 3876 tamen
886 3821 1040 3892 pacis
1066 3822 1430 3890 custodirent,
1460 3823 1617 3879 missi
1646 3824 1716 3880 ab
1740 3825 1823 3882 eis
1845 3826 2007 3898 legati
2029 3827 2101 3860 ⁸⁸³
2206 3821 2464 3894 insurgit,
2491 3822 2579 3890 et',
2612 3821 2911 3893 improvisa
2939 3820 3116 3878 coacti
3167 3823 3527 3888 necessitate,
3561 3823 3628 3877 ad
3654 3835 3780 3876 arma

507 3911 576 3967 ad
620 3911 1030 3984 imperatorem,
1065 3913 1325 3971 videbant
1355 3914 1778 3985 Theodericum,
1815 3917 2011 3974 Triarii
2038 3921 2103 3974 ﬁ-
2204 3912 2548 3985 confugiunt,
2586 3922 2916 3985 arreptoque
2946 3913 3267 3982 certamine,
3305 3929 3366 3970 se
3413 3930 3686 3985 suamque
3709 3912 3778 3963 nl-

2203 4006 2489 4063 ciscuntur
2516 4006 2795 4078 injuriam.
2839 4005 2900 4062 In
2929 4021 2996 4062 eo
3026 4007 3301 4078 siquidem
3339 4007 3540 4077 pi‘aalio
3571 4023 3663 4062 rex
3690 4005 3780 4058 Go-

2203 4097 2428 4151 thorum
2443 4095 2732 4164 Walamir,
2755 4097 2887 4152 dum
2910 4095 2978 4151 ad
3001 4097 3307 4152 hortandos
3320 4113 3456 4152 suos
3476 4113 3680 4168 equum
3701 4110 3776 4148 as-

2211 2163 2454 2230 thor-um,
2503 2178 2601 2221 eos
2647 2164 2996 2236 depredatur,
3051 2169 3349 2240 omniaque
3391 2172 3675 2228 abduce-ns
3708 2188 3774 2225 ar-

2211 2265 2416 2324 menta,
2439 2257 2494 2311 in
2519 2266 2721 2313 terram
2748 2273 2907 2330 suam
2925 2260 3236 2316 revertitur.
3266 2260 3529 2317 Dietmar
3551 2278 3672 2318 vero
3692 2278 3774 2316 non

2212 2357 2424 2405 tantum
2444 2349 2714 2420 iacturam
2747 2361 3120 2408 armentorum
3150 2352 3342 2410 dolens
3396 2365 3668 2425 quantum
3695 2370 3776 2408 me-

2210 2451 2372 2498 tuens
2420 2457 2490 2498 ne
2511 2441 2699 2511 Suavi,
2729 2443 2776 2500 si
2810 2443 2917 2500 hoc
2941 2444 3163 2515 impune
3189 2446 3574 2515 lucrarentur,
3598 2447 3660 2502 ad
3685 2462 3774 2501 ma-

2205 2534 2383 2605 jorem
2430 2535 2709 2591 licentiam
2746 2536 3082 2608 prosilirent,
3110 2537 3191 2593 sic
3225 2537 3482 2608 vigilavit
3528 2539 3584 2593 in
3620 2553 3773 2593 eorum

2209 2625 2466 2693 transitu,
2506 2635 2568 2682 ut
2612 2625 2950 2697 intempesta:
2989 2628 3168 2683 noctis
3216 2628 3444 2683 silentio
3476 2628 3777 2683 dormientes

2209 2715 2490 2772 invaderet
2517 2715 2587 2771 ad
2616 2715 2797 2772 lacum
2845 2715 3066 2784 Pellois,
3108 2708 3494 2788 consertoque
3531 2718 3774 2788 impium

506 4005 664 4073 lium,
701 4019 903 4076 genere
951 4005 1176 4077 quidem
1227 4007 1484 4076 Gothico,
1540 4009 1636 4064 sed
1678 4010 1746 4065 de
1780 4010 1887 4066 alia
1930 4012 2104 4083 stirpe

505 4111 674 4166 quam
702 4096 1024 4152 Amalorum
1057 4107 1428 4168 procreatum,
1461 4099 1687 4155 omnino
1709 4117 1835 4156 cum
1858 4102 1974 4158 suis
1996 4102 2100 4158 llo-

505 4198 718 4245 rentem
764 4198 820 4245 et
866 4189 1242 4246 Romanorum
1287 4191 1556 4248 amiciciis
1585 4202 1850 4262 utentem,
1878 4210 1938 4250 se
1970 4211 2101 4252 vero
2203 4189 2457 4246 cenderet
2506 4197 2562 4244 et
2622 4197 2751 4245 ante
2796 4190 2970 4245 aciem
3027 4203 3397 4260 procurreret,
3446 4190 3779 4261 proturbatus

505 4283 734 4338 omnino
775 4282 1016 4356 despicj;
1075 4283 1226 4339 domi
1284 4285 1403 4340 haec
1451 4285 1812 4354 renunciant,
1859 4303 2100 4359 moxque
2125 4356 2158 4359 _
2202 4298 2380 4353 equus
2401 4281 2612 4338 corruit
2649 4296 3033 4352 sessoremque
3072 4297 3234 4337 suum
3275 4281 3499 4352 dejecit.
3546 4283 3651 4349 Qui
3673 4295 3776 4334 mox

516 4374 703 4443 Gothi,
722 4374 910 4431 furore
929 4378 1212 4444 commoti,
1227 4392 1381 4432 arma
1405 4378 1733 4448 corripiunt,
1757 4388 1812 4435 et
1836 4356 2096 4436 illiricum
2122 4356 2177 4417 Ῐ)
2204 4375 2556 4431 inimicorum
2611 4374 2816 4438 lanceis
2862 4374 3216 4441 vulneratus,
3276 4374 3649 4445 interemptus
3691 4381 3775 4428 est.

519 4482 657 4537 pene
686 4476 862 4523 totum
886 4468 1167 4537 predando
1186 4469 1490 4525 devastant.
1523 4469 1627 4526 Sed
1676 4470 1955 4528 Marciano
1988 4474 2095 4528 im-

502 4566 756 4626 peratore
781 4556 1063 4626 defuncto,
1093 4574 1221 4614 cum
1249 4574 1480 4629 regnum
1512 4560 1784 4631 acciperet
1805 4561 1936 4631 Leo,
1965 4579 2094 4620 mox

504 4648 656 4720 (227)
683 4650 752 4706 ad
781 4650 1070 4721 pristinam
1107 4667 1235 4708 cum
1263 4653 1457 4709 Gothis
1483 4654 1792 4710 amiciciam
1834 4658 2092 4725 recurrit,

501 4749 558 4796 et
600 4750 712 4798 tam
757 4744 1018 4813 preterita
1075 4761 1243 4816 quam
1279 4746 1554 4816 presentia
1590 4762 1821 4803 munera
1875 4750 2094 4818 tribuit,

502 4841 559 4888 ct
591 4835 746 4904 pacis
793 4835 1044 4892 obsidem
1089 4835 1489 4893 Theodericum
1535 4837 1890 4907 infantulum,
1948 4840 2096 4897 Diet-

503 4927 645 4983 mari
670 4928 866 4997 ﬁlium,
891 4930 1122 5000 accepit,
1154 4930 1251 5001 qui
1266 4931 1381 5002 jam
1403 4947 1610 4987 annum
1641 4941 1896 4990 octavum
1928 4937 2096 4993 intra-

2205 4468 2369 4526 Gothi
2394 4483 2522 4524 vero
2543 4475 2658 4523 tam
2685 4468 2830 4540 regis
2859 4467 2946 4523 sui
2978 4477 3209 4524 mortem
3230 4473 3402 4539 quam
3427 4483 3659 4524 suorum
3679 4467 3778 4519 rin-

2201 4563 2448 4618 dicantcs
2493 4560 2773 4631 injuriam,
2803 4561 2885 4616 sic
2914 4575 3108 4616 omnes
3144 4560 3524 4628 extinxerunt,
3563 4571 3624 4615 ut
3663 4573 3776 4629 pene

2201 4654 2268 4710 de
2294 4662 2454 4726 gente
2477 4651 2770 4724 Scyrorum
2798 4652 2983 4707 nullus
3017 4661 3347 4719 remaneret,
3383 4653 3490 4709 nisi
3529 4653 3627 4723 qui
3653 4648 3773 4704 istud

2203 4761 2402 4804 nomen
2431 4760 2557 4800 cum
2578 4744 2843 4800 dedecore
2871 4741 3096 4799 ferrent.
3131 4741 3338 4798 lterum
3372 4741 3775 4799 Chunimundus

2201 4855 2329 4896 eum
2354 4837 2571 4904 Suavis,
2598 4836 2771 4892 fretus
2793 4835 3000 4890 auxilio
3043 4834 3430 4891 Sarmatarum
3464 4846 3518 4892 et
3550 4833 3772 4902 reliquiis

2203 4930 2521 5003 Scyrorum,
2554 4929 2830 4999 simulque
2849 4943 2917 4983 ex
2952 4927 3176 4998 Gepidis
3205 4927 3491 5000 Rugisque
3521 4943 3635 4983 no
3667 4938 3774 4995 par-

503 5017 601 5072 vit.
627 5017 801 5086 Quem
835 5021 966 5078 dum
1003 5031 1158 5092 pater
1187 5023 1320 5078 dare
1342 5023 1603 5091 tardaret,
1641 5033 1870 5093 patruus
1903 5027 2090 5083 Wala-
2193 5026 2280 5084 vis
2323 5023 2534 5081 solatiis
2577 5021 2843 5089 collectis,
2894 5019 3097 5076 bellum
3146 5020 3334 5076 intulit
3364 5020 3581 5077 Gothis.
3627 5015 3766 5073 Gothi

1789 5141 2023 5197 VARUE
2064 5137 2474 5200 LECTIONES.

571 5249 644 5324 Ψ
679 5250 976 5324 adagatarii
1001 5253 1086 5307 9C.
1159 5253 1233 5316 Ψ
1265 5263 1429 5324 atque
1469 5253 1588 5309 aliae
1626 5254 1678 5309 5.
1756 5253 1823 5286 ⁸⁸⁷
1860 5255 2145 5312 birzindur
2165 5256 2250 5311 9°.
2315 5252 2387 5286 ³⁸⁸
2417 5249 2757 5324 ediethmaro
2777 5245 2944 5324 fratre
2968 5253 3159 5324 m._9_¢.
3235 5247 3307 5279 ⁸⁸⁹
3333 5243 3765 5324 ᾳθηίυῃεειωβεε

503 5320 575 5354 *⁸ο
610 5323 689 5396 ita
712 5317 865 5396 codd.
892 5339 986 5396 pro
1008 5324 1241 5396 lacum,
1285 5317 1356 5356 ⁸⁶ῖ
1390 5325 1616 5396 longum
1652 5325 1737 5380 9°.
1798 5326 1868 5358 '"
1906 5343 1980 5381 m.
2005 5328 2043 5382 l.
2069 5329 2139 5383 ab
2160 5325 2242 5383 eis
2267 5325 2321 5379 5.
2356 5322 2453 5396 7‘“
2475 5321 2556 5396 ad
2582 5335 2638 5396 εις
2665 5319 2848 5372 desum
2886 5317 2971 5372 9°°
2995 5317 3121 5396 --ἶδδ

3164 5328 3290 5386 post
3326 5319 3415 5373 9°.
3488 5319 3564 5349 ⁸⁸³
3604 5332 3653 5368 v.
3685 5328 3767 5368 ιε’

503 5402 612 5448 tem
635 5394 720 5448 9ο.
795 5394 866 5427 ⁸⁸⁸
893 5388 1198 5464 ’ἀερτθάξιι-εξ
1219 5395 1303 5450 9ο..
1382 5395 1450 5428 ⁸⁸⁷
1487 5388 1666 5452 attalte
1687 5396 1740 5451 5.
1820 5397 1891 5430 ⁸⁸⁸
1927 5413 2222 5455 suevorum
2258 5398 2311 5452 4.
2344 5395 2430 5451 9ο.
2466 5392 2554 5448 10.
2581 5391 2668 5446 ll.
2694 5405 2915 5460 semper.
2994 5388 3064 5420 ⁸⁸⁸
3103 5403 3156 5458 g.
3194 5388 3230 5441 i.
3261 5389 3314 5444 5.

2033 5559 2266 5619 NOTAE.

574 5669 727 5743 (2‘27)
770 5669 846 5726 lta
879 5669 1028 5727 Jord.
1055 5671 1120 5727 de
1152 5670 1449 5727 Marciano.
