3876 6306
152 270 230 325 749
987 264 1352 322 CHRONICA.
1395 295 1463 304 —
1499 259 1890 319 CHRONICON
1934 259 2392 318 UNIVERSALE.

3232 263 3338 319 750

147 399 260 449 vero,
281 380 510 439 defuncto
541 381 860 449 Walamiro,
891 381 959 438 ad
1000 381 1226 440 fratrem
1266 383 1386 455 ejus
1412 382 1650 439 Dietma-
1679 389 1723 444 Α
1751 381 1996 452 principe
2044 381 2286 438 directus
2337 395 2464 435 cum
2521 378 2763 437 exercitu
2825 379 3165 437 morabatur.
3228 382 3334 451 Qui

143 490 238 528 rum
260 472 573 544 confugiunt,
595 490 832 545 eumque
857 491 1038 547 regem
1074 477 1436 532 constituunt.
1472 473 1649 546 (Juno.

141 569 249 624 0.54
278 566 407 636 sqq.)
431 563 530 632 Qui
558 569 811 638 quamvis
845 568 1049 622 dudum
1081 585 1207 623 cum
1234 567 1401 623 fratre
1428 582 1652 638 regnas-

135 667 212 722 set,
252 657 488 712 auctioris
517 657 589 689 ’⁷ο
629 666 812 714 tamen
846 661 1131 730 potestatis
1181 660 1416 731 insignia
1463 659 1652 726 sumit,

136 752 324 821 bellique
358 758 500 820 parte
545 760 789 819 coactus,
847 768 972 808 cum
1022 752 1190 808 fratre
1249 752 1538 808 Witimaro
1586 752 1654 808 ad

133 859 248 897 arma
283 842 520 912 prosiliit,
557 854 924 916 consertaque
966 845 1172 916 pra-lio,
1223 845 1473 915 superior
1513 843 1655 899 facta

132 943 192 988 est
223 950 331 1004 pars
365 933 694 1004 Gothorum,
742 938 877 992 adeo
913 946 972 993 ut
1011 954 1239 1009 campus
1282 919 1654 994 corruentium

131 1021 423 1081 iiimicorum
463 1041 674 1083 cruor
702 1028 1039 1085 madefactus
1085 1039 1145 1085 ut
1175 1031 1401 1085 rubrum
1431 1030 1654 1100 pelagus

131 1129 380 1186 appareret,
410 1136 672 1191 armaque
711 1131 766 1176 et
813 1123 1078 1178 cadavera
1122 1124 1246 1194 plus
1267 1139 1431 1194 quam
1466 1123 1652 1178 decem

127 1210 316 1276 milium,
362 1209 414 1265 in
450 1211 672 1266 modum
708 1213 928 1268 collium
959 1215 1256 1280 cumulata,
1289 1231 1541 1285 campum
1577 1232 1660 1270 re-

123 1302 314 1368 plerent.
360 1302 482 1360 Inde
531 1305 707 1360 victor
763 1307 830 1361 ad
881 1307 1131 1377 proprias
1174 1308 1330 1363 sedes
1379 1317 1656 1365 revertens

125 1391 386 1452 Dictmarus
408 1412 533 1452 cum
563 1397 777 1465 Gothis,
816 1398 1212 1454 Theodericum
1256 1399 1427 1455 filium
1470 1417 1652 1469 suum,

122 1501 251 1553 quem
277 1487 510 1544 obsidem
537 1490 781 1558 dederat,
813 1507 846 1546 a
888 1489 1070 1546 Leone
1097 1491 1426 1561 imperatore
1469 1494 1660 1550 remis-

121 1592 217 1632 sum
253 1593 363 1633 cum
417 1581 634 1652 magnis
683 1581 1029 1648 muneribus,
1068 1589 1348 1653 gratanter
1393 1585 1651 1654 suscepit.

118 1671 326 1734 Quicum
350 1671 461 1742 jam
494 1673 684 1728 decem
728 1680 782 1727 et
821 1680 944 1727 octo
985 1687 1255 1727 annorum
1286 1682 1450 1740 esset,
1475 1691 1539 1728 ex
1571 1691 1656 1729 sa-

119 1763 329 1821 tellitihus
349 1735 400 1819 et
423 1780 490 1820 ex
514 1764 717 1835 populo
753 1765 925 1835 patris
945 1764 1109 1835 elegit
1132 1765 1237 1819 sibi
1268 1780 1407 1835 pene
1431 1735 1524 1821 sex
1553 1767 1653 1820 mi-
1686 1735 1730 1795 Β

115 1856 166 1908 lia
184 1855 422 1923 virorum,
449 1871 578 1912 cum
607 1856 809 1927 quibus
833 1865 986 1927 patre
1016 1856 1215 1921 inscio,
1240 1871 1530 1927 permenso
1553 1856 1655 1911 Da-

116 1952 262 2016 vubio,
289 1951 658 2008 Sarmatarum
690 1967 872 2024 regem
897 1950 1147 2016 incurrit,
1182 1965 1420 2022 eumque
1447 1951 1652 2007 intere-

111 2043 202 2109 mit,
228 2043 588 2116 familiamque
626 2059 692 2100 ac
719 2060 947 2101 censum
976 2042 1304 2114 depredans,
1337 2043 1404 2099 ad
1440 2043 1653 2114 genito--

114 2148 197 2186 rem
222 2151 368 2190 suum
399 2151 530 2191 eum
557 2135 790 2191 victoria
827 2135 1007 2191 rediit.
1043 2134 1411 2207 Singidunum
1454 2135 1656 2191 dehinc

109 2224 355 2293 civitatem,
377 2243 546 2297 quam
591 2226 736 2283 idem
769 2227 1037 2283 Sarmata:
1086 2227 1463 2298 possidebant,
1495 2227 1654 2284 inva-

109 2314 230 2379 deus,
255 2333 353 2372 non
382 2317 652 2375 Romanis
684 2318 778 2375 sed
803 2334 920 2374 suae
949 2318 1191 2376 subdidit
1219 2319 1436 2375 ditioni.
1497 2307 1584 2319 “‘"
1611 2304 1642 2316 "

161 2404 525 2464 Deﬁcientibus
558 2408 758 2464 dehinc
800 2408 1108 2464 vicinarum
1154 2411 1398 2481 gentium
1441 2410 1652 2481 spoliis,

106 2499 235 2568 erepit
253 2509 302 2555 et
329 2501 525 2558 Gothis
547 2501 726 2558 victus
745 2502 1087 2574 vestitusque
1116 2503 1368 2570 deficere,
1391 2512 1447 2558 et
1477 2504 1657 2558 homi-

104 2590 250 2658 nibus,
273 2593 362 2664 qui
402 2595 618 2651 dudum
659 2595 802 2650 bello
849 2595 1128 2662 vivebant,
1175 2611 1282 2666 pax
1321 2595 1486 2666 ccepit
1533 2609 1656 2651 esse

103 2685 352 2752 contraria,
382 2701 693 2758 omnesque
719 2702 846 2742 cum
897 2702 1100 2758 magno
1123 2687 1364 2743 clamore
1391 2686 1462 2742 ad
1503 2685 1654 2742 Diet-

100 2791 274 2833 marum
299 2780 650 2848 accedentes,
681 2791 860 2848 orant,
907 2791 970 2836 ut
999 2782 1054 2835 in
1080 2796 1488 2853 quamcumque
1529 2797 1656 2852 par-

99 2876 183 2921 tem
210 2867 270 2900 ⁸⁷⁸
301 2871 459 2927 vellet
503 2871 807 2927 etercitum
852 2872 1098 2939 duceret,
1144 2872 1276 2943 quia
1314 2872 1524 2928 diutius
1576 2872 1652 2928 ibi

96 2973 280 3016 manere
325 2979 432 3019 non
462 2973 658 3035 posset
686 2964 777 3018 ⁸⁷³.
809 2962 911 3032 Qui
945 2964 1123 3020 accito
1153 2978 1413 3035 germano
1446 2972 1652 3020 sortem

94 3051 233 3118 misit,
263 3064 315 3110 et
336 3055 635 3112 Witimaro
664 3054 838 3124 Italia,
885 3055 1225 3112 Dietmarum
1261 3054 1522 3112 illiricum
1548 3071 1648 3128 po-

93 3143 352 3208 pulandum
393 3150 645 3205 obvenit.
695 3148 905 3204 Relicta
947 3149 1116 3221 igitur
1159 3147 1466 3216 Pannonia,
1514 3149 1654 3204 aiter

93 3231 287 3306 Italiam,
318 3244 458 3299 alter
497 3240 762 3298 Illiricum
795 3243 1067 3313 suscepit:
1102 3242 1197 3298 sed
1238 3242 1496 3298 Witimar
1524 3257 1654 3299 mox

95 3339 139 3381 ut
174 3329 371 3390 Italiam
423 3335 679 3402 intravit,
728 3335 894 3392 rebus
946 3336 1204 3392 humanis
1251 3337 1505 3404 excessit,
1562 3352 1652 3392 re-

93 3436 338 3495 gnumque
363 3428 484 3484 filio
522 3442 626 3483 suo
649 3425 754 3482 sibi
789 3427 1071 3497 aaquivoco
1098 3427 1336 3498 reliquit.
1362 3426 1536 3494 Quem
1571 3426 1656 3482 Li-

89 3515 258 3582 ccrius,
298 3520 395 3589 qui
422 3532 583 3585 ,tunc
621 3517 762 3574 forte
805 3518 1114 3589 imperavit,
1160 3519 1485 3575 muneribus
1513 3518 1656 3575 datis

85 3606 140 3659 ad
159 3606 375 3667 Galliam
417 3612 730 3679 transtulit,
747 3622 830 3669 ‘ut
868 3627 967 3683 per
1008 3612 1368 3685 Wisigothas,
1401 3621 1656 3684 parentes

84 3714 211 3767 suos,
241 3715 522 3776 regnaret.
568 3705 844 3773 Witimar,
886 3707 1126 3778 acceptis
1156 3705 1480 3762 muneribus
1509 3721 1540 3760 a
1566 3705 1658 3760 Li-

81 3791 222 3858 eerio,
242 3795 474 3854 Galliam
508 3797 703 3865 tendit,
733 3813 964 3869 seseque
989 3797 1310 3868 parentibus
1332 3796 1658 3868 Wisigothis

76 3878 305 3953 iungens,
336 3904 523 3944 unum
560 3904 762 3960 corpus
791 3904 918 3945 cum
948 3889 1029 3945 eis
1057 3888 1307 3956 efﬁcitur,
1335 3898 1390 3944 et
1421 3889 1502 3946 sic
1530 3888 1658 3944 Gal-

77 3971 185 4029 liam
232 3976 676 4052 Hispaniamque
718 3991 930 4048 tenens,
985 3996 1087 4037 suo
1120 3981 1248 4050 jure
1287 3979 1550 4047 defendit,
1599 3991 1659 4036 ut

79 4066 237 4125 nullus
266 4072 370 4127 sibi
402 4073 558 4128 alius
599 4073 920 4142 prevaleret.
964 4071 1050 4144 (C.
1087 4072 1302 4142 45-47.)
1332 4072 1658 4143 Wisigothis

73 4171 186 4212 vero
217 4172 342 4230 post
364 4163 804 4230 Theodericum,
828 4163 924 4234 qui
964 4163 1020 4217 in
1050 4163 1214 4230 bello,
1249 4163 1396 4234 quod
1428 4162 1657 4217 Romani

74 4256 118 4302 et
144 4249 466 4326 Wisigothae
515 4271 640 4311 cum
688 4255 855 4310 Attila
898 4253 1186 4310 Hunorum
1228 4269 1353 4325 rege
1387 4252 1655 4320 fecerunt,

72 4346 329 4414 occubuit,
356 4349 519 4404 filius
544 4347 666 4418 ejus
689 4347 1136 4404 Thurismundus
1171 4346 1392 4417 prefuit.
1417 4345 1536 4412 Quo
1559 4347 1656 4402 dc-

1755 473 1886 528 dum
1932 473 2156 540 videret,
2202 471 2619 529 Thesaionicam
2660 473 2805 529 vallo
2840 473 3077 541 muniri,
3124 490 3229 532 nec
3279 491 3341 533 se

1757 581 1918 636 posse
1951 565 2240 621 conatibus
2281 576 2472 621 eorum
2523 566 2802 633 resistere,
2856 567 3029 622 missa
3067 567 3341 638 legatione

1757 657 1825 712 ad
1857 656 2192 712 Dietmarum
2233 673 2416 729 regem
2458 671 2585 714 cum
2628 658 2974 725 muneribus,
3015 659 3246 731 rogavit,
3279 669 3342 715 ut

1757 749 1826 804 ab
1851 748 2064 804 excidio
2097 749 2251 804 urbis
2279 749 2653 822 detorqueret,
2701 750 2945 823 initoque
2975 750 3182 808 fmdere
3225 751 3338 808 Ro-

1759 857 1955 897 manus
1982 841 2177 897 ductor
2204 857 2330 898 cum
2372 841 2586 910 Gothis,
2646 844 2768 900 loca
2821 859 2948 916 quae
2997 845 3342 901 incoluerant

1750 935 1862 1005 jam
1892 944 2084 1004 sponte
2114 935 2335 991 tradidit
2361 936 2463 1004 eis,
2493 936 2678 1008 ibique
2700 936 2864 993 Gothi
2888 954 3016 994 cum
3047 953 3174 1010 rege
3205 955 3331 1006 suo,

1756 1027 2019 1098 depositis
2045 1027 2236 1094 armis,
2268 1027 2323 1083 in
2351 1043 2483 1098 pace
2511 1030 2858 1099 quieverunt.
2889 1029 3001 1086 Nec
3021 1031 3111 1085 diu
3149 1039 3341 1101 postea

1756 1133 1852 1176 rex
1900 1117 2212 1172 Dietmarus
2261 1119 2582 1189 aegritudine
2632 1129 2970 1190 occupatus,
3005 1121 3215 1178 vocatis
3271 1121 3340 1176 ad

1757 1225 1816 1266 se
1851 1209 2044 1266 Gothis
2069 1253 2084 1277 ,
2123 1210 2520 1267 Theodericum
2560 1211 2731 1267 filium
2772 1229 2934 1269 suum
2989 1215 3142 1286 regni
3179 1216 3338 1270 here-

1755 1303 1878 1359 dem
1911 1301 2060 1370 fecit,
2103 1313 2157 1359 et
2184 1304 2301 1374 ipse
2322 1321 2448 1358 mox
2472 1305 2546 1336 ⁸⁷³
2601 1306 2765 1360 rebus
2793 1307 3051 1363 humanis
3073 1307 3332 1364 excessit.

1830 1393 1927 1465 (Η.
1942 1393 2006 1448 R.
2023 1403 2076 1450 et
2090 1393 2160 1448 Η.
2177 1394 2526 1463 m.Cf.Jonn.)
2541 1394 2618 1450 Eo
2645 1407 2890 1467 tempore
2904 1412 3131 1472 regnum
3153 1400 3338 1455 orien-

1753 1487 1861 1542 tale
1886 1486 2033 1542 Zeno
2054 1488 2349 1558 imperator
2386 1487 2638 1545 habebat.
2657 1488 2760 1556 Qui
2789 1489 3018 1547 audiens
3040 1490 3340 1547 Theoderi—

1758 1591 1884 1632 cum
1905 1577 2082 1647 gentis
2107 1592 2221 1632 sua:
2243 1593 2423 1648 regem
2452 1593 2598 1644 esse,
2635 1588 2788 1650 grate
2811 1579 3338 1651 8"suscepit,eum-

1759 1683 1866 1738 quc
1879 1668 1946 1724 ad
1961 1685 2020 1724 se
2037 1667 2569 1740 Constantinopolim
2582 1672 2766 1727 venire
2783 1672 3025 1743 precepit
3041 1715 3056 1739 ,
3072 1673 3343 1745 digneque

1757 1770 2075 1831 susceptum
2106 1761 2248 1815 inter
2275 1776 2529 1832 proceres
2566 1762 2752 1829 palatii
2781 1764 3090 1830 collocavit,
3133 1775 3190 1820 et
3222 1775 3349 1836 post

1757 1851 1979 1923 aliquod
2021 1862 2238 1923 tempus
2279 1854 2335 1908 in
2381 1854 2555 1908 filium
2583 1855 2690 1910 sibi
2719 1855 3009 1928 adoptans,
3039 1858 3348 1914 consulari-

1757 1943 1861 2000 bus
1891 1943 2154 2011 fascibus,
2185 1961 2309 2016 quae
2334 1945 2575 2018 dignitas
2601 1959 2726 2018 post
2754 1948 3037 2018 imperiale
3065 1950 3344 2022 fastigium

1756 2036 1933 2106 prima
1963 2046 2068 2104 est,
2106 2053 2233 2092 eum
2273 2038 2617 2107 sublimavit,
2675 2056 2774 2096 nec
2825 2042 3004 2097 solum
3060 2043 3202 2111 hoc,
3250 2045 3346 2099 sed

1757 2127 1924 2184 etiam
1948 2139 2256 2200 equestrem
2307 2139 2546 2187 statuam
2587 2132 2654 2186 ad
2685 2131 2887 2189 famam
2917 2135 3054 2191 tanti
3083 2137 3188 2192 viri
3218 2147 3346 2192 ante

1758 2221 2021 2292 palatium
2059 2238 2220 2278 suum
2249 2223 2299 2278 ei
2323 2224 2627 2280 constituit.
2642 2224 2712 2280 At
2739 2241 2890 2294 vero,
2923 2227 3055 2283 dum
3085 2229 3345 2300 hujusce-

1761 2313 1910 2369 modi
1963 2313 2165 2371 delitiis
2221 2314 2597 2374 Theodericus
2623 2318 2768 2389 apud
2810 2317 3346 2393 ConstantinOpolim

1757 2405 2014 2473 fluitaret,
2073 2423 2206 2478 gens
2260 2408 2427 2475 illius,
2487 2410 2542 2466 id
2585 2420 2671 2467 est
2709 2410 3071 2483 Ostrogothas,
3101 2415 3232 2470 dum
3261 2416 3344 2470 eis

1757 2507 1979 2569 propter
2004 2498 2128 2555 fidei
2159 2501 2499 2557 sanctionem
2549 2504 2746 2573 predas
2776 2520 2938 2576 agere
2983 2521 3138 2562 more
3179 2508 3341 2564 solito

1759 2605 1870 2646 non
1903 2590 2112 2658 liceret,
2141 2608 2242 2648 nec
2271 2602 2453 2649 tamen
2473 2595 2544 2650 ab
2573 2595 2902 2666 imperatore
2922 2597 3103 2652 oblata
3133 2598 3343 2668 stipen-
3419 2620 3422 2622 ν

1758 2681 1848 2738 dia
1904 2682 2008 2738 sibi
2063 2684 2393 2753 sufﬁcerent,
2449 2701 2560 2742 non
2609 2687 2836 2744 minima
2884 2689 3061 2745 coacti
3091 2690 3344 2760 penuria,

1759 2775 2125 2846 compositum
2156 2769 2335 2834 foedius
2373 2787 2719 2844 execrantur,
2758 2779 3005 2836 inutilem
3048 2780 3343 2840 factionem

1758 2867 2092 2938 vituperant,
2142 2869 2475 2940 mittuntque
2528 2871 2793 2926 continuo
2823 2872 2891 2927 ad
2921 2871 3341 2940 Theodericum,

1757 2959 1853 3029 qui
1875 2960 2140 3027 dicerent,
2173 2977 2315 3032 quas
2344 2961 2542 3032 inopize
2569 2962 2822 3019 miserias
2850 2964 2954 3035 ipsi
2983 2966 3342 3033 sustinerent,

1757 3051 1890 3106 dum
1920 3050 2010 3107 ille
2037 3051 2339 3108 Grecorum
2370 3053 2547 3124 epulis
2591 3054 2972 3125 superflueret,
3027 3057 3347 3114 hortantur-

1757 3160 1884 3215 que,
1915 3153 1996 3212 ut,
2031 3145 2078 3202 si
2101 3145 2218 3203 suis
2249 3146 2466 3218 sibique
2524 3148 2817 3204 consulere
2849 3151 3002 3218 velit,
3049 3151 3212 3208 citius
3262 3167 3350 3208 re-

1756 3237 1903 3304 deat,
1942 3239 2224 3310 quatinus,
2263 3240 2416 3294 nem
2449 3248 2645 3296 cuncta
2675 3256 2810 3312 gens
2837 3252 3022 3312 pereat
3047 3251 3102 3298 et
3125 3243 3217 3299 ubi
3242 3259 3344 3298 no-

1755 3347 1856 3387 vas
1901 3331 1971 3386 ad
2017 3331 2389 3398 habitandum.
2433 3341 2609 3389 terras
2663 3334 2989 3405 exquirant,
3039 3335 3341 3406 provideat.

1757 3425 1896 3480 Ante
1926 3441 2038 3481 non
2085 3424 2270 3496 plures
2304 3433 2487 3481 autem
2524 3441 2701 3482 annos
2747 3425 2996 3483 Odoacar
3015 3428 3088 3460 ⁸⁷⁸
3117 3428 3342 3498 quidam

1757 3517 1949 3574 exiens
1979 3518 2049 3574 ab
2079 3519 2342 3575 extremis
2370 3519 2574 3575 finibus
2603 3518 2901 3576 Pannonia:
2931 3536 3056 3576 cum
3107 3521 3346 3577 fortissio

1759 3627 1848 3666 ma
1879 3597 2208 3668 IIcrquru'In
2238 3612 2608 3679 multitudine,
2624 3612 2797 3670 fretus
2826 3614 3050 3684 insuper
3079 3612 3348 3669 Turcilin-

1761 3718 1960 3774 gerum
1987 3705 2103 3760 sive
2127 3703 2424 3777 Scyrorum
2453 3704 2692 3771 auxiliis,
2718 3704 2928 3761 Italiam
2957 3706 3137 3774 venit,
3169 3708 3349 3762 nullo-

1759 3812 1866 3865 que
1898 3796 2206 3864 resistente,
2230 3805 2402 3853 totam
2437 3797 2645 3854 Italiam
2669 3797 3015 3870 Romamque
3033 3801 3345 3871 occupavit,

1758 3898 1813 3943 et
1833 3905 1930 3959 per
1961 3889 2027 3944 I4
2054 3906 2231 3946 annos
2261 3891 2336 3946 ibi
2366 3892 2632 3962 regnavit.
2673 3891 3043 3950 Theodericus
3065 3910 3218 3962 vero,
3248 3911 3346 3950 co-

1759 3980 1925 4051 gnitis
1955 3995 2183 4036 suorum
2213 3982 2596 4051 querimoniis,
2629 3983 2697 4040 ad
2734 3994 3027 4057 augustum
3073 3987 3346 4044 Zenonem

1759 4072 1990 4139 accedit,
2013 4073 2297 4144 penuriam
2321 4083 2662 4145 questusque
2677 4091 2901 4132 suorum
2917 4080 3162 4149 exponit.
3187 4081 3350 4136 abso-
3447 4121 3450 4124 .

1759 4163 2024 4219 lutionem
2075 4165 2361 4236 efﬂagitat,
2421 4164 2630 4222 Italiam
2684 4168 2789 4224 sibi
2842 4169 2962 4225 dari
3011 4174 3346 4241 expostulat,

1760 4255 2046 4325 adjiciens,
2079 4256 2208 4327 quia
2257 4257 2306 4313 si
2361 4258 2430 4290 ⁸⁷⁷
2483 4273 2746 4329 superare
2788 4271 2975 4331 posset
3010 4261 3348 4322 Odoacarem

1761 4345 2080 4419 Italiamque
2113 4349 2396 4420 obtinere,
2424 4350 2495 4406 ad
2517 4351 2639 4422 ejus
2667 4352 2899 4424 gloriam
2950 4356 3281 4413 redundaret
3315 4374 3347 4412 a

72 4429 255 4504 functo,
280 4438 694 4505 Theodericus,
728 4437 897 4493 frater
919 4437 1060 4508 ejus,
1095 4437 1150 4492 in
1177 4452 1406 4508 regnum
1436 4451 1658 4491 succes-
1687 4471 1736 4528 υ
1761 4454 1870 4509 quo
1902 4438 2145 4497 directus
2173 4439 2390 4509 fuisset,
2419 4442 2504 4498 sin
2550 4443 2695 4500 bello
2735 4455 3028 4516 superatus
3061 4447 3224 4516 foret,
3264 4451 3350 4504 ni-

67 4525 144 4591 δίιν
170 4528 404 4602 ipsoque
438 4533 538 4586 15⁸
567 4531 722 4602 regni
748 4531 835 4586 sui
865 4545 1012 4585 anno
1043 4529 1357 4595 decedente,
1391 4529 1520 4584 item
1545 4527 1656 4584 fra-

68 4625 138 4671 ter
158 4635 346 4677 eorum
373 4623 623 4679 Eurieus
651 4638 880 4694 regnum
910 4636 1219 4687 assumens,
1258 4621 1347 4676 I9°
1373 4636 1518 4676 anno
1548 4620 1654 4676 vita

64 4725 329 4785 regnoque
364 4715 628 4786 privatus
657 4725 760 4782 est,
798 4714 1114 4784 relinquens
1139 4713 1314 4769 filium
1346 4713 1500 4785 regni
1529 4728 1655 4769 suc-

62 4815 349 4872 cessorem,
378 4797 616 4862 nomine
648 4806 949 4874 Alaricum,
976 4805 1072 4877 qui
1103 4820 1283 4860 nonus
1316 4804 1501 4860 abillo
1537 4820 1654 4860 ma-

61 4907 153 4962 gno
175 4894 405 4954 Alarico
436 4913 673 4970 regnum
697 4898 926 4969 adeptus
959 4908 1044 4954 est
1066 4897 1522 4969 Wisigotharum.

122 4986 202 5052 (C.
234 4989 357 5061 58.)
398 4989 657 5045 Dietmar
702 5006 835 5046 vero
875 4989 1152 5046 transiens
1194 4988 1362 5044 Saum
1412 5004 1654 5058 amnem,

61 5072 324 5139 Sarmatis
379 5083 598 5139 bellum
629 5083 939 5150 intentavit,
995 5083 1042 5140 si
1084 5082 1210 5154 quis
1240 5083 1344 5139 sibi
1392 5084 1657 5152 obstaret,

61 5165 264 5241 illisque
305 5176 739 5246 quiescentibus
788 5191 888 5231 nec
915 5176 982 5230 ad
1014 5185 1223 5231 tantam
1251 5176 1657 5232 multitudinem

61 5267 504 5334 prevalentibus,
537 5270 737 5324 transit
780 5268 836 5322 in
867 5267 1156 5335 Illiricum,
1193 5277 1247 5324 et
1293 5268 1496 5338 ubique
1530 5283 1660 5338 pro-

61 5369 199 5421 5Pete
240 5377 429 5432 agens
499 5362 810 5432 multasque
872 5361 1120 5416 civitates
1180 5360 1284 5416 sibi
1315 5359 1652 5430 subjicicns,

61 5445 496 5510 I'hesalonicam
517 5455 690 5524 petiit,
732 5455 785 5508 in
816 5471 925 5525 qua
956 5453 1279 5510 IIelarianus
1325 5453 1588 5525 patricius
1625 5470 1656 5509 a

1762 4532 2096 4589 chilominus
2125 4534 2294 4591 lucris
2323 4535 2445 4607 ejus
2470 4548 2810 4594 accresceret
2831 4581 2846 4606 ,
2902 4541 3347 4611 quandoquidem

1761 4624 2164 4682 cotidianorum
2244 4628 2641 4699 stipendiorum
2706 4632 3056 4688 exactoribus
3114 4643 3345 4688 careret.

1763 4719 1916 4774 Talia
1957 4719 2107 4776 Zeno
2129 4720 2389 4788 audiens,
2415 4722 2542 4777 licet
2575 4737 2720 4794 aegre
2757 4722 2924 4779 ferret
2977 4724 3096 4794 ejus
3141 4725 3350 4782 disces-

1761 4827 1906 4879 sum,
1935 4813 2234 4868 deliberate
2262 4822 2442 4868 tamen
2468 4815 2721 4881 consilio,
2759 4816 2838 4871 rei
2866 4817 3096 4886 publicae
3125 4816 3349 4872 utilitati

1759 4905 2124 4975 prospiciens,
2154 4905 2274 4976 ejus
2298 4907 2654 4976 petitionibus
2681 4907 2893 4974 annuit,
2921 4907 3240 4980 Italiamque
3271 4909 3345 4964 illi
3383 4976 3385 4978 η

1763 4996 2028 5064 tribuens,
2058 5006 2422 5068 senatumque
2480 5014 2548 5054 ac
2607 5000 2869 5070 populum
2930 4999 3238 5057 Romanum
3295 5000 3386 5057 ei'

1759 5089 2129 5156 committens,
2162 5089 2376 5160 magnis
2415 5089 2646 5145 ditatum
2676 5091 2998 5148 muneribus
3025 5093 3177 5149 abire
3215 5110 3342 5165 per-
3371 5092 3398 5168 ῖξ

1761 5179 1931 5234 misit.
1980 5177 2249 5250 Egressus
2281 5179 2447 5251 igitur
2477 5198 2510 5236 a
2538 5181 3013 5254 Constantinopoli
3047 5183 3344 5242 Theoderi-
3393 5255 3398 5259 _

1760 5283 1879 5345 eus,
1937 5268 2005 5324 ad
2058 5267 2420 5340 Ostrogothas
2471 5272 2780 5338 revertitur,
2837 5273 3198 5348 hortaturque
3247 5293 3344 5333 eos

1763 5361 2046 5428 continuo,
2105 5370 2162 5416 ut
2202 5377 2371 5432 quam
2428 5363 2665 5433 primum
2721 5366 2897 5436 parati
2936 5369 3046 5423 sint
3078 5378 3134 5425 et
3182 5371 3345 5441 quasi

1766 5455 2075 5524 possessuri
2109 5453 2318 5512 Italiam
2347 5455 2784 5527 proficiscantur.
2829 5458 2934 5528 Qui
2978 5477 3104 5518 cum
3149 5479 3344 5519 omnes

1358 5569 1592 5627 VARUE
1631 5568 2029 5632 LECTIONES.

115 5653 187 5690 ⁸⁷⁸
207 5660 542 5734 amplioris
564 5663 647 5719 9ο.
728 5665 797 5697 ⁸⁷¹
833 5679 1179 5734 quacumque
1219 5673 1369 5734 parte
1391 5664 1476 5718 9°.

1559 5662 1630 5718 8."
1666 5673 1891 5739 possent
1921 5665 2012 5719 5.’
2056 5665 2134 5739 ΨΑ
2164 5666 2309 5739 deest
2352 5666 2438 5722 9°.
2492 5667 2578 5739 ἔτι
2633 5672 2914 5739 gratulans
2944 5673 3028 5728 9°.
3051 5659 3084 5674 ’⁷

3133 5674 3203 5705 οη
3242 5686 3340 5727 nec

61 5724 125 5781 lt.
204 5731 280 5762 ⁸⁷⁸
321 5724 614 5789 ὀάοειροειιυ
638 5735 690 5789 ι,
730 5736 782 5791 5.
824 5724 909 5792 9}.
937 5735 1022 5791 IO.
1057 5724 1287 5806 semper;
1311 5737 1401 5790 sed
1427 5736 1476 5796 1.
1501 5724 1682 5806 postea
1705 5729 1944 5791 Odoacar
1974 5737 2182 5792 scribit.
2345 5737 2506 5808 quasi
2535 5724 2732 5795 cadi?
