3876 6306
486 277 583 336 ’151

1656 248 2054 309 EKKEHARDI
2090 242 2559 309 URAUGIENSIS

3647 250 3741 311 75?.

488 390 599 463 ιωιί
627 384 963 446 omanem,
1006 375 1285 449 Ρτοίοοίυθ
1337 384 1463 427 cum
1505 366 1658 463 emt}?
1721 364 2072 463 ῐξῖξιιίίίυάίηθ
2101 372 2145 429 Λ
2175 390 2303 453 ptus
2323 388 2428 447 est,
2464 378 2558 435 sed
2588 384 2711 449 post
2750 374 2820 431 ab
2862 389 2929 431 eo
2968 374 3277 431 truculente
3316 379 3633 443 peremptus
3658 387 3748 429 est.

489 458 947 553 Ostrogotharum
985 482 1041 528 et
1075 485 1201 526 cum
1245 464 1397 522 omni
1447 458 1835 532 subpellectili,
1886 472 2072 529 prius-

489 549 681 650 quamv
695 571 765 628 ad
810 566 1021 625 ltaliam
1042 558 1393 635 perveniret,
1432 552 1813 625 Trapestilam'
1836 549 2073 621 Gepida-

491 644 617 726 rum
648 679 853 736 regem,
884 657 1114 715 insidias
1136 653 1241 711 sibi
1266 649 1602 713 molientem,
1618 644 1764 701 bello
1786 650 2075 714 superans,

493 731 746 822 extinxit,
771 754 954 807 Busan
975 760 1194 820 quoque
1215 743 1577 814 Bulgarorum
1600 751 1783 809 regem
1804 749 1933 790 cum
1961 731 2081 788 suis

495 848 806 921 agminibus
834 839 1153 916 prosternit.
1198 834 1405 892 Deinde
1427 831 1656 888 veniens
1688 827 1921 894 Italiam,
1964 823 2077 896 pri-

498 916 759 1012 rn’umque
776 940 934 1010 juxta
963 934 1212 990 Sonuum
1241 927 1489 992 ﬂuvium,
1518 923 1613 996 qui
1644 936 1767 989 non,
1798 920 1960 991 longe
2010 916 2081 972 ab

496 1008 747 1108 Aquileia
771 1008 996 1096 labitur,
1027 1034 1207 1083 castra
1247 1031 1614 1090 componens,
1664 1028 1792 1070 cum
1836 1011 1906 1067 ad
1953 1008 2081 1065 reli—

500 1102 692 1183 cienda
720 1137 952 1194 corpora
977 1118 1263 1175 hominum
1285 1122 1340 1169 et
1357 1113 1753 1182 iumentorum,
1780 1119 1883 1177 pro
1903 1102 2083 1174 longi-

500 1215 689 1272 tudine
713 1193 928 1269 itineris
958 1208 1125 1274 fessa,
1155 1204 1440 1269 resideret,
1463 1214 1589 1257 cum
1611 1210 1812 1269 magno
1836 1193 2080 1275 exercitu

501 1309 740 1379 totisque
783 1305 951 1361 Italia:
976 1301 1189 1357 viribus
1230 1295 1478 1353 Odoacar
1523 1292 1576 1349 ei
1613 1290 1873 1347 occurrit.
1906 1285 2080 1355 Quem

502 1399 876 1459 Theodericus
913 1394 1171 1452 alacriter
1196 1390 1504 1461 excipiens,
1531 1399 1731 1457 magno
1764 1389 2082 1454 superatum

500 1494 692 1568 praelio
714 1494 771 1549 in
798 1490 983 1562 fugam
1023 1484 1312 1543 convertit.
1345 1479 1555 1536 Exinde
1597 1490 1822 1533 movens
1870 1471 2083 1529 exerci-

501 1567 643 1655 tum,
665 1599 793 1642 cum
820 1581 1092 1637 Veronam
1116 1575 1374 1642 venisset,
1402 1572 1604 1627 iterum
1644 1567 1908 1622 adversus
1956 1577 2084 1618 eum

503 1681 754 1735 Odoacar
794 1688 906 1731 non
947 1669 1150 1727 minori
1196 1682 1318 1725 sese
1358 1665 1485 1722 belli
1531 1669 1792 1733 apparatu
1834 1656 2093 1728 obponit.‘

2178 471 2428 544 Egressis
2469 470 2662 526 deinde
2713 484 2745 524 a
2791 467 2985 523 Ticino
3038 474 3162 538 post
3210 464 3512 520 triennium
3555 461 3751 527 Gothis.

2176 564 2405 620 eandem
2427 578 2554 618 mox
2593 562 2784 617 urbem
2829 561 3080 615 invasere
3120 557 3282 629 Rugi,
3312 565 3515 612 cuncta
3537 570 3632 625 per
3656 556 3753 610 cir-

2177 656 2387 712 cuitum
2434 655 2553 711 loca
2609 654 2883 724 simulque
2952 650 3225 708 civitatem
3283 665 3382 720 per
3447 647 3756 703 continuum

2179 747 2462 803 biennium
2484 746 2853 812 devastantes,
2883 758 3010 799 cum
3049 742 3230 798 adhuc
3254 740 3618 796 beatissimus
3638 738 3759 811 Epy-

2178 837 2416 908 phanius
2432 843 2764 908 superesset,
2783 834 2942 905 cujus
2957 832 3246 889 sanctitate
3258 833 3312 885 in
3326 830 3503 886 tantis
3527 829 3761 899 periculis

2180 926 2328 984 cives
2354 925 2807 990 sustentabantur
2824 921 3028 979 amicti.
3044 919 3144 976 llic
3165 936 3196 974 a
3209 917 3564 974 Theoderico
3581 914 3765 971 Gallias

2180 1017 2250 1073 ad
2283 1016 2718 1074 Gundebaudum
2753 1029 2855 1086 pro
2881 1013 3114 1084 captivis
3142 1009 3485 1067 redimendis
3522 1008 3764 1071 directus,

2181 1117 2406 1181 excepta
2461 1109 2748 1164 innumera
2789 1105 3139 1162 multitudine
3192 1102 3414 1158 illorum
3458 1113 3570 1172 pro
3590 1099 3768 1170 quibus

2180 1204 2427 1276 precium
2451 1201 2620 1268 dedit,
2646 1214 2741 1256 sex
2761 1199 2910 1254 milia
2932 1197 3299 1268 captivorum,
3318 1194 3393 1250 ob
3422 1193 3611 1248 solam
3631 1205 3769 1245 sane-

2181 1296 2355 1352 titatis
2380 1292 2885 1365 sumreverentiam
2910 1289 3013 1347 sibi
3031 1302 3314 1355 concessa,
3339 1301 3543 1342 secum
3558 1282 3768 1339 reduxit.

2253 1386 2425 1459 Igitur
2480 1384 2887 1452 Theodericus,
2947 1382 3191 1438 extincto
3250 1379 3423 1450 apud'
3458 1376 3767 1432 Ravennam

2163 1478 2485 1546 'Odoacare,
2510 1477 2681 1532 totius
2701 1475 2869 1531 Italia:
2888 1476 3096 1546 potitus
3114 1480 3200 1528 est
3219 1472 3458 1539 ditione,
3488 1484 3598 1525 nec
3623 1466 3772 1523 multo

2184 1580 2312 1645 post
2338 1570 2572 1626 Romam
2599 1568 2900 1641 profectus,
2923 1583 2955 1622 a
2983 1565 3248 1623 Romanis
3274 1578 3404 1620 cum
3440 1561 3654 1633 gaudio
3677 1573 3773 1614 ma-

2188 1679 2296 1737 gno
2316 1671 2402 1719 est
2423 1669 2734 1733 susceptus.
2764 1658 2976 1726 Quibus
3004 1656 3094 1711 ille
3114 1654 3350 1726 singulis
3372 1653 3446 1708 ad
3483 1649 3773 1707 subsidium

503 1772 709 1827 Contra
748 1780 914 1839 quem
952 1761 1324 1819 Theodericus
1373 1759 1507 1813 haut
1558 1754 1747 1827 procul
1788 1768 1818 1807 a
1869 1749 2084 1806 Verona
2117 1733 2160 1791 Β
2187 1733 2369 1814 homo
2407 1763 2629 1832 conum
2678 1752 2872 1833 viginti
2920 1765 3014 1806 se;
3058 1748 3211 1818 milia
3261 1746 3596 1801 modiorum
3635 1742 3775 1799 u-iiici

504 1861 828 1933 conﬂigens,
855 1871 1069 1914 summa
1104 1854 1224 1925 ejus
1258 1851 1558 1907 exercitum
1608 1846 1759 1903 clade
1808 1842 2084 1900 contrivit.

506 1953 616 2021 Qui
641 1952 772 2008 dum
806 1949 948 2020 fuga:
977 1954 1125 2002 metu
1152 1946 1208 2001 in
1236 1943 1441 1999 Atesim
1468 1939 1694 1995 ﬂuvium
1720 1953 1778 1994 se
1802 1935 2089 2006 precipites

505 2050 782 2115 mergunt,
837 2056 905 2095 ex
945 2051 1145 2109 magna
1189 2043 1345 2107 parte
1386 2029 1753 2103 rapidissimis
1784 2025 2091 2100 gurgitibus

505 2136 629 2206 ejus
659 2131 921 2205 implicati
972 2129 1329 2186 suﬂ‘ocantur.
1367 2121 1740 2179 Theodericus
1780 2133 1912 2174 vero
1958 2117 2092 2172 dum

507 2227 628 2297 ipso
653 2225 855 2295 impetu
880 2219 1237 2289 subsequitur
1273 2214 1560 2287 fugientes,
1616 2210 1887 2265 Veronam
1942 2207 2089 2273 ilico,

509 2319 724 2376 civibus
770 2328 974 2388 pavore
1026 2307 1393 2367 consternatis
1427 2305 1519 2371 ⁸⁷⁸,
1569 2301 1794 2358 invadit.
1846 2298 2096 2354 Odoacar

508 2420 693 2477 autem
714 2424 841 2467 cum
870 2408 958 2463 his
984 2404 1080 2477 qui
1105 2409 1393 2459 evaserant
1416 2398 1652 2470 fugiens,
1691 2395 1919 2450 Romam
1961 2405 2097 2448 con-

508 2504 705 2569 tendit,
736 2500 836 2557 sed
859 2497 1131 2555 obseratis
1161 2493 1424 2550 continuo
1451 2490 1657 2561 portis,
1689 2487 1947 2544 exclusus
1987 2490 2093 2539 est.

509 2596 618 2665 Qui
655 2607 910 2656 cernens,
946 2587 1233 2645 introitum
1276 2584 1383 2642 sibi
1429 2580 1722 2654 denegari,
1759 2577 1945 2634 omnia
1973 2587 2099 2647 quae

513 2687 784 2759 attingere
839 2682 1020 2754 potuit
1073 2679 1256 2751 gladio
1333 2675 1662 2745 ﬂammaque
1715 2667 2105 2739 consumpsit,

516 2779 949 2847 Ravennamque
996 2774 1311 2844 ingressus,
1354 2767 1719 2824 munitionem
1753 2762 1861 2821 sibi
1904 2771 2101 2832 prepa-

514 2871 676 2927 ravit.
734 2865 1107 2923 Theodericus
1163 2870 1347 2918 autem
1388 2876 1421 2916 a
1472 2858 1689 2915 Verona
1753 2852 2097 2928 digrediens,

514 2961 883 3022 Mediolanum
906 2956 1173 3030 pervenit,
1202 2963 1258 3011 et
1280 2954 1412 3010 dum
1437 2952 1510 3007 ibi
1531 2949 1879 3014 consisteret,
1901 2957 2102 3017 magna

518 3056 588 3113 ad
623 3068 751 3111 eum
782 3050 1076 3107 multitudo
1103 3048 1341 3104 militum
1367 3045 1663 3137 pluresque
1703 3039 1871 3096 Italiae
1913 3035 2101 3109 populi
2129 3078 2173 3137 Ο

518 3151 925 3210 convenerunt,
972 3141 1068 3198 sed
1106 3140 1299 3212 paucis
1328 3135 1627 3208 interiectis
1664 3134 1858 3190 diebus
1905 3144 2103 3187 rursus

520 3237 814 3295 dediticius
838 3234 1134 3299 exercitus,
1182 3229 1383 3286 Tustra
1409 3227 1647 3299 quodam
1673 3224 1899 3281 nomine
1937 3222 2104 3278 insti-

520 3337 719 3400 gante,
781 3325 1080 3382 Odoacaris
1133 3321 1386 3393 partibus
1435 3332 1495 3375 se
1537 3316 1792 3373 reddidit.
1845 3313 1982 3382 Qua:
2016 3327 2108 3369 res

523 3416 924 3476 Theodericum
949 3415 1005 3471 in
1038 3422 1255 3470 tantum
1274 3409 1599 3484 perterruit,
1643 3415 1807 3470 ut.se
1834 3419 2111 3477 suumque

521 3509 828 3568 exercitum
857 3507 1002 3579 apud
1033 3505 1381 3562 Ticinensem
1423 3502 1639 3570 urbem,
1666 3515 1793 3576 quae
1830 3514 1980 3555 nunc
2006 3497 2113 3553 Pa-

2189 1847 2482 1905 concessit.
2514 1845 2718 1919 (Ιοιω.)
2743 1832 2871 1899 Post
2904 1842 3023 1897 haec
3045 1838 3424 1895 Theodericus
3450 1846 3521 1891 ut
3545 1834 3631 1890 sui
3648 1832 3775 1904 regni

2192 1940 2341 1996 vires
2374 1936 2768 2004 constabiliret,
2819 1935 2993 2001 missa
3034 1932 3305 2006 legatione
3345 1931 3417 1987 ad
3463 1929 3775 1985 Clodovetm

2191 2034 2530 2090 Francorum
2558 2045 2764 2102 regem,
2793 2030 2963 2101 tiliam
2985 2028 3108 2099 ejus
3136 2026 3509 2083 Audoﬂedam
3534 2026 3591 2080 in
3617 2023 3776 2079 matri-

2192 2127 2441 2195 monium
2470 2124 2648 2196 petiit,
2678 2138 2844 2194 quam
2873 2122 2963 2177 ille
2993 2121 3228 2176 libenter
3252 2118 3570 2176 concessit.
3605 2114 3694 2185 (ﬂ.
3723 2113 3774 2168 Β.

2193 2229 2250 2277 et
2267 2218 2449 2290 Jonn.)
2480 2216 2851 2304 Amalf‘redam
2880 2222 3062 2270 autem
3086 2214 3407 2285 germanam
3437 2224 3607 2266 suam
3635 2206 3776 2262 Wan-

2195 2312 2444 2394 dalorum
2484 2310 2601 2382 regi
2649 2297 2948 2373 Hunerico,
2992 2303 3258 2361 Geiserici
3302 2302 3445 2369 tilio,
3494 2297 3777 2370 conjunxit,

2196 2390 2554 2476 ejusdemque
2576 2397 2906 2455 Amalfredae
2934 2397 3103 2454 tiliam
3133 2394 3539 2466 Amalbergam
3562 2390 3774 2446 Thurin-

2198 2507 2392 2566 gorum
2420 2490 2537 2564 regi
2577 2488 2926 2545 Ermeufrido
2971 2486 3223 2566 tradidit,
3270 2485 3418 2541 tilias
3466 2498 3607 2540 vero
3644 2496 3777 2546 scas,

2198 2562 2339 2658 quas
2365 2585 2422 2639 in
2450 2562 2643 2669 Moesia
2673 2589 2957 2654 genuerat,
3002 2562 3405 2650 Thiudegotam
3452 2587 3516 2633 et
3550 2575 3776 2643 Ostrogo-

2198 2676 2351 2732 tham
2411 2661 2611 2729 vicinis
2655 2671 2876 2743 regibus
2914 2669 3211 2740 copulavit,
3247 2681 3423 2721 unam
3450 2661 3782 2737 Sigismundo

2199 2767 2318 2839 regi
2346 2763 2823 2837 Burgundionum,
2863 2762 3091 2818 alteram
3133 2758 3355 2815 Alarico
3396 2760 3529 2831 regi
3574 2755 3783 2826 Wisigo-

2202 2859 2444 2915 tharum.
2477 2856 2555 2913 De
2575 2869 2688 2927 quo
2716 2854 2938 2910 Alarico
2964 2862 3128 2910 natus
3154 2860 3242 2909 est
3265 2851 3615 2906 Amalricus.
3637 2846 3783 2915 Quem

2203 2967 2340 3010 avus
2380 2966 2516 3008 suus
2540 2948 2915 3004 Theodericus
2951 2947 3007 3003 in
3037 2946 3198 3001 annis
3232 2943 3559 3015 puerilibus
3582 2950 3785 3009 utroque

2204 3050 2429 3126 parente
2455 3039 2710 3095 orbatum
2735 3036 3151 3123 dum.nutrirct,
3180 3034 3548 3104 comperiens
3588 3028 3785 3087 Βᾶθι-ἰὰ

2206 3121 2381 3191 ﬁlium
2428 3131 2810 3197 Eutharicum,
2853 3121 3175 3185 Herimundi
3208 3132 3479 3198 nepotem
3522 3134 3577 3180 et
3613 3121 3787 3177 Thuri-

2208 3225 2429 3285 smundi
2457 3224 2806 3295 abnepotem,
2833 3221 2900 3277 de
2920 3220 3242 3275 Amalorum
3268 3218 3451 3288 stirpe
3476 3212 3786 3272 descendet

2208 3328 2341 3387 teni,
2375 3317 2432 3372 in
2466 3314 2696 3388 juvenili
2717 3321 2912 3379 relate,
2941 3311 3230 3388 prudentia
3270 3310 3330 3364 iu
3365 3309 3585 3365 virtute
3626 3317 3790 3374 corpo-

2208 3383 2396 3485 risque
2417 3383 2730 3483 integritate
2752 3407 3046 3480 pollentem
3073 3404 3128 3459 in
3147 3383 3467 3476 ‘llyspania,
3490 3403 3563 3458 ad
3584 3416 3645 3457 se
3663 3398 3788 3453 illum

2209 3505 2401 3562 venire
2424 3502 2688 3575 precepit,
2721 3501 2886 3571 eique
2917 3498 3086 3553 ﬁliam
3119 3511 3277 3552 suam
3305 3491 3725 3550 Amalsuindatn
3745 3487 3790 3542 in

523 3604 616 3675 pia
642 3602 869 3668 dicitur,
891 3597 1276 3656 communiret.
1323 3593 1540 3650 Talium
1815 3590 2111 3647 varietates
2212 3595 2628 3654 matrimonium
2656 3592 2827 3660 dedit,
2855 3605 2979 3663 qua
3010 3587 3393 3644 Athalaricum
3419 3603 3493 3642 ex
3518 3601 3588 3641 eo
3611 3580 3787 3656 genuit.

526 3672 939 3752 Oundebaudus
984 3688 1438 3761 Burgundionum
1476 3699 1576 3741 rex
1617 3672 1911 3754 aspiciens,
1946 3678 2113 3752 Ligu—
2213 3687 2326 3746 Nec
2351 3687 2456 3744 fuit
2482 3687 2665 3757 aliqua
2692 3684 2876 3741 vicina
2904 3682 2973 3716 ω
3012 3696 3148 3753 gens
3185 3678 3378 3746 Italiae,
3408 3692 3543 3749 qua;
3570 3672 3791 3731 Thetide

528 3789 671 3844 riam
700 3801 827 3843 cum
853 3783 1061 3857 ingenti
1097 3780 1341 3839 exercitu
1373 3777 1618 3845 intravit,
1647 3783 1955 3845 cunctaque
1991 3785 2118 3844 qua
2214 3781 2335 3838 i-ico
2364 3785 2461 3834 aut
2481 3774 2889 3848 coniunctionis
2909 3772 3170 3828 omnium
3191 3777 3287 3824 aut
3307 3767 3593 3839 pactionis
3620 3762 3795 3819 mae

527 3878 773 3951 reperire
791 3884 1036 3948 poterat,
1080 3888 1182 3945 pro
1209 3869 1586 3941 diripientium
1610 3867 1893 3924 voluntate
1921 3864 2101 3935 depre

2217 3887 2331 3930 non
2376 3869 2577 3926 fuisset
2619 3867 2848 3933 sociata,
2901 3863 3123 3919 Zenone
3166 3862 3356 3931 itaque
3406 3866 3649 3930 augusto
3696 3860 3795 3923 post

533 3948 696 4041 dans,
726 3971 1000 4029 infinitam
1026 3967 1369 4038 captivorum
1394 3961 1800 4019 multitudinem
1825 3973 2015 4016 secum
2048 3956 2119 4012 ad
2219 3966 2408 4022 decem
2437 3971 2493 4018 ei
2516 3968 2725 4032 septem
2752 3971 2926 4013 annos
2962 3954 3119 4027 regni
3149 3953 3237 4009 sui
3266 3950 3563 4015 defuncto,
3590 3948 3795 4002 Anasta—

532 4039 738 4123 Gallias
782 4061 958 4120 duxit.
1015 4057 1388 4116 Theodericus
1428 4055 1615 4127 itaque
1672 4050 1992 4124 aliquandiu
2040 4050 2122 4119 in-
2223 4059 2344 4115 sios
2371 4054 2640 4113 successit
2661 4052 2913 4123 imperio,
2943 4062 3182 4119 regnans
3204 4061 3304 4117 per
3328 4059 3515 4100 annos
3532 4039 3628 4109 εγ,
3652 4039 3797 4093 Theo-

534 4167 622 4214 tra
653 4154 987 4212 munitiones
1008 4149 1307 4209 exercitum
1334 4148 1577 4205 retinens
1616 4146 1715 4215 ‘7',
1738 4146 1962 4201 demum
1994 4142 2123 4198 reli-
2223 4150 2442 4206 eiei-iens
2479 4161 2611 4203 vero
2649 4160 2748 4216 per
2780 4143 2924 4199 idem
2973 4150 3190 4210 tempus
3221 4138 3456 4209 paciﬁce
3494 4145 3725 4206 regnans
3751 4128 3795 4179 in

535 4250 641 4309 etis
689 4249 763 4305 ibi
785 4248 857 4282 “°
898 4244 1189 4304 sororibus
1237 4250 1292 4299 et
1338 4249 1515 4296 matre
1559 4239 1927 4307 universaque
1971 4233 2122 4305 vulgi
2224 4241 2400 4307 italia,
2432 4238 2623 4295 nomo;
2650 4236 2902 4292 miranda
2940 4233 3070 4289 fecit
3105 4230 3361 4297 aediﬁcia,
3396 4237 3453 4284 et
3485 4244 3590 4299 per
3613 4220 3794 4293 stagni:

538 4341 888 4401 multitudine
910 4382 925 4406 ,
958 4337 1127 4401 nichil
1156 4336 1316 4407 plane
1334 4333 1536 4390 dubius
1573 4330 1642 4387 de
1685 4330 1791 4386 fide
1814 4326 2124 4400 Epyphanii
2226 4347 2457 4405 quasque
2478 4332 2599 4386 loca
2623 4329 2925 4385 celebriora
2955 4325 3104 4398 regia
3134 4323 3243 4378 sibi
3262 4320 3587 4379 construxit
3616 4315 3795 4372 habita-

536 4437 643 4493 viri
677 4405 1037 4498 sanctissimi,
1057 4405 1304 4501 ejusdem
1321 4425 1561 4483 civitatis
1583 4422 1849 4495 episcopi,
1876 4435 2004 4478 cum
2027 4434 2128 4476 exs-
2156 4423 2203 4484 D
2228 4429 2372 4484 cuia,
2397 4424 2612 4481 Μοι-ωο
2642 4431 2825 4478 autem
2856 4418 3149 4474 Anastasio
3180 4425 3237 4472 et
3269 4417 3395 4487 ipso
3430 4412 3697 4475 heretico,
3718 4405 3796 4460 Ja-

540 4528 745 4599 peditis
792 4535 1131 4583 armatorum
1164 4523 1359 4579 cuneis
1383 4522 1450 4578 ad
1477 4519 1840 4577 obsidendum
1876 4516 2125 4573 Odoaca-

541 4630 661 4672 rem
707 4613 1024 4670 Ravennam
1078 4612 1349 4684 perrexit.
1387 4610 1638 4681 Cumque
1687 4609 1744 4663 in
1780 4622 1847 4664 eo
1883 4606 2007 4663 loco
2032 4605 2131 4677 qui

543 4706 801 4764 Pinetum
824 4704 1025 4763 dicitur
1057 4719 1175 4761 non
1212 4702 1407 4773 procul
1428 4702 1498 4757 ab
1536 4701 1669 4756 urbe
1697 4708 1879 4756 castra
1906 4698 2133 4770 posuis-

546 4809 650 4866 set,
673 4813 771 4871 per
790 4797 1121 4856 continuum
1134 4802 1275 4866 pene
1298 4793 1596 4849 triennium
1616 4789 1951 4847 Odoacarem
1974 4789 2134 4845 obse—

545 4893 645 4951 dit.
667 4892 795 4959 Qui,
818 4905 943 4946 cum
972 4888 1286 4959 frequenter
1307 4892 1585 4941 nocturno
1599 4891 1984 4953 temporecum
2017 4880 2146 4936 suis

547 5000 618 5041 ex
645 4984 782 5039 urbe
808 4982 1117 5054 egrediens,
1146 4977 1449 5036 exercitum
1505 4973 1830 5031 Theoderici
1855 4972 2135 5044 inquieta-

549 5087 654 5146 ret,
686 5078 985 5135 novissime
1024 5082 1197 5132 noctu
1228 5074 1444 5130 irruens
1484 5071 1541 5126 iu
1583 5078 1793 5136 castra,
1834 5068 2136 5125 exercitum

553 5167 878 5225 Theoderici
898 5182 1093 5240 magna
1118 5175 1300 5238 strage
1328 5161 1626 5234 prostravit
1650 5158 1749 5233 (Η.
1774 5159 1888 5231 3.),
1917 5158 2012 5215 sed
2035 5157 2141 5214 Go-

557 5262 667 5318 this
689 5259 902 5317 fortiter
939 5258 1343 5323 resistentibus,
1393 5257 1462 5313 ad
1506 5264 1813 5312 extremum
1859 5253 2058 5317 victus,
2084 5252 2142 5306 in

558 5357 752 5413 urbem
776 5353 1058 5426 confugit;
1098 5369 1201 5409 nec
1251 5352 1424 5408 multo
1470 5359 1595 5423 post
1632 5350 1806 5407 missa
1852 5347 2143 5419 legatione,

2228 4519 2409 4576 stinus
2438 4515 2728 4587 imperium
2755 4514 2983 4583 adeptus
3021 4518 3126 4566 est.
3155 4508 3260 4576 Qui
3291 4509 3429 4563 dum
3460 4515 3611 4562 esset
3636 4501 3795 4557 ortho-

2232 4612 2430 4676 doxus,
2469 4621 2700 4664 cernens
2733 4605 2787 4660 in
2813 4604 3062 4675 partibus
3090 4601 3329 4657 Orientis
3354 4599 3453 4654 illo
3488 4598 3668 4653 adhuc
3688 4602 3798 4648 trn-

2232 4715 2363 4773 pore
2387 4698 2679 4754 Arrianam
2713 4694 2952 4751 heresim
2981 4709 3081 4765 per
3106 4691 3468 4762 singuialoca
3499 4689 3697 4759 vigere.
3720 4694 3799 4752 pro

2234 4792 2433 4849 ardore
2455 4790 2738 4847 catholica:
2760 4787 2885 4843 fidei
2906 4786 3223 4843 decertabat
3241 4783 3522 4840 hereticos
3542 4779 3798 4847 dissipare.

2240 4898 2504 4960 sextoque
2532 4886 2751 4957 imperii
2771 4882 2857 4939 sui
2885 4897 3031 4938 anno
3058 4881 3324 4952 precepit,
3352 4888 3419 4933 ut
3450 4877 3652 4947 ubique

2241 4983 2477 5039 ticorum
2516 4977 2795 5035 aecclesias
2836 4973 3093 5030 catholici
3133 4976 3529 5027 consecrarcnt
3566 4955 3797 5043 episcopi.

2241 5075 2358 5131 Hoc
2386 5072 2616 5129 audiens
2643 5067 3036 5132 Theodericus,
3058 5063 3293 5118 Arriana
3315 5062 3416 5116 lue
3444 5059 3698 5130 pollutus,
3720 5049 3797 5102 ιο-

2242 5167 2480 5222 hanncm
2511 5177 2708 5235 papam
2733 5159 3007 5229 simulque
3045 5170 3169 5212 cum
3200 5169 3268 5210 eo
3298 5151 3645 5208 Theodorum
3666 5151 3801 5210 altth

2241 5257 2555 5329 Agapitum,
2583 5253 2903 5310 consulares
2923 5251 3091 5315 viros,
3115 5247 3401 5316 aliumque
3426 5241 3702 5315 Agapitum
3725 5246 3799 5302 in—

2246 5348 2466 5405 tricium
2486 5341 3017 5412 Constantinopolim
3042 5339 3111 5394 ad
3138 5337 3422 5393 Justinum
3451 5334 3797 5403 imperatore!

559 5448 774 5506 veniam
802 5424 1137 5520 supplicans,
1167 5461 1201 5502 a
1227 5444 1564 5502 Theoderico
1576 5443 1733 5515 quasi
1759 5442 1814 5498 in
1831 5441 1937 5497 fide
1962 5454 2150 5496 susce—
2250 5439 2472 5506 direxit,
2499 5436 2770 5494 mandans
2794 5434 2869 5489 illi
2910 5430 3193 5529 minando,
3228 5428 3387 5500 quia,
3430 5424 3531 5483 nisi
3576 5424 3801 5478 heretici

1883 5585 2115 5643 VARIIE
2157 5583 2450 5645 LECTION
2459 5583 2559 5640 ES.

631 5734 783 5789 "se.
799 5747 852 5803 ι).
885 5747 937 5788 ε).
976 5734 1048 5770 *ν’
1071 5741 1279 5789 tenens.
1306 5731 1367 5786 9°
1442 5736 1467 5763 ⁸
1552 5726 1658 5783 ibi.
1679 5744 1737 5797 rr
1757 5727 1820 5781 Β.
1887 5727 1954 5760 ⁸⁸¹
1986 5744 2039 5799 g.
2068 5727 2257 5785 vicina
2278 5727 2341 5783 5.
