3876 6306
139 431 215 487 753

994 422 1363 480 cnnomca.
1404 403 1473 463 '—
1510 418 1906 479 CilRONlCON
1948 414 2411 475 UNIVERSALE.

3248 418 3356 477 754

133 544 361 605 ecclesias
399 556 524 597 suas
563 539 892 611 quantocius
935 541 1181 597 redderet
1217 555 1423 613 eosque
1448 540 1503 595 in
1532 553 1664 611 pace
1692 538 1739 596 A
1763 533 2317 604 Constantinopolim,
2354 539 2415 587 ut
2447 546 2545 604 per
2578 546 2704 587 eum
2740 531 2972 605 gratiam
3008 533 3356 605 imperatoris

135 641 290 709 degere
313 635 521 698 sineret,
559 631 848 687 universos
872 629 1045 687 Italia:
1070 632 1303 703 populos
1343 632 1459 703 ipse
1484 631 1664 705 gladio

132 728 440 798 extingueret.
471 721 574 790 Qui
605 721 981 794 pervenientes
1002 722 1073 777 ad
1100 730 1418 792 augustum,
1443 737 1569 778 cum
1596 720 1666 777 ab

131 836 183 877 eo
215 819 374 889 digne,
416 823 473 870 ut
510 814 872 884 competebat,
912 813 1153 886 suscepti
1194 822 1409 881 essent,
1448 811 1665 885 magnis

130 929 228 970 cum
264 910 460 966 ﬁetibus
480 908 849 980 postulabant,
879 915 940 962 ut
967 923 1083 964 sua:
1125 907 1414 979 legationis
1442 906 1663 974 seriem,

130 1004 337 1077 quamvis
381 1009 521 1059 esset
564 1001 789 1071 injusta,
833 1001 1064 1057 libenter
1098 1001 1375 1072 exciperet
1413 1009 1467 1057 et
1500 1000 1667 1057 Italiae

129 1097 341 1168 peritura:
374 1094 701 1151 consuleret.
736 1093 982 1160 Quorum
1015 1094 1232 1153 fletibus
1258 1092 1509 1151 Justinus
1538 1110 1665 1165 per-

129 1196 301 1254 motus,
337 1187 410 1245 eis
457 1186 606 1257 quod
651 1187 909 1257 petebant
956 1186 1248 1255 concessit,
1293 1187 1668 1259 Arrianosque

127 1289 216 1333 suae
237 1276 464 1348 potestati
493 1275 723 1332 dimisit.
755 1276 1004 1348 Cumque
1034 1276 1089 1332 hi
1110 1276 1167 1333 in
1194 1277 1389 1334 itinere
1413 1277 1667 1334 demora-

126 1379 294 1437 reutur,
315 1367 677 1425 Theodericus
697 1368 847 1424 rabie
867 1369 1309 1440 iniquitatissua:
1329 1369 1663 1436 stimulatus,

127 1459 451 1515 Simmachum
481 1460 776 1531 patricium
805 1472 859 1516 et
879 1458 1130 1517 Boetium
1160 1471 1470 1518 senatorem
1492 1470 1547 1517 et
1570 1478 1666 1518 ex-

124 1552 358 1606 consulem
383 1551 562 1623 gladio
594 1551 904 1607 trucidavit.

180 1642 257 1699 His
275 1657 485 1714 quoque
514 1643 708 1699 diebus
730 1644 971 1700 extincto
995 1661 1025 1699 a
1048 1643 1278 1700 Francis
1304 1645 1524 1702 Alarico
1546 1643 1665 1700 Wi-

124 1735 413 1803 sigotharum
441 1750 593 1807 rege,
621 1733 992 1792 Theodericus
1020 1752 1118 1807 per
1147 1735 1377 1792 llibbam
1406 1737 1663 1792 comitem

123 1841 250 1880 suum
271 1826 382 1897 plus
419 1842 588 1897 quam
621 1826 690 1881 30
726 1827 876 1881 milia
898 1827 1238 1883 Francorum
1265 1828 1502 1896 credens,
1539 1838 1665 1899 post

122 1924 310 1970 mortem
335 1915 540 1971 Alarici
564 1916 750 1988 generi
772 1917 842 1949 3"
870 1917 978 1986 sui,
1006 1917 1294 1987 Thiodem,
1331 1920 1663 1991 armigerum

120 2006 233 2075 ejus,
276 2016 502 2064 tutorem
535 2007 796 2064 Amalrici
849 2010 1058 2080 nepotis
1102 2010 1189 2066 sui
1228 2010 1533 2067 constituit.
1567 2010 1665 2066 Jo-

123 2098 290 2155 hannes
326 2115 448 2155 vero
484 2116 623 2171 papa
666 2102 881 2157 rediens
926 2118 956 2157 a
994 2102 1492 2175 Constantinopoli,
1539 2120 1665 2160 cum

121 2190 254 2246 sociis
274 2191 476 2248 itineris
509 2177 770 2248 suivenit
792 2194 860 2249 ad
901 2193 1299 2252 Theodericum
1323 2194 1661 2253 Ravennam.

121 2279 191 2335 ille
208 2298 321 2338 vero
340 2299 431 2354 per
451 2284 732 2341 maliciam
763 2286 1062 2357 impietatis
1088 2296 1141 2343 et
1161 2288 1500 2346 crudelitatis
1526 2305 1662 2357 sum,

118 2388 195 2442 pro
226 2389 283 2429 eo
321 2377 461 2447 quod
508 2393 540 2433 a
584 2375 829 2445 Justino,
873 2378 1159 2435 catholica:
1198 2379 1322 2436 ﬁdei
1353 2380 1662 2449 defensore,

119 2466 368 2524 honoriﬁce
395 2470 639 2541 suscepti
663 2481 870 2539 essent,
906 2473 1113 2528 carceri
1138 2488 1234 2530 eos
1259 2474 1590 2545 mancipavit
1611 2483 1666 2530 et

118 2554 246 2614 famis
266 2560 550 2617 alliictione
575 2562 865 2619 interfecit.
899 2562 1006 2619 Sed
1038 2564 1181 2621 hanc
1204 2565 1661 2622 immanissimum

116 2647 208 2716 ejus
239 2652 606 2707 crudelitatem
654 2653 839 2708 divina
876 2671 1003 2709 mox
1041 2655 1446 2711 animadversio
1475 2664 1660 2712 secuta

115 2748 204 2806 est;
226 2757 336 2796 nam
365 2744 730 2815 nonagesimo
753 2761 899 2801 nono
922 2755 1047 2817 post
1075 2746 1181 2803 hoc
1214 2747 1430 2804 facinus
1452 2748 1541 2804 die
1569 2764 1662 2804 su-

116 2831 200 2886 bita
217 2844 371 2891 morte
392 2836 693 2893 defunctus
715 2847 817 2895 est.
846 2838 1020 2911 Cujus
1051 2841 1312 2909 animam,
1338 2851 1399 2898 ut
1436 2850 1661 2900 sanctus

114 2920 363 2996 Gregorius
400 2928 454 2982 in
494 2914 711 3001 dialogo
753 2930 963 2999 scribit,
996 2932 1276 2989 solitarius
1315 2934 1537 3003 quidam
1577 2934 1662 2988 vir

113 3027 284 3085 magna:
308 3019 529 3074 virtutis
566 3020 711 3090 apud
752 3019 1044 3091 Lipparam
1088 3023 1324 3077 insulam
1359 3023 1494 3080 vidit
1518 3025 1661 3080 inter

111 3102 370 3165 Johannem
393 3128 598 3184 papam
630 3120 684 3168 et
711 3111 1088 3170 Simmachum
1126 3117 1414 3186 patricium
1454 3117 1659 3173 discin-

110 3206 227 3253 ctum
249 3208 298 3255 et
319 3201 701 3258 discalciatum
727 3203 923 3260 deduci
947 3215 1001 3260 et
1028 3205 1081 3260 in
1109 3206 1274 3262 ollam
1313 3206 1538 3262 Vulcani
1565 3207 1658 3262 de-

113 3293 267 3363 luergi.
299 3292 498 3367 (Ιοιυ.)
529 3292 675 3351 Ante
717 3304 920 3365 tamen,
959 3313 1084 3353 cum
1110 3299 1289 3354 adhuc
1313 3299 1536 3363 valeret,
1568 3300 1664 3355 sed

108 3381 198 3451 jam
221 3387 411 3454 senior,
447 3402 767 3446 convocans
802 3389 1008 3446 Gothos
1037 3400 1093 3446 et
1125 3392 1300 3464 gentis
1328 3408 1441 3448 sua:
1463 3393 1667 3463 prima-

112 3481 193 3544 tes,
219 3476 610 3549 Athalaricum,
635 3481 1006 3539 Amalsninda:
1032 3484 1203 3539 ﬁlium
1226 3482 1313 3539 vix
1344 3486 1532 3541 decem
1568 3501 1668 3539 an-

111 3581 293 3638 norum,
329 3589 511 3645 regem
546 3574 851 3643 constituit,
875 3576 1175 3633 exhortans
1200 3593 1351 3646 suos,
1386 3586 1447 3633 ut
1483 3595 1666 3650 regem

108 3660 332 3732 colerent,
369 3675 627 3721 senatum
657 3668 1027 3740 populumque
1062 3669 1370 3726 Romanum
1397 3681 1664 3738 amarent,

108 3750 371 3826 principem
417 3756 664 3814 Orientis
704 3760 979 3830 placatum
1025 3777 1240 3833 semper
1276 3771 1331 3819 et
1362 3764 1665 3834 propicium

108 3840 278 3901 habere
297 3860 579 3906 curarent.
605 3849 702 3919 (Η.
729 3849 793 3905 R.
819 3860 873 3906 et
893 3850 1074 3924 Jonn.)
1103 3853 1225 3920 Quo
1250 3854 1526 3922 defuncto,
1560 3857 1669 3912 Go-

107 3932 188 4001 thi,
219 3944 272 3991 ut
290 3941 538 4011 precepit
570 3939 965 4009 Theodericus,
988 3942 1365 3998 Athalaricum
1389 3959 1517 3999 cum
1546 3960 1667 4000 ma-

106 4029 173 4077 tre
199 4041 290 4081 sua
331 4031 629 4099 preficiunt
659 4046 850 4104 regno,
886 4032 991 4087 hoc
1023 4032 1168 4103 quod
1201 4020 1518 4103 preceptum
1551 4043 1671 4091 erat

104 4119 465 4191 custodientes,
510 4138 677 4194 quam
725 4123 817 4179 diu
862 4124 1211 4181 Athalaricus
1253 4134 1307 4181 et
1341 4135 1518 4182 mater
1549 4128 1669 4199 ejus

62 4208 71 4215 '
104 4207 345 4281 vivebant,
373 4216 470 4287 qui
496 4231 642 4287 pene
687 4232 784 4287 per
821 4226 947 4272 octo
990 4232 1164 4274 annos
1218 4219 1544 4290 regnabant.
1572 4218 1670 4275 Ju-

103 4299 226 4358 stino
249 4315 429 4363 autem
453 4317 695 4379 augusto
724 4318 848 4379 post
871 4317 996 4365 octo
1025 4310 1240 4381 imperii
1267 4311 1352 4366 sui
1380 4326 1554 4366 annos
1575 4310 1671 4368 de-

101 4388 282 4465 functo,
306 4397 681 4468 Justinianus,
706 4402 914 4459 sororis
935 4402 1055 4473 ejus
1080 4401 1245 4472 ﬁlius,
1272 4404 1541 4460 successit
1566 4403 1671 4459 im-

101 4485 248 4549 Pelio.
296 4489 401 4546 Cui
461 4491 811 4550 Athalaricus
862 4502 975 4549 tam
1022 4510 1178 4551 suam
1242 4494 1667 4551 adolescentiam

1690 3253 1732 3309 C

1767 628 2095 698 acquireret.
2121 624 2363 681 Veniens
2385 631 2568 679 autem
2589 623 2832 695 pontifex
2855 624 2921 680 ad
2947 625 3353 699 imperatorem,

1767 719 1932 792 cmpit
1971 719 2174 776 habere
2204 717 2536 789 colloquium
2563 716 2635 750 ⁸⁸³
2673 733 2799 772 cum
2845 733 2911 772 eo
2934 708 3011 752 ⁸⁸⁸
3034 720 3103 775 de
3147 720 3273 788 ﬁde,
3300 731 3354 777 et

1766 798 1975 869 invenit
2002 827 2129 867 eum
2157 809 2463 867 doctrinam
2488 808 2749 865 Euticetis
2776 810 2995 867 habere.
3024 810 3197 880 Quem
3227 829 3353 869 cum

1767 903 2013 976 pontifex
2050 917 2151 975 pro
2178 917 2367 958 errore
2395 900 2722 973 increparet,
2758 902 2848 958 ille
2887 904 3054 960 minis
3097 921 3224 961 eum
3254 923 3355 978 ag-

1768 1014 1991 1073 gressus
2032 1007 2150 1067 est;
2184 999 2280 1055 sed
2321 998 2378 1053 in
2417 998 2523 1054 ﬁde
2570 997 2838 1073 catholica
2885 1016 3024 1071 papa
3058 1000 3356 1059 immobilis

1767 1070 1969 1159 stabat,
2009 1097 2064 1147 et
2089 1089 2159 1147 ad
2192 1089 2578 1161 imperatorem
2620 1070 3025 1160 dicebat
3057 1088 3353 1146 desideravi

1767 1184 1940 1239 uenire
1958 1182 2029 1237 ad
2049 1180 2418 1237 Iustinianum
2437 1181 2808 1252 imperatorem
2827 1180 3352 1250 christianissimum,

1768 1274 1861 1329 sed
1886 1284 1943 1329 ut
1964 1273 2134 1341 uideo,
2165 1273 2337 1328 inveni
2366 1272 2780 1328 Diocletianum.
2811 1271 3015 1331 Videtis
3039 1282 3221 1331 autem
3249 1273 3357 1330 im-

1767 1375 1986 1438 perator
2007 1366 2375 1424 constantiam
2403 1365 2545 1438 ejus,
2570 1381 2636 1422 ex
2662 1367 2943 1422 voluntate
2964 1365 3061 1423 Dei
3082 1367 3356 1438 acquievit

1767 1459 1992 1517 monitis
2023 1458 2202 1529 illius;
2235 1459 2331 1515 sed
2361 1474 2472 1515 non
2502 1459 2676 1515 multo
2696 1467 2821 1530 post
2839 1458 2982 1516 idem
3004 1459 3250 1532 pontifex
3275 1461 3352 1517 ibi

1765 1550 2065 1619 defunctus
2100 1560 2204 1609 est.
2256 1550 2602 1608 Justinianus
2645 1566 2779 1608 vero
2824 1551 3139 1608 Bilisarium
3185 1546 3356 1624 patri-

1761 1643 1936 1713 cium,
1980 1643 2097 1716 jam
2145 1643 2213 1701 de
2246 1642 2531 1700 Wandalis
2573 1644 2629 1699 in
2677 1642 2863 1700 Africa
2903 1644 3351 1716 triumphantem,

1766 1745 1958 1794 contra
1989 1734 2332 1794 Theodatum
2355 1735 2427 1769 ⁸⁸⁸
2457 1736 2628 1804 misit,
2654 1744 2716 1791 ut
2737 1745 2790 1792 et
2819 1735 3031 1795 Italiam
3067 1752 3099 1792 a
3134 1736 3356 1792 servitio

1767 1828 2071 1885 Gothorum
2093 1829 2368 1884 liberaret.
2395 1827 2596 1900 (Jono.)
2617 1827 2878 1884 Veniente
2898 1837 3081 1886 autem
3103 1827 3357 1885 Bilisario

1770 1922 1826 1975 in
1851 1920 2119 1989 Siciliam,
2146 1936 2338 1976 omnes
2365 1920 2461 1992 qui
2486 1920 2560 1975 ibi
2584 1928 2740 1976 erant
2760 1919 2924 1976 Gothi
2947 1935 3074 1977 cum
3095 1920 3235 1976 duce
3254 1936 3357 1975 suo

1770 2000 2047 2070 Sinderith
2078 2014 2225 2070 ultro
2256 2028 2316 2070 se
2343 2011 2594 2068 Bilisario
2633 2011 2992 2068 tradiderunt.
3035 2011 3356 2068 Theodatus

1767 2120 1898 2161 vero
1918 2121 2177 2177 generum
2204 2120 2365 2161 suum
2388 2103 2797 2160 Evermundum
2829 2119 2955 2160 cum
2981 2103 3227 2159 exercitu
3252 2104 3359 2158 mi-

1767 2197 1840 2255 sit
1863 2198 1929 2254 ad
1963 2198 2385 2256 custodiendum
2416 2195 2641 2265 fretum,
2673 2196 2769 2253 ubi
2796 2204 2880 2252 est
2907 2196 3087 2251 exitus
3113 2195 3180 2251 de
3211 2193 3357 2251 Sici-

1765 2289 1871 2358 lia;
1901 2290 1997 2347 sed
2026 2290 2377 2347 ille'audiens
2399 2299 2656 2347 eventum
2682 2304 2865 2345 rerum
2894 2288 2953 2345 in
2982 2287 3188 2357 Sicilia,
3212 2289 3359 2345 ultro

1766 2397 1826 2437 se
1851 2381 1919 2438 ad
1950 2382 2115 2453 pedes
2140 2381 2481 2437 advenientis
2505 2380 2577 2414 ⁸⁸⁸
2602 2379 2842 2436 Bilisarii
2883 2379 3054 2447 misit,
3092 2377 3358 2435 Romanis

1766 2482 1962 2544 optans
1982 2473 2187 2529 servire
2220 2472 2580 2544 principibus.
2603 2470 2763 2538 Quod
2788 2470 3093 2528 Gothorum
3116 2470 3359 2526 sentiens

1765 2566 2060 2633 exercitus,
2078 2573 2424 2635 susspectum
2447 2562 2791 2623 Theodatum
2813 2578 2845 2618 a
2860 2577 3028 2635 regno
3048 2560 3359 2633 pellendum

1764 2657 2030 2724 clamitat,
2045 2656 2389 2730 etWitigem,
2411 2655 2508 2727 qui
2528 2655 2648 2726 ejus
2664 2654 2902 2727 armiger
2923 2662 3062 2721 erat,
3089 2654 3157 2709 ad
3180 2653 3359 2708 rebel-

1763 2750 1988 2806 landum
2024 2751 2079 2805 in
2118 2764 2347 2821 regnum
2386 2748 2581 2804 elevat.
2625 2744 2731 2814 Qui
2769 2745 2980 2801 levatus
3014 2744 3072 2801 in
3105 2758 3361 2816 regnum,

1768 2843 1999 2900 Roma‘m
2029 2843 2354 2916 ingreditur,
2389 2841 2786 2914 premissisque
2813 2839 3131 2896 Ravennam
3157 2839 3363 2896 ﬁdelis-

1764 2942 1922 2998 simis
1957 2942 2061 2998 sibi
2098 2941 2253 3008 viris,
2277 2938 2621 2999 Theodatum
2645 2937 2821 2995 occidi
2848 2937 3107 3009 precepit,
3133 2937 3363 3007 ipseque

1763 3042 1889 3104 post
1914 3050 2121 3104 paucos
2142 3034 2260 3091 dies
2284 3032 2600 3088 Ravennam
2623 3030 2872 3097 veniens,
2897 3029 3359 3097 Mathesuindam,

1762 3126 2135 3182 Amalsuindic
2148 3125 2338 3193 ﬁliam,
2353 3124 2407 3179 vi
2424 3123 2530 3179 sibi
2543 3123 2599 3178 in
2621 3121 3035 3177 matrimonium
3050 3120 3357 3192 copulavit.

1837 3216 1935 3290 (Η.
1961 3216 2054 3289 Β.)
2091 3216 2375 3272 Bilisarius
2403 3227 2535 3270 vero
2570 3220 2864 3284 conceptas
2893 3219 3084 3266 contra
3108 3209 3364 3266 Theoda-

1768 3322 1884 3369 tum
1906 3312 2034 3367 belli
2060 3312 2205 3368 vires
2232 3311 2285 3366 in
2317 3308 2572 3382 Witigcm
2596 3307 2884 3372 convertit,
2907 3320 3273 3378 egressusque
3292 3305 3361 3360 de

1770 3404 1978 3471 Sicilia,
2010 3402 2242 3459 Romam
2287 3402 2455 3458 venit.
2486 3400 2651 3457 Gothi
2695 3409 2874 3457 autem
2914 3400 3010 3470 qui
3039 3397 3114 3454 ibi
3145 3398 3362 3454 habita—

1767 3497 1902 3552 bant
1943 3503 2105 3552 nocte
2152 3494 2492 3566 egredientes
2536 3491 2799 3558 Romam,
2845 3498 3142 3562 portasque
3190 3489 3358 3545 relin-

1769 3593 2002 3657 quentes
2072 3592 2290 3655 apertas
2316 3626 2332 3650 ,
2398 3582 2657 3655 fugerunt
2738 3579 3076 3636 Ravennam.
3144 3578 3366 3651 Witigis

1769 3687 1952 3734 autem
1982 3685 2044 3734 ut
2086 3676 2213 3733 talia
2246 3675 2520 3748 cognovit,
2567 3688 2694 3731 cum
2735 3687 2935 3745 magno
2972 3672 3213 3729 exercitu
3253 3670 3364 3725 Ro-

1770 3786 1915 3826 mam
1945 3769 2124 3838 venit;
2156 3769 2250 3825 sed
2272 3767 2581 3834 Bilisarius,
2611 3780 2843 3822 cernens
2879 3780 2991 3822 non
3028 3773 3215 3836 aptum
3257 3764 3364 3819 sibi

1770 3873 1987 3934 tempus
2013 3862 2081 3918 ad
2113 3859 2489 3935 pugnandum,
2516 3859 2645 3930 quia
2675 3857 2850 3914 fames
2889 3873 3087 3928 magna
3129 3871 3196 3912 eo
3221 3871 3366 3911 anno

1769 3954 2118 4023 obpresserat
2148 3951 2435 4018 mundum,
2463 3950 2688 4006 inclusit
2717 3964 2778 4005 se
2804 3947 2947 4005 infra
2974 3946 3229 4014 Romam,
3258 3961 3361 4015 po—

1770 4046 1895 4103 sitis
1926 4044 2267 4112 custodibus,
2291 4043 2386 4114 qui
2411 4058 2479 4099 ex
2502 4041 2652 4098 omni
2676 4050 2830 4112 parte
2850 4038 3193 4096 custodirent
3218 4053 3361 4093 eam.

1770 4138 1934 4195 Gothi
1961 4152 2092 4194 vero
2123 4136 2307 4193 omnia
2332 4134 2468 4190 foris
2489 4132 2855 4198 devastantes,
2880 4146 3005 4186 cum
3029 4144 3129 4201 per
3158 4144 3364 4186 annum

1770 4232 2044 4304 integrum
2073 4229 2391 4285 obsiderent
2422 4226 2675 4293 Romam,
2698 4224 2956 4283 immisso
2976 4240 3142 4295 super
3171 4239 3231 4279 se
3256 4232 3366 4279 ter-

1771 4340 1915 4392 rore,
1952 4322 2211 4394 fugerunt
2245 4320 2584 4376 Ravennam.
2628 4317 2830 4374 lterum
2869 4315 3093 4388 Witigis
3134 4314 3365 4373 collecto

1770 4414 2015 4472 exercitu
2056 4413 2204 4469 venit
2243 4420 2434 4468 contra
2464 4409 2777 4467 Bilisarium
2816 4409 2874 4465 in
2916 4423 3178 4480 pugnam,
3215 4422 3366 4464 com-

1772 4509 2053 4579 missaque
2103 4521 2307 4578 pugna,
2360 4504 2520 4561 multi
2570 4519 2642 4560 ex
2698 4508 2852 4575 parte
2901 4499 3124 4573 Witigis
3161 4500 3365 4555 mortui

96 4590 242 4643 quam
285 4584 485 4640 matris
538 4584 863 4640 viduitatem
913 4586 1338 4654 commcndaVit.
1386 4587 1482 4643 50d
1519 4587 1669 4644 hPeVi
1704 4600 1749 4655 D
1775 4611 1924 4667 sunt,
1951 4601 2240 4672 ipsumque
2261 4598 2557 4671 fugientem
2578 4595 2858 4653 Johannes
2877 4592 3087 4649 militia:
3106 4592 3367 4663 magister

97 4677 204 4733 post
226 4679 471 4744 tempore
498 4676 757 4732 humanis
782 4678 946 4733 rebus
966 4678 1225 4734 excessit.
1248 4678 1388 4733 Tum
1413 4688 1671 4736 maternae

95 4772 242 4817 sexus
269 4764 624 4838 fragilitatem
648 4766 811 4824 Gothi
841 4769 970 4824 dum
996 4778 1334 4841 spernerent,
1367 4787 1555 4827 secum
1578 4771 1673 4827 de-

95 4847 333 4924 liberans,
369 4859 493 4930 ipsa
524 4859 865 4917 Theodatum
914 4863 1306 4919 consobrinum
1343 4881 1505 4920 suum
1547 4880 1640 4937 ger
1654 4884 1681 4906 -'

94 4948 354 5005 inanitatis
388 4952 570 5023 gratia
604 4955 932 5010 accersitum
975 4970 1006 5010 a
1041 4954 1262 5024 Tuscia,
1298 4957 1391 5012 ubi
1427 4957 1673 5027 privatus

93 5031 140 5088 in
172 5043 404 5111 propriis
446 5045 661 5102 laribus
703 5047 948 5115 vivebat,
994 5048 1051 5102 in
1090 5064 1259 5121 regno
1300 5050 1518 5106 locavit.
1565 5050 1670 5118 Qui

93 5141 197 5193 ιιοδι
217 5134 567 5206 aliquantum
596 5147 833 5211 tempus,
859 5140 1148 5196 immemor
1174 5142 1672 5213 consanguinitatis

92 5229 137 5271 et
172 5224 441 5298 beneﬁcii,
477 5246 513 5285 a
558 5233 760 5302 palatio
799 5248 920 5288 eam
955 5233 1287 5290 abstractam
1333 5235 1388 5289 in
1434 5236 1671 5291 insulam

92 5313 183 5371 laci
210 5318 430 5378 Vulsini
462 5325 744 5396 relegavit,
777 5325 868 5380 ubi
890 5327 1254 5396 paucissimos
1282 5326 1400 5383 dies
1423 5327 1481 5382 in
1510 5328 1703 5384 tristi--

91 5408 163 5462 cia
196 5412 422 5485 degens,
464 5418 536 5473 ab
561 5419 682 5489 ejus
709 5419 991 5477 satellibus
1012 5420 1069 5474 in
1111 5421 1307 5477 balneo
1337 5422 1671 5492 strangulata

89 5509 183 5557 est.
229 5505 388 5572 Quod
439 5510 675 5568 audiens
726 5512 1055 5583 imperator,
1103 5528 1300 5584 magna
1350 5513 1433 5569 ira
1481 5521 1674 5570 contra

91 5586 422 5655 Theodatum
468 5616 738 5660 accensus
776 5614 879 5660 est.
926 5604 1022 5678 (Il.
1057 5604 1149 5675 R.)
1195 5606 1448 5662 Sentiens
1489 5613 1672 5660 autem

90 5678 186 5739 hoc
208 5684 551 5762 Theodotus,
579 5693 800 5750 beatum
820 5695 1111 5767 Agapitum
1142 5713 1339 5768 papam
1373 5696 1575 5752 direxit
1603 5697 1672 5752 ad

1776 4695 2082 4760 insecutus,
2110 4691 2296 4747 vivum
2334 4689 2691 4763 apprehendit
2717 4686 3057 4757 Romamque
3083 4684 3150 4740 ad
3173 4682 3367 4739 Bilisa-

1776 4786 1983 4842 sarium
2034 4785 2211 4850 duxit,
2265 4798 2427 4854 quem
2477 4783 2566 4836 ille
2612 4797 2799 4836 secum
2833 4775 3366 4845 Constantinopolim

1774 4876 1941 4931 vexit.
1971 4872 2144 4942 Q‘hem
2174 4875 2366 4930 videns
2394 4858 2758 4940 Iustinianus,
2783 4872 3137 4943 gavisusest,
3170 4877 3225 4926 et
3256 4884 3365 4924 non

1774 4978 1900 5041 post
1929 4969 2159 5026 multum
2188 4977 2403 5037 tempus
2434 4964 2561 5020 fecit
2583 4980 2708 5020 eum
2732 4963 3042 5035 patricium,
3072 4962 3269 5033 illeque
3291 4962 3366 5018 ibi

1776 5059 1900 5131 plus
1927 5074 2094 5129 quam
2120 5056 2401 5113 biennium
2430 5064 2698 5122 moratus,
2721 5053 3012 5109 defunctus
3031 5060 3135 5108 est.
3162 5050 3365 5123 Nono.)

1777 5152 1951 5223 Cujus
1978 5164 2205 5209 uxorem
2243 5148 2679 5206 Mathesuindam
2711 5147 3007 5218 imperator
3037 5146 3185 5203 dedit
3212 5146 3366 5202 fratri

1779 5261 1881 5302 suo
1930 5243 2203 5300 Germano
2248 5242 2497 5314 patricio,
2534 5241 2601 5297 de
2642 5240 2843 5310 quibus
2893 5248 3057 5296 natus
3095 5249 3178 5296 est
3222 5241 3368 5297 ﬁlius

1783 5336 2006 5394 nomine
2035 5335 2364 5399 Germanus,
2395 5334 2448 5388 in
2470 5349 2601 5404 quo,
2627 5332 2920 5403 conjuncta
2946 5332 3117 5402 stirpe
3147 5330 3363 5388 Anicio-

1781 5445 1903 5485 rum
1934 5437 1989 5483 et
2014 5426 2357 5492 Amalorum,
2379 5439 2506 5495 spes
2535 5424 2824 5494 utriusque
2854 5422 3069 5494 generis
3102 5428 3157 5477 et
3192 5421 3370 5492 gentis

1782 5518 1961 5591 posita
1990 5525 2093 5572 est.
2124 5514 2221 5587 (ιι.
2259 5513 2351 5584 Β.)
2381 5511 2679 5585 Postquam
2710 5521 2893 5569 autem
2928 5510 3148 5582 Witigis
3166 5518 3372 5579 captus

1781 5614 1886 5671 est,
1916 5603 2078 5661 Gothi
2107 5600 2482 5672 Transpadani
2502 5599 2871 5657 lleldebadum
2901 5596 3005 5654 sibi
3033 5611 3213 5668 regem
3239 5611 3373 5651 con-

1783 5698 2038 5763 stituunt,
2080 5695 2176 5767 qui
2195 5695 2387 5751 eodem
2411 5709 2558 5750 anno
2589 5693 2950 5763 interemptus
2984 5698 3087 5747 est.
3118 5687 3219 5742 Cui
3245 5701 3362 5743 suc-

1365 5789 1599 5846 VARI/E
1630 5788 2037 5847 LECTIONES.

154 5893 220 5928 ⁸⁸⁸
250 5899 475 5972 generis
504 5903 559 5959 ὅ.
634 5904 704 5938 ⁸⁸³
734 5919 782 5961 c.
808 5904 863 5960 ιι.
893 5906 944 5962 5.
1022 5905 1093 5940 ⁸⁸⁸
1121 5904 1202 5964 eis
1233 5906 1318 5963 9ο.
1395 5906 1466 5941 ⁸⁸³
1496 5905 1790 5964 deodatum
1818 5906 1869 5963 5.
1953 5905 2023 5941 ⁸⁸⁸
2052 5902 2322 5963 venientis
2352 5902 2440 5958 9e.
