3876 6306
494 389 603 447 765

1665 376 2065 437 EKKEIIARDI
2103 375 2567 438 URAUGIENSIS
3668 385 3751 444 756

491 502 661 562 cessit
692 499 940 567 Erarius,
963 506 1017 555 et
1045 499 1161 569 ipse
1190 495 1423 557 necdum
1451 504 1667 567 expeto
1693 512 1839 553 anno
1868 492 2092 569 jugulai
2115 492 2185 559 Α
2226 490 2234 497 ’
2261 494 2389 551 Haec
2409 494 2663 551 Iordanis
2686 494 2907 567 quidam
2933 475 3346 568 grammaticus,
3369 507 3441 549 ex
3462 495 3755 555 earumdem

404 612 413 635 ε
491 606 603 651 tur.
646 592 856 648 Dehine
896 589 1218 656 Baduillam,
1252 588 1349 660 qui
1374 596 1430 644 et
1459 588 1526 619 ⁸⁸⁷
1560 585 1739 643 Totila
1776 587 2080 655 dicebatur,

490 687 598 742 sibi
637 685 949 756 preticiunt,
986 696 1223 752 moxque
1264 680 1491 737 collecto
1534 680 1775 750 undique
1817 681 2081 749 exercitu,

495 786 667 833 totam
698 774 908 831 Italiam
953 773 1292 828 invaserunt.
1320 770 1417 844 (H.
1448 770 1544 841 m.)
1571 770 1777 826 Exinde
1800 788 1925 826 cum
1954 786 2081 842 per-

490 875 777 924 currerent
804 864 1184 936 Campaniam,
1211 864 1357 919 idem
1391 861 1567 918 Totila
1603 863 1828 919 veniens
1870 864 1940 919 ad
1965 879 2080 919 cm-

490 962 714 1019 nobium
758 960 903 1016 beati
943 958 1113 1029 patris
1157 956 1454 1023 Benedicti,
1497 955 1591 1027 qui
1625 965 1759 1012 tunc
1799 956 1855 1010 in
1897 963 2081 1011 monte

489 1054 722 1112 Cassino
750 1053 966 1126 magnis
987 1052 1284 1108 virtutibus
1314 1052 1532 1118 claruit,
1564 1050 1634 1105 ab
1667 1064 1734 1106 eo
1762 1048 1890 1105 talia
1920 1050 2079 1106 audi-

486 1148 605 1203 vit:
645 1146 822 1201 Multa
858 1144 1003 1200 mala
1029 1146 1191 1217 facis,
1223 1144 1396 1199 multa
1427 1144 1623 1214 fecisti,
1647 1143 1766 1214 jam
1800 1143 2081 1215 iniquitate

488 1254 830 1310 compescere.
877 1236 1143 1310 Equidem
1190 1253 1335 1291 mare
1375 1253 1430 1291 es
1474 1236 1822 1303 transitum,
1854 1234 2080 1290 Romam

485 1332 842 1403 ingressurus,
872 1346 1053 1386 novem
1080 1330 1235 1384 annis
1273 1328 1535 1400 regnabis,
1579 1328 1784 1382 decimo
1810 1327 2073 1381 morieris.

486 1422 617 1479 Inde
638 1424 952 1496 digrediens
976 1439 1075 1494 per
1102 1421 1422 1489 Lucaniam,
1459 1420 1666 1476 invadit
1694 1417 1957 1486 Siciliam,
1990 1419 2077 1473 in-

484 1512 662 1587 deque
702 1524 1003 1582 revertens,
1049 1514 1278 1571 Romam
1320 1514 1474 1585 petit,
1520 1527 1752 1584 eamque
1793 1512 2079 1569 obsidione

484 1607 784 1663 concludit.
832 1606 1099 1663 Romanis
1146 1606 1331 1678 itaque
1368 1603 1511 1661 fame
1557 1605 1934 1662 laborantibus
1977 1620 2079 1661 nec

485 1700 693 1756 muenia
714 1699 921 1755 diutius
948 1699 1091 1756 tueri
1116 1700 1444 1766 valentibus,
1465 1715 1498 1754 a
1525 1708 1679 1770 porta
1706 1697 1944 1755 Ostiensi
1970 1697 2078 1754 To-

485 1793 583 1848 tila
624 1792 905 1864 ingressus
939 1800 1042 1848 est.
1086 1790 1286 1847 Volens
1312 1800 1495 1847 autem
1530 1806 1754 1862 parcere
1785 1789 2071 1856 Romanis,

484 1898 583 1954 per
611 1892 782 1939 totam
810 1892 1024 1940 noctem
1062 1884 1314 1956 clangere
1337 1884 1568 1939 buccina
1598 1882 1784 1954 jussit,
1811 1898 1921 1953 quo
1953 1896 2013 1937 se
2041 1898 2074 1937 a

484 1975 790 2032 Gothorum
813 1974 1007 2047 gladiis
1030 1986 1126 2032 aut
1148 1976 1205 2030 in
1230 1976 1496 2033 tecclesiis
1522 1984 1808 2032 tuerentur
1831 1982 1929 2030 aut
1952 1974 2077 2045 qui-

482 2068 828 2139 buscumque
867 2069 1047 2125 modis
1082 2066 1417 2126 occulerent;
1459 2067 1735 2125 Habitavit
1775 2083 1907 2124 vero
1947 2082 2075 2123 cum

485 2157 751 2217 Romanis
772 2159 1115 2230 aliquantum
1142 2162 1405 2233 temporis
1422 2162 1583 2232 quasi
1601 2171 1757 2233 pater
1776 2177 1901 2218 cum
1927 2159 2075 2228 ﬁliis,

487 2253 584 2308 sed
622 2254 764 2310 hanc
797 2253 968 2309 animi
1008 2253 1396 2325 benignitatem
1443 2252 1516 2321 ei,
1557 2252 1653 2325 qui
1697 2261 1855 2308 antea
1893 2251 2079 2307 nimia:

484 2345 828 2401 crudelitatis
849 2354 988 2412 erat,
1015 2346 1160 2401 beati
1181 2345 1460 2403 Βεηωίᾱὶ
1482 2344 1826 2410 ammonitio,
1857 2352 1918 2400 ut
1945 2359 2078 2401 con-

480 2436 580 2505 jici
600 2436 782 2505 datur,
809 2437 1142 2495 conferebat.
1180 2437 1363 2509 Elapsi
1410 2453 1543 2495 sane
1571 2452 1638 2493 ex
1673 2436 1813 2492 Urbe
1852 2436 2076 2508 quidam

483 2548 514 2587 e
545 2549 778 2590 numero
809 2545 1125 2592 senatorum
1163 2535 1693 2606 Constantinopolim
1734 2536 1917 2593 amicti
1948 2552 2077 2608 pro-

481 2633 708 2693 perant,
756 2626 958 2696 quibus
1008 2627 1413 2684 calamitatibus
1470 2626 1643 2684 Roma
1712 2629 2073 2697 subiceretur,

481 2716 719 2788 principi
759 2727 987 2775 narrant
1026 2719 1133 2790 (Cf.
1160 2720 1223 2776 P.
1248 2720 1312 2776 D.
1348 2737 1408 2788 u,
1434 2719 1537 2791 4.).
1585 2720 1692 2788 Qui
1722 2721 1905 2777 statim
1938 2720 2078 2777 Nar-

482 2817 653 2863 setem
694 2811 1034 2879 eunuchum,
1078 2811 1480 2868 cubicularium
1526 2828 1711 2880 suum,
1747 2812 1914 2869 Italiae
1949 2813 2078 2870 fecit

483 2901 806 2969 exarchum,
840 2901 1181 2977 Romamque
1204 2922 1330 2962 cum
1361 2922 1529 2961 manu
1565 2908 1746 2963 valida
1775 2907 1981 2979 dirigit,
2015 2917 2077 2964 ut

482 2988 697 3046 afflictae
725 2990 915 3049 Roma:
941 2997 1272 3064 quantocius
1307 2997 1641 3054 Subveniret.
1678 2997 1728 3053 Is
1757 2999 1826 3054 ad
1862 2998 2072 3055 Italiam

479 3084 729 3152 veniens,
784 3085 995 3157 legatos
1033 3088 1100 3144 ad
1135 3088 1334 3146 Alboin
1372 3106 1556 3163 regem
1586 3089 2072 3163 Langobardorum

2184 588 2354 658 stirpe
2384 586 2692 643 Gothorum
2724 588 3063 659 progenitus,
3095 587 3163 643 de
3196 586 3461 643 Getarum
3486 588 3694 659 origine
3717 599 3756 646 et

2183 677 2502 736 Amalorum
2528 680 2596 712 ⁸⁸⁸
2630 679 2932 746 nobilitate,
2957 695 3068 735 non
3090 678 3275 734 omnia
3298 694 3425 750 qua:
3450 679 3522 734 de
3545 681 3627 735 eis
3646 682 3758 737 scri-

2182 772 2388 827 buntur
2429 781 2484 829 et
2519 772 2856 840 referuntur,
2888 780 2949 828 ut
2993 772 3110 843 ipse
3137 771 3275 828 dicit
3304 772 3402 838 m,
3438 773 3756 843 complexus,

2180 864 2442 931 exaravit,
2485 865 2580 921 sed
2610 864 2833 921 brevius
2881 880 2983 936 pro
3020 879 3203 921 rerum
3236 864 3438 920 notitia
3471 864 3609 921 huic
3644 881 3757 937 epa-

2183 957 2339 1013 seulo
2392 957 2750 1013 inseruimus.
2787 954 2886 1012 His
2921 944 3175 1027 perlectis
3219 956 3629 1028 diligenterque
3657 974 3758 1028 per-

2181 1050 2407 1120 spectis,
2438 1050 2737 1122 perpendat
2766 1051 2863 1121 qui
2892 1050 3208 1106 discernere
3234 1051 3477 1117 noverit,
3510 1055 3761 1122 quomodo

2166 1136 2312 1196 illud
2342 1149 2523 1195 ratum
2554 1149 2828 1207 teneatur,
2862 1139 3010 1211 quod
3036 1156 3147 1195 non
3168 1140 3350 1195 solum
3382 1141 3604 1213 vulgari
3630 1141 3761 1199 fabu-

2179 1230 2384 1286 latione
2406 1240 2461 1287 et
2489 1231 2890 1287 cantilenarum
2912 1230 3285 1286 modulatione
3303 1231 3575 1298 usitatur,
3595 1249 3760 1288 verum

2178 1322 2343 1379 etiam
2393 1324 2449 1378 in
2478 1324 2811 1394 quibusdam
2836 1323 3079 1379 cronicis
3098 1331 3402 1378 annotatur
3432 1323 3513 1393 (v.
3541 1322 3669 1379 Chr.
3693 1325 3758 1380 π.

2180 1430 2345 1484 supra
2369 1414 2475 1470 col.
2507 1413 2661 1486 475),
2694 1414 2905 1470 scilicet
2945 1413 3094 1485 quod
3134 1411 3503 1470 Ermenricus
3548 1423 3763 1486 tempore

2177 1506 2438 1579 Marciani
2456 1506 2901 1578 principisjsuper
2922 1522 3114 1563 omnes
3132 1505 3342 1563 Gothos
3364 1510 3701 1580 regnaverit,
3723 1519 3763 1566 tt

2179 1596 2599 1665 Theodericum,
2628 1597 2894 1654 Dietmari
2914 1599 2986 1632 δ”
3019 1599 3219 1666 lilium,
3257 1600 3577 1670 patruelem
3606 1618 3761 1665 suum,

2177 1701 2240 1749 ut
2277 1693 2488 1761 dicunt,
2532 1692 2914 1749 instimulante
2957 1691 3260 1761 Odoacare,
3306 1695 3472 1763 item,
3511 1704 3577 1751 ut
3614 1698 3760 1761 aiunt,

2179 1789 2426 1860 patruele
2467 1803 2590 1856 suo,
2616 1789 2683 1844 de
2706 1787 2926 1845 Verona
2958 1789 3202 1860 pulsum,
3234 1791 3382 1861 apud
3410 1790 3647 1848 Attilam
3675 1792 3761 1847 Bu-

2178 1897 2378 1938 norum
2406 1897 2587 1955 regem
2610 1882 2834 1938 exulare
2855 1884 3114 1956 coegerit,
3137 1899 3264 1939 cum
3286 1886 3763 1960 bystoriograpbus

2177 1984 2384 2044 narret,
2406 1975 2786 2032 Ermenricum
2805 1992 2990 2049 regem
3016 1977 3323 2034 Gothorum
3350 1980 3555 2036 multis
3575 1983 3761 2053 regibus

2177 2070 2552 2127 dominantem
2588 2079 2835 2142 tempore
2875 2069 3247 2128 Valentiniani
3285 2082 3345 2128 et
3375 2071 3635 2131 Valentis
3672 2075 3760 2131 fra-

2177 2171 2325 2220 trum
2364 2178 2646 2234 regnasse,
2683 2172 2736 2218 et
2764 2177 2797 2218 a
2828 2162 3046 2219 duobus
3078 2161 3349 2220 fratribus
3391 2162 3546 2220 Saro
3580 2176 3634 2222 et
3658 2167 3761 2220 Am-

2178 2253 2312 2320 mio,
2348 2269 2489 2324 quos
2536 2253 2866 2325 conjicimus
2892 2270 2987 2311 eos
3009 2253 3183 2312 fuisse
3212 2257 3311 2327 qui
3346 2258 3659 2331 vulgariter
3685 2259 3761 2314 Sac

2178 2349 2292 2404 relo
2318 2357 2373 2404 et
2401 2347 2721 2404 Hamidiecb
2751 2348 2823 2381 ⁸9⁸
2851 2349 3133 2416 dicuntur,
3171 2351 3567 2421 vulneratum,
3596 2355 3646 2408 in
3669 2355 3757 2425 pti-

2178 2438 2391 2495 mordio
2412 2439 2744 2510 egressionis
2759 2438 3043 2495 Hunorum
3067 2456 3163 2510 per
3183 2440 3491 2499 Meotidem
3518 2446 3755 2516 paludem,

2179 2535 2382 2607 quibus
2420 2550 2517 2588 rex
2546 2531 2652 2587 fuit
2680 2531 2997 2599 Valamber,
3029 2542 3144 2589 tam
3179 2536 3441 2593 vulneris
3471 2554 3637 2610 quam
3668 2537 3756 2591 llu-

2178 2642 2375 2683 norum
2408 2625 2730 2697 irruptionis
2757 2626 2948 2682 dolore
2973 2625 3296 2682 defunctum
3328 2627 3543 2698 fuisse,
3568 2631 3756 2685 Attilam

2176 2734 2307 2774 vero
2341 2727 2531 2790 postea
2565 2718 2710 2774 ultra
2743 2718 2811 2772 70
2841 2733 3016 2774 annos
3048 2718 3152 2774 sub
3183 2718 3485 2777 Marciano
3513 2732 3570 2779 et
3598 2721 3757 2776 Valea—

2177 2809 2388 2865 tiniano
2426 2825 2551 2866 cum
2577 2809 2845 2867 Romanis
2887 2819 2942 2866 et
2970 2809 3302 2883 Wisigothis
3330 2813 3621 2886 Aecioque
3648 2815 3759 2870 duce

2178 2902 2551 2957 Romanorum
2573 2917 2849 2974 pugnasse
2879 2909 2936 2957 et
2957 2901 3060 2956 sub
3086 2902 3301 2957 eisdem
3326 2904 3675 2977 principibus
3692 2920 3759 2957 m-

2177 3010 2286 3065 gno
2317 2994 2539 3065 vitaque
2566 2995 2902 3063 decessisse;
2936 3011 3001 3051 ac
3024 2995 3227 3052 dehinc
3249 2996 3579 3068 imperante
3598 2996 3757 3054 Gothis

2177 3086 2502 3154 Walamiro,
2521 3086 2943 3155 Theodericum,
2968 3086 3155 3144 fratris
3176 3089 3265 3144 sui
3291 3088 3574 3146 Dietmari
3600 3092 3757 3152 tilica.

483 3175 657 3243 misit,
681 3177 776 3247 qui
800 3186 931 3235 tunc
969 3179 1024 3234 in
1054 3178 1339 3238 Pannonia
1378 3183 1699 3239 habitabant
1727 3193 1782 3240 et
1812 3183 2075 3240 Romanis
2099 3195 2148 3256 (ς
2180 3177 2351 3233 Leoni
2380 3186 2615 3250 augusto
2652 3177 2768 3249 iam
2811 3187 3129 3249 septennem
3166 3194 3198 3233 a
3226 3187 3438 3249 patruo
3468 3181 3593 3236 ﬁdei
3623 3196 3759 3235 causa

480 3267 646 3322 amici
690 3278 869 3335 erant,
903 3271 1169 3328 mandans
1208 3273 1281 3341 ei,
1314 3274 1574 3345 quatinus
1612 3276 1718 3331 sibi
1764 3286 2075 3348 pugnaturo

480 3373 608 3412 cum
640 3355 834 3414 Gothis
862 3360 1127 3416 auxilium
1153 3362 1509 3422 ministraret.
1552 3363 1709 3423 Tunc
1738 3366 1935 3422 Alboin
1960 3369 2073 3423 cle-

479 3457 628 3504 ctam
657 3465 688 3505 e
711 3451 831 3506 suis
867 3467 1119 3524 magnam
1152 3470 1376 3512 manum
1404 3456 1623 3513 direxit.
1652 3456 1755 3526 Qui
1779 3474 1878 3530 per
1905 3460 2075 3516 maris

479 3541 746 3597 Adriatici
774 3543 959 3599 sinum
985 3548 1281 3603 transvecti
1304 3547 1677 3624 Romanisque
1706 3551 1923 3620 sociati,
1952 3569 2073 3608 ma-

478 3648 648 3702 gnum
672 3649 799 3690 cum
825 3634 1020 3693 Gothis
1041 3646 1319 3696 certamen
1361 3640 1621 3698 inierunt.
1647 3642 1860 3711 Quibus
1891 3645 1959 3700 ad
1990 3645 2075 3699 in-

477 3724 699 3781 teritum
720 3743 860 3797 pene
883 3731 1247 3802 consumptis,
1271 3748 1453 3805 regem
1476 3750 1669 3791 eorum
1695 3735 1951 3803 Totilam,
1978 3738 2073 3809 qui

474 3816 590 3886 jam
615 3833 712 3887 per
734 3819 1001 3875 “'decem
1024 3838 1200 3879 annos
1216 3840 1382 3895 super
1398 3841 1495 3881 eos
1515 3838 1854 3899 regnaverat,
1874 3828 2074 3886 Narses

481 3908 775 3976 interfecit,
788 3919 842 3966 et
857 3913 1178 3969 vestimenta
1188 3915 1309 3986 ejus
1324 3926 1608 3973 cruentata
1623 3918 1693 3951 ⁸⁸⁸
1707 3935 1831 3974 cum
1845 3937 2072 3989 corona,

480 3999 748 4071 lapiJibus
777 4005 1042 4074 preciosis
1062 4017 1276 4076 ornata,
1308 4010 1515 4082 regiam
1540 4012 1730 4069 urbem
1757 4014 1927 4081 misit,
1951 4031 2074 4086 qua:

474 4093 678 4161 jactata
690 4097 896 4151 suntad
907 4098 1074 4167 pedes
1086 4099 1433 4171 imperatoris
1441 4118 1628 4164 coram
1642 4115 1832 4160 senatu
1842 4148 1855 4160 .
1871 4107 2074 4163 Deinde

480 4185 648 4242 nrbes
700 4202 894 4243 eorum
947 4191 1087 4247 duas
1140 4194 1414 4262 munitas,
1466 4195 1523 4250 id
1569 4205 1655 4253 est
1703 4196 1976 4254 Veronam
2019 4212 2075 4256 et

476 4272 741 4345 Brixiam,
793 4280 1124 4352 suscipiens,
1176 4285 1489 4343 universam
1539 4286 1752 4345 Italiam
1792 4306 1920 4346 cum
1958 4290 2070 4349 Bo-

477 4384 640 4423 maua
662 4371 882 4427 civitate
909 4375 977 4429 ad
1007 4376 1088 4431 rei
1113 4378 1343 4446 publica:
1366 4379 1493 4450 jura
1517 4382 1754 4451 reduxit,
1779 4392 1834 4438 et
1855 4383 2105 4457 Longo-'

475 4458 678 4516 bardos
700 4461 999 4521 honoratos
1023 4480 1150 4522 cum
1173 4470 1388 4540 magnis
1413 4472 1736 4530 muneribus
1763 4475 1830 4529 ad
1852 4477 2069 4546 propria

2176 3268 2421 3325 obsident
2454 3269 2666 3335 datum,
2691 3277 2747 3324 ct
2767 3268 2838 3324 ab
2860 3269 3049 3324 eodem
3077 3267 3263 3325 Leone
3290 3280 3491 3340 postea
3519 3273 3652 3342 patri
3666 3271 3757 3340 jun

2176 3360 2467 3433 imperanti
2500 3360 2695 3417 Gothis
2724 3359 2897 3417 fuisse
2918 3360 3214 3439 redditum,
3245 3362 3515 3433 patrique
3535 3361 3758 3418 defuncto

2176 3455 2232 3511 in
2273 3471 2505 3527 regnum
2541 3455 2901 3522 successisse,
2937 3455 3032 3511 sed
3064 3442 3195 3510 mox
3228 3471 3260 3509 a
3303 3454 3535 3512 Zenone
3559 3465 3758 3528 augusto

2174 3547 2711 3619 Constantinopolim
2727 3548 2964 3603 accitum
2985 3546 3453 3620 familiariterque
3470 3559 3754 3609 tractatum.

2172 3641 2344 3698 Italia:
2382 3657 2612 3713 regnum
2657 3641 2957 3711 accepisse,
3002 3642 3147 3712 quod
3196 3649 3333 3698 tunc
3371 3640 3625 3699 Odoacar
3649 3658 3754 3698 cum

2175 3734 2546 3806 Thurcilingis
2572 3742 2628 3789 et
2650 3732 2823 3805 I’tugis
2844 3733 3079 3805 aliisque
3101 3735 3455 3802 nationibus,
3480 3736 3647 3790 invito
3666 3732 3753 3787 Ze-

2174 3844 2341 3896 none,
2369 3828 2633 3900 possedit,
2667 3843 2831 3899 quem
2879 3826 3254 3884 Theodericus
3285 3840 3419 3900 post
3460 3831 3629 3886 multa
3649 3846 3753 3885 crr-

2174 3921 2380 3975 tatnina
2425 3919 2745 3976 dediticium
2781 3919 3077 3975 interemit.
3114 3918 3259 3975 Hinc
3303 3936 3497 3977 rerum
3547 3922 3751 3990 diligens

2174 4013 2453 4083 inspector
2476 4013 2799 4083 perpendat,
2824 4011 3104 4082 quomodo
3127 4010 3494 4070 Ermenricus
3514 4014 3583 4046 3"
3607 4012 3752 4066 Theo-

2173 4106 2443 4173 dericum,
2498 4103 2761 4160 Dietmari
2808 4104 3017 4171 ﬁlium,
3071 4105 3216 4174 apud
3272 4104 3507 4160 Attilam
3555 4105 3751 4160 exulare

2174 4198 2431 4270 coegerit,
2460 4212 2588 4253 cum
2613 4197 2772 4268 juxta
2795 4197 2945 4252 hunc
2979 4196 3504 4268 hystoriographum
3533 4206 3748 4252 conuin-

2173 4290 2381 4360 poralis
2406 4289 2529 4360 ejus
2558 4305 2670 4345 non
2701 4288 2888 4345 fuerit.
2922 4286 3095 4359 Igitur
3120 4297 3219 4342 aut
3241 4288 3332 4344 hic
3362 4289 3508 4344 falsa
3532 4286 3750 4345 conscri-

2172 4384 2303 4453 psit,
2339 4391 2435 4438 aut
2461 4382 2707 4455 vulgaris
2740 4381 2929 4452 opinio
2968 4380 3183 4436 fallitur
3217 4390 3274 4436 et
3300 4381 3465 4450 fallit,
3509 4392 3603 4437 aut
3628 4381 3748 4434 alias

2175 4474 2529 4531 Ermenricus
2561 4483 2617 4531 et
2645 4476 2789 4530 alius
2818 4473 3190 4530 Theodericus
3216 4473 3388 4530 dandi
3425 4484 3559 4530 sunt
3595 4473 3748 4528 Attii:

475 4552 708 4609 remisit.
743 4556 849 4622 Qui
884 4558 1035 4612 omni
1079 4568 1323 4630 tempore
1357 4579 1468 4633 quo
1493 4562 1835 4621 Pannoniam
1878 4583 2069 4638 posse-
2103 4555 2147 4609 ι)
2172 4568 2643 4640 contemporanei,
2668 4560 2727 4622 in
2755 4567 2959 4638 quibus
2991 4566 3310 4637 hujusmodi
3354 4580 3547 4623 rerum
3574 4578 3743 4621 convc-

474 4649 673 4706 derunt
700 4650 967 4709 Romanis
986 4654 1250 4712 adversus
1270 4660 1497 4717 aemulos
1522 4661 1800 4732 adjutores
1824 4662 2065 4720 fuerunt.

480 4741 570 4797 Sic
601 4743 768 4814 igitur
800 4744 1075 4802 famosum
1097 4763 1327 4820 regnum
1360 4750 1831 4826 fortissimamque
1853 4765 2065 4828 gentem

477 4832 785 4892 Gothorum
823 4837 919 4893 diu
952 4849 1295 4910 regnantem,
1327 4843 1544 4899 tandem
1580 4856 1704 4916 post
1733 4847 1882 4902 mille
1906 4847 1976 4902 40
1999 4849 2069 4885 ⁸⁸⁸

475 4940 650 4982 annos
674 4928 850 4984 victor
878 4930 1220 4988 diversarum
1246 4935 1491 5006 gentium
1516 4936 1864 4996 Justinianus
1894 4940 2068 5011 impe-

475 5024 627 5070 rator
649 5027 704 5073 et
725 5020 877 5089 prius
895 5037 991 5092 per
1013 5022 1327 5081 Bilisarium
1350 5038 1548 5098 etpost
1566 5046 1665 5100 per
1689 5031 1759 5063 3”
1778 5030 2062 5088 Narsctcm

413 5112 423 5184 ς
473 5105 625 5173 vicit,
659 5123 987 5183 omnemque
1020 5112 1232 5170 Italiam
1267 5117 1336 5172 ab
1365 5134 1558 5175 eorum
1579 5121 1841 5180 servitute
1865 5123 2065 5181 libera-

378 5217 383 5222 ·
476 5205 612 5265 tam,
634 5198 880 5268 pristina:
903 5204 1141 5263 libertati
1164 5208 1423 5266 restituit.

2175 4657 2381 4714 nientia
2427 4666 2547 4713 rata
2589 4657 2769 4728 possit
2821 4656 3032 4711 haberi.
3082 4654 3185 4712 IIic
3230 4655 3381 4711 enim
3426 4653 3745 4711 ﬁrmem-itas

2174 4749 2342 4821 longe
2362 4758 2490 4805 ante
2530 4749 2756 4804 Attilam
2803 4747 3003 4817 legitur
3031 4745 3353 4814 defunctus,
3401 4744 3744 4803 Theodericus

2171 4860 2304 4900 vero
2343 4852 2467 4915 post
2507 4850 2741 4897 mortem
2787 4840 2970 4895 Attilae
3011 4839 3128 4894 sive
3171 4838 3227 4893 iu
3263 4837 3390 4910 ipso
3427 4840 3613 4894 mortis
3642 4835 3742 4903 ejus

2171 4938 2412 4995 conﬁnio
2434 4935 2696 4991 scribitur
2726 4943 2910 4998 natus,
2942 4933 3136 5003 quinta
3162 4932 3523 5003 generatione
3549 4926 3741 5001 posteri-

2175 5031 2304 5085 tatis
2340 5028 2574 5094 Witulﬁ,
2626 5027 2815 5082 fratris
2855 5024 3184 5091 Ermenrici,
3234 5025 3577 5095 progenitus.
3613 5020 3735 5073 Diet-

2173 5139 2366 5178 tnarus
2393 5132 2599 5188 autem,
2624 5131 2780 5191 pater
2805 5119 2949 5188 ejus,
2978 5117 3120 5172 alios
3149 5116 3351 5173 fratres
3380 5117 3733 5173 habuissem

2175 5217 2374 5289 legitur
2409 5230 2577 5287 quam
2623 5210 2987 5268 Walamirum
3020 5218 3077 5266 et
3112 5208 3497 5278 Witimarum,
3530 5216 3731 5280 quorum

1811 5352 2037 5408 VARIZE
2078 5351 2484 5410 LECTIONES.

517 5542 869 5628 ."‘7deeslt‘5.'
888 5545 959 5628 ξπ
970 5559 1195 5628 cr_uenta
1227 5552 1289 5628 ρο
1311 5554 1394 5628 f”
1419 5553 1522 5628 ΔΧΙ.
1545 5565 1847 5628 annosa—et
1866 5571 2020 5627 prius
2037 5557 2115 5611 bis
2142 5556 2353 5627 smpsit
2381 5554 2434 5609 4.
2472 5554 2651 5628 'f’f’pcr
2677 5550 2967 5628 Narsftcm
2995 5569 3161 5628 usque
3187 5555 3261 5607 ad
3282 5543 3719 5628 Galliassectssjj.

477 5614 715 5698 historiae
744 5614 982 5698 Gothica:
1008 5620 1187 5688 linem,
1221 5623 1279 5698 in
1307 5625 1359 5681 5.
1394 5625 1605 5698 desunt;
1626 5627 1825 5698 ΡαὲΙέζτα
1853 5614 2058 5698 {ntegra
2089 5629 2197 5698 fere
2231 5614 2637 5698 uacuarrelic'ta.
2667 5623 2792 5698 6_:-—
2814 5622 2848 5675 9
2865 5622 3049 5698 eadem
3070 5614 3179 5692 'fere
3203 5626 3456 5698 omittunt
3480 5622 3553 5674 his

475 5686 632 5768 tinem
667 5685 898 5768 dante};
1085 5685 1190 5768 per
1227 5685 1671 5768 Narsetemivic'it
1698 5685 1796 5767 "(N.
1824 5714 1942 5753 suo
1962 5685 2201 5768 "subegit
2234 5697 2482 5768 imperio.
2515 5696 2571 5768 6.
2598 5725 2672 5768 —_—
2692 5693 2757 5747 N.
2796 5685 3118 5768 eunuchum
3150 5694 3538 5768 cubicularing
3576 5696 3713 5768 59'?

475 5756 883 5827 destruxit-1)

480 5823 568 5877 to.
640 5825 712 5857 "'
734 5843 784 5880 ο.
811 5823 870 5881 ct
893 5823 1032 5885 alius
1058 5840 1097 5885 t.
1126 5833 1179 5885 4.

1047 5760 1363 5855 amplorum
1391 5760 1734 5823 nobilitatem
1769 5769 1822 5824 4.
1855 5770 1941 5824 10.
1968 5772 1971 5775 ⁷
2016 5770 2089 5803 ⁸⁹¹
2118 5760 2257 5825 dixit
2285 5760 2367 5824 4...
2417 5769 2489 5802 ⁸⁹³
2522 5762 2810 5823 dicthmari
2841 5761 2893 5816 4.
2927 5765 3142 5832 sapius.

3241 5766 3313 5798 ⁸³⁸
3347 5757 3641 5820 hamidiccd.
3666 5753 3690 5807 ί
