3876 6306
112 397 187 455 757
950 383 1321 442 CHRONICA.
1361 412 1431 425 -—
1467 380 1866 440 CIIBONICON
1906 380 2369 441 UNlVERSALE.
3195 385 3307 443 τεθ-

109 511 222 583 prior
244 506 333 565 sub
354 503 506 560 Attila
544 516 802 574 regnans,
836 509 962 573 post
996 511 1230 559 mortem
1257 500 1380 572 ejus
1415 515 1477 557 se
1501 497 1615 555 Hu-
1645 501 1690 561 Α
1717 510 1772 555 et
1800 500 2060 559 nutritus.
2082 500 2337 572 Cumque
2360 500 2659 571 imperator
2682 500 2908 558 fratrem
2936 515 3098 557 suum
3122 501 3302 557 adhuc

112 614 260 658 norum
283 595 456 653 ditioni
484 593 761 660 subduxit,
790 601 847 650 et
874 592 994 647 sine
1017 591 1146 648 ﬁliis
1181 599 1436 647 mortuus
1466 589 1613 645 Diet-
1713 608 1946 664 puerum
1983 601 2251 660 cerneret,
2282 601 2338 648 et
2379 592 2511 664 quid
2540 592 2744 651 faceret
2781 594 3064 662 hcsitaret,
3101 594 3303 665 quippe

107 704 223 747 mare
242 685 377 742 fratri
404 697 621 754 regnum
654 681 897 752 reliquit,
926 681 1063 736 alter
1099 694 1231 736 vero
1256 679 1432 735 ﬁlium
1459 694 1615 735 omo-
1715 699 1841 739 cum
1870 682 2114 751 barbari,
2164 683 2415 740 victoriis
2464 684 2616 753 elati,
2659 685 3111 757 inexpugnabiles
3147 683 3304 740 vide-

107 784 269 838 nimum
312 777 407 834 sibi
450 774 800 830 Witimarum
844 773 1058 839 habuit,
1102 773 1198 844 qui
1238 784 1362 844 post
1403 770 1614 827 obitum
1715 783 1929 840 rentur,
1956 773 2144 830 eadem
2185 775 2521 846 provisione,
2542 792 2653 846 qua
2680 774 2858 832 Nerva
2881 776 3161 848 quondam
3191 776 3306 831 ele-

102 872 250 944 patris,
274 869 442 926 relicta
468 865 640 934 ltalia,
676 864 883 922 Gallias
917 864 1166 921 secessit.
1717 874 1869 937 gerat
1895 863 2212 940 Hyspanum
2240 866 2422 923 virum
2445 866 2765 939 Trajanum,
2791 883 2887 939 per
2910 884 3074 940 quem
3098 883 3186 924 res
3206 884 3309 940 pu-

154 965 193 1020 l.
221 962 350 1055 (9hr.
378 960 487 1055 W.)
513 959 579 1016 A.
615 956 1190 1055 _D.__3_78._Iiegnante
1222 955 1449 1055 Valente
1493 961 1620 1025 post
1719 958 1862 1015 blica
1885 966 2140 1030 reparata
2162 967 2267 1027 est,
2307 959 2543 1015 accitum
2587 969 2644 1016 et
2669 960 2786 1032 ipse
2812 961 3204 1017 nichilominus
3242 962 3312 1016 ab

99 1045 284 1111 mortem
323 1050 498 1108 fratris
546 1049 633 1108 sui
677 1048 1050 1129 Valentiniani
1095 1063 1222 1104 cum
1269 1045 1530 1103 Gratiano
1565 1052 1622 1099 et
1721 1049 1999 1123 Hyspania
2021 1050 2393 1108 Theodosium
2411 1052 2736 1124 magistrum
2756 1054 2966 1117 militia,
2985 1053 3313 1120 (θείμειιηι-

100 1145 439 1213 Valentiniano,
471 1143 594 1200 ﬁliis
618 1140 866 1214 ejusdem
895 1139 1080 1197 fratris
1103 1140 1211 1207 sui,
1237 1137 1472 1194 Basilius
1497 1135 1643 1211 Cae—_
1721 1159 1830 1215 que
1851 1153 2046 1202 contra
2067 1144 2338 1202 barbaros
2361 1160 2487 1201 cum
2513 1147 2861 1218 expeditione
2887 1147 3056 1204 misit,
3084 1146 3190 1215 Qui
3214 1163 3311 1202 νε-

98 1252 232 1294 sarem
253 1233 574 1306 Capadocize,
604 1232 690 1287 vir
715 1229 1158 1303 sapientissimus
1177 1235 1232 1284 et
1255 1225 1619 1285 continentis-
1723 1235 1880 1304 deus,
1916 1233 2135 1292 fortiter
2180 1251 2308 1292 cum
2350 1235 2459 1293 illis
2485 1236 2743 1294 maximis
2787 1235 3025 1311 Scythia;
3062 1238 3314 1309 gentibus

98 1332 252 1398 simus,
272 1327 474 1396 claruit,
500 1325 596 1383 sed
618 1323 688 1359 ⁸⁸⁸
710 1323 1003 1395 superbia,
1026 1328 1088 1378 ut
1111 1320 1285 1389 aiunt,
1309 1319 1443 1374 vitio
1470 1317 1625 1372 labo—

1754 1328 2006 1399 lugnavit,
2031 1337 2088 1384 et
2112 1326 2342 1385 feliciter
2365 1328 2744 1400 triumphavit.
2767 1329 2892 1386 Mox
2919 1330 3032 1387 dux
3051 1331 3314 1400 optimus,

98 1424 225 1479 mit.
1726 1419 1975 1476 exercitu
2002 1419 2256 1490 disperso
2280 1434 2380 1490 per
2403 1420 2591 1487 urbes,
2623 1419 2743 1492 ipse
2761 1420 3023 1477 velociter
3065 1421 3133 1476 ad
3161 1419 3317 1491 prin-

147 1518 190 1571 2.
219 1515 277 1571 Δ.
315 1514 375 1569 1).
415 1514 541 1571 579.
582 1510 924 1569 Athanasius
953 1508 1024 1542 ⁸⁸⁷
1061 1504 1467 1562 Alexandrinus
1504 1502 1623 1573 θΡί·
1729 1511 1905 1583 cipem
1935 1512 2220 1579 remeavit,
2245 1513 2474 1584 ipseque
2497 1513 2902 1584 triumphorum
2927 1527 3154 1568 suorum
3177 1524 3322 1567 nun-

94 1624 253 1679 scopus
274 1606 357 1663 66°
377 1605 649 1663 sacerdoti
676 1604 762 1661 sui
785 1617 931 1659 anno
955 1600 1221 1672 migrans,
1252 1595 1475 1654 Petrum
1500 1608 1628 1651 suc—

1754 1605 1851 1661 :ius
1896 1605 2100 1662 extitit.
2146 1604 2304 1672 Quod
2337 1605 2470 1660 dum
2501 1605 2802 1676 imperator
2833 1620 2930 1676 pre
2957 1603 3324 1660 admiratione

92 1714 316 1755 cessorem
340 1698 559 1769 reliquit
590 1695 684 1768 (cf.
718 1692 958 1764 Burrum).

144 1791 187 1846 5.
223 1789 356 1863 (Chr,
383 1789 495 1862 W.)
531 1790 600 1845 A.
639 1786 703 1844 Ι).
741 1785 865 1844 580.
899 1783 1064 1841 Gothi
1089 1782 1159 1838 ab
1188 1778 1365 1836 Hunis
1391 1776 1628 1850 expulsi,

90 1882 415 1939 diﬁ'unduntur
438 1896 537 1953 per
565 1879 838 1936 Traciam.

142 1976 185 2030 4.
212 1976 269 2030 Α.
295 1973 354 2031 D.
393 1974 518 2031 581.
564 1971 725 2030 Gothi
751 1970 899 2027 fame
919 1966 1211 2040 compulsi,
1238 1962 1510 2022 rebellant
1531 1959 1641 2017 Va-

88 2066 205 2134 lenti,
236 2082 364 2137 quos
388 2066 479 2122 ille
508 2065 656 2122 bello
679 2072 893 2136 petens,
924 2062 1019 2119 sed
1049 2059 1296 2118 exercitu
1324 2058 1534 2123 occiso,
1561 2053 1643 2145 fu—

89 2157 226 2226 giens,
253 2157 303 2212 in
332 2172 459 2214 casa
485 2156 731 2229 quadam
756 2154 914 2209 vivus
944 2158 1243 2218 crematur,
1269 2162 1417 2205 anno
1444 2146 1534 2203 15°
1552 2159 1642 2200 re-

86 2251 156 2320 gni
179 2251 274 2319 sui,
294 2266 556 2325 quorum,
593 2250 654 2307 11
678 2265 809 2306 cum
840 2247 1031 2316 fratre,
1056 2247 1089 2303 «1
1110 2254 1236 2319 post
1263 2244 1420 2303 illum
1446 2256 1643 2314 regna-

88 2344 147 2397 vit
168 2342 249 2413 (cf.
280 2342 350 2399 Η.
382 2344 502 2416 m.).

82 2429 196 2485 Anni
223 2430 481 2489 Gratiani.

137 2522 272 2580 Anno
314 2523 611 2582 dominicae
670 2521 1067 2581 incarnationis
1110 2519 1239 2589 582,
1298 2517 1464 2577 Urbis
1507 2530 1643 2572 vero

81 2614 274 2673 conditae
311 2616 617 2674 millesimo
678 2616 798 2672 155.
846 2614 1163 2681 Gratianus,
1201 2610 1349 2669 ﬁlius
1400 2606 1646 2700 Valenti:

83 2704 222 2772 niani,
241 2707 361 2763 59υ⁸
395 2706 467 2742 ⁸⁸⁸
506 2706 583 2763 ab
622 2706 891 2779 Augusto,
923 2712 1049 2776 post
1090 2710 1324 2759 mortem
1350 2700 1532 2772 patrui
1556 2705 1646 2756 sul

83 2792 284 2854 Valentis
315 2799 529 2855 electus
582 2808 668 2856 est
690 2799 760 2855 ad
799 2798 1111 2868 imperium,
1143 2804 1199 2851 et
1239 2792 1489 2865 regnavit
1519 2807 1647 2848 cum

78 2884 216 2945 fratre
241 2905 340 2947 suo
365 2888 767 2947 Valentiniano
796 2904 971 2946 annos
994 2889 1049 2956 6,
1087 2903 1216 2945 cum
1257 2886 1412 2958 prius
1453 2899 1675 2956 regna-.

75 2989 139 3034 ret
158 2982 305 3038 annis
332 2982 367 3039 4
392 2999 527 3040 cum
561 2991 780 3054 patruo.
827 2979 907 3037 Eo
935 2990 1179 3051 tempore
1202 2978 1349 3052 apud
1392 2976 1654 3034 Mediola-

73 3086 181 3126 num
211 3073 397 3129 beatus
436 3074 776 3130 Ambrosius
799 3072 871 3105 ⁸⁹⁹
904 3070 995 3127 hic
1015 3071 1086 3104 “°
1114 3071 1351 3143 hymnos
1374 3066 1652 3126 canendos

71 3159 116 3216 in
143 3166 377 3224 aacclesia
401 3167 631 3240 primus
653 3164 964 3236 compﬁsuit
982 3193 1052 3202 —
1076 3162 1221 3233 apud
1242 3159 1498 3217 Turonos
1521 3160 1654 3216 bea-

71 3264 141 3313 tus
165 3258 424 3317 Martinus
454 3259 683 3332 mag-nis
711 3257 1028 3329 lampabant
1049 3256 1118 3288 ⁹⁰¹
1162 3254 1481 3320 virtutibus,
1510 3260 1655 3309 toto—

68 3365 155 3421 que
192 3353 318 3409 orbo
363 3352 647 3410 doetrinis
676 3359 732 3408 et
779 3350 1008 3411 scientia
1051 3347 1189 3405 clari
1233 3344 1559 3420 [Gregorius
1583 3344 1656 3377 ’θ’

67 3438 294 3512 Nisenus.
341 3444 662 3518 Gregorius
705 3441 1065 3499 Nazanzenus
1103 3448 1159 3496 et
1191 3438 1339 3510 apud
1378 3435 1658 3495 Bethleem

67 3528 411 3593 Hieronimus
432 3533 842 3606 radiabant(cf.
867 3529 1202 3597 Pnosr.,Ch.
1227 3531 1356 3600 imp.
1369 3527 1489 3586 etH
1496 3569 1510 3584 .
1536 3527 1656 3600 m.).

62 3622 395 3701 Theophylus
439 3626 868 3685 Alexandrinus
889 3625 961 3660 ⁹⁰³
1004 3624 1298 3696 episcopus
1347 3622 1563 3695 cyclum
1593 3620 1661 3678 de

60 3716 421 3778 observatione
466 3719 701 3794 pascha:
747 3735 844 3790 per
901 3726 1122 3773 centum
1172 3730 1350 3773 annos
1399 3712 1655 3787 digessit,

56 3823 198 3877 quem
227 3812 577 3870 laterculum
605 3812 843 3878 voravit,
873 3819 1100 3881 totoque
1131 3808 1265 3864 orbe
1298 3805 1567 3862 doctrinis
1605 3812 1663 3861 et

57 3900 263 3959 scientia
309 3904 482 3979 clari']
540 3902 692 3975 apud
742 3902 1023 3957 Bethleem
1071 3900 1264 3955 beatus
1307 3895 1659 3952 Ilieronimus

54 3998 337 4073 Presbyter,
364 3999 527 4073 apud
566 3996 852 4072 Ypponem
894 3994 1094 4051 Africa:
1121 3992 1399 4049 civitatem
1434 3998 1658 4047 sanctus

54 4083 380 4157 Augustinus
402 4093 715 4163 episcopus
737 4087 1048 4144 radiabant.

105 4178 275 4249 (ILR.
305 4193 364 4240 et
382 4182 465 4239 II.
494 4181 784 4254 m.)lgitur
796 4180 1092 4238 Gratianus
1104 4176 1398 4235 admodum
1415 4176 1658 4250 juvenis,

53 4283 155 4325 cum
194 4273 663 4332 inaestimabilem
704 4273 1113 4330 multitudinem
1159 4270 1400 4327 hostium
1450 4267 1657 4324 Roma-

54 4362 115 4418 iis
136 4366 384 4424 infusam
411 4369 638 4425 ﬁnibus
664 4374 933 4434 cerneret,
962 4363 1136 4420 fretus
1160 4361 1367 4418 Christi
1392 4361 1656 4433 potentia,

58 4472 187 4529 οπερ
214 4462 427 4533 impari
460 4460 713 4516 militum
742 4472 975 4516 numero
1010 4472 1130 4513 sese
1153 4456 1209 4511 in
1240 4455 1457 4511 hostem
1487 4451 1658 4519 dedit,

1733 1713 1844 1755 non
1873 1698 2143 1765 crederet,
2169 1697 2341 1754 invidi
2370 1697 2648 1766 dicebant,
2686 1713 2814 1755 eum
2842 1697 3050 1769 fugisse
3074 1704 3131 1753 et
3167 1709 3328 1752 exer-

1734 1789 1907 1845 citum
1932 1789 2257 1861 perdidisse.
2281 1788 2353 1843 At
2371 1788 2461 1845 ille
2482 1788 2810 1861 derogantes
2835 1788 2945 1845 sibi
2964 1796 3121 1860 rogat
3143 1786 3326 1857 dirigi,

1618 1890 1627 1899 '
1668 1870 1714 1931 Β
1741 1883 1837 1954 qui
1864 1882 2113 1939 viderent
2140 1882 2550 1940 multitudinem
2570 1889 2999 1953 peremptorum.
3031 1879 3128 1937 His
3148 1878 3330 1936 verbis

1742 1975 2042 2046 imperator
2053 1974 2247 2043 ﬁexus,
2260 1974 2565 2046 direxitqui
2586 1988 2677 2031 res
2697 1983 2850 2031 actas
2864 1973 2969 2030 sibi
2981 1973 3329 2028 nunciarent.

1741 2065 1916 2143 Porro
1942 2068 2055 2125 dux
2080 2067 2321 2139 optimus
2343 2067 2489 2123 inter
2511 2067 2629 2123 haec
2663 2065 2798 2124 vidit
2826 2065 2883 2121 in
2913 2064 3146 2129 visione,
3187 2062 3332 2135 quod

1743 2166 1971 2215 sanctus
2020 2157 2281 2227 Miletius,
2335 2157 2694 2215 Antiochense
2737 2156 2978 2214 civitatis
3019 2156 3331 2227 episcopus,

1743 2266 1871 2307 eum
1900 2250 2150 2308 indueret
2172 2250 2443 2321 imperiali
2467 2250 2700 2307 clamide
2723 2257 2777 2306 et
2803 2264 3006 2306 corona
3027 2255 3191 2320 caput
3214 2248 3336 2318 ejus

1744 2350 1987 2400 ornaret.
2043 2342 2171 2400 Haec
2217 2358 2345 2400 cum
2382 2342 2473 2398 ille
2521 2341 2771 2399 retulerit
2790 2342 2863 2380 ³⁸⁸
2910 2356 3073 2399 mane
3116 2340 3335 2425 cuidam

1745 2435 2072 2502 amicorum,
2102 2434 2193 2491 ille
2220 2434 2430 2489 clarum
2452 2448 2578 2490 esse
2605 2433 2746 2489 dixit
2765 2433 3065 2500 somnium,
3088 2439 3143 2489 et
3164 2430 3337 2487 nichil

1746 2527 2172 2600 aanigmaticum,
2214 2525 2386 2582 nichil
2428 2525 2631 2582 habere
2670 2525 2920 2582 dubium.
2958 2523 3093 2580 Post
3130 2537 3338 2597 paucos

1747 2627 1932 2677 autem
1968 2619 2084 2676 dies
2116 2618 2214 2690 qui
2251 2618 2411 2675 missi
2439 2616 2660 2675 fuerant
2699 2618 2998 2685 redierunt,
3029 2622 3339 2689 perempta-

1748 2728 1857 2784 que
1884 2712 2055 2767 multa
2084 2711 2329 2767 hostium
2376 2710 2527 2766 milia
2556 2717 2937 2766 narraverunt.
2969 2708 3341 2778 Quamobrem

1749 2804 1964 2860 laetatus
2016 2803 2270 2875 princeps
2343 2800 2642 2859 Gratianus
2666 2843 2682 2869 ,
2731 2800 3040 2857 faventibus
3094 2797 3342 2867 cunctis,

1753 2894 2147 2963 Theodosium,
2179 2895 2521 2952 tricesimum
2556 2893 2786 2950 tercium
2809 2893 2987 2949 attatis
3016 2908 3223 2948 annum
3246 2906 3343 2963 ge-

1752 2996 1987 3055 rentem,
2012 2987 2158 3059 apud
2188 2985 2457 3044 Sirmium
2489 3001 2731 3060 purpura
2772 2984 2968 3052 induit,
2996 2982 3345 3055 Orientisque

1754 3086 1810 3134 et
1829 3077 2040 3135 Traciae
2065 3077 2231 3136 simul
2251 3077 2484 3150 imperio
2510 3075 2740 3149 prefecit
2760 3076 2851 3131 m.
2892 3074 3064 3148 igitur
3087 3073 3344 3130 Theode-

1757 3171 1876 3228 sius
1917 3170 2453 3243 Constantinopolim
2482 3170 2831 3241 triumphans
2873 3168 3128 3239 intravit,
3174 3176 3232 3224 et
3279 3184 3350 3224 ne

1760 3265 1979 3323 assidue
1997 3264 2292 3338 pugnando
2306 3263 2615 3321 Romanum
2638 3262 2900 3334 populum
2928 3261 3202 3333 fatigaret,
3220 3253 3362 3317 cum.

1759 3358 2073 3416 Athalarico
2094 3358 2532 3431 Wisigothorum
2554 3370 2681 3427 rege
2701 3370 2891 3427 pacem
2919 3353 3069 3423 fecit,
3084 3353 3351 3411 eundem«

1760 3467 1868 3524 que
1894 3448 2430 3521 Constantinopolim
2454 3447 2526 3481 ¹⁰⁶
2558 3445 2864 3502 venientem
2893 3446 3128 3518 benigne
3156 3458 3350 3501 susceo

1761 3544 1860 3616 pit,
1894 3542 2081 3614 ibique
2115 3542 2435 3600 defunctum
2486 3538 2789 3597 honorifice
2839 3537 3058 3610 sepeliri
3102 3536 3251 3605 fecit,
3296 3544 3353 3591 et

1761 3636 1866 3691 hac
1898 3635 2232 3707 benignitate
2274 3649 2467 3691 omnes
2495 3631 2706 3689 Gothos
2727 3632 2798 3666 ⁹⁰⁷
2829 3629 3079 3688 Romano
3121 3627 3353 3702 imperio

1761 3727 2090 3799 sulijugavit.
2134 3725 2373 3783 Veniens
2418 3734 2602 3783 autem
2643 3723 3086 3792 Thesalonicam,
3125 3720 3351 3795 aegritu-

1758 3818 1943 3873 dinem
1980 3816 2232 3885 incurrit,
2271 3816 2607 3887 cupiensque
2643 3814 2933 3886 baptizari,
2972 3812 3350 3878 Anatbolium,

1757 3909 2003 3979 ejusdem
2035 3909 2274 3965 civitatis
2309 3908 2651 3979 episcopum,
2682 3906 2993 3978 requisivit,
3020 3906 3181 3977 cujus
3205 3912 3355 3961 esset

1758 4000 1904 4056 ﬁdei.
1941 3999 2065 4067 Quo
2088 4000 2472 4070 respondente,
2496 3997 2643 4068 quod
2668 3997 2903 4054 Arriana
2928 3997 3101 4070 pestis
3130 3996 3188 4051 in
3212 3993 3349 4051 Vlli-

1758 4092 1937 4150 ricum
1966 4108 2077 4147 non
2103 4090 2369 4146 valuisset
2390 4089 2671 4155 accedere,
2696 4089 2791 4145 sed
2813 4088 2973 4144 fidem
3001 4086 3194 4145 Niceni
3216 4102 3354 4142 con-

1758 4184 1870 4242 cilii
1894 4183 2211 4241 inviolatam
2235 4188 2538 4248 servarent,
2566 4181 2797 4236 libenter
2824 4180 2946 4251 ejus
2977 4180 3144 4237 verba
3180 4179 3357 4235 susci-

1758 4278 1939 4351 piens,
1969 4276 2277 4347 baptizatus
2298 4273 2370 4308 ⁹⁰⁸
2400 4280 2565 4344 atque
2615 4273 2686 4329 ab
2724 4270 3047 4344 aegritudine
3089 4271 3355 4326 liberatus

1761 4378 1851 4427 est
1875 4369 1970 4424 m.
1994 4367 2142 4424 lnter
2161 4368 2280 4424 haec
2300 4365 2637 4423 Arcbadium
2663 4363 2836 4421 ﬁlium
2860 4378 3023 4420 suum
3042 4370 3356 4419 consortem

1760 4461 1867 4517 sibi
1886 4459 2019 4517 fecit
2031 4459 2087 4515 in
2102 4460 2357 4532 imperio,
2374 4459 2432 4513 in
2442 4457 2598 4514 Italia
2620 4472 2751 4513 vero
2766 4471 2936 4527 puero
2948 4455 3084 4513 satis
3093 4454 3361 4511 existente

53 4560 82 4604 ξι
109 4553 253 4622 apud
281 4552 698 4626 Argentariam
731 4551 919 4607 Galliae
948 4547 1173 4620 opitlum
1217 4548 1342 4619 plus
1378 4561 1547 4618 quam
1591 4544 1660 4599 50
1693 4574 1738 4630 ι)
1763 4552 2171 4619 Valentiniano,
2187 4566 2372 4607 rerum
2402 4565 2592 4606 curam
2620 4548 2835 4605 Probus
2867 4546 3134 4604 cxconsul
3158 4554 3214 4601 et
3231 4559 3359 4615 pre-

53 4643 175 4699 uilia
202 4645 675 4702 Alamannorum
698 4642 990 4700 interfecit.
1023 4641 1229 4699 Deinde
1258 4641 1489 4697 audiens
1517 4637 1655 4699 Tra-

57 4736 161 4793 iam
208 4738 587 4811 Daciamque
613 4746 669 4794 et
708 4737 1050 4793 Pannoniam
1088 4744 1347 4810 tanquam
1394 4731 1658 4804 genitales

53 4846 196 4888 erras
233 4850 269 4889 a
323 4833 552 4891 Gothis
595 4840 758 4903 atque
796 4831 949 4887 omni
1000 4830 1245 4902 pernicie
1288 4828 1659 4885 atrocioribus

53 4920 189 4982 Iunis
242 4934 303 4982 et
366 4925 589 4981 Alanis
637 4924 931 4996 possideri,
978 4923 1319 4978 Pannoniam
1373 4921 1540 4977 venit.
1584 4919 1661 4975 Ea

53 5026 361 5088 ampestate
386 5018 778 5086 Theodosius,
803 5016 1101 5086 Theodosii
1119 5016 1287 5084 ﬁlius,
1309 5024 1419 5071 tam
1440 5023 1662 5086 propter

53 5119 320 5167 arentum
358 5108 759 5176 nobilitatem,
790 5124 958 5181 quam
981 5108 1257 5178 propriam
1285 5106 1662 5163 fortitudinem

54 5200 337 5257 abebatur
365 5200 897 5269 nominatissimus,
926 5198 1021 5254 sed
1056 5197 1260 5253 invidia
1306 5196 1664 5253 dissimilium

53 5292 303 5367 ltigatus,
336 5296 405 5353 in
421 5292 727 5366 Hyspania
747 5292 1086 5359 morabatur,
1116 5291 1207 5344 ubi
1235 5298 1290 5345 et
1311 5297 1464 5345 ortus
1487 5287 1666 5345 fuerat

1751 4647 1899 4703 fectu
1911 4645 2194 4702 shabebat.
2211 4642 2430 4700 Justina
2449 4658 2604 4711 vero,
2621 4651 2799 4698 mater
2812 4637 3207 4704 Valentiniani,
3230 4650 3359 4695 cum

1753 4746 1899 4795 esset
1924 4736 2179 4805 Arriana,
2206 4736 2421 4792 vivente
2454 4736 2675 4807 quidem
2714 4734 2853 4802 viro,
2873 4733 3069 4789 laedere
3090 4729 3323 4787 christia

1756 4846 1861 4887 nos
1885 4830 2221 4887 orthodoxos
2251 4845 2364 4886 non
2400 4828 2694 4900 prevaluit,
2728 4826 2823 4882 sed
2852 4840 2919 4882 eo
2949 4830 3193 4889 mortuo,
3210 4817 3355 4890 cura

1765 4922 1913 4978 ﬁlius
1934 4930 2083 4977 esset
2122 4921 2280 4977 valde
2307 4920 2671 4992 juvenculus,
2702 4916 3069 4987 Mediolanum
3110 4911 3358 4986 veniens

1767 5011 2063 5068 Ambrosio
2091 5012 2349 5083 episcopo
2377 5017 2498 5067 erat
2525 5008 2747 5077 infesta,
2778 5008 2854 5063 ita
2886 5015 2948 5061 ut
2978 5005 3198 5079 jubere;
3229 5018 3356 5059 eum

1767 5104 1936 5161 exilio
1977 5103 2261 5159 destinari.
2302 5102 2554 5173 Cumque
2574 5102 2644 5134 ⁹¹⁰
2679 5101 2897 5172 juberet
2936 5113 3062 5156 eum
3102 5097 3253 5153 exire
3291 5095 3364 5150 de

1769 5194 2042 5263 aecclesia,
2066 5194 2392 5250 Ambrosius
2411 5194 2520 5250 ait:
2547 5190 2662 5265 Ego
2682 5202 2865 5263 sponte
2894 5193 2992 5247 hoc
3020 5207 3125 5246 non
3146 5205 3268 5262 ago,
3299 5203 3366 5243 ne

1770 5286 1915 5359 lupis
1939 5285 2115 5340 ovium
2143 5294 2294 5356 septa
2324 5294 2415 5340 aut
2447 5283 2937 5356 blasphemantibus
2979 5281 3150 5337 Deum
3184 5280 3369 5336 videar

1396 5421 1632 5481 VARIE
1667 5419 2077 5481 LECTIONES.

72 5546 148 5578 ⁸⁸⁵⁸
183 5548 291 5604 sed
318 5577 407 5590 ——
428 5545 723 5603 laboravit
741 5544 932 5611 desunt
960 5544 1012 5599 5.
1037 5558 1194 5599 erasa
1223 5550 1282 5596 ut
1308 5538 1537 5595 videtur.
1613 5536 1685 5611 “ff
1707 5536 1853 5611 deest
1876 5535 1931 5594 ὅ.
1964 5533 2276 5611 anastasius
2306 5533 2424 5611 ib._
2470 5534 2541 5568 ⁸⁸⁸
2569 5532 2793 5611 {gallina
2828 5532 2913 5587 ib.
2990 5529 3061 5611 {’3
3090 5544 3143 5611 a.
3174 5526 3377 5611 claruit

53 5656 57 5665 ρ
137 5599 417 5673 “Vdecet
431 5599 565 5671 Ῑῦ.
590 5599 873 5686 11ξέιίιὶΕ.
912 5610 1598 5686 ’ξίάριςυξηθλιίφ-άεαι
1621 5608 1710 5686 11..
1788 5607 1859 5639 ³⁸³
1886 5622 2004 5686 quae
2029 5606 2181 5660 uncis
2214 5602 2449 5686 inclusi,
2486 5621 2550 5659 ea:
2571 5602 2849 5686 .Sigebeﬂo
2880 5612 2936 5686 ut
2967 5599 3375 5686 videtur-Iratam

53 5687 132 5744 η.

167 5698 304 5760 post
335 5678 901 5760 adiecissejﬁfetur.
925 5682 995 5760 In
1023 5683 1102 5760 1)?
1136 5682 1331 5760 Effero
1354 5678 1838 5760 ultimajuerbauto

1976 5684 2096 5733 'e—
2132 5667 2444 5731 radiabant
2476 5667 2677 5729 amisii.
2749 5673 2821 5705 ⁶⁹³
2888 5672 3215 5728 alexandrite
3269 5667 3373 5723 Et.

53 5740 755 5830 r'éuﬁ'iéiiiiisgegnl._
773 5740 1004 5830 "ﬁfecit
1028 5755 1112 5812 9⁸.
1189 5749 1901 5830 "'_Constantinopolim-—
1915 5740 2223 5806 honoriﬁce
2244 5745 2435 5803 denmt
2459 5746 2545 5804 9°.
2585 5745 2655 5779 "7
2686 5744 2828 5799 deest
2857 5743 2943 5799 9°.
2982 5742 3056 5776 ⁸⁸⁸
3084 5743 3142 5798 b.
3169 5747 3255 5797 est
3280 5740 3369 5794 9'.

53 5830 70 5859 ’
102 5832 262 5887 deos:
292 5830 398 5886 9‘.
450 5827 541 5861 ’“
575 5825 709 5895 Cum
731 5828 818 5884 9°.

1242 5925 1313 5961 ’διὲκ
