3876 6306
76 400 150 457 76!
902 462 909 473 ἱ
942 400 1311 460 CHRONICA.
1350 436 1421 446 -—-
1456 404 1850 463 CHRONICON
1893 408 2350 472 UNIVERSALE.

3190 426 3293 484 762

74 519 288 588 bogastns
311 526 439 575 vero
466 510 681 582 propria
710 529 769 570 sc
787 514 860 547 "i
884 531 1055 574 manu
1080 519 1372 587 interfecit,
1397 536 1603 577 consu—
1635 530 1676 585 Α
1708 533 1907 594 quanta
1930 526 2001 580 sit
2031 528 2535 601 magniludo,ncquc
2566 540 2684 601 post
2709 549 2898 588 ausum
2926 543 3064 592 tants
3087 537 3288 609 furatis

72 612 185 667 latus
208 608 457 665 Archadii
482 624 624 666 anno
650 612 821 667 tercio
849 621 904 669 et
945 612 1173 670 Honorii
1208 617 1471 674 secundo.
1522 616 1607 678 At!

72 710 247 766 laudem
269 722 396 764 vero
429 706 714 766 l‘heodosii
745 710 817 766 ob
844 711 1115 784 insignem
1140 714 1424 771 victoriam
1447 726 1604 787 poeta

70 803 252 873 quidam
281 800 497 857 nomine
524 799 883 869 Claudianus,
919 804 1013 860 sed
1050 821 1315 877 paganus,
1348 808 1489 865 inter
1516 823 1607 864 ce-

71 902 159 947 tera
181 891 482 963 huiusmodi
501 893 755 949 versibus
783 892 896 951 Deo
919 905 975 951 et
994 895 1204 953 homini
1228 898 1604 955 testimonium

68 983 228 1040 cecinit
249 1001 262 1037 :

151 1074 190 1132 0
210 1076 424 1131 nimium
447 1075 637 1132 dilecte
675 1075 808 1146 Deo,
832 1079 921 1133 cui
946 1079 1146 1135 militat
1172 1082 1355 1149 trtlter,

149 1167 207 1225 Et
233 1168 491 1240 conjurati
520 1170 737 1225 veniunt
766 1171 837 1226 ad
869 1171 1096 1228 classica
1123 1174 1284 1229 venti.

68 1262 203 1334 Igitur
227 1261 564 1322 Theodosius
589 1260 958 1320 Mediolanum
1004 1266 1250 1334 veniens,
1291 1276 1416 1337 post
1451 1267 1604 1324 labo-

68 1371 155 1410 rem
178 1354 437 1426 publicum
463 1370 696 1426 corpore
718 1354 999 1430 fatigatus,
1016 1358 1393 1430 aegritudinem
1417 1359 1603 1415 incur-

67 1448 135 1513 rit,
157 1457 204 1503 et
224 1462 441 1520 sperans
466 1462 528 1523 se
571 1448 927 1516 moriturum,
977 1451 1163 1521 potius
1191 1452 1260 1509 de
1298 1468 1359 1508 re
1386 1453 1601 1523 publica

68 1538 296 1609 cogitavit,
344 1537 705 1595 considerans
741 1555 866 1611 qua:
900 1540 1078 1598 solent
1124 1542 1440 1600 hominibus
1477 1560 1602 1600 eve-

67 1631 173 1694 nire,
195 1630 513 1700 imperatore
538 1632 829 1689 moriente.
858 1631 1056 1688 Filium
1086 1633 1271 1705 itaque
1295 1633 1600 1691 Honorium

74 1724 124 1778 de
144 1722 594 1796 Constantinopoli
623 1725 882 1782 velociter
906 1729 1173 1798 evocavit,
1212 1737 1268 1785 et
1303 1730 1601 1800 imperato-

65 1833 152 1872 rem
184 1816 353 1873 Roma:
384 1817 684 1875 ordinavit.
721 1817 973 1891 Cumque
1016 1820 1295 1879 Honorius
1342 1821 1600 1879 Mediola-

68 1927 165 1967 num
186 1912 426 1978 venisset,
458 1922 619 1982 pater
641 1928 709 1970 ex
733 1914 1059 1985 aegritudine
1072 1915 1368 1984 relevatus,
1389 1916 1600 1993 circum

66 2003 114 2057 de
129 2003 323 2058 victoria
343 2003 678 2071 celebrabat,
701 2013 758 2062 et
780 2016 907 2063 ante
926 2007 1216 2078 prandium
1235 2008 1454 2079 quidem
1476 2024 1601 2079 spe-

67 2098 285 2153 ctaculum
312 2097 467 2169 quasi
501 2114 672 2155 sanus
700 2098 971 2167 exhibuit,
1006 2108 1132 2171 post
1151 2101 1443 2172 prandium
1466 2117 1599 2157 vero

65 2196 239 2258 repente
271 2198 628 2262 pregravatus
650 2231 667 2257 ,
716 2190 786 2246 ad
832 2191 1207 2262 spectaculum
1258 2191 1446 2248 venire
1487 2207 1599 2248 non

67 2282 218 2349 potuit,
240 2283 401 2341 tilium
425 2274 618 2340 tamen
664 2282 811 2339 ludis
851 2282 1047 2340 adesse
1080 2283 1359 2364 preeepit;
1404 2298 1598 2354 super-

67 2374 266 2432 veniente
284 2391 410 2432 vero
449 2385 637 2445 nocte,
683 2376 977 2434 detunetus
1025 2386 1132 2444 est,
1165 2377 1233 2432 l6
1268 2376 1387 2435 Kal.
1431 2375 1592 2431 Febr.

70 2480 179 2521 anno
204 2466 400 2540 imperii
437 2468 554 2537 17°,
591 2468 716 2525 vita
736 2477 922 2525 autem
949 2467 1060 2523 40°.
1101 2468 1228 2524 Fuit
1255 2477 1436 2524 autem
1467 2483 1596 2539 pro—

67 2566 244 2628 pagator
262 2560 333 2616 rei
355 2561 594 2633 publicas
613 2570 670 2619 et
707 2560 968 2618 defensor
988 2562 1254 2629 eximius,
1278 2561 1518 2618 clemens
1540 2568 1597 2616 et

68 2649 340 2720 misericors,
363 2643 682 2719 communis
706 2656 946 2724 cunctis,
974 2655 1096 2710 solo
1119 2653 1309 2709 habitu
1339 2651 1596 2709 dill'ercns

67 2753 90 2792 ι
110 2741 285 2811 ceteris,
324 2744 379 2799 in
406 2759 608 2801 omnes
649 2746 1014 2815 honoriﬁcus,
1039 2745 1097 2801 in
1129 2744 1307 2801 bonos
1349 2759 1481 2801 vero
1521 2743 1591 2775 ⁹²⁸

67 2832 305 2900 profusius.
335 2835 570 2906 Quanta
603 2848 786 2896 autem
827 2838 1273 2898 mansuetudinis
1300 2837 1443 2909 apud
1487 2837 1592 2893 ho-

67 2925 198 2985 mines
218 2929 328 2998 luit,
359 2941 525 2989 tanta
553 2933 883 2998 humilitatis
909 2949 1096 2992 coram
1121 2932 1358 2989 Domino
1391 2931 1590 2987 extitit.

65 3016 215 3083 (ἐπ’
239 3022 291 3080 in
312 3025 404 3083 illo
443 3026 778 3085 obedientia:
821 3028 1074 3099 exemplo
1123 3027 1262 3083 satis
1306 3025 1590 3097 probatur,

66 3126 188 3181 πω
229 3127 405 3177 sancto
440 3120 744 3178 Ambrosio
786 3122 1067 3194 episcopo,
1097 3120 1269 3176 immo
1297 3134 1395 3190 per
1434 3118 1592 3175 illum

1710 632 1853 672 mens
1886 627 1978 674 tua
2004 619 2192 674 molem
2219 629 2384 677 tanta:
2425 627 2853 695 prwsumptiouis
2886 632 3143 700 agnoscit.
3183 630 3289 689 Sed

1708 706 1844 777 forte
1866 711 2271 781 recognitionem
2292 716 2494 783 peccati
2523 716 2761 787 prohibet
2782 729 3012 789 potestas
3037 722 3245 794 imperti
3267 743 3288 792 ;

1705 800 1852 856 decet
1879 810 2072 870 tamen,
2116 813 2172 858 ut
2197 806 2337 860 ratio
2370 808 2541 863 vincat
2570 818 2901 879 potestatem.
2952 811 3181 870 Scienda
3210 828 3288 872 est

1704 893 1893 963 quippe
1942 901 2138 948 natura
2166 894 2380 968 ejusque
2425 899 2728 955 mortalitas
2767 909 2922 972 atque
2950 903 3197 959 resolutio
3238 918 3289 963 et

1703 985 1874 1057 pulvis
1903 988 2320 1059 progenitorum,
2349 1006 2414 1045 ex
2434 1008 2535 1062 quo
2557 992 2711 1062 facti,
2742 980 2813 1048 ad
2842 1011 2994 1067 quem
3019 997 3291 1069 redigendi

1706 1095 1907 1147 sumus,
1930 1087 1980 1135 et
2003 1095 2108 1133 non
2146 1080 2277 1150 ﬂore
2322 1098 2582 1153 purpureo
2622 1084 2889 1155 ﬁdentem,
2920 1086 3295 1157 inﬁrmitatem

1704 1173 1873 1251 operti
1903 1173 2141 1244 corporis
2167 1174 2434 1245 ignorare.
2462 1174 2825 1248 Cowqualium
2848 1195 2901 1234 es
2925 1180 3212 1250 imperator
3238 1190 3294 1236 et

1702 1282 2100 1333 conservorum;
2131 1284 2270 1323 unus
2311 1275 2390 1324 est
2431 1269 2571 1324 enim
2607 1269 2865 1327 Dominus
2894 1264 3150 1342 omnium,
3198 1293 3293 1331 rex

1702 1366 1753 1412 et
1782 1366 1991 1412 creator
2038 1366 2368 1413 cunctorum.
2405 1358 2606 1425 Quibus
2644 1361 2811 1432 igitur
2856 1363 3024 1418 oculis
3064 1366 3289 1436 aspicies

1703 1450 1995 1505 communis
2023 1449 2241 1507 Domini
2265 1452 2558 1524 templum?
2591 1453 2780 1526 quibus
2814 1455 3044 1513 calcabis
3069 1458 3288 1529 pedibus

1703 1545 1776 1578 ’³⁸
1816 1554 2062 1602 sanctum
2109 1546 2260 1602 illius
2296 1548 2691 1618 pavimentum?
2721 1547 2995 1616 Quomodo
3044 1552 3289 1607 extendes

1702 1654 1914 1706 manus,
1944 1636 2010 1694 de
2053 1639 2243 1710 quibus
2294 1640 2469 1694 adhuc
2522 1639 2696 1694 stillat
2730 1642 2949 1712 sanguis
3005 1642 3292 1698 innoxius?

1703 1727 1978 1796 Quomodo
2002 1729 2306 1801 hujusmodi
2330 1732 2573 1786 manibus
2619 1733 2874 1803 suscipias
2908 1744 3150 1791 sanctum
3176 1734 3289 1790 Do-

1703 1821 1834 1875 mini
1886 1820 2109 1891 corpus!
2155 1818 2276 1887 Qua
2328 1824 2720 1893 presumptioue
2772 1822 3033 1897 poculum
3064 1825 3292 1895 preciosi

1702 1913 1979 1984 sanguinis
2028 1913 2286 1984 percipies
2322 1930 2411 1968 ore
2456 1922 2568 1981 tuo,
2604 1915 2730 1968 dum
2780 1914 2959 1985 furore
2994 1931 3293 1970 sermonum

1703 2014 1913 2061 tuorum
1940 2014 2122 2060 tantus
2151 2005 2346 2076 injuste
2367 2006 2438 2061 sit
2462 2006 2680 2079 sanguis
2704 2007 2903 2078 e/fusus
2920 2008 2947 2063 ?
2973 2006 3170 2063 Recede
3191 2010 3295 2080 igi-

1701 2107 1808 2166 tur,
1843 2097 2043 2166 recede,
2071 2114 2166 2153 nec
2201 2098 2428 2154 secundo
2470 2109 2686 2171 peccato
2724 2101 2955 2171 priorem
2996 2101 3294 2172 nequiciam

1699 2191 1984 2247 contendas
2013 2192 2234 2264 augere!
2270 2191 2490 2265 Suscipe
2524 2193 2812 2263 vinculum,
2853 2210 2956 2266 quo
2984 2203 3032 2249 te
3057 2195 3293 2249 omnium

1714 2281 1977 2339 Dominus
2026 2300 2165 2338 nunc
2210 2284 2433 2356 ligavit;
2473 2294 2551 2340 est
2571 2286 2713 2339 enim
2757 2285 3021 2340 medicina
3054 2287 3295 2341 maxima

1697 2376 1972 2430 sanitatis.
1992 2374 2089 2431 llis
2121 2377 2468 2433 sermonibus
2496 2377 2796 2448 imperator
2821 2377 3296 2435 obmdiens—erat

1695 2469 1845 2524 enim
1874 2468 2077 2525 divinis
2104 2468 2508 2525 eruditionibus
2538 2469 2801 2537 nutritus,
2831 2479 2886 2526 et
2902 2479 3089 2541 aperte
3111 2469 3296 2526 sciens

1695 2576 1822 2632 quae
1857 2569 2045 2617 essent
2081 2560 2302 2631 propria
2339 2561 2712 2629 sacerdotum,
2752 2577 2877 2632 quae
2914 2578 3292 2635 regum—ge-

1695 2668 1853 2710 mens
1879 2661 1935 2709 et
1972 2652 2180 2710 deﬂens
2224 2668 2291 2709 ac
2326 2653 2529 2725 regalia
2564 2654 2844 2709 remeavit.
2884 2652 3132 2726 Cumque
3167 2663 3295 2709 octo

1695 2747 1972 2804 mensium
2002 2747 2268 2804 continua
2296 2747 2630 2804 transissent
2652 2755 2926 2818 tempora,
2955 2746 3293 2817 prapinqua-

1695 2841 1773 2897 vit
1798 2841 2100 2897 nativitatis
2132 2840 2435 2897 Salvatoris
2461 2840 2638 2897 nostri
2666 2839 2958 2896 festivitas.
2990 2837 3293 2911 Imperator

1693 2943 1881 2991 autem
1912 2933 2400 2989 lamentationibus
2428 2932 2668 2989 assiduis
2698 2931 2752 2987 in
2782 2931 2987 3003 palatio
3016 2931 3289 2998 residens,

1694 3024 1990 3084 continuas
2041 3025 2303 3082 lacrimas
2351 3025 2752 3082 incessabiliter
2796 3023 3157 3095 expendebat.
3202 3021 3293 3078 ln-

1692 3133 1918 3191 gressus
1951 3126 2137 3175 autem
2176 3126 2309 3175 tunc
2356 3117 2622 3189 magister
2659 3116 2869 3172 militia:
2916 3115 3185 3190 Ruﬁnus,
3237 3124 3294 3172 et

67 3202 146 3261 Deo
164 3210 453 3269 exhibuisse
498 3221 783 3270 narratur.
823 3213 986 3281 Quod
1014 3212 1147 3284 quia
1189 3220 1276 3269 est
1302 3211 1477 3268 relatu
1525 3226 1593 3268 ac
1635 3281 1659 3284 ᾳ
1694 3211 2036 3282 singularem
2065 3211 2211 3281 apud
2241 3210 2544 3281 principem
2573 3209 2833 3266 ﬁduciam
2865 3209 3097 3276 habens,
3121 3216 3179 3265 et
3204 3207 3291 3263 vi-

67 3303 274 3360 memoria
311 3306 538 3380 dignum
569 3307 698 3362 licet
719 3322 831 3363 non
857 3322 961 3364 suo
1001 3281 1146 3375 loco,
1201 3305 1369 3364 statui
1404 3281 1662 3369 tamenC
1692 3302 1830 3381 dens
1857 3318 1985 3359 eum
2026 3303 2083 3359 in
2119 3302 2514 3358 lamentatione
2557 3310 2920 3373 prostratum,
2958 3300 3200 3357 accessit
3236 3308 3295 3356 et

67 3391 438 3466 memorandum,
461 3407 522 3456 et
542 3413 645 3471 pro
665 3398 902 3456 utilitate
929 3399 1230 3473 legentium
1258 3408 1314 3455 et
1340 3412 1443 3470 pro
1470 3397 1590 3469 opi-

68 3486 190 3543 nione
209 3491 475 3548 virtutum.

119 3560 285 3636 'Qtlod
329 3564 389 3620 in
425 3565 541 3636 illo
590 3564 981 3636 comprobatur
1034 3563 1360 3636 obedientia:
1403 3578 1591 3636 erem-

169 3633 263 3702 plo,
297 3634 437 3706 quod
474 3636 688 3708 passim
717 3633 936 3708 'legitur
968 3644 1021 3708 et
1049 3650 1151 3692 nos
1182 3635 1272 3708 hic
1294 3634 1590 3708 brevitatis

168 3705 327 3778 causa
373 3705 936 3778 subtrahimus,'quo
975 3705 1138 3762 beato
1185 3706 1467 3778 subjectus
1505 3713 1592 3778 est

169 3774 454 3848 Ambrosio,
502 3777 820 3848 prohibe’nti
843 3774 1097 3848 scilicet,
1121 3774 1301 3832 illum'
1326 3776 1593 3833 :eeclesiae

168 3844 355 3919 ingredi
388 3844 585 3905 limina
621 3857 859 3919 propter.
893 3847 1297 3919 inconsiderata
1344 3863 1592 3919 quorun-

168 3915 277 3972 dam
303 3915 659 3977 innocentum
688 3915 1005 3976 homicidia.
1026 3917 1273 3976 Habebat
1298 3915 1464 3975 etiam
1494 3918 1593 3976 im-

169 3999 367 4056 perator
391 3999 445 4047 et
473 3991 666 4060 aliam,
698 4000 799 4046 etc.
829 3989 908 4045 D?
934 3989 997 4045 E.

114 4052 432 4119 Thesalonica
452 4073 544 4119 est
565 4052 759 4119 civitas
780 4061 1004 4135 grandis
1023 4067 1079 4117 et
1100 4059 1388 4132 populosa,
1403 4060 1458 4114 in
1480 4074 1591 4130 qua

63 4142 161 4201 dum
183 4160 312 4209 esset
337 4152 703 4224 Theodosius,
731 4155 809 4212 ibi
857 4153 1059 4213 seditio
1083 4161 1167 4211 est
1188 4160 1345 4221 orta,
1371 4160 1428 4208 et
1462 4152 1593 4225 qui-

62 4233 157 4293 dam
180 4256 238 4298 ex
260 4244 535 4315 iudicibus
567 4248 729 4305 tracti
759 4256 815 4305 et
858 4247 1086 4319 lapidati
1120 4252 1269 4315 sunt,
1314 4259 1591 4318 unusque,

63 4340 107 4384 ut
122 4333 251 4393 aiunt
269 4339 475 4411 (Ruris.
505 4357 582 4408 si,
614 4341 703 4411 l8,
718 4341 877 4397 ——H.
899 4342 1090 4415 m.),ex
1110 4339 1402 4408 militibus,
1427 4354 1593 4411 quem

63 4419 129 4478 ille
151 4426 401 4502 diligebat,
433 4432 654 4490 occisus
678 4442 783 4491 est.
822 4433 962 4491 Hinc
996 4433 1313 4506 indignatus
1342 4426 1595 4488 Theodo-

61 4513 166 4583 sius,
192 4520 319 4579 sicut
341 4540 399 4582 se
422 4525 630 4582 habent
658 4527 914 4583 humanm
938 4527 1245 4599 passiones,
1273 4539 1385 4583 non
1422 4523 1595 4582 refre-

1692 3394 2045 3452 lacrimarum
2075 3411 2275 3452 causas
2301 3394 2551 3465 inquirit.
2580 3393 2652 3449 At
2687 3394 2779 3450 ille
2816 3392 3167 3459 amarissime
3198 3392 3294 3446 in-

1692 3487 2000 3560 gemiscens
2037 3496 2093 3545 et
2138 3488 2516 3545 vehementius
2550 3487 2810 3544 lacrimas
2846 3485 3087 3542 fundens
3125 3503 3141 3540 :
3188 3484 3291 3552 Tu,

1693 3579 1896 3650 inquit,
1935 3579 2145 3651 Ruﬁne,
2193 3579 2360 3647 ludis,
2383 3587 2433 3635 et
2466 3595 2582 3634 mea
2612 3578 2758 3633 mala
2799 3594 2904 3633 non
2948 3577 3149 3643 sentis;
3197 3593 3292 3646 ego

1692 3681 1871 3727 autem
1892 3672 2158 3728 lamentor
2175 3680 2226 3728 et
2252 3687 2398 3744 gemo
2423 3669 2788 3726 calamitatem
2812 3686 3006 3739 meum,
3034 3669 3162 3742 quia
3180 3685 3295 3724 ser-

1693 3765 1772 3821 vis
1800 3765 2013 3837 quidem
2030 3773 2082 3821 et
2110 3763 2534 3821 mendicantibus
2563 3772 2749 3834 aperta
2784 3772 2909 3818 sunt
2943 3761 3142 3833 templa
3169 3760 3291 3828 Dei,

1692 3866 1745 3913 et
1776 3859 2051 3929 proprium
2080 3857 2356 3912 dominum
2392 3855 2746 3928 ingredientes
2787 3855 2861 3887 "7
2907 3854 3127 3910 licenter
3165 3869 3295 3910 exo—

1694 3958 1848 4015 rant;
1873 3948 2032 4003 michi
2070 3964 2188 4003 vero
2228 3947 2600 4019 ingressusad
2633 3962 2754 4002 eum
2784 3962 2889 4001 non
2938 3954 3038 4014 est,
3076 3946 3296 4016 insuper

1693 4042 1859 4097 etiam
1890 4039 2007 4096 οωιὶ
2051 4038 2226 4094 clausi
2264 4047 2409 4094 sunt.
2451 4037 2580 4095 Haec
2616 4039 2837 4105 dicens,
2877 4038 3044 4092 verba
3077 4037 3292 4107 singula

1695 4133 2029 4206 singultibus
2058 4128 2418 4202 irrumpebat.
2452 4129 2688 4187 Ruﬁnus
2716 4130 2787 4162 ’³⁸
2814 4149 2827 4185 :
2864 4127 3057 4196 Curro,
3090 4128 3292 4198 inquit,
3348 4134 3356 4140 ’

1694 4229 1743 4284 si
1764 4226 1861 4282 tibi
1882 4225 2073 4298 placet,
2099 4225 2441 4297 pontiﬁcique
2464 4223 2720 4294 ‘precibus
2742 4222 3069 4293 'persuadeo,
3093 4230 3154 4274 ut
3186 4220 3296 4275 sol-

1695 4329 1784 4376 vat
1806 4318 2077 4376 vinculum
2099 4317 2239 4391 quod
2277 4316 2485 4389 ligavit.
2512 4315 2605 4370 Ait
2632 4313 2933 4386 imperator
2963 4331 2980 4380 ;
3014 4312 3140 4367 Non
3168 4329 3297 4367 sua-

1694 4414 1840 4469 debis
1850 4411 2133 4468 Ambrosio
2144 4428 2165 4478 ;
2185 4410 2306 4466 novi
2327 4425 2422 4481 ego
2456 4409 2725 4464 decretum
2745 4406 2895 4461 illius
2915 4422 3026 4462 esse
3046 4405 3257 4477 justum
3271 4421 3295 4469 ;

1697 4523 1859 4579 neque
1916 4505 2236 4561 reserabitur
2275 4501 2607 4574 imperialem
2647 4500 2962 4572 potentiam,
3020 4507 3080 4554 ut
3130 4497 3297 4569 legem

60 4609 175 4664 navit
208 4613 491 4675 iracundia:
526 4589 1055 4687 inﬁrmitatem-sed
1084 4618 1241 4690 justo
1283 4617 1461 4675 furori
1490 4616 1594 4674 im—

1698 4600 1863 4672 possit
1902 4598 2237 4671 prevaricare
2264 4595 2526 4651 divinam.
2559 4593 2810 4670 Cumque
2848 4590 3080 4648 Ruﬁnus
3115 4589 3302 4646 verbis

59 4712 258 4761 mensam
301 4712 620 4780 permiscuit
656 4686 1056 4769 crudelitatem,
1086 4686 1183 4768 Ἀά
1226 4712 1389 4767 ludos
1428 4712 1594 4783 igitur
1626 4686 1663 4694 ⁷
1695 4695 1948 4767 plurimis
1985 4701 2234 4750 uteretur
2278 4700 2336 4748 et
2381 4688 2726 4763 promitteret
2769 4686 3126 4783 Ambrosium
3169 4698 3303 4783 esse

57 4790 283 4856 circenses
300 4774 465 4873 iussit
478 4804 699 4860 invitari
721 4805 891 4873 cives,
910 4813 965 4860 et
986 4812 1206 4876 repente
1220 4820 1387 4877 super
1401 4774 1593 4859 omnes
1692 4788 2043 4855 ﬂectendum,
2065 4786 2363 4857 imperator
2383 4798 2510 4877 eum
2530 4796 2758 4853 pergere
2780 4794 2910 4877 cum
2936 4774 3301 4877 iestinatione

58 4878 247 4951 ίηίυειοε
284 4870 490 4965 stadios
525 4898 769 4970 precepit
810 4870 1090 4970 evaginari
1132 4906 1187 4953 et
1213 4870 1323 4954 ιιηξι
1353 4913 1478 4955 cum
1510 4896 1595 4951 in-
1696 4880 1968 4952 precepit;
2000 4880 2117 4950 ipse
2148 4892 2279 4933 vero
2308 4892 2406 4946 spe
2436 4875 2565 4970 dats
2602 4870 3049 4970 nostraulglum
3077 4877 3164 4970 est
3199 4883 3290 4970 se;

55 4960 329 5043 nocenubds
373 4960 631 5047 “meﬁtes
669 4960 887 5064 ierim.
915 4960 1156 5062 "septem
1196 4991 1396 5062 quippe
1442 4989 1592 5045 mitia
1695 4984 1879 5041 cutus,
1909 4973 2140 5030 credens
2169 4970 2352 5026 Ruﬁni
2375 4962 3064 5064 promissionibusaliorro
3092 4960 3297 5064 vir'mi-

1694 5067 1902 5123 randus
1929 5064 2258 5121 Ambrosius
2288 5078 2416 5119 mox
2450 5071 2512 5117 ut
2538 5059 2798 5115 Ruﬁnum
2829 5057 2985 5123 vidit,
3016 5056 3094 5111 ait
3129 5072 3142 5110 :
3177 5052 3294 5107 Im-

1693 5162 2004 5235 pudentiam
2032 5176 2226 5215 canum
2254 5159 2500 5213 imitatus
2520 5172 2598 5223 es,
2632 5172 2662 5210 ο
2694 5153 2880 5224 Ruﬁne
2904 5152 2996 5219 "9,
3022 5159 3187 5204 tanta?
3212 5149 3292 5202 vi-

1694 5256 1883 5312 delicet
1927 5255 2071 5311 necis
2109 5261 2299 5308 auctor
2326 5252 2579 5318 existens,
2621 5257 2674 5304 et
2713 5246 2967 5319 pudorem
3010 5260 3077 5299 ea:
3120 5243 3297 5314 fronte

1694 5351 1990 5420 detergens,
2017 5364 2109 5403 nec
2136 5345 2422 5411 erubescis,
2449 5360 2541 5398 nec
2565 5342 2775 5409 metuis,
2799 5348 2984 5409 contra
3008 5335 3294 5408 imaginem

1694 5445 1897 5500 latrare
1928 5443 2187 5498 divinam.
2217 5440 2469 5509 Cumque
2500 5436 2734 5492 Rulinus
2757 5434 3095 5505 supplicaret
3119 5438 3173 5485 et
3195 5428 3296 5482 im-

1696 5545 2006 5610 peratorem
2033 5511 2326 5590 venturum
2350 5545 2476 5588 esse
2514 5529 2740 5595 diceret,
2770 5540 3009 5598 superno
3034 5523 3152 5579 zelo
3195 5536 3292 5576 ac-

1696 5646 1898 5688 census
1928 5626 2278 5692 Ambrosius,
2329 5623 2446 5679 ait:
2492 5621 2606 5695 Ego
2637 5620 2754 5688 tibi,
2800 5618 3010 5689 Ruﬁne,
3053 5614 3290 5688 predico,

55 5064 291 5133 hominum
319 5076 569 5141 feruntur
597 5086 671 5141 ibi
709 5084 917 5150 occisa,
948 5098 1061 5140 non
1089 5085 1413 5156 precedente
1446 5083 1596 5155 judi-

54 5158 135 5229 cio,
161 5169 244 5224 sed
272 5170 565 5233 furibundo
603 5178 847 5235 dictante
885 5178 1090 5233 animo.
1125 5176 1449 5248 Huiusmodi
1478 5177 1591 5232 cla-

51 5249 146 5308 dem
172 5263 389 5329 Gemitus
418 5275 632 5340 plenam
663 5271 895 5327 audiens
922 5269 1410 5336 Amtirosius,cum
1440 5267 1590 5339 prin-

51 5360 150 5442 }TPS
175 5346 522 5418 Mediolanum
551 5366 791 5421 venisset
826 5374 881 5421 et
908 5364 1211 5422 aacclcsiam
1252 5361 1592 5419 sollemniter

52 5446 218 5529 ξῖξίηιτθ
258 5452 534 5522 voluisset,
582 5457 721 5514 foris
777 5458 847 5513 ad
893 5458 1095 5529 januas
1122 5456 1173 5512 ei
1201 5456 1273 5489 ⁹¹³
1327 5452 1589 5519 occurrit,

53 5522 213 5602 hisque
254 5539 401 5599 illum
441 5548 789 5606 sermonibus
827 5565 858 5604 a
898 5549 1042 5605 sacri
1090 5547 1298 5604 liminis
1338 5546 1589 5618 ingressu

52 5623 289 5688 inhibuit
319 5654 332 5690 :
366 5636 572 5709 Nescis,
612 5642 920 5713 imperator,
953 5648 1270 5713 perpetratae
1306 5657 1339 5695 a
1368 5648 1417 5694 te
1446 5636 1590 5693 necis

1279 5722 1513 5788 VARUS
1553 5721 1954 5784 LECTIONES.

97 5806 157 5840 ut

51 5820 391 5924 ιῖξδθΜ.
464 5824 530 5855 m
560 5825 597 5880 τι
630 5825 679 5881 ei
719 5824 785 5882 ad
823 5826 856 5879 i.
886 5826 937 5881 s.
1010 5826 1163 5895 mp.
1198 5840 1246 5878 ς.
1280 5824 1330 5879 5.

1417 5823 1486 5855 ⁹²⁷
1530 5821 1743 5892 ingrcss
1776 5814 1932 5870 litera
1989 5829 2142 5868 erasa
2186 5811 2271 5867 9".

2347 5809 2415 5842 m
2456 5823 2501 5863 ια,
2550 5822 2683 5863 vero
2741 5806 2774 5861 5
2828 5803 2905 5853 .’”
2975 5816 3034 5856 es
3094 5796 3286 5853 0rditt°
