3876 6306
548 364 652 417 ’165

1716 356 2112 414 EKKEHARDI
2151 354 2613 412 URAUGIENSIS

3697 358 3780 414 τα

549 473 1037 545 quoniam'ingredi
1065 489 1220 527 sacra
1261 471 1450 526 limina
1489 488 1608 525 eum
1635 471 1914 542 prohibebo
1950 473 2038 537 “°,
2077 473 2123 524 si
2155 476 2198 532 Α
2228 470 2390 525 nibus
2422 470 2648 524 barbam
2681 467 3016 538 capillosque
3049 466 3284 524 cvell’eus
3306 466 3654 540 frontemque
3677 487 3759 541 per

550 585 668 622 vero
692 568 969 634 imperium
998 567 1053 621 in
1078 566 1409 636 tyrannidem
1434 566 1732 632 mutaverit,
1765 581 1938 620 necem
1963 564 2129 619 liben-

553 670 632 713 ter
653 660 882 728 suscipio
907 659 975 690 ⁹³¹
1003 657 1128 713 Haec
1155 666 1208 712 et
1236 659 1339 712 alia
1365 658 1597 728 plurima
1619 656 1848 712 Ruﬁnus
1879 657 2125 723 audiens,

551 749 831 804 nunciavit
877 749 1212 818 imperatori,
1241 764 1469 804 mouens
1492 763 1560 802 ne
1592 747 1659 802 de
1703 747 1904 818 palatio
1938 763 2130 816 proce-

550 844 720 898 deret.
751 841 820 896 At
850 841 1145 908 imperator
1173 842 1287 896 hate
1315 841 1368 895 in
1398 841 1574 895 media
1595 839 1708 910 jam
1729 841 1904 910 platea
1927 855 2129 912 cogno-

555 951 716 990 scens
751 954 764 990 :
805 937 996 1006 Pergo,
1053 935 1249 1003 inquit,
1307 941 1357 988 et
1402 933 1582 1002 justas
1613 934 1668 986 in
1719 934 1856 1003 facie
1899 934 2128 1003 suscipio

550 1027 917 1081 contumelias.
970 1027 1218 1096 Cumque
1257 1025 1326 1080 ad
1367 1041 1522 1080 sacra
1552 1024 1740 1078 limina
1770 1025 2126 1095 pervenisset,

550 1121 604 1174 in
649 1128 893 1175 sanctam
934 1119 1155 1189 quidem
1186 1117 1469 1173 basilicam
1513 1131 1621 1170 non
1662 1118 1995 1187 presumpsit
2041 1116 2128 1172 in—

549 1218 716 1280 trare,
754 1212 848 1267 sed
899 1213 1180 1267 inveniens
1221 1207 1519 1267 antistitem
1549 1212 1604 1266 in
1635 1212 1953 1267 salutatorio
1992 1213 2130 1268 resi-

550 1304 789 1372 dentem,
833 1306 1193 1375 supplicabat,
1225 1313 1285 1359 ut
1312 1304 1430 1374 ers
1455 1304 1670 1358 vincula
1709 1305 2024 1359 resolveret.
2060 1305 2131 1359 At

550 1394 639 1449 ille
667 1396 1007 1467 tyrannicam
1050 1395 1262 1450 dicebat
1288 1393 1406 1464 ejus
1435 1399 1555 1448 esse
1593 1393 1946 1462 presentiam,
1978 1409 2131 1448 eum-

551 1503 658 1556 que
682 1486 1072 1542 contra-Deum
1102 1485 1352 1542 vesanire
1376 1493 1429 1540 et
1457 1485 1602 1555 leges
1621 1484 1739 1554 ejus
1769 1484 1998 1539 calcare.
2037 1484 2064 1538 \
2081 1502 2135 1540 e—

551 1592 673 1630 rum
707 1577 1039 1647 imperator:
1094 1577 1237 1644 Non,
1269 1576 1467 1647 inquit,
1497 1576 1713 1645 insurgo
1750 1575 1998 1629 adversus
2031 1592 2131 1630 ccc-

551 1667 876 1722 clesiasticas
905 1670 1223 1735 sanctiones,
1249 1683 1341 1722 nec
1372 1668 1547 1738 inique
1583 1666 1788 1735 ingredi
1816 1665 2004 1719 limina
2039 1683 2130 1719 sa-

551 1771 643 1808 cra
677 1757 951 1824 contendo,
978 1757 1067 1811 sed
1118 1767 1166 1811 te
1208 1757 1404 1811 solvere
1431 1755 1640 1811 vincula
1683 1771 1797 1808 mea
1813 1755 2037 1824 deposco
2081 1763 2132 1808 et

551 1853 842 1903 communis
877 1849 1091 1904 DOmini
1136 1867 1230 1920 pro
1261 1866 1341 1904 me
1382 1865 1602 1904 exorare
1647 1847 1998 1914 clementiam,
2038 1863 2129 1901 nec

552 1944 711 1997 michi
731 1943 956 2012 januam
972 1942 1171 2009 claudi,
1193 1959 1349 2013 quam
1372 1942 1572 1995 cunctis
1591 1940 1952 2010 paenitentiam
1973 1956 2131 2010 agen-

555 2037 692 2089 tibus
720 2035 976 2089 Dominus
1001 2043 1176 2088 noster
1195 2034 1422 2104 aperuit.
1449 2032 1604 2088 Tunc
1633 2033 1864 2087 antistes
1889 2051 1902 2086 :
1935 2031 2130 2099 Quam,

553 2125 747 2196 inquit,
776 2128 1136 2196 paenitentiam
1163 2127 1438 2181 ostendisti
1460 2134 1576 2195 post
1601 2133 1778 2178 tantas
1801 2125 2129 2194 iniquitates,

554 2217 744 2270 auibus
772 2217 1207 2271 medicaminibus
1237 2217 1559 2272 incurabilia
1606 2216 1822 2270 vulnera
1848 2215 2134 2286 plagasque

553 2309 757 2362 curasti
784 2309 808 2362 ?
843 2307 1102 2361 —Tuum
1124 2317 1222 2375 est,
1255 2308 1432 2378 inquit
1462 2307 1789 2376 imperator,
1836 2306 2048 2360 edocere
2084 2312 2134 2359 et

557 2400 940 2454 medicamenta
967 2410 1272 2470 temperare,
1301 2416 1470 2453 meum
1499 2415 1614 2452 vero
1641 2398 1820 2452 oblata
1850 2398 2130 2467 suscipere.

555 2489 709 2546 Tunc
739 2500 962 2547 sanctus
992 2492 1315 2547 Ambrosius
1353 2491 1457 2546 ait:
1490 2489 1756 2556 Quoniam
1780 2491 1955 2560 furori
1979 2490 2134 2560 judi—

556 2583 696 2636 cium
729 2594 876 2638 tuum
908 2585 1218 2638 commisisti
1251 2593 1302 2639 et
1332 2600 1435 2637 non
1472 2583 1610 2636 ratio
1659 2582 1881 2654 protulit
1923 2590 2134 2637 senten-

558 2680 690 2733 tiam
720 2679 810 2733 sed
837 2677 1326 2745 iracundia,scribe
1352 2676 1534 2748 legem,
1561 2693 1678 2748 qua:
1703 2675 2134 2746 decreta'furoris

553 2779 796 2836 evacuet;
811 2779 859 2825 et
887 2771 954 2824 50
978 2770 1159 2823 diebus
1180 2771 1437 2824 sententia
1460 2771 1599 2824 necis
1626 2777 1780 2840 atque
1796 2768 2139 2838 proscriptio-

559 2863 640 2915 nis
674 2861 1037 2915 tantummodo
1063 2860 1132 2892 ’3'
1153 2869 1363 2914 maneat
1386 2862 1440 2914 in
1465 2860 1658 2914 litteris
1687 2868 1736 2913 et
1751 2859 2019 2930 judicium
2039 2873 2136 2912 ea:-

559 2963 724 3026 pectet
739 2953 986 3019 rationis,
1011 2953 1201 3023 quibus
1227 2952 1407 3006 diebus
1438 2952 1743 3011 transactis.
1773 2952 1858 3005 ira
1877 2949 1995 3020 jam
2025 2967 2137 3004 ces-

559 3056 731 3113 sante,
769 3046 909 3099 ratio
945 3061 1162 3098 causam
1191 3044 1444 3115 judicans
1481 3043 1622 3114 apud
1645 3046 2000 3114 semetipsum,
2023 3059 2145 3116 quae.

559 3139 855 3209 cognoverit
878 3137 971 3192 sub
999 3138 1215 3190 veritate
1244 3136 1509 3206 disponat.
1560 3134 1624 3188 In
1666 3136 1747 3189 his
1778 3137 1918 3190 enim
1956 3136 2139 3190 diebus

562 3247 859 3302 cognosces,
885 3246 953 3283 an
987 3229 1139 3298 justa
1164 3229 1236 3282 sit
1261 3228 1517 3283 sententia
1537 3244 1695 3298 quam
1720 3228 2025 3298 protuleris,
2071 3245 2141 3282 an

558 3321 793 3390 injusta;
841 3330 890 3375 et
916 3320 963 3374 si
995 3321 1134 3374 ratio
1163 3321 1461 3390 probaverit
1490 3319 1690 3388 injusta
1716 3337 1832 3391 qua:
1859 3329 1980 3374 sunt
2013 3337 2140 3391 pro-

562 3410 698 3474 lata,
722 3411 1034 3480 disrumpet,
1065 3411 1111 3464 si
1141 3426 1258 3465 vero
1279 3410 1452 3479 justa,
1490 3409 1746 3479 ﬁrmabit,
1786 3411 1992 3464 dierum
2025 3427 2142 3466 vero

564 3519 811 3556 numerus
845 3503 915 3557 ad
939 3502 1049 3557 hazc
1078 3502 1435 3558 examinanda
1471 3502 1710 3571 sufﬁciet.
1754 3501 1906 3558 Hauc
1933 3517 2144 3558 ammo—

558 3594 828 3650 ‘nitionem
858 3595 1154 3665 imperator
1177 3595 1362 3650 animo
1385 3593 1572 3649 libenti
1602 3594 1909 3664 suscipiens
1935 3603 1988 3650 et
2010 3595 2148 3665 opti-

565 3701 712 3739 mam
748 3701 870 3742 esse
909 3686 1212 3752 conlidens,
1242 3685 1415 3756 legem
1454 3685 1725 3740 conscribi
1765 3694 1986 3756 repente
2021 3702 2146 3756 pre-

561 3778 704 3847 cepit
747 3786 802 3832 et
831 3779 1064 3849 propria:
1117 3795 1313 3833 manus
1370 3779 1568 3834 litteris
1617 3779 1976 3834 conﬁrmavit.
2025 3779 2158 3846 Quo.

560 3867 728 3935 facto,
779 3870 1057 3924 vinculum
1085 3871 1204 3940 ejus
1242 3870 1566 3925 Ambrosius
1596 3871 1844 3926 absolvit.
1899 3871 2032 3937 Quae
2059 3871 2145 3925 lex

563 3963 833 4017 hactenus
890 3963 1214 4018 observatur
1263 3962 1760 4032 Constantinopoli.
1822 3961 1917 4018 Est
1963 3971 2144 4017 autem

563 4053 881 4123 bujusmodi
905 4073 918 4106 :

639 4165 657 4197 α
687 4145 1043 4216 Imperatores
1078 4145 1389 4212 Gratianus,
1425 4144 1860 4212 Valentinianus,
1891 4145 2145 4201 Theodo-

562 4235 680 4291 sius
711 4237 928 4307 augusti
962 4235 1220 4291 Flaviano
1247 4235 1488 4307 prefecto
1515 4237 1741 4307 pretorii
1765 4238 1834 4270 ³³³
1862 4237 2091 4293 Yllirici.

634 4327 694 4383 Si
719 4329 986 4384 vindicari
1030 4329 1084 4383 in
1129 4330 1342 4398 aliquos
1378 4329 1623 4385 severius
1664 4337 1855 4385 contra
1897 4339 2144 4385 nostram

561 4419 1013 4474 consuetudinem
1053 4435 1152 4489 pro
1185 4435 1365 4474 causae
1403 4420 1602 4475 intuitu
1638 4419 1991 4489 jusserimus,
2039 4436 2142 4476 no.

2165 1813 2206 1869 Β

2168 3193 2211 3252 C

2230 561 2442 616 cutiens
2463 569 2518 614 et
2538 561 2908 630 pavimentum
2928 559 3277 615 lacrimarum
3294 561 3467 630 guttis
3491 576 3782 634 aspergens,

2229 651 2444 708 veniam
2488 654 2764 723 poscebat.
2808 653 3057 723 Cumque
3099 661 3313 724 tempus
3351 654 3657 720 accederet,
3695 672 3783 726 quo

2231 761 2433 801 munus
2485 747 2554 801 ad
2602 747 2774 801 altare
2813 747 3024 802 solebat
3057 746 3273 812 olferre,
3308 763 3553 818 surgens
3581 763 3696 803 cum
3721 751 3784 804 la-

2230 837 2436 904 crimis,
2465 838 2744 908 ingressus
2763 848 2866 894 est.
2895 838 3033 894 Cum
3061 855 3191 894 vero
3213 839 3514 894 obtulisset
3545 841 3680 895 sicut
3709 857 3785 896 sa-

2231 929 2360 985 litus
2391 937 2530 997 erat,
2543 931 2685 984 intra
2711 931 2983 986 cancellos
3009 932 3176 986 stetit.
3215 932 3431 988 Rursus
3471 941 3653 986 autem
3680 935 3789 987 Am-

2230 1021 2449 1077 brosius
2466 1037 2576 1076 non
2599 1023 2889 1092 acquievit,
2912 1023 3005 1078 sed
3027 1023 3392 1078 dill‘ereutiam
3416 1023 3667 1079 locorum
3681 1027 3790 1080 edo-

2231 1114 2362 1179 cuit,
2391 1123 2444 1168 et
2463 1114 2641 1184 primo
2681 1114 2900 1185 quidem
2942 1115 3232 1184 requisivit
3264 1115 3397 1186 quid
3437 1116 3517 1171 ibi
3557 1130 3790 1186 expecta-

2231 1215 2330 1260 ret.
2365 1205 2692 1277 lmperatore
2721 1207 2953 1274 dicente,
2986 1208 3256 1263 sustinere
3289 1224 3350 1262 se
3370 1225 3660 1264 sacrorum
3687 1227 3790 1280 per-

2231 1299 2531 1369 ceptionem
2573 1300 2981 1371 mysteriorum,
3017 1301 3358 1356 remandavit
3404 1303 3457 1356 ei
3505 1319 3604 1372 per
3650 1319 3788 1357 suum

2232 1391 2677 1446 archidiaconum
2705 1411 2718 1446 :
2751 1391 2796 1448 Ο
2825 1393 3133 1463 imperator,
3158 1393 3415 1447 interiora
3448 1393 3570 1448 loca
3607 1404 3790 1448 tantum

2232 1483 2595 1536 sacerdotibus
2618 1493 2741 1538 sunt
2762 1484 2985 1550 collata,
3012 1501 3130 1554 qua:
3160 1486 3318 1538 ceteri
3337 1501 3443 1543 nec
3480 1487 3684 1557 ingredi
3715 1505 3790 1541 nec

2233 1575 2530 1645 contingere
2575 1577 2971 1646 permittuntur.
3020 1576 3280 1647 Egredere
3321 1578 3522 1648 igitur,
3578 1590 3628 1634 et
3677 1582 3793 1633 hanc

2231 1665 2673 1732 exspectationem
2719 1682 2836 1718 cum
2877 1667 3061 1719 ceteris
3103 1666 3234 1719 habe
3274 1683 3630 1723 communem.
3668 1669 3792 1724 Pur-

2233 1771 2366 1822 pura
2402 1773 2632 1826 namque
2666 1758 3007 1828 imperatores
3048 1759 3138 1823 9“,
3183 1775 3285 1811 non
3323 1761 3630 1814 sacerdotes
3663 1763 3790 1830 facit.

2235 1845 2390 1902 Tunc
2435 1847 2788 1906 fidelissimus
2830 1851 3124 1921 imperator
3157 1852 3323 1906 etiam
3367 1853 3514 1907 hanc
3567 1855 3795 1910 traditio—

2234 1957 2358 1997 nem
2408 1943 2594 1998 auimo
2641 1944 2874 2014 gratanti
2909 1944 3234 2013 suscipiens,
3271 1945 3658 2000 remaudavit:
3695 1947 3793 2002 Nc:

2235 2036 2476 2091 audacia!
2499 2053 2660 2091 causa
2683 2036 2826 2090 intra
2853 2036 3113 2091 cancellos
3135 2038 3332 2104 mansi,
3355 2038 3450 2091 sed
3469 2039 3524 2091 in
3559 2037 3794 2093 Constan-

2237 2127 2591 2197 tinopolitano
2620 2128 2746 2181 urbe
2785 2127 2921 2180 hanc
2951 2127 3379 2180 consuetudinem
3421 2144 3540 2182 esse
3575 2132 3791 2199 cognovi;

2236 2221 2374 2273 unde
2398 2222 2603 2291 gratias
2630 2236 2729 2293 ago
2757 2237 2853 2290 pro
2887 2211 3189 2289 hujusmodi
3219 2220 3505 2274 medicina.
3544 2218 3663 2274 Tali
3688 2237 3792 2291 ergo

2237 2322 2498 2382 tantaque
2541 2321 2597 2368 et
2639 2313 2824 2382 presul
2855 2321 2906 2367 et
2946 2313 3244 2382 imperator
3278 2312 3483 2366 virtute
3519 2313 3788 2368 clarebsat

2240 2405 2351 2477 Ego
2388 2415 2570 2461 autem
2594 2407 2884 2476 utriusque
2905 2421 3046 2475 opus
3069 2405 3523 2470 ammiror,illius
3546 2407 3788 2464 ﬁduciam.

2238 2497 2404 2568 hujus
2461 2500 2868 2566 oboedientiam,
2914 2499 3060 2554 illius
3085 2499 3185 2553 zeli
3228 2497 3526 2563 fervorem,
3567 2500 3791 2569 bujusi—

2237 2591 2324 2646 dei
2356 2592 2670 2661 puritatem.
2710 2591 2883 2647 Porro
2923 2591 3140 2662 regulas
3171 2591 3392 2661 pietatis
3450 2607 3597 2661 quas
3631 2608 3661 2646 a
3699 2607 3784 2645 ma-

2239 2697 2347 2755 gno
2388 2684 2670 2739 sacerdote
2706 2684 2930 2755 recepit,
2972 2699 3226 2739 reversus
3253 2684 3424 2738 etiam
3459 2683 3518 2737 in
3552 2682 3792 2738 Constan-

2240 2775 2598 2846 tinopolitana
2641 2776 2774 2832 urbe
2826 2776 3080 2832 servavit.
3137 2774 3275 2830 Nam
3324 2776 3459 2831 dum
3511 2774 3794 2830 festivitatis

2241 2877 2484 2939 tempore
2524 2869 2593 2924 ad
2636 2868 2922 2924 ecclesiam
2975 2868 3354 2939 processisset,
3403 2869 3608 2925 oblatis
3645 2870 3696 2923 in
3733 2868 3792 2923 ai-

2247 2961 2349 3016 tari
2374 2961 2442 2993 ’³⁸
2471 2961 2813 3026 muneribus,
2860 2975 2988 3016 mox
3023 2975 3280 3032 egressus
3304 2969 3411 3016 est.
3444 2958 3795 3032 CumqueNe-

2241 3054 2468 3121 ctarius,
2501 3063 2632 3109 tunc
2654 3054 2838 3124 presul
2861 3054 3126 3120 ecclesiae,
3147 3054 3224 3108 illi
3253 3054 3597 3120 mandasset,
3619 3070 3714 3108 cur
3733 3055 3792 3105 ia-

2245 3156 2333 3200 tus
2375 3155 2522 3202 stare
2562 3146 2848 3212 noluisset,
2890 3145 3234 3201 remandavit
3275 3147 3328 3201 ei
3373 3147 3673 3217 princeps:
3719 3144 3793 3196 Vis

2241 3239 2388 3308 potui
2415 3238 2634 3303 discere,
2667 3253 2786 3308 qua:
2810 3238 3113 3307 di/ferentia
3148 3239 3221 3292 sit
3251 3239 3598 3307 imperatoris
3634 3249 3682 3292 et
3722 3254 3790 3289 ss-

2243 3329 2502 3393 cerdotis;
2553 3331 2644 3384 vix
2681 3332 2821 3384 enim
2866 3331 3038 3384 inveni
3079 3331 3321 3389 veritatis
3359 3331 3678 3399 magistrum
3712 3330 3792 3385 "‘:

2243 3421 2578 3476 Ambrosium
2606 3438 2828 3492 namque
2852 3421 3024 3475 solum
3057 3422 3176 3475 novi
3204 3421 3364 3492 digne
3398 3422 3582 3475 vocari
3614 3420 3794 3489 pontiﬁ-

2244 3531 2374 3569 cem.

2314 3603 2556 3661 Habebat
2581 3606 2746 3678 igitur
2772 3606 3065 3676 imperator
3093 3613 3146 3660 et
3187 3604 3354 3659 aliam
3389 3605 3644 3661 utilitatis
3666 3617 3794 3658 occa-

2245 3697 2596 3766 sionem,per
2635 3713 2799 3768 quam
2833 3697 2899 3752 de
2937 3697 3099 3752 bouis
3141 3698 3408 3768 operibus
3444 3697 3792 3768 triumpharet

2243 3787 2499 3858 Coujunx
2543 3789 2689 3843 enim
2728 3789 2849 3859 ejus
2887 3789 3102 3846 divinas
3126 3790 3276 3860 leges
3315 3805 3448 3845 eum
3480 3791 3676 3860 sazpius
3704 3805 3797 3841 au}-

2245 3881 2520 3947 monebat,
2551 3895 2611 3936 se
2661 3880 2831 3950 ipsam
2874 3891 3052 3935 tamen
3078 3881 3233 3951 prius
3278 3881 3525 3950 perfecte
3553 3882 3796 3936 erudiens.

2245 3972 2362 4027 Non
2381 3972 2526 4028 enim
2548 3973 2698 4044 regni
2723 3973 2953 4045 fastigiis
2973 3975 3179 4028 elevata
3191 3983 3298 4042 est,
3322 3975 3420 4030 sed
3444 3976 3626 4045 potius
3645 3989 3797 4027 amor-.-

2245 4067 2430 4122 divino
2466 4081 2748 4123 succensa.
2775 4066 3029 4122 Beneficii
3053 4083 3294 4136 namque
3311 4068 3633 4137 magnitudo
3650 4062 3798 4132 aius

2245 4159 2294 4214 ei
2315 4160 2645 4215 desiderium
2675 4159 3038 4215 benefactoris
3063 4158 3379 4214 exhibebat.
3411 4157 3642 4228 Repente
3669 4171 3797 4210 nam.

2245 4267 2352 4320 que
2375 4259 2436 4306 ut
2465 4252 2614 4306 venit
2645 4251 2712 4306 ad
2751 4267 3070 4321 purpuram,
3108 4249 3435 4304 claudorum
3480 4261 3640 4319 atque
3670 4245 3798 4301 debi-

2246 4343 2378 4396 lium
2417 4343 2712 4397 maximam
2746 4344 2934 4398 habuit
2967 4357 3181 4407 curam,
3213 4357 3322 4396 non
3352 4342 3552 4405 servis,
3582 4356 3677 4394 non
3697 4337 3796 4391 aiiis

2247 4435 2514 4490 ministris
2539 4436 2607 4467 "7
2641 4445 2832 4501 utens;
2859 4435 2952 4490 sed
2983 4450 3080 4505 per
3122 4443 3299 4489 semet
3325 4435 3505 4505 ipsam
3553 4447 3724 4504 agens,
3755 4439 3798 4481 et

560 4511 961 4566 lumus-Slalim
1004 4527 1101 4566 €03
1137 4521 1230 4566 θυι
1269 4513 1453 4567 sumre
1495 4525 1714 4582 Pmnam
1761 4520 1857 4566 θυι
1896 4513 2146 4582 excipere
2177 4532 2221 4586 D
2245 4528 2312 4583 ad
2347 4543 2538 4583 eorum
2571 4528 2877 4583 habitacula
2903 4528 3148 4593 veniens,
3179 4527 3485 4597 unicuique
3525 4525 3656 4597 quod
3681 4536 3796 4591 opus

560 4603 922 4669 sententiam;
974 4603 1066 4657 sed
1105 4619 1200 4673 per
1228 4603 1346 4658 dies
1395 4605 1465 4658 50
1510 4621 1676 4674 super
1711 4613 1912 4659 statuta
1955 4619 2147 4659 eorum

560 4711 683 4751 sors
721 4703 779 4750 et
825 4694 1045 4750 fortuna
1086 4711 1353 4764 suspensa
1393 4696 1482 4750 sit.
1529 4695 1669 4751 Reos
1709 4712 1842 4751 sane
1879 4697 2151 4766 accipiant

563 4787 805 4853 vincula,
829 4794 994 4856 atque
1022 4786 1268 4841 custodia
1301 4795 1356 4840 et
1395 4785 1641 4840 excubiis
1672 4786 1982 4841 sollertibus
2007 4785 2148 4857 vigi-

562 4879 742 4934 lanter
763 4879 1140 4935 observentur.
1173 4897 1193 4930 ι

633 4991 724 5047 Sic
747 4993 910 5064 igitur
944 4972 1352 5048 sacratissimus
1382 4990 1680 5060 imperator
1717 4989 1923 5060 ingredi
1954 4988 2143 5043 limina

564 5099 722 5139 sacra
742 5100 1084 5154 presumens,
1110 5099 1220 5138 non
1247 5091 1399 5138 stans
1427 5081 1659 5136 Domino
1685 5081 2030 5151 supplicavit,
2056 5095 2145 5134 ne-

565 5191 672 5244 que
693 5192 867 5245 genua
897 5177 1062 5242 flexit,
1106 5176 1202 5231 sed
1239 5190 1448 5246 pronus
1480 5175 1535 5230 in
1582 5175 1894 5245 pavimento
1928 5175 2140 5244 jacens,

566 5263 865 5319 Daviticam
904 5266 1260 5334 proclamavit
1296 5281 1486 5320 vocem
1530 5284 1544 5320 :
1588 5265 1808 5318 Adhesit
1844 5264 2142 5334 pavimento

569 5357 749 5410 anima
778 5373 911 5422 mea,
939 5358 1145 5424 vivi/ica
1173 5375 1252 5412 me
1278 5357 1564 5412 secundum
1593 5355 1804 5410 verbum
1831 5365 2003 5422 tuum,
2027 5372 2145 5411 ma-

2251 4622 2475 4676 baberct
2495 4620 2772 4691 prebebat.
2816 4617 2906 4674 Sic
2936 4618 3099 4674 etiam
3130 4634 3228 4688 per
3256 4617 3623 4673 :ecclesiarum
3654 4625 3794 4666 xeno-

2250 4711 2446 4766 docbia
2477 4711 2815 4775 discurrens,
2847 4711 2963 4764 suis
3011 4709 3270 4762 manibus
3307 4707 3640 4762 ministrabat
3667 4703 3796 4754 inﬁr-

2251 4804 2378 4870 mis,
2404 4803 2544 4859 ollas
2573 4818 2765 4858 eorum
2799 4811 3035 4870 tergens,
3054 4800 3148 4869 jus
3177 4810 3432 4870 gustaris,
3456 4796 3705 4853 coclearia
3727 4790 3794 4842 οἷ·

2250 4893 2452 4960 fereus,
2493 4907 2689 4962 panem
2724 4890 3003 4960 frangens,
3045 4890 3312 4959 cibosque
3356 4888 3681 4942 ministrans.
3725 4897 3797 4934 ca—

2249 4985 2383 5040 lices
2426 4982 2676 5047 abluens,
2716 4989 2770 5035 ct
2809 4979 2914 5034 alia
2947 4987 3144 5034 cuncta
3189 4977 3403 5032 faciens
3435 4992 3553 5047 qua:
3578 4971 3800 5027 διδωμι

2253 5075 2524 5130 ministris
2554 5089 2675 5128 mos
2697 5080 2781 5127 est
2802 5071 3095 5126 celebrare.
3135 5069 3232 5124 His
3259 5078 3464 5135 autem,
3497 5067 3584 5138 qui
3604 5080 3716 5119 eam
3749 5061 3804 5112 de

2251 5169 2415 5224 rebus
2447 5167 2645 5223 talibus
2669 5165 2983 5220 nitebantur
3002 5163 3315 5234 prohibere,
3347 5161 3590 5216 dicebat:
3620 5157 3799 5208 Ama:

2248 5261 2562 5314 distribuere
2587 5275 2716 5329 opus
2748 5257 2956 5328 imperii
2989 5265 3096 5322 est;
3125 5271 3220 5326 ego
3251 5264 3427 5308 autem
3461 5267 3549 5322 pro
3580 5250 3690 5316 ipso
3717 5248 3802 5296 ἱει-

2249 5354 2394 5424 perio
2428 5352 2524 5407 hoc
2557 5368 2687 5422 opus
2726 5351 2888 5420 o/Iero
2925 5349 3057 5403 bona
3109 5347 3270 5402 michi
3304 5347 3479 5400 omnia
3517 5335 3801 5409 conferenti-

1879 5501 2127 5585 vamm
2148 5526 2552 5585 LECTlONES.

643 5673 711 5706 "°
749 5672 1008 5743 prohibeo
1037 5673 1090 5729 5.
1164 5672 1230 5704 ⁶⁸¹
1263 5671 1555 5744 suscipiam
1609 5673 1661 5727 5.
1737 5671 1806 5744 Ψ
1837 5672 1890 5727 in
1946 5678 1986 5726 t.
2043 5670 2127 5744 93.
2190 5669 2274 5744 ﬁ“
2307 5668 2546 5739 pretorio
2574 5668 2657 5723 9°.
2737 5666 2804 5698 ⁵³⁵
2835 5666 3209 5737 imperatorem
3257 5679 3363 5719 non
3413 5655 3733 5716 sacerdotem
3760 5652 3800 5704 τι.

579 5745 648 5778 ³³⁸
685 5747 854 5801 altare
877 5748 960 5801 εει.
990 5745 1055 5800 ad
1082 5744 1250 5799 altare
1282 5745 1334 5799 4.

1418 5741 1489 5776 δ³⁶
1522 5760 1597 5798 ιιι.
1629 5759 1680 5796 v.
1717 5743 1769 5797 5.
1846 5744 1916 5776 ³³⁷
1941 5741 2152 5798 ancillis
2181 5741 2266 5796 9‘.
