  <div class='ocr_page' id='page_1' title='image "/cluster/home/n/w/nwhite01/storage/ocr_20150623/154/hvd.32044015473820/388.png"; bbox 0 0 3880 6320; ppageno 0'>
   <div class='ocr_carea' id='block_1_1' title="bbox 67 397 144 454">
    <p class='ocr_par' dir='ltr' id='par_1_1' title="bbox 67 397 144 454">
     <span class='ocr_line' id='line_1_1' title="bbox 67 397 144 454; baseline 0 0"><span class='ocrx_word' id='word_1_1' title='bbox 67 397 144 454; x_wconf 80' lang='grc'><strong>⁵165</strong></span> 
     </span>
    </p>
   </div>
   <div class='ocr_carea' id='block_1_2' title="bbox 69 495 1640 567">
    <p class='ocr_par' dir='ltr' id='par_1_2' title="bbox 69 495 1640 567">
     <span class='ocr_line' id='line_1_2' title="bbox 69 495 1640 567; baseline -0.006 -7"><span class='ocrx_word' id='word_1_2' title='bbox 69 513 167 567; x_wconf 62' lang='lat' dir='ltr'><strong>Viro</strong></span> <span class='ocrx_word' id='word_1_3' title='bbox 201 511 360 566; x_wconf 75' lang='lat' dir='ltr'><strong>autem</strong></span> <span class='ocrx_word' id='word_1_4' title='bbox 402 513 501 555; x_wconf 84' lang='lat' dir='ltr'><strong>suo</strong></span> <span class='ocrx_word' id='word_1_5' title='bbox 524 495 666 566; x_wconf 81' lang='lat' dir='ltr'><strong>sepe</strong></span> <span class='ocrx_word' id='word_1_6' title='bbox 702 495 949 552; x_wconf 87' lang='lat' dir='ltr'><strong>dicebat:</strong></span> <span class='ocrx_word' id='word_1_7' title='bbox 989 497 1206 567; x_wconf 82' lang='lat' dir='ltr'><strong>OpOrtet</strong></span> <span class='ocrx_word' id='word_1_8' title='bbox 1249 506 1317 564; x_wconf 85' lang='lat' dir='ltr'><strong>te,</strong></span> <span class='ocrx_word' id='word_1_9' title='bbox 1352 500 1562 565; x_wconf 84' lang='lat' dir='ltr'><strong>marite,</strong></span> <span class='ocrx_word' id='word_1_10' title='bbox 1593 502 1640 558; x_wconf 80' lang='grc' dir='ltr'>Α</span> 
     </span>
    </p>
   </div>
   <div class='ocr_carea' id='block_1_3' title="bbox 63 589 1560 671">
    <p class='ocr_par' dir='ltr' id='par_1_3' title="bbox 63 589 1560 671">
     <span class='ocr_line' id='line_1_3' title="bbox 63 589 1560 671; baseline -0.003 -20"><span class='ocrx_word' id='word_1_11' title='bbox 63 616 220 671; x_wconf 73' lang='grc' dir='ltr'><strong>σεπψιτ</strong></span> <span class='ocrx_word' id='word_1_12' title='bbox 253 594 488 665; x_wconf 85' lang='lat' dir='ltr'><strong>cogitare,</strong></span> <span class='ocrx_word' id='word_1_13' title='bbox 540 590 628 661; x_wconf 66' lang='lat' dir='ltr'><strong>qui</strong></span> <span class='ocrx_word' id='word_1_14' title='bbox 669 589 869 644; x_wconf 81' lang='lat' dir='ltr'><strong>dudum</strong></span> <span class='ocrx_word' id='word_1_15' title='bbox 910 589 1084 660; x_wconf 77' lang='lat' dir='ltr'><strong>fuisti,</strong></span> <span class='ocrx_word' id='word_1_16' title='bbox 1133 591 1224 661; x_wconf 82' lang='lat' dir='ltr'><strong>qui</strong></span> <span class='ocrx_word' id='word_1_17' title='bbox 1267 591 1422 646; x_wconf 85' lang='lat' dir='ltr'><strong>modo</strong></span> <span class='ocrx_word' id='word_1_18' title='bbox 1463 592 1560 646; x_wconf 83' lang='lat' dir='ltr'><strong>sis.</strong></span> 
     </span>
    </p>
   </div>
   <div class='ocr_carea' id='block_1_4' title="bbox 64 685 1571 759">
    <p class='ocr_par' dir='ltr' id='par_1_4' title="bbox 64 685 1571 759">
     <span class='ocr_line' id='line_1_4' title="bbox 64 685 1571 759; baseline -0.01 -4"><span class='ocrx_word' id='word_1_19' title='bbox 64 700 164 755; x_wconf 65' lang='lat' dir='ltr'><strong>Hinc</strong></span> <span class='ocrx_word' id='word_1_20' title='bbox 195 693 236 749; x_wconf 82' lang='lat' dir='ltr'><strong>si</strong></span> <span class='ocrx_word' id='word_1_21' title='bbox 264 705 450 759; x_wconf 72' lang='lat' dir='ltr'><strong>senrper</strong></span> <span class='ocrx_word' id='word_1_22' title='bbox 473 687 800 757; x_wconf 73' lang='lat' dir='ltr'><strong>cogitaveris,</strong></span> <span class='ocrx_word' id='word_1_23' title='bbox 825 686 1064 756; x_wconf 82' lang='lat' dir='ltr'><strong>ingratus</strong></span> <span class='ocrx_word' id='word_1_24' title='bbox 1108 685 1428 755; x_wconf 76' lang='lat' dir='ltr'><strong>benefactori</strong></span> <span class='ocrx_word' id='word_1_25' title='bbox 1467 703 1571 740; x_wconf 84' lang='lat' dir='ltr'><strong>non</strong></span> 
     </span>
    </p>
   </div>
   <div class='ocr_carea' id='block_1_5' title="bbox 62 776 1570 854">
    <p class='ocr_par' dir='ltr' id='par_1_5' title="bbox 62 776 1570 854">
     <span class='ocr_line' id='line_1_5' title="bbox 62 776 1570 854; baseline -0.01 -7"><span class='ocrx_word' id='word_1_26' title='bbox 62 791 156 854; x_wconf 78' lang='lat' dir='ltr'><strong>eris,</strong></span> <span class='ocrx_word' id='word_1_27' title='bbox 174 784 249 840; x_wconf 78' lang='lat' dir='ltr'><strong>sed</strong></span> <span class='ocrx_word' id='word_1_28' title='bbox 277 780 560 851; x_wconf 81' lang='lat' dir='ltr'><strong>imperium,</strong></span> <span class='ocrx_word' id='word_1_29' title='bbox 594 776 733 848; x_wconf 84' lang='lat' dir='ltr'><strong>quod</strong></span> <span class='ocrx_word' id='word_1_30' title='bbox 774 778 1074 846; x_wconf 71' lang='lat' dir='ltr'><strong>suscepisti,</strong></span> <span class='ocrx_word' id='word_1_31' title='bbox 1111 777 1353 848; x_wconf 83' lang='lat' dir='ltr'><strong>legaliter</strong></span> <span class='ocrx_word' id='word_1_32' title='bbox 1379 778 1570 848; x_wconf 84' lang='lat' dir='ltr'><strong>guber-</strong></span> 
     </span>
    </p>
   </div>
   <div class='ocr_carea' id='block_1_6' title="bbox 63 851 1576 944">
    <p class='ocr_par' dir='ltr' id='par_1_6' title="bbox 63 851 1576 944">
     <span class='ocr_line' id='line_1_6' title="bbox 63 851 1576 944; baseline -0.011 -6"><span class='ocrx_word' id='word_1_33' title='bbox 63 851 194 944; x_wconf 72' lang='lat' dir='ltr'><strong>nabit,</strong></span> <span class='ocrx_word' id='word_1_34' title='bbox 224 885 268 931; x_wconf 81' lang='lat' dir='ltr'><strong>et</strong></span> <span class='ocrx_word' id='word_1_35' title='bbox 302 874 482 927; x_wconf 82' lang='lat' dir='ltr'><strong>harum</strong></span> <span class='ocrx_word' id='word_1_36' title='bbox 519 885 693 924; x_wconf 81' lang='lat' dir='ltr'><strong>rerum</strong></span> <span class='ocrx_word' id='word_1_37' title='bbox 729 879 1000 924; x_wconf 74' lang='lat' dir='ltr'><strong>auctorem</strong></span> <span class='ocrx_word' id='word_1_38' title='bbox 1030 868 1289 940; x_wconf 81' lang='lat' dir='ltr'><strong>placabis.</strong></span> <span class='ocrx_word' id='word_1_39' title='bbox 1331 867 1428 924; x_wconf 86' lang='lat' dir='ltr'><strong>His</strong></span> <span class='ocrx_word' id='word_1_40' title='bbox 1453 851 1576 924; x_wconf 42' lang='lat' dir='ltr'><strong>ser?</strong></span> 
     </span>
    </p>
   </div>
   <div class='ocr_carea' id='block_1_7' title="bbox 62 959 1574 1034">
    <p class='ocr_par' dir='ltr' id='par_1_7' title="bbox 62 959 1574 1034">
     <span class='ocr_line' id='line_1_7' title="bbox 62 959 1574 1034; baseline -0.009 -4"><span class='ocrx_word' id='word_1_41' title='bbox 62 973 264 1031; x_wconf 87' lang='lat' dir='ltr'><strong>monibus</strong></span> <span class='ocrx_word' id='word_1_42' title='bbox 281 966 417 1021; x_wconf 85' lang='lat' dir='ltr'><strong>velut</strong></span> <span class='ocrx_word' id='word_1_43' title='bbox 435 962 693 1034; x_wconf 78' lang='lat' dir='ltr'><strong>Optimam</strong></span> <span class='ocrx_word' id='word_1_44' title='bbox 722 961 998 1032; x_wconf 88' lang='lat' dir='ltr'><strong>quandam</strong></span> <span class='ocrx_word' id='word_1_45' title='bbox 1014 961 1306 1017; x_wconf 72' lang='lat' dir='ltr'><strong>utilitatem</strong></span> <span class='ocrx_word' id='word_1_46' title='bbox 1327 959 1574 1016; x_wconf 88' lang='lat' dir='ltr'><strong>virtutis-</strong></span> 
     </span>
    </p>
   </div>
   <div class='ocr_carea' id='block_1_8' title="bbox 60 1053 1060 1139">
    <p class='ocr_par' dir='ltr' id='par_1_8' title="bbox 60 1053 1060 1139">
     <span class='ocr_line' id='line_1_8' title="bbox 60 1053 1060 1139; baseline -0.014 -18"><span class='ocrx_word' id='word_1_47' title='bbox 60 1082 140 1139; x_wconf 84' lang='lat' dir='ltr'><strong>que</strong></span> <span class='ocrx_word' id='word_1_48' title='bbox 157 1057 511 1118; x_wconf 75' lang='lat' dir='ltr'><strong>abundantiam</strong></span> <span class='ocrx_word' id='word_1_49' title='bbox 539 1054 759 1126; x_wconf 85' lang='lat' dir='ltr'><strong>conjugi</strong></span> <span class='ocrx_word' id='word_1_50' title='bbox 781 1053 1060 1109; x_wconf 77' lang='lat' dir='ltr'><strong>nﬁ&#39;erebat.</strong></span> 
     </span>
    </p>
   </div>
   <div class='ocr_carea' id='block_1_9' title="bbox 112 1144 1576 1214">
    <p class='ocr_par' dir='ltr' id='par_1_9' title="bbox 112 1144 1576 1214">
     <span class='ocr_line' id='line_1_9' title="bbox 112 1144 1576 1214; baseline -0.008 -5"><span class='ocrx_word' id='word_1_51' title='bbox 112 1153 336 1209; x_wconf 86' lang='lat' dir='ltr'><strong>Defuncto</strong></span> <span class='ocrx_word' id='word_1_52' title='bbox 365 1155 539 1204; x_wconf 90' lang='lat' dir='ltr'><strong>autem</strong></span> <span class='ocrx_word' id='word_1_53' title='bbox 569 1145 880 1202; x_wconf 87' lang='lat' dir='ltr'><strong>Theodosio</strong></span> <span class='ocrx_word' id='word_1_54' title='bbox 909 1145 977 1200; x_wconf 90' lang='grc'><strong>16</strong></span> <span class='ocrx_word' id='word_1_55' title='bbox 1006 1144 1125 1200; x_wconf 86' lang='lat' dir='ltr'><strong>Kal.</strong></span> <span class='ocrx_word' id='word_1_56' title='bbox 1158 1144 1342 1210; x_wconf 88' lang='lat' dir='ltr'><strong>Febr.,</strong></span> <span class='ocrx_word' id='word_1_57' title='bbox 1375 1158 1576 1214; x_wconf 89' lang='lat' dir='ltr'><strong>corpus</strong></span> 
     </span>
    </p>
   </div>
   <div class='ocr_carea' id='block_1_10' title="bbox 60 1234 1572 1326">
    <p class='ocr_par' dir='ltr' id='par_1_10' title="bbox 60 1234 1572 1326">
     <span class='ocr_line' id='line_1_10' title="bbox 60 1234 1572 1326; baseline -0.01 -23"><span class='ocrx_word' id='word_1_58' title='bbox 60 1251 149 1318; x_wconf 76' lang='lat' dir='ltr'><strong>ejus</strong></span> <span class='ocrx_word' id='word_1_59' title='bbox 174 1238 672 1309; x_wconf 85' lang='lat' dir='ltr'><strong>Constantinopolim</strong></span> <span class='ocrx_word' id='word_1_60' title='bbox 703 1237 943 1293; x_wconf 87' lang='lat' dir='ltr'><strong>delatum</strong></span> <span class='ocrx_word' id='word_1_61' title='bbox 974 1245 1061 1292; x_wconf 89' lang='lat' dir='ltr'><strong>est</strong></span> <span class='ocrx_word' id='word_1_62' title='bbox 1088 1236 1121 1292; x_wconf 90' lang='lat'><strong>6</strong></span> <span class='ocrx_word' id='word_1_63' title='bbox 1148 1235 1276 1291; x_wconf 89' lang='lat' dir='ltr'><strong>ldus</strong></span> <span class='ocrx_word' id='word_1_64' title='bbox 1308 1234 1572 1326; x_wconf 53' lang='lat' dir='ltr'><strong>Novemb.</strong></span> 
     </span>
    </p>
   </div>
   <div class='ocr_carea' id='block_1_11' title="bbox 60 1325 1578 1398">
    <p class='ocr_par' dir='ltr' id='par_1_11' title="bbox 60 1325 1578 1398">
     <span class='ocr_line' id='line_1_11' title="bbox 60 1325 1578 1398; baseline -0.009 -5"><span class='ocrx_word' id='word_1_65' title='bbox 60 1337 178 1394; x_wconf 81' lang='lat' dir='ltr'><strong>etab</strong></span> <span class='ocrx_word' id='word_1_66' title='bbox 205 1331 456 1388; x_wconf 74' lang='lat' dir='ltr'><strong>Arcbadio</strong></span> <span class='ocrx_word' id='word_1_67' title='bbox 484 1330 596 1385; x_wconf 86' lang='lat' dir='ltr'><strong>lilio</strong></span> <span class='ocrx_word' id='word_1_68' title='bbox 627 1344 729 1384; x_wconf 91' lang='lat' dir='ltr'><strong>suo</strong></span> <span class='ocrx_word' id='word_1_69' title='bbox 757 1329 827 1362; x_wconf 84' lang='grc'><strong>³³⁸</strong></span> <span class='ocrx_word' id='word_1_70' title='bbox 855 1328 1149 1398; x_wconf 72' lang='lat' dir='ltr'><strong>sepultura:</strong></span> <span class='ocrx_word' id='word_1_71' title='bbox 1173 1325 1453 1383; x_wconf 78' lang='lat' dir='ltr'><strong>traditum.</strong></span> <span class='ocrx_word' id='word_1_72' title='bbox 1485 1325 1578 1381; x_wconf 55' lang='lat' dir='ltr'><strong>Di?-</strong></span> 
     </span>
    </p>
   </div>
   <div class='ocr_carea' id='block_1_12' title="bbox 63 1418 1574 1494">
    <p class='ocr_par' dir='ltr' id='par_1_12' title="bbox 63 1418 1574 1494">
     <span class='ocr_line' id='line_1_12' title="bbox 63 1418 1574 1494; baseline -0.007 -10"><span class='ocrx_word' id='word_1_73' title='bbox 63 1429 174 1485; x_wconf 87' lang='lat' dir='ltr'><strong>misit</strong></span> <span class='ocrx_word' id='word_1_74' title='bbox 195 1433 355 1481; x_wconf 85' lang='lat' dir='ltr'><strong>autem</strong></span> <span class='ocrx_word' id='word_1_75' title='bbox 377 1437 602 1494; x_wconf 84' lang='lat' dir='ltr'><strong>regnum</strong></span> <span class='ocrx_word' id='word_1_76' title='bbox 636 1421 852 1477; x_wconf 88' lang='lat' dir='ltr'><strong>duobus</strong></span> <span class='ocrx_word' id='word_1_77' title='bbox 877 1420 1003 1476; x_wconf 89' lang='lat' dir='ltr'><strong>ﬁliis</strong></span> <span class='ocrx_word' id='word_1_78' title='bbox 1036 1420 1173 1485; x_wconf 85' lang='lat' dir='ltr'><strong><em>suis,</em></strong></span> <span class='ocrx_word' id='word_1_79' title='bbox 1211 1418 1485 1475; x_wconf 83' lang='lat' dir='ltr'><strong>Archadio</strong></span> <span class='ocrx_word' id='word_1_80' title='bbox 1521 1419 1574 1474; x_wconf 91' lang='lat' dir='ltr'><strong>in</strong></span> 
     </span>
    </p>
   </div>
   <div class='ocr_carea' id='block_1_13' title="bbox 63 1511 1579 1583">
    <p class='ocr_par' dir='ltr' id='par_1_13' title="bbox 63 1511 1579 1583">
     <span class='ocr_line' id='line_1_13' title="bbox 63 1511 1579 1583; baseline -0.007 -7"><span class='ocrx_word' id='word_1_81' title='bbox 63 1520 254 1583; x_wconf 83' lang='lat' dir='ltr'><strong>Oriente,</strong></span> <span class='ocrx_word' id='word_1_82' title='bbox 285 1513 518 1570; x_wconf 85' lang='lat' dir='ltr'><strong>Honorio</strong></span> <span class='ocrx_word' id='word_1_83' title='bbox 553 1513 609 1569; x_wconf 91' lang='lat' dir='ltr'><strong>in</strong></span> <span class='ocrx_word' id='word_1_84' title='bbox 647 1511 962 1579; x_wconf 83' lang='lat' dir='ltr'><strong>Occidente,</strong></span> <span class='ocrx_word' id='word_1_85' title='bbox 1000 1528 1192 1568; x_wconf 88' lang='lat' dir='ltr'><strong>curam</strong></span> <span class='ocrx_word' id='word_1_86' title='bbox 1221 1528 1352 1567; x_wconf 90' lang='lat' dir='ltr'><strong>vero</strong></span> <span class='ocrx_word' id='word_1_87' title='bbox 1382 1512 1579 1566; x_wconf 87' lang='lat' dir='ltr'><strong>ammi-</strong></span> 
     </span>
    </p>
   </div>
   <div class='ocr_carea' id='block_1_14' title="bbox 65 1602 1582 1676">
    <p class='ocr_par' dir='ltr' id='par_1_14' title="bbox 65 1602 1582 1676">
     <span class='ocr_line' id='line_1_14' title="bbox 65 1602 1582 1676; baseline -0.006 -10"><span class='ocrx_word' id='word_1_88' title='bbox 65 1607 342 1666; x_wconf 81' lang='lat' dir='ltr'><strong>nistrationis</strong></span> <span class='ocrx_word' id='word_1_89' title='bbox 362 1606 490 1662; x_wconf 90' lang='lat' dir='ltr'><strong>viris</strong></span> <span class='ocrx_word' id='word_1_90' title='bbox 507 1605 905 1676; x_wconf 84' lang='lat' dir='ltr'><strong>potentissimis</strong></span> <span class='ocrx_word' id='word_1_91' title='bbox 927 1604 1208 1660; x_wconf 84' lang='lat' dir='ltr'><strong>mandavit</strong></span> <span class='ocrx_word' id='word_1_92' title='bbox 1227 1605 1450 1671; x_wconf 86' lang='lat' dir='ltr'><strong>habere,</strong></span> <span class='ocrx_word' id='word_1_93' title='bbox 1474 1602 1582 1658; x_wconf 80' lang='lat' dir='ltr'><strong>Rn-</strong></span> 
     </span>
    </p>
   </div>
   <div class='ocr_carea' id='block_1_15' title="bbox 65 1695 1581 1766">
    <p class='ocr_par' dir='ltr' id='par_1_15' title="bbox 65 1695 1581 1766">
     <span class='ocr_line' id='line_1_15' title="bbox 65 1695 1581 1766; baseline -0.005 -7"><span class='ocrx_word' id='word_1_94' title='bbox 65 1705 146 1759; x_wconf 81' lang='lat' dir='ltr'><strong>ﬁno</strong></span> <span class='ocrx_word' id='word_1_95' title='bbox 182 1701 301 1758; x_wconf 72' lang='lat' dir='ltr'><strong>aula:</strong></span> <span class='ocrx_word' id='word_1_96' title='bbox 338 1699 639 1766; x_wconf 89' lang='lat' dir='ltr'><strong>orientalis,</strong></span> <span class='ocrx_word' id='word_1_97' title='bbox 684 1695 976 1752; x_wconf 90' lang='lat' dir='ltr'><strong>Stilichoni</strong></span> <span class='ocrx_word' id='word_1_98' title='bbox 1025 1695 1398 1753; x_wconf 87' lang='lat' dir='ltr'><strong>occidentalis.</strong></span> <span class='ocrx_word' id='word_1_99' title='bbox 1447 1695 1581 1751; x_wconf 89' lang='lat' dir='ltr'><strong>Post</strong></span> 
     </span>
    </p>
   </div>
   <div class='ocr_carea' id='block_1_16' title="bbox 66 1787 1579 1864">
    <p class='ocr_par' dir='ltr' id='par_1_16' title="bbox 66 1787 1579 1864">
     <span class='ocr_line' id='line_1_16' title="bbox 66 1787 1579 1864; baseline -0.005 -15"><span class='ocrx_word' id='word_1_100' title='bbox 66 1808 223 1864; x_wconf 77' lang='lat' dir='ltr'><strong>paucos</strong></span> <span class='ocrx_word' id='word_1_101' title='bbox 258 1797 426 1846; x_wconf 89' lang='lat' dir='ltr'><strong>autem</strong></span> <span class='ocrx_word' id='word_1_102' title='bbox 472 1789 592 1845; x_wconf 88' lang='lat' dir='ltr'><strong>dies</strong></span> <span class='ocrx_word' id='word_1_103' title='bbox 630 1787 852 1860; x_wconf 90' lang='lat' dir='ltr'><strong>quando</strong></span> <span class='ocrx_word' id='word_1_104' title='bbox 889 1787 1212 1843; x_wconf 88' lang='lat' dir='ltr'><strong>translatum</strong></span> <span class='ocrx_word' id='word_1_105' title='bbox 1251 1795 1336 1842; x_wconf 88' lang='lat' dir='ltr'><strong>est</strong></span> <span class='ocrx_word' id='word_1_106' title='bbox 1380 1801 1579 1856; x_wconf 89' lang='lat' dir='ltr'><strong>corpus</strong></span> 
     </span>
    </p>
   </div>
   <div class='ocr_carea' id='block_1_17' title="bbox 67 1868 1651 1950">
    <p class='ocr_par' dir='ltr' id='par_1_17' title="bbox 67 1868 1651 1950">
     <span class='ocr_line' id='line_1_17' title="bbox 67 1868 1651 1950; baseline -0.006 -9"><span class='ocrx_word' id='word_1_107' title='bbox 67 1884 325 1950; x_wconf 82' lang='lat' dir='ltr'><strong>Theodosii,</strong></span> <span class='ocrx_word' id='word_1_108' title='bbox 354 1882 404 1936; x_wconf 92' lang='lat' dir='ltr'><strong>id</strong></span> <span class='ocrx_word' id='word_1_109' title='bbox 425 1890 509 1937; x_wconf 89' lang='lat' dir='ltr'><strong>est</strong></span> <span class='ocrx_word' id='word_1_110' title='bbox 537 1881 605 1936; x_wconf 84' lang='grc'><strong>15</strong></span> <span class='ocrx_word' id='word_1_111' title='bbox 634 1879 859 1935; x_wconf 81' lang='lat' dir='ltr'><strong>Kalend.</strong></span> <span class='ocrx_word' id='word_1_112' title='bbox 906 1878 1185 1946; x_wconf 89' lang='lat' dir='ltr'><strong>Decemb.,</strong></span> <span class='ocrx_word' id='word_1_113' title='bbox 1214 1880 1380 1934; x_wconf 87' lang='lat' dir='ltr'><strong>etiam</strong></span> <span class='ocrx_word' id='word_1_114' title='bbox 1413 1893 1574 1934; x_wconf 84' lang='lat' dir='ltr'><strong>exer-</strong></span> <span class='ocrx_word' id='word_1_115' title='bbox 1609 1868 1651 1922; x_wconf 81' lang='grc' dir='ltr'><strong>Β</strong></span> 
     </span>
    </p>
   </div>
   <div class='ocr_carea' id='block_1_18' title="bbox 67 1969 1576 2047">
    <p class='ocr_par' dir='ltr' id='par_1_18' title="bbox 67 1969 1576 2047">
     <span class='ocr_line' id='line_1_18' title="bbox 67 1969 1576 2047; baseline -0.005 -14"><span class='ocrx_word' id='word_1_116' title='bbox 67 1980 187 2043; x_wconf 80' lang='lat' dir='ltr'><strong>citus,</strong></span> <span class='ocrx_word' id='word_1_117' title='bbox 211 1975 294 2047; x_wconf 89' lang='lat' dir='ltr'><strong>qui</strong></span> <span class='ocrx_word' id='word_1_118' title='bbox 317 1990 435 2030; x_wconf 89' lang='lat' dir='ltr'><strong>cum</strong></span> <span class='ocrx_word' id='word_1_119' title='bbox 456 1989 522 2030; x_wconf 89' lang='lat' dir='ltr'><strong>eo</strong></span> <span class='ocrx_word' id='word_1_120' title='bbox 545 1971 727 2028; x_wconf 80' lang='lat' dir='ltr'><strong>fuerat</strong></span> <span class='ocrx_word' id='word_1_121' title='bbox 748 1980 938 2028; x_wconf 90' lang='lat' dir='ltr'><strong>contra</strong></span> <span class='ocrx_word' id='word_1_122' title='bbox 960 1969 1284 2042; x_wconf 79' lang='lat' dir='ltr'><strong>Eugenium,</strong></span> <span class='ocrx_word' id='word_1_123' title='bbox 1322 1985 1576 2026; x_wconf 80' lang='lat' dir='ltr'><strong>reversus</strong></span> 
     </span>
    </p>
   </div>
   <div class='ocr_carea' id='block_1_19' title="bbox 67 2062 1579 2136">
    <p class='ocr_par' dir='ltr' id='par_1_19' title="bbox 67 2062 1579 2136">
     <span class='ocr_line' id='line_1_19' title="bbox 67 2062 1579 2136; baseline -0.007 -10"><span class='ocrx_word' id='word_1_124' title='bbox 67 2080 141 2136; x_wconf 79' lang='lat' dir='ltr'><strong>est,</strong></span> <span class='ocrx_word' id='word_1_125' title='bbox 160 2080 204 2124; x_wconf 89' lang='lat' dir='ltr'><strong>et</strong></span> <span class='ocrx_word' id='word_1_126' title='bbox 223 2070 338 2126; x_wconf 88' lang='lat' dir='ltr'><strong>dum</strong></span> <span class='ocrx_word' id='word_1_127' title='bbox 371 2067 669 2136; x_wconf 86' lang='lat' dir='ltr'><strong>imperator</strong></span> <span class='ocrx_word' id='word_1_128' title='bbox 705 2063 1014 2118; x_wconf 82' lang='lat' dir='ltr'><strong>Archadius</strong></span> <span class='ocrx_word' id='word_1_129' title='bbox 1047 2062 1114 2117; x_wconf 92' lang='lat' dir='ltr'><strong>ad</strong></span> <span class='ocrx_word' id='word_1_130' title='bbox 1155 2071 1342 2133; x_wconf 86' lang='lat' dir='ltr'><strong>portas</strong></span> <span class='ocrx_word' id='word_1_131' title='bbox 1384 2077 1579 2117; x_wconf 89' lang='lat' dir='ltr'><strong>occur-</strong></span> 
     </span>
    </p>
   </div>
   <div class='ocr_carea' id='block_1_20' title="bbox 68 2153 1569 2225">
    <p class='ocr_par' dir='ltr' id='par_1_20' title="bbox 68 2153 1569 2225">
     <span class='ocr_line' id='line_1_20' title="bbox 68 2153 1569 2225; baseline -0.005 -9"><span class='ocrx_word' id='word_1_132' title='bbox 68 2163 186 2216; x_wconf 88' lang='lat' dir='ltr'><strong>risset</strong></span> <span class='ocrx_word' id='word_1_133' title='bbox 212 2159 473 2224; x_wconf 78' lang='lat' dir='ltr'><strong>exercitui,</strong></span> <span class='ocrx_word' id='word_1_134' title='bbox 499 2157 703 2212; x_wconf 85' lang='lat' dir='ltr'><strong>milites</strong></span> <span class='ocrx_word' id='word_1_135' title='bbox 728 2155 986 2210; x_wconf 89' lang='lat' dir='ltr'><strong>Ruﬁnum</strong></span> <span class='ocrx_word' id='word_1_136' title='bbox 1014 2153 1394 2225; x_wconf 74' lang='lat' dir='ltr'><strong>prefectum&#39;”</strong></span> <span class='ocrx_word' id='word_1_137' title='bbox 1420 2169 1569 2224; x_wconf 86' lang='lat' dir='ltr'><strong>pere-</strong></span> 
     </span>
    </p>
   </div>
   <div class='ocr_carea' id='block_1_21' title="bbox 69 2246 1579 2319">
    <p class='ocr_par' dir='ltr' id='par_1_21' title="bbox 69 2246 1579 2319">
     <span class='ocr_line' id='line_1_21' title="bbox 69 2246 1579 2319; baseline -0.005 -12"><span class='ocrx_word' id='word_1_138' title='bbox 69 2260 248 2308; x_wconf 85' lang='lat' dir='ltr'><strong>merunt.</strong></span> <span class='ocrx_word' id='word_1_139' title='bbox 274 2251 392 2305; x_wconf 86' lang='lat' dir='ltr'><strong>Erat</strong></span> <span class='ocrx_word' id='word_1_140' title='bbox 413 2251 556 2306; x_wconf 87' lang='lat' dir='ltr'><strong>enim</strong></span> <span class='ocrx_word' id='word_1_141' title='bbox 579 2256 894 2319; x_wconf 88' lang='lat' dir='ltr'><strong>suspectus,</strong></span> <span class='ocrx_word' id='word_1_142' title='bbox 913 2246 1072 2316; x_wconf 86' lang='lat' dir='ltr'><strong>quasi</strong></span> <span class='ocrx_word' id='word_1_143' title='bbox 1093 2246 1435 2317; x_wconf 82' lang='lat' dir='ltr'><strong>tyrannidem</strong></span> <span class='ocrx_word' id='word_1_144' title='bbox 1459 2258 1579 2300; x_wconf 82' lang='lat' dir='ltr'><strong>me-</strong></span> 
     </span>
    </p>
   </div>
   <div class='ocr_carea' id='block_1_22' title="bbox 69 2336 1583 2400">
    <p class='ocr_par' dir='ltr' id='par_1_22' title="bbox 69 2336 1583 2400">
     <span class='ocr_line' id='line_1_22' title="bbox 69 2336 1583 2400; baseline -0.004 -1"><span class='ocrx_word' id='word_1_145' title='bbox 69 2346 270 2400; x_wconf 83' lang='lat' dir='ltr'><strong>ditaretur</strong></span> <span class='ocrx_word' id='word_1_146' title='bbox 291 2358 561 2398; x_wconf 85' lang='lat' dir='ltr'><strong>assumere</strong></span> <span class='ocrx_word' id='word_1_147' title='bbox 601 2350 657 2398; x_wconf 91' lang='lat' dir='ltr'><strong>et</strong></span> <span class='ocrx_word' id='word_1_148' title='bbox 688 2339 878 2396; x_wconf 89' lang='lat' dir='ltr'><strong>Hunos</strong></span> <span class='ocrx_word' id='word_1_149' title='bbox 905 2339 990 2393; x_wconf 90' lang='lat' dir='ltr'><strong>vel</strong></span> <span class='ocrx_word' id='word_1_150' title='bbox 1033 2337 1244 2394; x_wconf 82' lang='lat' dir='ltr'><strong>Gothos</strong></span> <span class='ocrx_word' id='word_1_151' title='bbox 1267 2337 1324 2392; x_wconf 91' lang='lat' dir='ltr'><strong>in</strong></span> <span class='ocrx_word' id='word_1_152' title='bbox 1373 2338 1444 2371; x_wconf 68' lang='lat' dir='ltr'><strong>m</strong></span> <span class='ocrx_word' id='word_1_153' title='bbox 1473 2336 1583 2393; x_wconf 85' lang='lat' dir='ltr'><strong>Ro-</strong></span> 
     </span>
    </p>
   </div>
   <div class='ocr_carea' id='block_1_23' title="bbox 71 2432 1540 2506">
    <p class='ocr_par' dir='ltr' id='par_1_23' title="bbox 71 2432 1540 2506">
     <span class='ocr_line' id='line_1_23' title="bbox 71 2432 1540 2506; baseline -0.003 -16"><span class='ocrx_word' id='word_1_154' title='bbox 71 2452 295 2492; x_wconf 83' lang='lat' dir='ltr'><strong>manorum</strong></span> <span class='ocrx_word' id='word_1_155' title='bbox 331 2434 638 2506; x_wconf 77' lang='lat' dir='ltr'><strong>provincias</strong></span> <span class='ocrx_word' id='word_1_156' title='bbox 666 2442 857 2489; x_wconf 90' lang='lat' dir='ltr'><strong>contra</strong></span> <span class='ocrx_word' id='word_1_157' title='bbox 885 2432 1268 2502; x_wconf 86' lang='lat' dir='ltr'><strong>imperatorem</strong></span> <span class='ocrx_word' id='word_1_158' title='bbox 1291 2446 1540 2487; x_wconf 89' lang='lat' dir='ltr'><strong>evocare.</strong></span> 
     </span>
    </p>
   </div>
   <div class='ocr_carea' id='block_1_24' title="bbox 119 2523 1581 2598">
    <p class='ocr_par' dir='ltr' id='par_1_24' title="bbox 119 2523 1581 2598">
     <span class='ocr_line' id='line_1_24' title="bbox 119 2523 1581 2598; baseline -0.003 -17"><span class='ocrx_word' id='word_1_159' title='bbox 119 2527 328 2598; x_wconf 83' lang='lat' dir='ltr'><strong>Ejusdem</strong></span> <span class='ocrx_word' id='word_1_160' title='bbox 367 2542 492 2582; x_wconf 90' lang='lat' dir='ltr'><strong>vero</strong></span> <span class='ocrx_word' id='word_1_161' title='bbox 533 2525 831 2581; x_wconf 85' lang='lat' dir='ltr'><strong>Theodosii</strong></span> <span class='ocrx_word' id='word_1_162' title='bbox 868 2523 1203 2596; x_wconf 84' lang='lat' dir='ltr'><strong>temporibus</strong></span> <span class='ocrx_word' id='word_1_163' title='bbox 1243 2523 1386 2594; x_wconf 85' lang='lat' dir='ltr'><strong>apud</strong></span> <span class='ocrx_word' id='word_1_164' title='bbox 1422 2523 1581 2578; x_wconf 84' lang='lat' dir='ltr'><strong>Pale-</strong></span> 
     </span>
    </p>
   </div>
   <div class='ocr_carea' id='block_1_25' title="bbox 71 2613 1586 2687">
    <p class='ocr_par' dir='ltr' id='par_1_25' title="bbox 71 2613 1586 2687">
     <span class='ocr_line' id='line_1_25' title="bbox 71 2613 1586 2687; baseline -0.004 -15"><span class='ocrx_word' id='word_1_165' title='bbox 71 2618 226 2672; x_wconf 85' lang='lat' dir='ltr'><strong>stinam</strong></span> <span class='ocrx_word' id='word_1_166' title='bbox 252 2615 650 2687; x_wconf 67' lang='lat' dir='ltr'><strong>provinciam‘in</strong></span> <span class='ocrx_word' id='word_1_167' title='bbox 665 2614 888 2670; x_wconf 90' lang='lat' dir='ltr'><strong>castello</strong></span> <span class='ocrx_word' id='word_1_168' title='bbox 905 2613 1165 2669; x_wconf 82' lang='lat' dir='ltr'><strong>Emmaus</strong></span> <span class='ocrx_word' id='word_1_169' title='bbox 1180 2624 1340 2669; x_wconf 86' lang='lat' dir='ltr'><strong>natus</strong></span> <span class='ocrx_word' id='word_1_170' title='bbox 1354 2622 1438 2669; x_wconf 91' lang='lat' dir='ltr'><strong>est</strong></span> <span class='ocrx_word' id='word_1_171' title='bbox 1451 2627 1586 2682; x_wconf 89' lang='lat' dir='ltr'><strong>puer</strong></span> 
     </span>
    </p>
   </div>
   <div class='ocr_carea' id='block_1_26' title="bbox 72 2705 1582 2780">
    <p class='ocr_par' dir='ltr' id='par_1_26' title="bbox 72 2705 1582 2780">
     <span class='ocr_line' id='line_1_26' title="bbox 72 2705 1582 2780; baseline -0.001 -19"><span class='ocrx_word' id='word_1_172' title='bbox 72 2719 226 2779; x_wconf 74' lang='lat' dir='ltr'><strong>integer</strong></span> <span class='ocrx_word' id='word_1_173' title='bbox 254 2718 301 2764; x_wconf 91' lang='lat' dir='ltr'><strong>et</strong></span> <span class='ocrx_word' id='word_1_174' title='bbox 331 2707 620 2780; x_wconf 88' lang='lat' dir='ltr'><strong>perfectus,</strong></span> <span class='ocrx_word' id='word_1_175' title='bbox 663 2709 756 2764; x_wconf 86' lang='lat' dir='ltr'><strong>sed</strong></span> <span class='ocrx_word' id='word_1_176' title='bbox 798 2709 869 2763; x_wconf 90' lang='lat' dir='ltr'><strong>ab</strong></span> <span class='ocrx_word' id='word_1_177' title='bbox 903 2708 1163 2762; x_wconf 85' lang='lat' dir='ltr'><strong>umbilico</strong></span> <span class='ocrx_word' id='word_1_178' title='bbox 1197 2722 1418 2764; x_wconf 87' lang='lat' dir='ltr'><strong>sursum</strong></span> <span class='ocrx_word' id='word_1_179' title='bbox 1443 2705 1582 2761; x_wconf 85' lang='lat' dir='ltr'><strong>divi-</strong></span> 
     </span>
    </p>
   </div>
   <div class='ocr_carea' id='block_1_27' title="bbox 71 2797 1590 2870">
    <p class='ocr_par' dir='ltr' id='par_1_27' title="bbox 71 2797 1590 2870">
     <span class='ocr_line' id='line_1_27' title="bbox 71 2797 1590 2870; baseline -0.001 -16"><span class='ocrx_word' id='word_1_180' title='bbox 71 2817 154 2864; x_wconf 84' lang='lat' dir='ltr'><strong>sus,</strong></span> <span class='ocrx_word' id='word_1_181' title='bbox 184 2799 244 2854; x_wconf 88' lang='lat' dir='ltr'><strong>ita</strong></span> <span class='ocrx_word' id='word_1_182' title='bbox 289 2811 344 2855; x_wconf 89' lang='lat' dir='ltr'><strong>ut</strong></span> <span class='ocrx_word' id='word_1_183' title='bbox 381 2800 608 2858; x_wconf 83' lang='lat' dir='ltr'><strong>haberet</strong></span> <span class='ocrx_word' id='word_1_184' title='bbox 639 2799 750 2856; x_wconf 92' lang='lat' dir='ltr'><strong>duo</strong></span> <span class='ocrx_word' id='word_1_185' title='bbox 789 2808 1010 2870; x_wconf 84' lang='lat' dir='ltr'><strong>pectora</strong></span> <span class='ocrx_word' id='word_1_186' title='bbox 1055 2807 1110 2854; x_wconf 90' lang='lat' dir='ltr'><strong>et</strong></span> <span class='ocrx_word' id='word_1_187' title='bbox 1155 2798 1267 2852; x_wconf 91' lang='lat' dir='ltr'><strong>duo</strong></span> <span class='ocrx_word' id='word_1_188' title='bbox 1311 2797 1490 2868; x_wconf 89' lang='lat' dir='ltr'><strong>capita</strong></span> <span class='ocrx_word' id='word_1_189' title='bbox 1534 2805 1590 2852; x_wconf 89' lang='lat' dir='ltr'><strong>et</strong></span> 
     </span>
    </p>
   </div>
   <div class='ocr_carea' id='block_1_28' title="bbox 72 2889 1585 2960">
    <p class='ocr_par' dir='ltr' id='par_1_28' title="bbox 72 2889 1585 2960">
     <span class='ocr_line' id='line_1_28' title="bbox 72 2889 1585 2960; baseline 0 -16"><span class='ocrx_word' id='word_1_190' title='bbox 72 2905 379 2960; x_wconf 79' lang='lat' dir='ltr'><strong>quoscumque</strong></span> <span class='ocrx_word' id='word_1_191' title='bbox 403 2905 632 2958; x_wconf 84' lang='lat' dir='ltr'><strong>sensus;</strong></span> <span class='ocrx_word' id='word_1_192' title='bbox 657 2900 858 2947; x_wconf 90' lang='lat' dir='ltr'><strong>etcum</strong></span> <span class='ocrx_word' id='word_1_193' title='bbox 883 2906 1028 2946; x_wconf 89' lang='lat' dir='ltr'><strong>unus</strong></span> <span class='ocrx_word' id='word_1_194' title='bbox 1062 2889 1258 2945; x_wconf 85' lang='lat' dir='ltr'><strong>edebat</strong></span> <span class='ocrx_word' id='word_1_195' title='bbox 1275 2897 1332 2943; x_wconf 91' lang='lat' dir='ltr'><strong>et</strong></span> <span class='ocrx_word' id='word_1_196' title='bbox 1346 2889 1585 2955; x_wconf 88' lang='lat' dir='ltr'><strong>bibebat,</strong></span> 
     </span>
    </p>
   </div>
   <div class='ocr_carea' id='block_1_29' title="bbox 24 2979 1591 3056">
    <p class='ocr_par' dir='ltr' id='par_1_29' title="bbox 24 2979 1591 3056">
     <span class='ocr_line' id='line_1_29' title="bbox 24 2979 1591 3056; baseline 0.003 -25"><span class='ocrx_word' id='word_1_197' title='bbox 24 2995 26 3000; x_wconf 74' lang='grc'><em>’</em></span> <span class='ocrx_word' id='word_1_198' title='bbox 61 2980 170 3056; x_wconf 74' lang='lat' dir='ltr'><strong>alter</strong></span> <span class='ocrx_word' id='word_1_199' title='bbox 205 2993 300 3034; x_wconf 90' lang='lat' dir='ltr'><strong>non</strong></span> <span class='ocrx_word' id='word_1_200' title='bbox 341 2979 558 3048; x_wconf 86' lang='lat' dir='ltr'><strong>edebat;</strong></span> <span class='ocrx_word' id='word_1_201' title='bbox 602 2996 746 3035; x_wconf 89' lang='lat' dir='ltr'><strong>unus</strong></span> <span class='ocrx_word' id='word_1_202' title='bbox 773 2981 841 3012; x_wconf 72' lang='lat'><strong>’“</strong></span> <span class='ocrx_word' id='word_1_203' title='bbox 873 2979 1204 3044; x_wconf 86' lang='lat' dir='ltr'><strong>dormiebat,</strong></span> <span class='ocrx_word' id='word_1_204' title='bbox 1231 2979 1369 3034; x_wconf 88' lang='lat' dir='ltr'><strong>alter</strong></span> <span class='ocrx_word' id='word_1_205' title='bbox 1399 2979 1591 3050; x_wconf 82' lang='lat' dir='ltr'><strong>vigila—</strong></span> 
     </span>
    </p>
   </div>
   <div class='ocr_carea' id='block_1_30' title="bbox 74 3072 1590 3145">
    <p class='ocr_par' dir='ltr' id='par_1_30' title="bbox 74 3072 1590 3145">
     <span class='ocr_line' id='line_1_30' title="bbox 74 3072 1590 3145; baseline 0.002 -19"><span class='ocrx_word' id='word_1_206' title='bbox 74 3072 161 3138; x_wconf 77' lang='lat' dir='ltr'><strong>bat;</strong></span> <span class='ocrx_word' id='word_1_207' title='bbox 185 3087 550 3145; x_wconf 82' lang='lat' dir='ltr'><strong>nonnunquam</strong></span> <span class='ocrx_word' id='word_1_208' title='bbox 582 3075 808 3131; x_wconf 89' lang='lat' dir='ltr'><strong>insimul</strong></span> <span class='ocrx_word' id='word_1_209' title='bbox 836 3075 1202 3141; x_wconf 84' lang='lat' dir='ltr'><strong>dormiebant,</strong></span> <span class='ocrx_word' id='word_1_210' title='bbox 1241 3075 1466 3132; x_wconf 87' lang='lat' dir='ltr'><strong>insimul</strong></span> <span class='ocrx_word' id='word_1_211' title='bbox 1501 3074 1590 3129; x_wconf 83' lang='lat' dir='ltr'><strong>lu-</strong></span> 
     </span>
    </p>
   </div>
   <div class='ocr_carea' id='block_1_31' title="bbox 73 3145 1657 3266">
    <p class='ocr_par' dir='ltr' id='par_1_31' title="bbox 73 3145 1657 3266">
     <span class='ocr_line' id='line_1_31' title="bbox 73 3145 1657 3266; baseline 0.003 -50"><span class='ocrx_word' id='word_1_212' title='bbox 73 3145 222 3220; x_wconf 59' lang='lat' dir='ltr'><strong>dabant</strong></span> <span class='ocrx_word' id='word_1_213' title='bbox 242 3164 302 3220; x_wconf 92' lang='lat' dir='ltr'><strong>ad</strong></span> <span class='ocrx_word' id='word_1_214' title='bbox 321 3149 638 3222; x_wconf 65' lang='lat' dir='ltr'><strong>alterutrum</strong></span> <span class='ocrx_word' id='word_1_215' title='bbox 659 3176 714 3222; x_wconf 89' lang='lat' dir='ltr'><strong>et</strong></span> <span class='ocrx_word' id='word_1_216' title='bbox 728 3169 799 3199; x_wconf 67' lang='grc' dir='ltr'><strong>’δ’</strong></span> <span class='ocrx_word' id='word_1_217' title='bbox 822 3167 1042 3232; x_wconf 82' lang='lat' dir='ltr'><strong>ﬁebant,</strong></span> <span class='ocrx_word' id='word_1_218' title='bbox 1072 3175 1127 3222; x_wconf 91' lang='lat' dir='ltr'><strong>et</strong></span> <span class='ocrx_word' id='word_1_219' title='bbox 1150 3166 1366 3237; x_wconf 85' lang='lat' dir='ltr'><strong>utrique</strong></span> <span class='ocrx_word' id='word_1_220' title='bbox 1394 3181 1590 3236; x_wconf 91' lang='lat' dir='ltr'><strong>percu-</strong></span> <span class='ocrx_word' id='word_1_221' title='bbox 1618 3212 1657 3266; x_wconf 63' lang='grc' dir='ltr'><strong>Ο</strong></span> 
     </span>
    </p>
   </div>
   <div class='ocr_carea' id='block_1_32' title="bbox 74 3245 1660 3314">
    <p class='ocr_par' dir='ltr' id='par_1_32' title="bbox 74 3245 1660 3314">
     <span class='ocr_line' id='line_1_32' title="bbox 74 3245 1660 3314; baseline 0.004 -7"><span class='ocrx_word' id='word_1_222' title='bbox 74 3256 230 3310; x_wconf 66' lang='grc' dir='ltr'><strong>ιὶετιιειηι</strong></span> <span class='ocrx_word' id='word_1_223' title='bbox 271 3273 326 3312; x_wconf 88' lang='lat' dir='ltr'><strong>se</strong></span> <span class='ocrx_word' id='word_1_224' title='bbox 369 3258 625 3314; x_wconf 83' lang='lat' dir='ltr'><strong>invicem.</strong></span> <span class='ocrx_word' id='word_1_225' title='bbox 670 3257 939 3313; x_wconf 79' lang='lat' dir='ltr'><strong>Vixerunt</strong></span> <span class='ocrx_word' id='word_1_226' title='bbox 976 3267 1160 3314; x_wconf 89' lang='lat' dir='ltr'><strong>autem</strong></span> <span class='ocrx_word' id='word_1_227' title='bbox 1215 3258 1375 3313; x_wconf 89' lang='lat' dir='ltr'><strong>annis</strong></span> <span class='ocrx_word' id='word_1_228' title='bbox 1417 3256 1591 3313; x_wconf 89' lang='lat' dir='ltr'><strong>ferme</strong></span> <span class='ocrx_word' id='word_1_229' title='bbox 1618 3245 1660 3266; x_wconf 62' lang='grc' dir='ltr'>υ</span> 
     </span>
    </p>
   </div>
   <div class='ocr_carea' id='block_1_33' title="bbox 72 3345 1590 3421">
    <p class='ocr_par' dir='ltr' id='par_1_33' title="bbox 72 3345 1590 3421">
     <span class='ocr_line' id='line_1_33' title="bbox 72 3345 1590 3421; baseline 0.005 -24"><span class='ocrx_word' id='word_1_230' title='bbox 72 3345 252 3414; x_wconf 88' lang='lat' dir='ltr'><strong>duobus,</strong></span> <span class='ocrx_word' id='word_1_231' title='bbox 287 3358 336 3404; x_wconf 91' lang='lat' dir='ltr'><strong>et</strong></span> <span class='ocrx_word' id='word_1_232' title='bbox 367 3364 509 3406; x_wconf 86' lang='lat' dir='ltr'><strong>unus</strong></span> <span class='ocrx_word' id='word_1_233' title='bbox 555 3349 778 3421; x_wconf 84' lang='lat' dir='ltr'><strong>quidem</strong></span> <span class='ocrx_word' id='word_1_234' title='bbox 819 3357 1071 3406; x_wconf 89' lang='lat' dir='ltr'><strong>mortuus</strong></span> <span class='ocrx_word' id='word_1_235' title='bbox 1099 3358 1204 3416; x_wconf 90' lang='lat' dir='ltr'><strong>est,</strong></span> <span class='ocrx_word' id='word_1_236' title='bbox 1240 3348 1377 3404; x_wconf 85' lang='lat' dir='ltr'><strong>alter</strong></span> <span class='ocrx_word' id='word_1_237' title='bbox 1405 3357 1590 3404; x_wconf 88' lang='lat' dir='ltr'><strong>autem</strong></span> 
     </span>
    </p>
   </div>
   <div class='ocr_carea' id='block_1_34' title="bbox 73 3440 599 3506">
    <p class='ocr_par' dir='ltr' id='par_1_34' title="bbox 73 3440 599 3506">
     <span class='ocr_line' id='line_1_34' title="bbox 73 3440 599 3506; baseline 0.011 -16"><span class='ocrx_word' id='word_1_238' title='bbox 73 3440 311 3506; x_wconf 71' lang='lat' dir='ltr'><strong>supervixit</strong></span> <span class='ocrx_word' id='word_1_239' title='bbox 330 3441 516 3498; x_wconf 91' lang='lat' dir='ltr'><strong>diebus</strong></span> <span class='ocrx_word' id='word_1_240' title='bbox 539 3442 599 3497; x_wconf 66' lang='grc' dir='ltr'><strong>Δ.</strong></span> 
     </span>
    </p>
   </div>
   <div class='ocr_carea' id='block_1_35' title="bbox 119 3529 1593 3606">
    <p class='ocr_par' dir='ltr' id='par_1_35' title="bbox 119 3529 1593 3606">
     <span class='ocr_line' id='line_1_35' title="bbox 119 3529 1593 3606; baseline 0.004 -24"><span class='ocrx_word' id='word_1_241' title='bbox 119 3530 160 3582; x_wconf 75' lang='grc'><strong>2.</strong></span> <span class='ocrx_word' id='word_1_242' title='bbox 179 3529 314 3586; x_wconf 82' lang='lat' dir='ltr'><strong>Anno</strong></span> <span class='ocrx_word' id='word_1_243' title='bbox 345 3533 636 3589; x_wconf 73' lang='lat' dir='ltr'><strong>dominica:</strong></span> <span class='ocrx_word' id='word_1_244' title='bbox 659 3533 1051 3590; x_wconf 87' lang='lat' dir='ltr'><strong>incarnationis</strong></span> <span class='ocrx_word' id='word_1_245' title='bbox 1078 3533 1226 3602; x_wconf 77' lang='lat'><strong>389°,</strong></span> <span class='ocrx_word' id='word_1_246' title='bbox 1264 3535 1360 3606; x_wconf 89' lang='lat' dir='ltr'><strong>qui</strong></span> <span class='ocrx_word' id='word_1_247' title='bbox 1387 3543 1472 3592; x_wconf 88' lang='lat' dir='ltr'><strong>est</strong></span> <span class='ocrx_word' id='word_1_248' title='bbox 1506 3549 1593 3589; x_wconf 88' lang='lat' dir='ltr'><strong>se-</strong></span> 
     </span>
    </p>
   </div>
   <div class='ocr_carea' id='block_1_36' title="bbox 72 3622 1593 3697">
    <p class='ocr_par' dir='ltr' id='par_1_36' title="bbox 72 3622 1593 3697">
     <span class='ocr_line' id='line_1_36' title="bbox 72 3622 1593 3697; baseline 0.007 -25"><span class='ocrx_word' id='word_1_249' title='bbox 72 3622 515 3682; x_wconf 82' lang='lat' dir='ltr'><strong>cundnsTbeodosii</strong></span> <span class='ocrx_word' id='word_1_250' title='bbox 539 3635 668 3697; x_wconf 89' lang='lat' dir='ltr'><strong>post</strong></span> <span class='ocrx_word' id='word_1_251' title='bbox 688 3636 922 3682; x_wconf 89' lang='lat' dir='ltr'><strong>mortem</strong></span> <span class='ocrx_word' id='word_1_252' title='bbox 946 3626 1214 3693; x_wconf 87' lang='lat' dir='ltr'><strong>Gratiani,</strong></span> <span class='ocrx_word' id='word_1_253' title='bbox 1242 3628 1385 3683; x_wconf 90' lang='lat' dir='ltr'><strong>idem</strong></span> <span class='ocrx_word' id='word_1_254' title='bbox 1412 3626 1593 3682; x_wconf 89' lang='lat' dir='ltr'><strong>Theo-</strong></span> 
     </span>
    </p>
   </div>
   <div class='ocr_carea' id='block_1_37' title="bbox 72 3710 1587 3788">
    <p class='ocr_par' dir='ltr' id='par_1_37' title="bbox 72 3710 1587 3788">
     <span class='ocr_line' id='line_1_37' title="bbox 72 3710 1587 3788; baseline 0.005 -26"><span class='ocrx_word' id='word_1_255' title='bbox 72 3710 233 3779; x_wconf 86' lang='lat' dir='ltr'><strong>dosius,</strong></span> <span class='ocrx_word' id='word_1_256' title='bbox 263 3715 339 3770; x_wconf 87' lang='lat' dir='ltr'><strong>vir</strong></span> <span class='ocrx_word' id='word_1_257' title='bbox 371 3717 666 3773; x_wconf 81' lang='lat' dir='ltr'><strong>virtutibus</strong></span> <span class='ocrx_word' id='word_1_258' title='bbox 692 3718 905 3788; x_wconf 86' lang='lat' dir='ltr'><strong>plenus,</strong></span> <span class='ocrx_word' id='word_1_259' title='bbox 935 3716 1401 3784; x_wconf 76' lang='lat' dir='ltr'><strong>Valentinianum,</strong></span> <span class='ocrx_word' id='word_1_260' title='bbox 1433 3717 1587 3772; x_wconf 91' lang='lat' dir='ltr'><strong>ltalia</strong></span> 
     </span>
    </p>
   </div>
   <div class='ocr_carea' id='block_1_38' title="bbox 71 3806 1588 3881">
    <p class='ocr_par' dir='ltr' id='par_1_38' title="bbox 71 3806 1588 3881">
     <span class='ocr_line' id='line_1_38' title="bbox 71 3806 1588 3881; baseline 0.005 -25"><span class='ocrx_word' id='word_1_261' title='bbox 71 3806 298 3873; x_wconf 69' lang='lat' dir='ltr'><strong>expulsum</strong></span> <span class='ocrx_word' id='word_1_262' title='bbox 315 3823 343 3862; x_wconf 91' lang='lat' dir='ltr'><strong>a</strong></span> <span class='ocrx_word' id='word_1_263' title='bbox 365 3807 626 3876; x_wconf 78' lang='lat' dir='ltr'><strong>Maximo,</strong></span> <span class='ocrx_word' id='word_1_264' title='bbox 644 3810 699 3864; x_wconf 92' lang='lat' dir='ltr'><strong>in</strong></span> <span class='ocrx_word' id='word_1_265' title='bbox 722 3825 947 3881; x_wconf 87' lang='lat' dir='ltr'><strong>regnum</strong></span> <span class='ocrx_word' id='word_1_266' title='bbox 971 3810 1212 3864; x_wconf 86' lang='lat' dir='ltr'><strong>restituit</strong></span> <span class='ocrx_word' id='word_1_267' title='bbox 1235 3809 1328 3880; x_wconf 88' lang='lat' dir='ltr'><strong>(cf.</strong></span> <span class='ocrx_word' id='word_1_268' title='bbox 1358 3809 1588 3878; x_wconf 66' lang='lat' dir='ltr'><strong>Ben“).</strong></span> 
     </span>
    </p>
   </div>
   <div class='ocr_carea' id='block_1_39' title="bbox 73 3885 1595 3970">
    <p class='ocr_par' dir='ltr' id='par_1_39' title="bbox 73 3885 1595 3970">
     <span class='ocr_line' id='line_1_39' title="bbox 73 3885 1595 3970; baseline 0.006 -26"><span class='ocrx_word' id='word_1_269' title='bbox 73 3891 183 3958; x_wconf 81' lang='lat' dir='ltr'><strong>(Chr,</strong></span> <span class='ocrx_word' id='word_1_270' title='bbox 222 3895 581 3969; x_wconf 45' lang='lat' dir='ltr'><strong>lii—Bene.)</strong></span> <span class='ocrx_word' id='word_1_271' title='bbox 617 3899 878 3970; x_wconf 62' lang='lat' dir='ltr'><strong>Reliquiae</strong></span> <span class='ocrx_word' id='word_1_272' title='bbox 909 3908 1228 3955; x_wconf 87' lang='lat' dir='ltr'><strong>sanctorum</strong></span> <span class='ocrx_word' id='word_1_273' title='bbox 1250 3885 1503 3955; x_wconf 70' lang='lat' dir='ltr'><strong>Cervasii</strong></span> <span class='ocrx_word' id='word_1_274' title='bbox 1541 3908 1595 3953; x_wconf 91' lang='lat' dir='ltr'><strong>et</strong></span> 
     </span>
    </p>
   </div>
   <div class='ocr_carea' id='block_1_40' title="bbox 72 3980 1150 4060">
    <p class='ocr_par' dir='ltr' id='par_1_40' title="bbox 72 3980 1150 4060">
     <span class='ocr_line' id='line_1_40' title="bbox 72 3980 1150 4060; baseline 0.009 -28"><span class='ocrx_word' id='word_1_275' title='bbox 72 3980 286 4040; x_wconf 73' lang='lat' dir='ltr'><strong>Protbasii</strong></span> <span class='ocrx_word' id='word_1_276' title='bbox 318 3989 382 4042; x_wconf 88' lang='lat' dir='ltr'><strong>ab</strong></span> <span class='ocrx_word' id='word_1_277' title='bbox 411 3989 708 4044; x_wconf 78' lang='lat' dir='ltr'><strong>Ambrosio</strong></span> <span class='ocrx_word' id='word_1_278' title='bbox 738 3997 966 4060; x_wconf 72' lang='lat' dir='ltr'><strong>repertae</strong></span> <span class='ocrx_word' id='word_1_279' title='bbox 1001 3997 1150 4044; x_wconf 90' lang='lat' dir='ltr'><strong>sunt.</strong></span> 
     </span>
    </p>
   </div>
   <div class='ocr_carea' id='block_1_41' title="bbox 122 4073 1619 4148">
    <p class='ocr_par' dir='ltr' id='par_1_41' title="bbox 122 4073 1619 4148">
     <span class='ocr_line' id='line_1_41' title="bbox 122 4073 1619 4148; baseline 0.005 -23"><span class='ocrx_word' id='word_1_280' title='bbox 122 4074 163 4125; x_wconf 80' lang='lat' dir='ltr'><strong>ll.</strong></span> <span class='ocrx_word' id='word_1_281' title='bbox 191 4073 384 4144; x_wconf 76' lang='lat' dir='ltr'><strong>(Pnosr.</strong></span> <span class='ocrx_word' id='word_1_282' title='bbox 410 4076 538 4133; x_wconf 81' lang='lat' dir='ltr'><strong>Chr.</strong></span> <span class='ocrx_word' id='word_1_283' title='bbox 586 4079 740 4148; x_wconf 87' lang='lat' dir='ltr'><strong>imp.)</strong></span> <span class='ocrx_word' id='word_1_284' title='bbox 764 4078 829 4132; x_wconf 85' lang='lat' dir='ltr'><strong>A.</strong></span> <span class='ocrx_word' id='word_1_285' title='bbox 855 4078 920 4133; x_wconf 90' lang='lat' dir='ltr'><strong>D.</strong></span> <span class='ocrx_word' id='word_1_286' title='bbox 960 4078 1084 4133; x_wconf 71' lang='lat'><strong>391.</strong></span> <span class='ocrx_word' id='word_1_287' title='bbox 1124 4077 1497 4148; x_wconf 75' lang='lat' dir='ltr'><strong>Augustinus‘</strong></span> <span class='ocrx_word' id='word_1_288' title='bbox 1525 4077 1619 4134; x_wconf 87' lang='lat' dir='ltr'><strong>ad&#39;</strong></span> 
     </span>
    </p>
   </div>
   <div class='ocr_carea' id='block_1_42' title="bbox 71 4165 1305 4242">
    <p class='ocr_par' dir='ltr' id='par_1_42' title="bbox 71 4165 1305 4242">
     <span class='ocr_line' id='line_1_42' title="bbox 71 4165 1305 4242; baseline 0.006 -26"><span class='ocrx_word' id='word_1_289' title='bbox 71 4165 192 4221; x_wconf 79' lang='lat' dir='ltr'><strong>fidem</strong></span> <span class='ocrx_word' id='word_1_290' title='bbox 221 4185 528 4240; x_wconf 90' lang='lat' dir='ltr'><strong>conversus,</strong></span> <span class='ocrx_word' id='word_1_291' title='bbox 559 4172 630 4227; x_wconf 86' lang='lat' dir='ltr'><strong>ab</strong></span> <span class='ocrx_word' id='word_1_292' title='bbox 655 4172 948 4228; x_wconf 83' lang='lat' dir='ltr'><strong>Ambrosio</strong></span> <span class='ocrx_word' id='word_1_293' title='bbox 976 4171 1305 4242; x_wconf 85' lang='lat' dir='ltr'><strong>baptizatur.</strong></span> 
     </span>
    </p>
   </div>
   <div class='ocr_carea' id='block_1_43' title="bbox 177 4279 1600 4353">
    <p class='ocr_par' dir='ltr' id='par_1_43' title="bbox 177 4279 1600 4353">
     <span class='ocr_line' id='line_1_43' title="bbox 177 4279 1600 4353; baseline -0.001 -18"><span class='ocrx_word' id='word_1_294' title='bbox 177 4283 193 4301; x_wconf 86' lang='lat'><strong><em>°</em></strong></span> <span class='ocrx_word' id='word_1_295' title='bbox 213 4279 536 4353; x_wconf 77' lang='lat' dir='ltr'><strong>Augustinus</strong></span> <span class='ocrx_word' id='word_1_296' title='bbox 562 4300 593 4338; x_wconf 90' lang='lat' dir='ltr'><strong>a</strong></span> <span class='ocrx_word' id='word_1_297' title='bbox 615 4282 1024 4339; x_wconf 78' lang='lat' dir='ltr'><strong>Manicheorum</strong></span> <span class='ocrx_word' id='word_1_298' title='bbox 1048 4283 1224 4339; x_wconf 87' lang='lat' dir='ltr'><strong>heresi</strong></span> <span class='ocrx_word' id='word_1_299' title='bbox 1251 4298 1348 4352; x_wconf 87' lang='lat' dir='ltr'><strong>per</strong></span> <span class='ocrx_word' id='word_1_300' title='bbox 1373 4281 1600 4353; x_wconf 80' lang='lat' dir='ltr'><strong>Ambro-</strong></span> 
     </span>
    </p>
   </div>
   <div class='ocr_carea' id='block_1_44' title="bbox 235 4352 1593 4411">
    <p class='ocr_par' dir='ltr' id='par_1_44' title="bbox 235 4352 1593 4411">
     <span class='ocr_line' id='line_1_44' title="bbox 235 4352 1593 4411; baseline 0.001 -7"><span class='ocrx_word' id='word_1_301' title='bbox 235 4352 364 4407; x_wconf 84' lang='lat' dir='ltr'><strong>sium</strong></span> <span class='ocrx_word' id='word_1_302' title='bbox 395 4357 462 4409; x_wconf 90' lang='lat' dir='ltr'><strong>ad</strong></span> <span class='ocrx_word' id='word_1_303' title='bbox 493 4356 822 4411; x_wconf 85' lang='lat' dir='ltr'><strong>catholicam</strong></span> <span class='ocrx_word' id='word_1_304' title='bbox 850 4356 1010 4410; x_wconf 81' lang='lat' dir='ltr'><strong>fidem</strong></span> <span class='ocrx_word' id='word_1_305' title='bbox 1033 4355 1390 4410; x_wconf 85' lang='lat' dir='ltr'><strong>convertitur.</strong></span> <span class='ocrx_word' id='word_1_306' title='bbox 1423 4352 1502 4405; x_wconf 87' lang='lat' dir='ltr'><strong>D?</strong></span> <span class='ocrx_word' id='word_1_307' title='bbox 1532 4352 1593 4406; x_wconf 86' lang='grc' dir='ltr'><strong>Ε.</strong></span> 
     </span>
    </p>
   </div>
   <div class='ocr_carea' id='block_1_45' title="bbox 235 4422 510 4496">
    <p class='ocr_par' dir='ltr' id='par_1_45' title="bbox 235 4422 510 4496">
     <span class='ocr_line' id='line_1_45' title="bbox 235 4422 510 4496; baseline 0.022 -22"><span class='ocrx_word' id='word_1_308' title='bbox 235 4422 311 4476; x_wconf 75' lang='lat' dir='ltr'><strong>Ea:</strong></span> <span class='ocrx_word' id='word_1_309' title='bbox 338 4423 510 4496; x_wconf 84' lang='lat' dir='ltr'><strong>Sigeb.</strong></span> 
     </span>
    </p>
   </div>
   <div class='ocr_carea' id='block_1_46' title="bbox 115 4529 1316 4595">
    <p class='ocr_par' dir='ltr' id='par_1_46' title="bbox 115 4529 1316 4595">
     <span class='ocr_line' id='line_1_46' title="bbox 115 4529 1316 4595; baseline 0.006 -11"><span class='ocrx_word' id='word_1_310' title='bbox 115 4529 157 4585; x_wconf 85' lang='lat'><strong>6.</strong></span> <span class='ocrx_word' id='word_1_311' title='bbox 187 4534 241 4589; x_wconf 65' lang='grc' dir='ltr'><strong>Α.</strong></span> <span class='ocrx_word' id='word_1_312' title='bbox 265 4535 322 4590; x_wconf 90' lang='lat' dir='ltr'><strong>D.</strong></span> <span class='ocrx_word' id='word_1_313' title='bbox 351 4539 474 4593; x_wconf 78' lang='lat'><strong>393.</strong></span> <span class='ocrx_word' id='word_1_314' title='bbox 504 4539 786 4595; x_wconf 82' lang='lat' dir='ltr'><strong>Johannes</strong></span> <span class='ocrx_word' id='word_1_315' title='bbox 816 4538 1079 4593; x_wconf 88' lang='lat' dir='ltr'><strong>heremita</strong></span> <span class='ocrx_word' id='word_1_316' title='bbox 1102 4537 1316 4593; x_wconf 90' lang='lat' dir='ltr'><strong>claruit.</strong></span> 
     </span>
    </p>
   </div>
   <div class='ocr_carea' id='block_1_47' title="bbox 122 4621 1596 4702">
    <p class='ocr_par' dir='ltr' id='par_1_47' title="bbox 122 4621 1596 4702">
     <span class='ocr_line' id='line_1_47' title="bbox 122 4621 1596 4702; baseline 0.006 -30"><span class='ocrx_word' id='word_1_317' title='bbox 122 4621 162 4674; x_wconf 80' lang='grc'><strong>7.</strong></span> <span class='ocrx_word' id='word_1_318' title='bbox 195 4625 250 4679; x_wconf 79' lang='grc' dir='ltr'><strong>Α.</strong></span> <span class='ocrx_word' id='word_1_319' title='bbox 280 4625 338 4680; x_wconf 89' lang='grc' dir='ltr'><strong>Ι).</strong></span> <span class='ocrx_word' id='word_1_320' title='bbox 370 4629 495 4685; x_wconf 76' lang='grc'><strong>594.</strong></span> <span class='ocrx_word' id='word_1_321' title='bbox 539 4629 786 4702; x_wconf 81' lang='lat' dir='ltr'><strong>Syricius</strong></span> <span class='ocrx_word' id='word_1_322' title='bbox 816 4645 958 4700; x_wconf 88' lang='lat' dir='ltr'><strong>papa</strong></span> <span class='ocrx_word' id='word_1_323' title='bbox 979 4630 1132 4696; x_wconf 61' lang='lat'><strong>40‘&quot;,</strong></span> <span class='ocrx_word' id='word_1_324' title='bbox 1176 4628 1316 4686; x_wconf 86' lang='lat' dir='ltr'><strong>sedit</strong></span> <span class='ocrx_word' id='word_1_325' title='bbox 1345 4626 1506 4682; x_wconf 89' lang='lat' dir='ltr'><strong>annis</strong></span> <span class='ocrx_word' id='word_1_326' title='bbox 1541 4625 1596 4692; x_wconf 90' lang='lat'><strong>8,</strong></span> 
     </span>
    </p>
   </div>
   <div class='ocr_carea' id='block_1_48' title="bbox 70 4710 981 4788">
    <p class='ocr_par' dir='ltr' id='par_1_48' title="bbox 70 4710 981 4788">
     <span class='ocr_line' id='line_1_48' title="bbox 70 4710 981 4788; baseline 0.01 -21"><span class='ocrx_word' id='word_1_327' title='bbox 70 4710 353 4788; x_wconf 72' lang='lat' dir='ltr'><strong>decessitque</strong></span> <span class='ocrx_word' id='word_1_328' title='bbox 373 4719 407 4774; x_wconf 88' lang='lat'><strong>6</strong></span> <span class='ocrx_word' id='word_1_329' title='bbox 436 4719 668 4776; x_wconf 85' lang='lat' dir='ltr'><strong>Kalend.</strong></span> <span class='ocrx_word' id='word_1_330' title='bbox 697 4721 981 4778; x_wconf 78' lang='lat' dir='ltr'><strong>Decemb‘.</strong></span> 
     </span>
    </p>
   </div>
   <div class='ocr_carea' id='block_1_49' title="bbox 179 4823 1598 4902">
    <p class='ocr_par' dir='ltr' id='par_1_49' title="bbox 179 4823 1598 4902">
     <span class='ocr_line' id='line_1_49' title="bbox 179 4823 1598 4902; baseline 0.001 -18"><span class='ocrx_word' id='word_1_331' title='bbox 179 4828 193 4843; x_wconf 82' lang='grc'><strong><em>⁸</em></strong></span> <span class='ocrx_word' id='word_1_332' title='bbox 213 4823 360 4902; x_wconf 84' lang='lat' dir='ltr'><strong>D_?_E.</strong></span> <span class='ocrx_word' id='word_1_333' title='bbox 392 4832 524 4886; x_wconf 86' lang='lat' dir='ltr'><strong>add.</strong></span> <span class='ocrx_word' id='word_1_334' title='bbox 551 4847 571 4886; x_wconf 92' lang='lat'><strong><em>:</em></strong></span> <span class='ocrx_word' id='word_1_335' title='bbox 601 4831 769 4887; x_wconf 86' lang='lat' dir='ltr'><strong>Paula</strong></span> <span class='ocrx_word' id='word_1_336' title='bbox 813 4841 868 4887; x_wconf 90' lang='lat' dir='ltr'><strong>et</strong></span> <span class='ocrx_word' id='word_1_337' title='bbox 908 4827 1208 4888; x_wconf 77' lang='lat' dir='ltr'><strong>Eustochia</strong></span> <span class='ocrx_word' id='word_1_338' title='bbox 1231 4832 1300 4864; x_wconf 72' lang='grc'><strong>’⁸³</strong></span> <span class='ocrx_word' id='word_1_339' title='bbox 1329 4831 1437 4887; x_wconf 90' lang='lat' dir='ltr'><strong>ﬁlia</strong></span> <span class='ocrx_word' id='word_1_340' title='bbox 1476 4831 1598 4902; x_wconf 87' lang='lat' dir='ltr'><strong>ejus</strong></span> 
     </span>
    </p>
   </div>
   <div class='ocr_carea' id='block_1_50' title="bbox 235 4897 1158 4959">
    <p class='ocr_par' dir='ltr' id='par_1_50' title="bbox 235 4897 1158 4959">
     <span class='ocr_line' id='line_1_50' title="bbox 235 4897 1158 4959; baseline 0.007 -8"><span class='ocrx_word' id='word_1_341' title='bbox 235 4897 445 4957; x_wconf 88' lang='lat' dir='ltr'><strong>Christo</strong></span> <span class='ocrx_word' id='word_1_342' title='bbox 471 4903 802 4959; x_wconf 89' lang='lat' dir='ltr'><strong>ancillantur</strong></span> <span class='ocrx_word' id='word_1_343' title='bbox 822 4903 1158 4958; x_wconf 87' lang='lat' dir='ltr'><strong>Bethlehem.</strong></span> 
     </span>
    </p>
   </div>
   <div class='ocr_carea' id='block_1_51' title="bbox 122 5001 1597 5083">
    <p class='ocr_par' dir='ltr' id='par_1_51' title="bbox 122 5001 1597 5083">
     <span class='ocr_line' id='line_1_51' title="bbox 122 5001 1597 5083; baseline 0.003 -21"><span class='ocrx_word' id='word_1_344' title='bbox 122 5001 163 5055; x_wconf 80' lang='grc'><strong>8.</strong></span> <span class='ocrx_word' id='word_1_345' title='bbox 189 5006 324 5073; x_wconf 78' lang='lat' dir='ltr'><strong>(Chr.</strong></span> <span class='ocrx_word' id='word_1_346' title='bbox 350 5010 462 5083; x_wconf 85' lang='lat' dir='ltr'><strong>W.)</strong></span> <span class='ocrx_word' id='word_1_347' title='bbox 489 5012 558 5068; x_wconf 83' lang='lat' dir='ltr'><strong>A.</strong></span> <span class='ocrx_word' id='word_1_348' title='bbox 580 5012 640 5066; x_wconf 83' lang='grc' dir='ltr'><strong>Ι).</strong></span> <span class='ocrx_word' id='word_1_349' title='bbox 667 5013 792 5068; x_wconf 75' lang='grc'><strong>595.</strong></span> <span class='ocrx_word' id='word_1_350' title='bbox 819 5011 1168 5068; x_wconf 82' lang='lat' dir='ltr'><strong>Hieronimus</strong></span> <span class='ocrx_word' id='word_1_351' title='bbox 1190 5011 1416 5076; x_wconf 85' lang='lat' dir='ltr'><strong>librum,</strong></span> <span class='ocrx_word' id='word_1_352' title='bbox 1433 5026 1597 5081; x_wconf 89' lang='lat' dir='ltr'><strong>quem</strong></span> 
     </span>
    </p>
   </div>
   <div class='ocr_carea' id='block_1_52' title="bbox 69 5093 1457 5244">
    <p class='ocr_par' dir='ltr' id='par_1_52' title="bbox 69 5093 1457 5244">
     <span class='ocr_line' id='line_1_52' title="bbox 69 5093 1457 5244; baseline 0.007 -95"><span class='ocrx_word' id='word_1_353' title='bbox 69 5093 420 5244; x_wconf 64' lang='lat' dir='ltr'><strong>degillustribus</strong></span> <span class='ocrx_word' id='word_1_354' title='bbox 448 5107 585 5162; x_wconf 90' lang='lat' dir='ltr'><strong>viris</strong></span> <span class='ocrx_word' id='word_1_355' title='bbox 610 5106 850 5178; x_wconf 87' lang='lat' dir='ltr'><strong>scripsit,</strong></span> <span class='ocrx_word' id='word_1_356' title='bbox 875 5107 1159 5178; x_wconf 89' lang='lat' dir='ltr'><strong>hucusque</strong></span> <span class='ocrx_word' id='word_1_357' title='bbox 1187 5106 1457 5176; x_wconf 82' lang='lat' dir='ltr'><strong>perduxit,</strong></span> 
     </span>
     <span class='ocr_line' id='line_1_53' title="bbox 152 5193 546 5244; baseline 0 0"><span class='ocrx_word' id='word_1_358' title='bbox 152 5232 163 5244; x_wconf 95' lang='lat'><strong>.</strong></span> <span class='ocrx_word' id='word_1_359' title='bbox 199 5193 256 5244; x_wconf 82' lang='lat' dir='ltr'><strong>A.</strong></span> <span class='ocrx_word' id='word_1_360' title='bbox 290 5195 352 5244; x_wconf 90' lang='lat' dir='ltr'><strong>D-</strong></span> <span class='ocrx_word' id='word_1_361' title='bbox 381 5199 508 5244; x_wconf 66' lang='lat'><strong>396-</strong></span> <span class='ocrx_word' id='word_1_362' title='bbox 526 5203 546 5221; x_wconf 82' lang='grc'>⁶</span> 
     </span>
    </p>
   </div>
   <div class='ocr_carea' id='block_1_53' title="bbox 152 5193 546 5254">
    <p class='ocr_par' dir='ltr' id='par_1_53' title="bbox 152 5193 546 5254">
     <span class='ocr_line' id='line_1_54' title="bbox 152 5193 546 5254; baseline 0.025 -10"><span class='ocrx_word' id='word_1_363' title='bbox 152 5232 163 5244; x_wconf 97' lang='grc'><strong>.</strong></span> <span class='ocrx_word' id='word_1_364' title='bbox 199 5193 256 5250; x_wconf 80' lang='grc' dir='ltr'><strong>Α.</strong></span> <span class='ocrx_word' id='word_1_365' title='bbox 290 5195 352 5252; x_wconf 90' lang='lat' dir='ltr'><strong>D.</strong></span> <span class='ocrx_word' id='word_1_366' title='bbox 381 5199 546 5254; x_wconf 67' lang='lat'><strong>396.“</strong></span> 
     </span>
    </p>
   </div>
   <div class='ocr_carea' id='block_1_54' title="bbox 180 5309 1597 5372">
    <p class='ocr_par' dir='ltr' id='par_1_54' title="bbox 180 5309 1597 5372">
     <span class='ocr_line' id='line_1_55' title="bbox 180 5309 1597 5372; baseline 0.003 -8"><span class='ocrx_word' id='word_1_367' title='bbox 180 5312 198 5332; x_wconf 82' lang='grc'>⁶</span> <span class='ocrx_word' id='word_1_368' title='bbox 219 5309 359 5368; x_wconf 70' lang='grc' dir='ltr'><strong>ΜΕ.</strong></span> <span class='ocrx_word' id='word_1_369' title='bbox 388 5315 599 5372; x_wconf 67' lang='grc'><strong>4-11.</strong></span> <span class='ocrx_word' id='word_1_370' title='bbox 615 5317 740 5370; x_wconf 85' lang='lat' dir='ltr'><strong>add.</strong></span> <span class='ocrx_word' id='word_1_371' title='bbox 761 5332 780 5370; x_wconf 90' lang='lat'><em>:</em></span> <span class='ocrx_word' id='word_1_372' title='bbox 806 5316 1052 5371; x_wconf 85' lang='lat' dir='ltr'><strong>Didimus</strong></span> <span class='ocrx_word' id='word_1_373' title='bbox 1072 5314 1414 5370; x_wconf 68' lang='lat' dir='ltr'><strong>Alexandria:</strong></span> <span class='ocrx_word' id='word_1_374' title='bbox 1441 5314 1597 5369; x_wconf 89' lang='lat' dir='ltr'><strong>obiit.</strong></span> 
     </span>
    </p>
   </div>
   <div class='ocr_carea' id='block_1_55' title="bbox 240 5381 1605 5456">
    <p class='ocr_par' dir='ltr' id='par_1_55' title="bbox 240 5381 1605 5456">
     <span class='ocr_line' id='line_1_56' title="bbox 240 5381 1605 5456; baseline 0.001 -17"><span class='ocrx_word' id='word_1_375' title='bbox 240 5381 325 5438; x_wconf 73' lang='lat'><strong>&#39;“.</strong></span> <span class='ocrx_word' id='word_1_376' title='bbox 350 5383 598 5456; x_wconf 89' lang='lat' dir='ltr'><strong>Corpora</strong></span> <span class='ocrx_word' id='word_1_377' title='bbox 619 5387 840 5445; x_wconf 81' lang='lat' dir='ltr'><strong>Abacuc</strong></span> <span class='ocrx_word' id='word_1_378' title='bbox 877 5396 933 5443; x_wconf 88' lang='lat' dir='ltr'><strong>et</strong></span> <span class='ocrx_word' id='word_1_379' title='bbox 965 5387 1186 5442; x_wconf 78' lang='lat' dir='ltr'><strong>Micheae</strong></span> <span class='ocrx_word' id='word_1_380' title='bbox 1217 5387 1605 5456; x_wconf 88' lang='lat' dir='ltr'><strong>prophetarum</strong></span> 
     </span>
    </p>
   </div>
   <div class='ocr_carea' id='block_1_56' title="bbox 908 379 2313 452">
    <p class='ocr_par' dir='ltr' id='par_1_56' title="bbox 908 379 2313 452">
     <span class='ocr_line' id='line_1_57' title="bbox 908 379 2313 452; baseline 0.011 -15"><span class='ocrx_word' id='word_1_381' title='bbox 908 379 1276 439; x_wconf 76' lang='lat' dir='ltr'><strong>CHRONICA.</strong></span> <span class='ocrx_word' id='word_1_382' title='bbox 1315 413 1386 423; x_wconf 87' lang='lat'><strong>—-</strong></span> <span class='ocrx_word' id='word_1_383' title='bbox 1423 381 1817 443; x_wconf 77' lang='lat' dir='ltr'><strong>CllRONlCON</strong></span> <span class='ocrx_word' id='word_1_384' title='bbox 1857 386 2313 452; x_wconf 77' lang='lat' dir='ltr'><strong>UNIVERSALE.</strong></span> 
     </span>
    </p>
   </div>
   <div class='ocr_carea' id='block_1_57' title="bbox 3185 405 3258 462">
    <p class='ocr_par' dir='ltr' id='par_1_57' title="bbox 3185 405 3258 462">
     <span class='ocr_line' id='line_1_58' title="bbox 3185 405 3258 462; baseline 0.014 -1"><span class='ocrx_word' id='word_1_385' title='bbox 3185 405 3258 462; x_wconf 82' lang='lat'><strong>66</strong></span> 
     </span>
    </p>
   </div>
   <div class='ocr_carea' id='block_1_58' title="bbox 1876 507 3256 589">
    <p class='ocr_par' dir='ltr' id='par_1_58' title="bbox 1876 507 3256 589">
     <span class='ocr_line' id='line_1_59' title="bbox 1876 507 3256 589; baseline 0.01 -31"><span class='ocrx_word' id='word_1_386' title='bbox 1876 508 2210 589; x_wconf 65' lang='lat' dir='ltr'><strong>revelantur.</strong></span> <span class='ocrx_word' id='word_1_387' title='bbox 2219 580 2232 589; x_wconf 39' lang='lat'><em>.</em></span> <span class='ocrx_word' id='word_1_388' title='bbox 2255 525 2320 563; x_wconf 78' lang='lat' dir='ltr'><strong>ex</strong></span> <span class='ocrx_word' id='word_1_389' title='bbox 2361 507 2537 580; x_wconf 81' lang='lat' dir='ltr'><strong>Sigeb.</strong></span> <span class='ocrx_word' id='word_1_390' title='bbox 2585 509 2742 566; x_wconf 84' lang='lat' dir='ltr'><strong>D?E.</strong></span> <span class='ocrx_word' id='word_1_391' title='bbox 2775 525 3007 589; x_wconf 74' lang='lat' dir='ltr'><strong>pergunt</strong></span> <span class='ocrx_word' id='word_1_392' title='bbox 3049 531 3068 570; x_wconf 91' lang='lat'><strong><em>:</em></strong></span> <span class='ocrx_word' id='word_1_393' title='bbox 3094 517 3256 586; x_wconf 74' lang='lat' dir='ltr'><strong>Con-</strong></span> 
     </span>
    </p>
   </div>
   <div class='ocr_carea' id='block_1_59' title="bbox 1881 578 3103 650">
    <p class='ocr_par' dir='ltr' id='par_1_59' title="bbox 1881 578 3103 650">
     <span class='ocr_line' id='line_1_60' title="bbox 1881 578 3103 650; baseline 0.011 -21"><span class='ocrx_word' id='word_1_394' title='bbox 1881 578 2564 650; x_wconf 80' lang='lat' dir='ltr'><strong>stantinopolis—eversa.</strong></span> <span class='ocrx_word' id='word_1_395' title='bbox 2597 597 2663 636; x_wconf 81' lang='lat' dir='ltr'><strong>ea:</strong></span> <span class='ocrx_word' id='word_1_396' title='bbox 2689 578 2900 640; x_wconf 60' lang='lat' dir='ltr'><strong>eodem:</strong></span> <span class='ocrx_word' id='word_1_397' title='bbox 3094 578 3103 586; x_wconf 74' lang='grc'><em>’</em></span> 
     </span>
    </p>
   </div>
   <div class='ocr_carea' id='block_1_60' title="bbox 1745 685 3257 765">
    <p class='ocr_par' dir='ltr' id='par_1_60' title="bbox 1745 685 3257 765">
     <span class='ocr_line' id='line_1_61' title="bbox 1745 685 3257 765; baseline 0.009 -26"><span class='ocrx_word' id='word_1_398' title='bbox 1745 685 1832 739; x_wconf 86' lang='grc'><strong>10.</strong></span> <span class='ocrx_word' id='word_1_399' title='bbox 1854 686 1916 740; x_wconf 83' lang='grc' dir='ltr'><strong>Α.</strong></span> <span class='ocrx_word' id='word_1_400' title='bbox 1933 687 1994 741; x_wconf 90' lang='lat' dir='ltr'><strong>D.</strong></span> <span class='ocrx_word' id='word_1_401' title='bbox 2022 689 2146 744; x_wconf 80' lang='lat'><strong>597.</strong></span> <span class='ocrx_word' id='word_1_402' title='bbox 2173 689 2590 746; x_wconf 79' lang='lat' dir='ltr'><strong>Valentinianus</strong></span> <span class='ocrx_word' id='word_1_403' title='bbox 2611 691 2734 747; x_wconf 91' lang='lat' dir='ltr'><strong>dolo</strong></span> <span class='ocrx_word' id='word_1_404' title='bbox 2757 693 3044 765; x_wconf 86' lang='lat' dir='ltr'><strong>Arbogasti</strong></span> <span class='ocrx_word' id='word_1_405' title='bbox 3067 695 3138 729; x_wconf 77' lang='lat'><strong>’“</strong></span> <span class='ocrx_word' id='word_1_406' title='bbox 3158 709 3257 752; x_wconf 83' lang='lat' dir='ltr'><strong>oc-</strong></span> 
     </span>
    </p>
   </div>
   <div class='ocr_carea' id='block_1_61' title="bbox 1671 777 2918 854">
    <p class='ocr_par' dir='ltr' id='par_1_61' title="bbox 1671 777 2918 854">
     <span class='ocr_line' id='line_1_62' title="bbox 1671 777 2918 854; baseline 0.005 -20"><span class='ocrx_word' id='word_1_407' title='bbox 1671 777 1890 842; x_wconf 90' lang='lat' dir='ltr'><strong>ciditur,</strong></span> <span class='ocrx_word' id='word_1_408' title='bbox 1923 779 2152 850; x_wconf 81' lang='lat' dir='ltr'><strong>ejusque</strong></span> <span class='ocrx_word' id='word_1_409' title='bbox 2187 781 2368 836; x_wconf 89' lang='lat' dir='ltr'><strong>locum</strong></span> <span class='ocrx_word' id='word_1_410' title='bbox 2393 781 2668 854; x_wconf 86' lang='lat' dir='ltr'><strong>Engenius</strong></span> <span class='ocrx_word' id='word_1_411' title='bbox 2695 783 2918 840; x_wconf 81' lang='lat' dir='ltr'><strong>invadit.</strong></span> 
     </span>
    </p>
   </div>
   <div class='ocr_carea' id='block_1_62' title="bbox 1742 871 3254 953">
    <p class='ocr_par' dir='ltr' id='par_1_62' title="bbox 1742 871 3254 953">
     <span class='ocr_line' id='line_1_63' title="bbox 1742 871 3254 953; baseline 0.007 -30"><span class='ocrx_word' id='word_1_412' title='bbox 1742 871 1828 924; x_wconf 90' lang='grc'><strong>11.</strong></span> <span class='ocrx_word' id='word_1_413' title='bbox 1861 871 1926 925; x_wconf 81' lang='grc' dir='ltr'><strong>Α.</strong></span> <span class='ocrx_word' id='word_1_414' title='bbox 1953 871 2015 926; x_wconf 84' lang='grc'><strong>1).</strong></span> <span class='ocrx_word' id='word_1_415' title='bbox 2060 873 2184 928; x_wconf 77' lang='grc'><strong>598.</strong></span> <span class='ocrx_word' id='word_1_416' title='bbox 2232 873 2574 932; x_wconf 89' lang='lat' dir='ltr'><strong>Theodosius</strong></span> <span class='ocrx_word' id='word_1_417' title='bbox 2613 876 2914 949; x_wconf 82' lang='lat' dir='ltr'><strong>Eugenium</strong></span> <span class='ocrx_word' id='word_1_418' title='bbox 2959 889 3254 953; x_wconf 80' lang='lat' dir='ltr'><strong>tyrannum</strong></span> 
     </span>
    </p>
   </div>
   <div class='ocr_carea' id='block_1_63' title="bbox 1674 962 3253 1037">
    <p class='ocr_par' dir='ltr' id='par_1_63' title="bbox 1674 962 3253 1037">
     <span class='ocr_line' id='line_1_64' title="bbox 1674 962 3253 1037; baseline 0.006 -20"><span class='ocrx_word' id='word_1_419' title='bbox 1674 962 1970 1031; x_wconf 87' lang='lat' dir='ltr'><strong>superavit.</strong></span> <span class='ocrx_word' id='word_1_420' title='bbox 1995 962 2332 1035; x_wconf 82' lang='lat' dir='ltr'><strong>Arbogastus</strong></span> <span class='ocrx_word' id='word_1_421' title='bbox 2356 965 2427 997; x_wconf 82' lang='lat'><strong>’“</strong></span> <span class='ocrx_word' id='word_1_422' title='bbox 2459 983 2559 1022; x_wconf 89' lang='lat' dir='ltr'><strong>sua</strong></span> <span class='ocrx_word' id='word_1_423' title='bbox 2584 985 2747 1025; x_wconf 90' lang='lat' dir='ltr'><strong>manu</strong></span> <span class='ocrx_word' id='word_1_424' title='bbox 2780 986 2838 1025; x_wconf 92' lang='lat' dir='ltr'><strong>se</strong></span> <span class='ocrx_word' id='word_1_425' title='bbox 2865 972 2934 1006; x_wconf 71' lang='lat'><strong>&quot;7</strong></span> <span class='ocrx_word' id='word_1_426' title='bbox 2960 971 3253 1037; x_wconf 87' lang='lat' dir='ltr'><strong>interfecit,</strong></span> 
     </span>
    </p>
   </div>
   <div class='ocr_carea' id='block_1_64' title="bbox 1676 1049 3260 1132">
    <p class='ocr_par' dir='ltr' id='par_1_64' title="bbox 1676 1049 3260 1132">
     <span class='ocr_line' id='line_1_65' title="bbox 1676 1049 3260 1132; baseline 0.007 -28"><span class='ocrx_word' id='word_1_427' title='bbox 1676 1049 2019 1106; x_wconf 88' lang='lat' dir='ltr'><strong>Theodosius</strong></span> <span class='ocrx_word' id='word_1_428' title='bbox 2037 1067 2168 1106; x_wconf 91' lang='lat' dir='ltr'><strong>vero</strong></span> <span class='ocrx_word' id='word_1_429' title='bbox 2193 1051 2499 1110; x_wconf 79' lang='lat' dir='ltr'><strong>Mediolano</strong></span> <span class='ocrx_word' id='word_1_430' title='bbox 2514 1056 2568 1109; x_wconf 91' lang='lat' dir='ltr'><strong>in</strong></span> <span class='ocrx_word' id='word_1_431' title='bbox 2593 1072 2722 1126; x_wconf 91' lang='lat' dir='ltr'><strong>pace</strong></span> <span class='ocrx_word' id='word_1_432' title='bbox 2744 1058 2968 1128; x_wconf 90' lang='lat' dir='ltr'><strong>quievit.</strong></span> <span class='ocrx_word' id='word_1_433' title='bbox 2993 1060 3260 1132; x_wconf 81' lang='lat' dir='ltr'><strong>Augusti-</strong></span> 
     </span>
    </p>
   </div>
   <div class='ocr_carea' id='block_1_65' title="bbox 1675 1143 3261 1222">
    <p class='ocr_par' dir='ltr' id='par_1_65' title="bbox 1675 1143 3261 1222">
     <span class='ocr_line' id='line_1_66' title="bbox 1675 1143 3261 1222; baseline 0.004 -24"><span class='ocrx_word' id='word_1_434' title='bbox 1675 1160 1803 1211; x_wconf 90' lang='lat' dir='ltr'><strong>nus,</strong></span> <span class='ocrx_word' id='word_1_435' title='bbox 1841 1144 2034 1200; x_wconf 90' lang='lat' dir='ltr'><strong>doctor</strong></span> <span class='ocrx_word' id='word_1_436' title='bbox 2056 1143 2505 1216; x_wconf 80' lang='lat' dir='ltr'><strong>facundissimus,</strong></span> <span class='ocrx_word' id='word_1_437' title='bbox 2531 1146 2776 1220; x_wconf 79' lang='lat' dir='ltr'><strong>llypponi</strong></span> <span class='ocrx_word' id='word_1_438' title='bbox 2818 1151 3104 1207; x_wconf 88' lang='lat' dir='ltr'><strong>ordinatur</strong></span> <span class='ocrx_word' id='word_1_439' title='bbox 3142 1153 3261 1222; x_wconf 82' lang='lat' dir='ltr'><strong>epi-</strong></span> 
     </span>
    </p>
   </div>
   <div class='ocr_carea' id='block_1_66' title="bbox 1675 1253 1892 1307">
    <p class='ocr_par' dir='ltr' id='par_1_66' title="bbox 1675 1253 1892 1307">
     <span class='ocr_line' id='line_1_67' title="bbox 1675 1253 1892 1307; baseline 0 -15"><span class='ocrx_word' id='word_1_440' title='bbox 1675 1253 1892 1307; x_wconf 90' lang='lat' dir='ltr'><strong>scopus.</strong></span> 
     </span>
    </p>
   </div>
   <div class='ocr_carea' id='block_1_67' title="bbox 1746 1329 3260 1404">
    <p class='ocr_par' dir='ltr' id='par_1_67' title="bbox 1746 1329 3260 1404">
     <span class='ocr_line' id='line_1_68' title="bbox 1746 1329 3260 1404; baseline 0.008 -22"><span class='ocrx_word' id='word_1_441' title='bbox 1746 1329 2042 1400; x_wconf 81' lang='lat' dir='ltr'><strong>ﬂuensque</strong></span> <span class='ocrx_word' id='word_1_442' title='bbox 2076 1329 2522 1387; x_wconf 74' lang='lat' dir='ltr'><strong>:ecclesiasticam</strong></span> <span class='ocrx_word' id='word_1_443' title='bbox 2554 1331 2850 1404; x_wconf 79' lang='lat' dir='ltr'><strong>hysteriam</strong></span> <span class='ocrx_word' id='word_1_444' title='bbox 2899 1334 3166 1393; x_wconf 88' lang='lat' dir='ltr'><strong>Eusebius</strong></span> <span class='ocrx_word' id='word_1_445' title='bbox 3188 1337 3260 1370; x_wconf 76' lang='lat'><strong>&quot;&quot;</strong></span> 
     </span>
    </p>
   </div>
   <div class='ocr_carea' id='block_1_68' title="bbox 1677 1413 2206 1493">
    <p class='ocr_par' dir='ltr' id='par_1_68' title="bbox 1677 1413 2206 1493">
     <span class='ocr_line' id='line_1_69' title="bbox 1677 1413 2206 1493; baseline 0.004 -17"><span class='ocrx_word' id='word_1_446' title='bbox 1677 1421 1908 1478; x_wconf 88' lang='lat' dir='ltr'><strong>Ruﬁnus</strong></span> <span class='ocrx_word' id='word_1_447' title='bbox 1919 1413 2206 1493; x_wconf 55' lang='lat' dir='ltr'><strong>perduxit.</strong></span> 
     </span>
    </p>
   </div>
   <div class='ocr_carea' id='block_1_69' title="bbox 1675 1513 2459 1571">
    <p class='ocr_par' dir='ltr' id='par_1_69' title="bbox 1675 1513 2459 1571">
     <span class='ocr_line' id='line_1_70' title="bbox 1675 1513 2459 1571; baseline 0.003 -2"><span class='ocrx_word' id='word_1_448' title='bbox 1675 1513 1820 1570; x_wconf 84' lang='lat' dir='ltr'><strong>Anni</strong></span> <span class='ocrx_word' id='word_1_449' title='bbox 1841 1515 2098 1571; x_wconf 80' lang='lat' dir='ltr'><strong>Archadii</strong></span> <span class='ocrx_word' id='word_1_450' title='bbox 2125 1524 2178 1571; x_wconf 92' lang='lat' dir='ltr'><strong>et</strong></span> <span class='ocrx_word' id='word_1_451' title='bbox 2211 1513 2459 1571; x_wconf 77' lang='lat' dir='ltr'><strong>Honorii.</strong></span> 
     </span>
    </p>
   </div>
   <div class='ocr_carea' id='block_1_70' title="bbox 1747 1607 3256 1677">
    <p class='ocr_par' dir='ltr' id='par_1_70' title="bbox 1747 1607 3256 1677">
     <span class='ocr_line' id='line_1_71' title="bbox 1747 1607 3256 1677; baseline 0.003 -15"><span class='ocrx_word' id='word_1_452' title='bbox 1747 1607 1908 1664; x_wconf 81' lang='lat' dir='ltr'><strong>Anno</strong></span> <span class='ocrx_word' id='word_1_453' title='bbox 1947 1608 2239 1664; x_wconf 61' lang='lat' dir='ltr'><strong>dominicae</strong></span> <span class='ocrx_word' id='word_1_454' title='bbox 2283 1607 2676 1665; x_wconf 90' lang='lat' dir='ltr'><strong>incarnationis</strong></span> <span class='ocrx_word' id='word_1_455' title='bbox 2703 1607 2830 1677; x_wconf 77' lang='lat'><strong>509,</strong></span> <span class='ocrx_word' id='word_1_456' title='bbox 2863 1608 3027 1667; x_wconf 89' lang='lat' dir='ltr'><strong>Urbis</strong></span> <span class='ocrx_word' id='word_1_457' title='bbox 3065 1612 3256 1667; x_wconf 87' lang='lat' dir='ltr'><strong>condi—</strong></span> 
     </span>
    </p>
   </div>
   <div class='ocr_carea' id='block_1_71' title="bbox 1677 1700 3262 1769">
    <p class='ocr_par' dir='ltr' id='par_1_71' title="bbox 1677 1700 3262 1769">
     <span class='ocr_line' id='line_1_72' title="bbox 1677 1700 3262 1769; baseline 0.001 -13"><span class='ocrx_word' id='word_1_458' title='bbox 1677 1709 1747 1756; x_wconf 67' lang='lat' dir='ltr'><strong>ta:</strong></span> <span class='ocrx_word' id='word_1_459' title='bbox 1768 1700 2058 1756; x_wconf 84' lang='lat' dir='ltr'><strong>millesimo</strong></span> <span class='ocrx_word' id='word_1_460' title='bbox 2084 1701 2206 1756; x_wconf 81' lang='grc'><strong>150.</strong></span> <span class='ocrx_word' id='word_1_461' title='bbox 2222 1701 2531 1758; x_wconf 87' lang='lat' dir='ltr'><strong>Archadius</strong></span> <span class='ocrx_word' id='word_1_462' title='bbox 2555 1711 2610 1758; x_wconf 92' lang='lat' dir='ltr'><strong>et</strong></span> <span class='ocrx_word' id='word_1_463' title='bbox 2639 1700 2940 1769; x_wconf 79' lang='lat' dir='ltr'><strong>Honorius,</strong></span> <span class='ocrx_word' id='word_1_464' title='bbox 2962 1702 3058 1756; x_wconf 88' lang='lat' dir='ltr'><strong>ﬁlii</strong></span> <span class='ocrx_word' id='word_1_465' title='bbox 3081 1703 3262 1758; x_wconf 87' lang='lat' dir='ltr'><strong>Theo-</strong></span> 
     </span>
    </p>
   </div>
   <div class='ocr_carea' id='block_1_72' title="bbox 1682 1793 3267 1867">
    <p class='ocr_par' dir='ltr' id='par_1_72' title="bbox 1682 1793 3267 1867">
     <span class='ocr_line' id='line_1_73' title="bbox 1682 1793 3267 1867; baseline -0.001 -17"><span class='ocrx_word' id='word_1_466' title='bbox 1682 1795 1844 1861; x_wconf 89' lang='lat' dir='ltr'><strong>dosii,</strong></span> <span class='ocrx_word' id='word_1_467' title='bbox 1879 1793 1970 1850; x_wconf 71' lang='lat'><strong>46°</strong></span> <span class='ocrx_word' id='word_1_468' title='bbox 2003 1795 2125 1850; x_wconf 91' lang='lat' dir='ltr'><strong>loco</strong></span> <span class='ocrx_word' id='word_1_469' title='bbox 2150 1795 2219 1850; x_wconf 88' lang='lat' dir='ltr'><strong>ab</strong></span> <span class='ocrx_word' id='word_1_470' title='bbox 2241 1795 2490 1867; x_wconf 80' lang='lat' dir='ltr'><strong>Angusto</strong></span> <span class='ocrx_word' id='word_1_471' title='bbox 2518 1810 2810 1852; x_wconf 90' lang='lat' dir='ltr'><strong>commune</strong></span> <span class='ocrx_word' id='word_1_472' title='bbox 2845 1795 3156 1866; x_wconf 88' lang='lat' dir='ltr'><strong>imperium,</strong></span> <span class='ocrx_word' id='word_1_473' title='bbox 3180 1795 3267 1850; x_wconf 90' lang='lat' dir='ltr'><strong>di-</strong></span> 
     </span>
    </p>
   </div>
   <div class='ocr_carea' id='block_1_73' title="bbox 1679 1886 3268 1955">
    <p class='ocr_par' dir='ltr' id='par_1_73' title="bbox 1679 1886 3268 1955">
     <span class='ocr_line' id='line_1_74' title="bbox 1679 1886 3268 1955; baseline -0.001 -14"><span class='ocrx_word' id='word_1_474' title='bbox 1679 1887 1812 1942; x_wconf 84' lang='lat' dir='ltr'><strong>visis</strong></span> <span class='ocrx_word' id='word_1_475' title='bbox 1853 1895 2067 1942; x_wconf 88' lang='lat' dir='ltr'><strong>tantnm</strong></span> <span class='ocrx_word' id='word_1_476' title='bbox 2103 1886 2175 1919; x_wconf 68' lang='lat' dir='ltr'><strong><em>m</em></strong></span> <span class='ocrx_word' id='word_1_477' title='bbox 2220 1887 2464 1955; x_wconf 89' lang='lat' dir='ltr'><strong>sedibus,</strong></span> <span class='ocrx_word' id='word_1_478' title='bbox 2510 1895 2824 1952; x_wconf 87' lang='lat' dir='ltr'><strong>tenuerunt,</strong></span> <span class='ocrx_word' id='word_1_479' title='bbox 2851 1886 3268 1954; x_wconf 80' lang='lat' dir='ltr'><strong>Archadins_in</strong></span> 
     </span>
    </p>
   </div>
   <div class='ocr_carea' id='block_1_74' title="bbox 1677 1978 3271 2048">
    <p class='ocr_par' dir='ltr' id='par_1_74' title="bbox 1677 1978 3271 2048">
     <span class='ocr_line' id='line_1_75' title="bbox 1677 1978 3271 2048; baseline -0.003 -12"><span class='ocrx_word' id='word_1_480' title='bbox 1677 1980 1922 2047; x_wconf 88' lang='lat' dir='ltr'><strong>Oriente,</strong></span> <span class='ocrx_word' id='word_1_481' title='bbox 1967 1979 2243 2036; x_wconf 87' lang='lat' dir='ltr'><strong>Honorius</strong></span> <span class='ocrx_word' id='word_1_482' title='bbox 2286 1981 2341 2034; x_wconf 89' lang='lat' dir='ltr'><strong>in</strong></span> <span class='ocrx_word' id='word_1_483' title='bbox 2391 1978 2740 2047; x_wconf 85' lang='lat' dir='ltr'><strong>Occidente&#39;,</strong></span> <span class='ocrx_word' id='word_1_484' title='bbox 2766 1979 2943 2048; x_wconf 83' lang='lat' dir='ltr'><strong>(Jonn.</strong></span> <span class='ocrx_word' id='word_1_485' title='bbox 2990 1978 3068 2033; x_wconf 84' lang='lat' dir='ltr'><strong>De</strong></span> <span class='ocrx_word' id='word_1_486' title='bbox 3102 1995 3147 2033; x_wconf 91' lang='lat' dir='ltr'><strong>r.</strong></span> <span class='ocrx_word' id='word_1_487' title='bbox 3195 1981 3271 2047; x_wconf 88' lang='lat' dir='ltr'><strong>s.)</strong></span> 
     </span>
    </p>
   </div>
   <div class='ocr_carea' id='block_1_75' title="bbox 1681 2069 3274 2142">
    <p class='ocr_par' dir='ltr' id='par_1_75' title="bbox 1681 2069 3274 2142">
     <span class='ocr_line' id='line_1_76' title="bbox 1681 2069 3274 2142; baseline -0.001 -16"><span class='ocrx_word' id='word_1_488' title='bbox 1681 2073 1836 2126; x_wconf 86' lang='lat' dir='ltr'><strong>Tunc</strong></span> <span class='ocrx_word' id='word_1_489' title='bbox 1856 2071 2089 2127; x_wconf 85' lang='lat' dir='ltr'><strong>Ruﬁnus</strong></span> <span class='ocrx_word' id='word_1_490' title='bbox 2105 2071 2368 2142; x_wconf 88' lang='lat' dir='ltr'><strong>patricius</strong></span> <span class='ocrx_word' id='word_1_491' title='bbox 2390 2070 2664 2126; x_wconf 88' lang='lat' dir='ltr'><strong>Archadio</strong></span> <span class='ocrx_word' id='word_1_492' title='bbox 2686 2071 2919 2142; x_wconf 87' lang='lat' dir='ltr'><strong>principi</strong></span> <span class='ocrx_word' id='word_1_493' title='bbox 2944 2071 3171 2125; x_wconf 89' lang='lat' dir='ltr'><strong>tendens</strong></span> <span class='ocrx_word' id='word_1_494' title='bbox 3193 2069 3274 2124; x_wconf 91' lang='lat' dir='ltr'><strong>in-</strong></span> 
     </span>
    </p>
   </div>
   <div class='ocr_carea' id='block_1_76' title="bbox 1681 2153 3302 2232">
    <p class='ocr_par' dir='ltr' id='par_1_76' title="bbox 1681 2153 3302 2232">
     <span class='ocr_line' id='line_1_77' title="bbox 1681 2153 3302 2232; baseline -0.004 -14"><span class='ocrx_word' id='word_1_495' title='bbox 1681 2161 1874 2228; x_wconf 88' lang='lat' dir='ltr'><strong>sidias,</strong></span> <span class='ocrx_word' id='word_1_496' title='bbox 1897 2160 2176 2216; x_wconf 82' lang='lat' dir='ltr'><strong>Alaricum</strong></span> <span class='ocrx_word' id='word_1_497' title='bbox 2214 2176 2397 2232; x_wconf 89' lang='lat' dir='ltr'><strong>regem</strong></span> <span class='ocrx_word' id='word_1_498' title='bbox 2444 2159 2774 2227; x_wconf 89' lang='lat' dir='ltr'><strong>Gothorum,</strong></span> <span class='ocrx_word' id='word_1_499' title='bbox 2801 2169 2863 2215; x_wconf 88' lang='lat' dir='ltr'><strong>ut</strong></span> <span class='ocrx_word' id='word_1_500' title='bbox 2893 2159 3118 2216; x_wconf 89' lang='lat' dir='ltr'><strong>Grecias</strong></span> <span class='ocrx_word' id='word_1_501' title='bbox 3164 2175 3265 2213; x_wconf 91' lang='lat' dir='ltr'><strong>va-</strong></span> <span class='ocrx_word' id='word_1_502' title='bbox 3295 2153 3302 2158; x_wconf 79' lang='grc'><strong>’</strong></span> 
     </span>
    </p>
   </div>
   <div class='ocr_carea' id='block_1_77' title="bbox 1683 2253 3273 2325">
    <p class='ocr_par' dir='ltr' id='par_1_77' title="bbox 1683 2253 3273 2325">
     <span class='ocr_line' id='line_1_78' title="bbox 1683 2253 3273 2325; baseline -0.004 -14"><span class='ocrx_word' id='word_1_503' title='bbox 1683 2263 1874 2322; x_wconf 86' lang='lat' dir='ltr'><strong>staret,</strong></span> <span class='ocrx_word' id='word_1_504' title='bbox 1906 2254 2092 2310; x_wconf 89' lang='lat' dir='ltr'><strong>missis</strong></span> <span class='ocrx_word' id='word_1_505' title='bbox 2124 2254 2262 2310; x_wconf 89' lang='lat' dir='ltr'><strong>clam</strong></span> <span class='ocrx_word' id='word_1_506' title='bbox 2299 2254 2567 2325; x_wconf 88' lang='lat' dir='ltr'><strong>pecuniis,</strong></span> <span class='ocrx_word' id='word_1_507' title='bbox 2601 2254 2878 2320; x_wconf 88' lang='lat' dir='ltr'><strong>invitavit;</strong></span> <span class='ocrx_word' id='word_1_508' title='bbox 2903 2253 2997 2309; x_wconf 88' lang='lat' dir='ltr'><strong>sed</strong></span> <span class='ocrx_word' id='word_1_509' title='bbox 3022 2253 3273 2308; x_wconf 86' lang='lat' dir='ltr'><strong>detectus</strong></span> 
     </span>
    </p>
   </div>
   <div class='ocr_carea' id='block_1_78' title="bbox 1684 2344 3275 2417">
    <p class='ocr_par' dir='ltr' id='par_1_78' title="bbox 1684 2344 3275 2417">
     <span class='ocr_line' id='line_1_79' title="bbox 1684 2344 3275 2417; baseline -0.001 -17"><span class='ocrx_word' id='word_1_510' title='bbox 1684 2345 1917 2401; x_wconf 81' lang='lat' dir='ltr'><strong>Rufinus</strong></span> <span class='ocrx_word' id='word_1_511' title='bbox 1952 2354 2078 2400; x_wconf 87' lang='lat' dir='ltr'><strong>ante</strong></span> <span class='ocrx_word' id='word_1_512' title='bbox 2116 2354 2304 2417; x_wconf 86' lang='lat' dir='ltr'><strong>portas</strong></span> <span class='ocrx_word' id='word_1_513' title='bbox 2351 2345 2506 2399; x_wconf 82' lang='lat' dir='ltr'><strong>urbis</strong></span> <span class='ocrx_word' id='word_1_514' title='bbox 2539 2344 3180 2414; x_wconf 72' lang='lat' dir='ltr'><strong>Constantinopolitanae,</strong></span> <span class='ocrx_word' id='word_1_515' title='bbox 3214 2351 3275 2398; x_wconf 88' lang='lat' dir='ltr'><strong>ut</strong></span> 
     </span>
    </p>
   </div>
   <div class='ocr_carea' id='block_1_79' title="bbox 1685 2435 3272 2508">
    <p class='ocr_par' dir='ltr' id='par_1_79' title="bbox 1685 2435 3272 2508">
     <span class='ocr_line' id='line_1_80' title="bbox 1685 2435 3272 2508; baseline -0.004 -15"><span class='ocrx_word' id='word_1_516' title='bbox 1685 2453 1852 2508; x_wconf 89' lang='lat' dir='ltr'><strong>supra</strong></span> <span class='ocrx_word' id='word_1_517' title='bbox 1897 2436 2105 2493; x_wconf 88' lang='lat' dir='ltr'><strong>dictum</strong></span> <span class='ocrx_word' id='word_1_518' title='bbox 2145 2445 2250 2503; x_wconf 88' lang='lat' dir='ltr'><strong>est,</strong></span> <span class='ocrx_word' id='word_1_519' title='bbox 2298 2451 2330 2491; x_wconf 90' lang='lat' dir='ltr'><strong>a</strong></span> <span class='ocrx_word' id='word_1_520' title='bbox 2376 2436 2644 2491; x_wconf 89' lang='lat' dir='ltr'><strong>militibus</strong></span> <span class='ocrx_word' id='word_1_521' title='bbox 2687 2435 2990 2490; x_wconf 89' lang='lat' dir='ltr'><strong>decollatus</strong></span> <span class='ocrx_word' id='word_1_522' title='bbox 3026 2443 3132 2500; x_wconf 90' lang='lat' dir='ltr'><strong>est,</strong></span> <span class='ocrx_word' id='word_1_523' title='bbox 3175 2450 3272 2488; x_wconf 86' lang='lat' dir='ltr'><strong>ca-</strong></span> 
     </span>
    </p>
   </div>
   <div class='ocr_carea' id='block_1_80' title="bbox 1686 2525 3275 2599">
    <p class='ocr_par' dir='ltr' id='par_1_80' title="bbox 1686 2525 3275 2599">
     <span class='ocr_line' id='line_1_81' title="bbox 1686 2525 3275 2599; baseline -0.003 -17"><span class='ocrx_word' id='word_1_524' title='bbox 1686 2537 1894 2599; x_wconf 85' lang='lat' dir='ltr'><strong>putque</strong></span> <span class='ocrx_word' id='word_1_525' title='bbox 1935 2527 2056 2599; x_wconf 84' lang='lat' dir='ltr'><strong>ejus</strong></span> <span class='ocrx_word' id='word_1_526' title='bbox 2087 2543 2213 2583; x_wconf 93' lang='lat' dir='ltr'><strong>cum</strong></span> <span class='ocrx_word' id='word_1_527' title='bbox 2250 2527 2470 2583; x_wconf 77' lang='lat' dir='ltr'><strong>dextera</strong></span> <span class='ocrx_word' id='word_1_528' title='bbox 2510 2543 2677 2581; x_wconf 84' lang='lat' dir='ltr'><strong>manu</strong></span> <span class='ocrx_word' id='word_1_529' title='bbox 2718 2527 2786 2582; x_wconf 87' lang='lat' dir='ltr'><strong>ad</strong></span> <span class='ocrx_word' id='word_1_530' title='bbox 2831 2525 3129 2581; x_wconf 90' lang='lat' dir='ltr'><strong>ludibrium</strong></span> <span class='ocrx_word' id='word_1_531' title='bbox 3179 2540 3275 2594; x_wconf 88' lang='lat' dir='ltr'><strong>per</strong></span> 
     </span>
    </p>
   </div>
   <div class='ocr_carea' id='block_1_81' title="bbox 1689 2615 3273 2687">
    <p class='ocr_par' dir='ltr' id='par_1_81' title="bbox 1689 2615 3273 2687">
     <span class='ocr_line' id='line_1_82' title="bbox 1689 2615 3273 2687; baseline -0.005 -13"><span class='ocrx_word' id='word_1_532' title='bbox 1689 2618 1880 2674; x_wconf 86' lang='lat' dir='ltr'><strong>urbem</strong></span> <span class='ocrx_word' id='word_1_533' title='bbox 1930 2619 2370 2676; x_wconf 90' lang='lat' dir='ltr'><strong>circumductum</strong></span> <span class='ocrx_word' id='word_1_534' title='bbox 2414 2626 2532 2684; x_wconf 91' lang='lat' dir='ltr'><strong>est;</strong></span> <span class='ocrx_word' id='word_1_535' title='bbox 2575 2632 2856 2687; x_wconf 81' lang='lat' dir='ltr'><strong>uxoreque</strong></span> <span class='ocrx_word' id='word_1_536' title='bbox 2911 2617 2982 2648; x_wconf 83' lang='lat'><strong>&quot;°</strong></span> <span class='ocrx_word' id='word_1_537' title='bbox 3031 2615 3273 2679; x_wconf 84' lang='lat' dir='ltr'><strong>exulata,</strong></span> 
     </span>
    </p>
   </div>
   <div class='ocr_carea' id='block_1_82' title="bbox 1688 2704 3272 2784">
    <p class='ocr_par' dir='ltr' id='par_1_82' title="bbox 1688 2704 3272 2784">
     <span class='ocr_line' id='line_1_83' title="bbox 1688 2704 3272 2784; baseline -0.008 -16"><span class='ocrx_word' id='word_1_538' title='bbox 1688 2729 1818 2784; x_wconf 87' lang='lat' dir='ltr'><strong>opes</strong></span> <span class='ocrx_word' id='word_1_539' title='bbox 1849 2713 1970 2782; x_wconf 84' lang='lat' dir='ltr'><strong>ejus</strong></span> <span class='ocrx_word' id='word_1_540' title='bbox 2003 2721 2232 2768; x_wconf 90' lang='lat' dir='ltr'><strong>cunctas</strong></span> <span class='ocrx_word' id='word_1_541' title='bbox 2259 2710 2553 2780; x_wconf 83' lang='lat' dir='ltr'><strong>Eutmpins</strong></span> <span class='ocrx_word' id='word_1_542' title='bbox 2577 2708 2747 2779; x_wconf 89' lang='lat' dir='ltr'><strong>spado</strong></span> <span class='ocrx_word' id='word_1_543' title='bbox 2777 2707 3080 2778; x_wconf 88' lang='lat' dir='ltr'><strong>promeruit</strong></span> <span class='ocrx_word' id='word_1_544' title='bbox 3100 2710 3139 2727; x_wconf 84' lang='lat'>“</span> <span class='ocrx_word' id='word_1_545' title='bbox 3163 2705 3182 2774; x_wconf 85' lang='lat'>(</span> <span class='ocrx_word' id='word_1_546' title='bbox 3198 2704 3246 2757; x_wconf 87' lang='grc' dir='ltr'><em>ιι</em></span> <span class='ocrx_word' id='word_1_547' title='bbox 3258 2745 3272 2757; x_wconf 95' lang='grc'><strong>.</strong></span> 
     </span>
    </p>
   </div>
   <div class='ocr_carea' id='block_1_83' title="bbox 1690 2798 3272 2875">
    <p class='ocr_par' dir='ltr' id='par_1_83' title="bbox 1690 2798 3272 2875">
     <span class='ocr_line' id='line_1_84' title="bbox 1690 2798 3272 2875; baseline -0.006 -16"><span class='ocrx_word' id='word_1_548' title='bbox 1690 2806 1788 2875; x_wconf 73' lang='grc' dir='ltr'><strong>πε.)</strong></span> <span class='ocrx_word' id='word_1_549' title='bbox 1819 2804 1978 2860; x_wconf 84' lang='lat' dir='ltr'><strong>Gildo</strong></span> <span class='ocrx_word' id='word_1_550' title='bbox 2014 2813 2196 2860; x_wconf 90' lang='lat' dir='ltr'><strong>autem</strong></span> <span class='ocrx_word' id='word_1_551' title='bbox 2233 2802 2430 2858; x_wconf 77' lang='lat' dir='ltr'><strong>Africae</strong></span> <span class='ocrx_word' id='word_1_552' title='bbox 2452 2817 2639 2858; x_wconf 90' lang='lat' dir='ltr'><strong>comes</strong></span> <span class='ocrx_word' id='word_1_553' title='bbox 2666 2817 2697 2856; x_wconf 90' lang='lat' dir='ltr'><strong>a</strong></span> <span class='ocrx_word' id='word_1_554' title='bbox 2717 2799 3039 2872; x_wconf 71' lang='lat' dir='ltr'><strong>Theodosio</strong></span> <span class='ocrx_word' id='word_1_555' title='bbox 3066 2798 3272 2853; x_wconf 89' lang='lat' dir='ltr'><strong>dudum</strong></span> 
     </span>
    </p>
   </div>
   <div class='ocr_carea' id='block_1_84' title="bbox 1690 2893 3276 2966">
    <p class='ocr_par' dir='ltr' id='par_1_84' title="bbox 1690 2893 3276 2966">
     <span class='ocr_line' id='line_1_85' title="bbox 1690 2893 3276 2966; baseline -0.007 -13"><span class='ocrx_word' id='word_1_556' title='bbox 1690 2897 1998 2963; x_wconf 88' lang='lat' dir='ltr'><strong>ordinatus,</strong></span> <span class='ocrx_word' id='word_1_557' title='bbox 2053 2896 2272 2966; x_wconf 85' lang='lat' dir='ltr'><strong>cognita</strong></span> <span class='ocrx_word' id='word_1_558' title='bbox 2317 2903 2493 2949; x_wconf 86' lang='lat' dir='ltr'><strong>morte</strong></span> <span class='ocrx_word' id='word_1_559' title='bbox 2545 2894 2689 2964; x_wconf 88' lang='lat' dir='ltr'><strong>ejus,</strong></span> <span class='ocrx_word' id='word_1_560' title='bbox 2743 2893 3040 2948; x_wconf 87' lang='lat' dir='ltr'><strong>arbitratus</strong></span> <span class='ocrx_word' id='word_1_561' title='bbox 3081 2905 3276 2960; x_wconf 89' lang='lat' dir='ltr'><strong>parum</strong></span> 
     </span>
    </p>
   </div>
   <div class='ocr_carea' id='block_1_85' title="bbox 1692 2979 3278 3059">
    <p class='ocr_par' dir='ltr' id='par_1_85' title="bbox 1692 2979 3278 3059">
     <span class='ocr_line' id='line_1_86' title="bbox 1692 2979 3278 3059; baseline -0.008 -14"><span class='ocrx_word' id='word_1_562' title='bbox 1692 2988 1808 3059; x_wconf 84' lang='lat' dir='ltr'><strong>spei</strong></span> <span class='ocrx_word' id='word_1_563' title='bbox 1834 2987 1889 3042; x_wconf 91' lang='lat' dir='ltr'><strong>in</strong></span> <span class='ocrx_word' id='word_1_564' title='bbox 1925 2985 2132 3057; x_wconf 84' lang='lat' dir='ltr'><strong>pueris,</strong></span> <span class='ocrx_word' id='word_1_565' title='bbox 2163 2983 2590 3056; x_wconf 69' lang='lat' dir='ltr'><strong>cmpitAfricam</strong></span> <span class='ocrx_word' id='word_1_566' title='bbox 2624 2984 2726 3039; x_wconf 91' lang='lat' dir='ltr'><strong>sibi</strong></span> <span class='ocrx_word' id='word_1_567' title='bbox 2761 2982 3074 3037; x_wconf 88' lang='lat' dir='ltr'><strong>vendicare.</strong></span> <span class='ocrx_word' id='word_1_568' title='bbox 3106 2979 3278 3050; x_wconf 85' lang='lat' dir='ltr'><strong>Cujus</strong></span> 
     </span>
    </p>
   </div>
   <div class='ocr_carea' id='block_1_86' title="bbox 1693 3069 3274 3146">
    <p class='ocr_par' dir='ltr' id='par_1_86' title="bbox 1693 3069 3274 3146">
     <span class='ocr_line' id='line_1_87' title="bbox 1693 3069 3274 3146; baseline -0.008 -12"><span class='ocrx_word' id='word_1_569' title='bbox 1693 3077 1862 3134; x_wconf 85' lang='lat' dir='ltr'><strong>frater</strong></span> <span class='ocrx_word' id='word_1_570' title='bbox 1894 3077 2156 3132; x_wconf 80' lang='lat' dir='ltr'><strong>Mascezel</strong></span> <span class='ocrx_word' id='word_1_571' title='bbox 2181 3093 2305 3132; x_wconf 91' lang='lat' dir='ltr'><strong>cum</strong></span> <span class='ocrx_word' id='word_1_572' title='bbox 2331 3084 2478 3131; x_wconf 88' lang='lat' dir='ltr'><strong>esset</strong></span> <span class='ocrx_word' id='word_1_573' title='bbox 2497 3074 2694 3139; x_wconf 83' lang='lat' dir='ltr'><strong>fidelis,</strong></span> <span class='ocrx_word' id='word_1_574' title='bbox 2717 3071 2964 3146; x_wconf 77' lang='lat' dir='ltr'><strong>germani</strong></span> <span class='ocrx_word' id='word_1_575' title='bbox 2993 3069 3274 3142; x_wconf 88' lang='lat' dir='ltr'><strong>perﬁdiam</strong></span> 
     </span>
    </p>
   </div>
   <div class='ocr_carea' id='block_1_87' title="bbox 1693 3164 3277 3236">
    <p class='ocr_par' dir='ltr' id='par_1_87' title="bbox 1693 3164 3277 3236">
     <span class='ocr_line' id='line_1_88' title="bbox 1693 3164 3277 3236; baseline -0.008 -9"><span class='ocrx_word' id='word_1_576' title='bbox 1693 3170 1927 3236; x_wconf 83' lang='lat' dir='ltr'><strong>detexit;</strong></span> <span class='ocrx_word' id='word_1_577' title='bbox 1971 3170 2062 3224; x_wconf 90' lang='lat' dir='ltr'><strong>ille</strong></span> <span class='ocrx_word' id='word_1_578' title='bbox 2105 3179 2287 3224; x_wconf 89' lang='lat' dir='ltr'><strong>autem</strong></span> <span class='ocrx_word' id='word_1_579' title='bbox 2327 3168 2468 3223; x_wconf 88' lang='lat' dir='ltr'><strong>duos</strong></span> <span class='ocrx_word' id='word_1_580' title='bbox 2505 3166 2648 3221; x_wconf 86' lang='lat' dir='ltr'><strong>ﬁlios</strong></span> <span class='ocrx_word' id='word_1_581' title='bbox 2693 3164 2900 3228; x_wconf 81' lang='lat' dir='ltr'><strong>fratris,</strong></span> <span class='ocrx_word' id='word_1_582' title='bbox 2945 3179 3072 3218; x_wconf 92' lang='lat' dir='ltr'><strong>cum</strong></span> <span class='ocrx_word' id='word_1_583' title='bbox 3121 3171 3277 3232; x_wconf 89' lang='lat' dir='ltr'><strong>pater</strong></span> 
     </span>
    </p>
   </div>
   <div class='ocr_carea' id='block_1_88' title="bbox 1695 3254 3278 3329">
    <p class='ocr_par' dir='ltr' id='par_1_88' title="bbox 1695 3254 3278 3329">
     <span class='ocr_line' id='line_1_89' title="bbox 1695 3254 3278 3329; baseline -0.006 -12"><span class='ocrx_word' id='word_1_584' title='bbox 1695 3263 1888 3326; x_wconf 89' lang='lat' dir='ltr'><strong>abiret,</strong></span> <span class='ocrx_word' id='word_1_585' title='bbox 1921 3260 2211 3316; x_wconf 89' lang='lat' dir='ltr'><strong>interfecit.</strong></span> <span class='ocrx_word' id='word_1_586' title='bbox 2244 3259 2446 3314; x_wconf 87' lang='lat' dir='ltr'><strong>Contra</strong></span> <span class='ocrx_word' id='word_1_587' title='bbox 2470 3274 2630 3329; x_wconf 90' lang='lat' dir='ltr'><strong>quem</strong></span> <span class='ocrx_word' id='word_1_588' title='bbox 2653 3257 2768 3326; x_wconf 90' lang='lat' dir='ltr'><strong>jam</strong></span> <span class='ocrx_word' id='word_1_589' title='bbox 2809 3256 3108 3310; x_wconf 85' lang='lat' dir='ltr'><strong>ut&#39;hostem</strong></span> <span class='ocrx_word' id='word_1_590' title='bbox 3133 3254 3278 3308; x_wconf 87' lang='lat' dir='ltr'><strong>idem</strong></span> 
     </span>
    </p>
   </div>
   <div class='ocr_carea' id='block_1_89' title="bbox 1694 3347 3281 3410">
    <p class='ocr_par' dir='ltr' id='par_1_89' title="bbox 1694 3347 3281 3410">
     <span class='ocr_line' id='line_1_90' title="bbox 1694 3347 3281 3410; baseline -0.007 0"><span class='ocrx_word' id='word_1_591' title='bbox 1694 3355 1959 3410; x_wconf 81' lang='lat' dir='ltr'><strong>Mascezel</strong></span> <span class='ocrx_word' id='word_1_592' title='bbox 1989 3370 2113 3408; x_wconf 93' lang='lat' dir='ltr'><strong>cum</strong></span> <span class='ocrx_word' id='word_1_593' title='bbox 2151 3352 2392 3406; x_wconf 76' lang='lat' dir='ltr'><strong>exercitu</strong></span> <span class='ocrx_word' id='word_1_594' title='bbox 2415 3351 2618 3405; x_wconf 89' lang='lat' dir='ltr'><strong>missus</strong></span> <span class='ocrx_word' id='word_1_595' title='bbox 2645 3364 2770 3404; x_wconf 90' lang='lat' dir='ltr'><strong>cum</strong></span> <span class='ocrx_word' id='word_1_596' title='bbox 2792 3363 2918 3403; x_wconf 90' lang='lat' dir='ltr'><strong>eum</strong></span> <span class='ocrx_word' id='word_1_597' title='bbox 2943 3347 3099 3401; x_wconf 88' lang='lat' dir='ltr'><strong>valde</strong></span> <span class='ocrx_word' id='word_1_598' title='bbox 3122 3362 3281 3401; x_wconf 90' lang='lat' dir='ltr'><strong>coar-</strong></span> 
     </span>
    </p>
   </div>
   <div class='ocr_carea' id='block_1_90' title="bbox 1694 3439 3273 3517">
    <p class='ocr_par' dir='ltr' id='par_1_90' title="bbox 1694 3439 3273 3517">
     <span class='ocr_line' id='line_1_91' title="bbox 1694 3439 3273 3517; baseline -0.008 -15"><span class='ocrx_word' id='word_1_599' title='bbox 1694 3456 1855 3513; x_wconf 89' lang='lat' dir='ltr'><strong>taret,</strong></span> <span class='ocrx_word' id='word_1_600' title='bbox 1882 3448 1938 3501; x_wconf 91' lang='lat' dir='ltr'><strong>in</strong></span> <span class='ocrx_word' id='word_1_601' title='bbox 1971 3445 2156 3517; x_wconf 81' lang='lat' dir='ltr'><strong>fugam</strong></span> <span class='ocrx_word' id='word_1_602' title='bbox 2197 3459 2411 3510; x_wconf 88' lang='lat' dir='ltr'><strong>versus,</strong></span> <span class='ocrx_word' id='word_1_603' title='bbox 2455 3451 2580 3512; x_wconf 89' lang='lat' dir='ltr'><strong>post</strong></span> <span class='ocrx_word' id='word_1_604' title='bbox 2605 3455 2812 3512; x_wconf 90' lang='lat' dir='ltr'><strong>paucos</strong></span> <span class='ocrx_word' id='word_1_605' title='bbox 2849 3439 2967 3495; x_wconf 86' lang='lat' dir='ltr'><strong>dies</strong></span> <span class='ocrx_word' id='word_1_606' title='bbox 3013 3447 3273 3508; x_wconf 85' lang='lat' dir='ltr'><strong>strangu-</strong></span> 
     </span>
    </p>
   </div>
   <div class='ocr_carea' id='block_1_91' title="bbox 1692 3539 1967 3594">
    <p class='ocr_par' dir='ltr' id='par_1_91' title="bbox 1692 3539 1967 3594">
     <span class='ocr_line' id='line_1_92' title="bbox 1692 3539 1967 3594; baseline -0.007 0"><span class='ocrx_word' id='word_1_607' title='bbox 1692 3539 1837 3594; x_wconf 88' lang='lat' dir='ltr'><strong>latus</strong></span> <span class='ocrx_word' id='word_1_608' title='bbox 1863 3545 1967 3594; x_wconf 90' lang='lat' dir='ltr'><strong>est.</strong></span> 
     </span>
    </p>
   </div>
   <div class='ocr_carea' id='block_1_92' title="bbox 1837 3615 3278 3697">
    <p class='ocr_par' dir='ltr' id='par_1_92' title="bbox 1837 3615 3278 3697">
     <span class='ocr_line' id='line_1_93' title="bbox 1837 3615 3278 3697; baseline -0.009 -14"><span class='ocrx_word' id='word_1_609' title='bbox 1837 3635 1856 3654; x_wconf 80' lang='lat'><strong>&#39;</strong></span> <span class='ocrx_word' id='word_1_610' title='bbox 1881 3629 1958 3683; x_wconf 86' lang='lat' dir='ltr'><strong>D?</strong></span> <span class='ocrx_word' id='word_1_611' title='bbox 1984 3628 2045 3683; x_wconf 87' lang='lat' dir='ltr'><strong>E.</strong></span> <span class='ocrx_word' id='word_1_612' title='bbox 2073 3629 2199 3682; x_wconf 88' lang='lat' dir='ltr'><strong>add.</strong></span> <span class='ocrx_word' id='word_1_613' title='bbox 2226 3643 2245 3682; x_wconf 90' lang='lat'><strong><em>:</em></strong></span> <span class='ocrx_word' id='word_1_614' title='bbox 2276 3625 2638 3697; x_wconf 88' lang='lat' dir='ltr'><strong>Imperatores</strong></span> <span class='ocrx_word' id='word_1_615' title='bbox 2657 3653 2730 3664; x_wconf 90' lang='lat'><strong>-—-</strong></span> <span class='ocrx_word' id='word_1_616' title='bbox 2749 3619 2978 3677; x_wconf 90' lang='lat' dir='ltr'><strong>destrui.</strong></span> <span class='ocrx_word' id='word_1_617' title='bbox 3006 3635 3071 3674; x_wconf 74' lang='lat' dir='ltr'><strong>ex</strong></span> <span class='ocrx_word' id='word_1_618' title='bbox 3103 3615 3278 3688; x_wconf 85' lang='lat' dir='ltr'><strong>Sigeb.</strong></span> 
     </span>
    </p>
   </div>
   <div class='ocr_carea' id='block_1_93' title="bbox 1839 3709 3250 3782">
    <p class='ocr_par' dir='ltr' id='par_1_93' title="bbox 1839 3709 3250 3782">
     <span class='ocr_line' id='line_1_94' title="bbox 1839 3709 3250 3782; baseline -0.011 -5"><span class='ocrx_word' id='word_1_619' title='bbox 1839 3726 1878 3746; x_wconf 86' lang='lat'>“</span> <span class='ocrx_word' id='word_1_620' title='bbox 1907 3721 2064 3776; x_wconf 69' lang='grc' dir='ltr'><strong>[ΠΕ.</strong></span> <span class='ocrx_word' id='word_1_621' title='bbox 2088 3721 2215 3778; x_wconf 88' lang='lat' dir='ltr'><strong>add.</strong></span> <span class='ocrx_word' id='word_1_622' title='bbox 2240 3736 2258 3774; x_wconf 93' lang='lat'><strong><em>:</em></strong></span> <span class='ocrx_word' id='word_1_623' title='bbox 2289 3715 2821 3774; x_wconf 60' lang='lat' dir='ltr'><strong>Roma—removit.</strong></span> <span class='ocrx_word' id='word_1_624' title='bbox 2851 3729 2918 3768; x_wconf 68' lang='lat' dir='ltr'><strong>ex</strong></span> <span class='ocrx_word' id='word_1_625' title='bbox 2942 3709 3117 3782; x_wconf 83' lang='lat' dir='ltr'><strong>Sigeb.</strong></span> <span class='ocrx_word' id='word_1_626' title='bbox 3247 3779 3250 3782; x_wconf 8' lang='grc' dir='ltr'><strong><em>ἢ</em></strong></span> 
     </span>
    </p>
   </div>
   <div class='ocr_carea' id='block_1_94' title="bbox 1763 3799 3286 3886">
    <p class='ocr_par' dir='ltr' id='par_1_94' title="bbox 1763 3799 3286 3886">
     <span class='ocr_line' id='line_1_95' title="bbox 1763 3799 3286 3886; baseline -0.011 -17"><span class='ocrx_word' id='word_1_627' title='bbox 1763 3813 1968 3886; x_wconf 85' lang='lat' dir='ltr'><strong>(Jonn.)</strong></span> <span class='ocrx_word' id='word_1_628' title='bbox 1997 3812 2317 3883; x_wconf 86' lang='lat' dir='ltr'><strong>Hesperiam</strong></span> <span class='ocrx_word' id='word_1_629' title='bbox 2343 3826 2474 3866; x_wconf 89' lang='lat' dir='ltr'><strong>vero</strong></span> <span class='ocrx_word' id='word_1_630' title='bbox 2511 3809 2726 3881; x_wconf 80' lang='lat' dir='ltr'><strong>plagam</strong></span> <span class='ocrx_word' id='word_1_631' title='bbox 2772 3807 2828 3860; x_wconf 95' lang='lat' dir='ltr'><strong>in</strong></span> <span class='ocrx_word' id='word_1_632' title='bbox 2865 3819 3035 3875; x_wconf 88' lang='lat' dir='ltr'><strong>regno</strong></span> <span class='ocrx_word' id='word_1_633' title='bbox 3056 3799 3286 3857; x_wconf 88' lang='lat' dir='ltr'><strong>Honorii</strong></span> 
     </span>
    </p>
   </div>
   <div class='ocr_carea' id='block_1_95' title="bbox 1697 3894 3285 3979">
    <p class='ocr_par' dir='ltr' id='par_1_95' title="bbox 1697 3894 3285 3979">
     <span class='ocr_line' id='line_1_96' title="bbox 1697 3894 3285 3979; baseline -0.01 -17"><span class='ocrx_word' id='word_1_634' title='bbox 1697 3907 2044 3979; x_wconf 86' lang='lat' dir='ltr'><strong>imperatoris</strong></span> <span class='ocrx_word' id='word_1_635' title='bbox 2077 3905 2313 3976; x_wconf 91' lang='lat' dir='ltr'><strong>primum</strong></span> <span class='ocrx_word' id='word_1_636' title='bbox 2356 3901 2696 3972; x_wconf 83' lang='lat' dir='ltr'><strong>Radagaisus</strong></span> <span class='ocrx_word' id='word_1_637' title='bbox 2722 3899 2790 3933; x_wconf 85' lang='grc'><strong>⁹⁸¹</strong></span> <span class='ocrx_word' id='word_1_638' title='bbox 2834 3897 3035 3969; x_wconf 83' lang='lat' dir='ltr'><strong>Scytha</strong></span> <span class='ocrx_word' id='word_1_639' title='bbox 3085 3894 3285 3950; x_wconf 88' lang='lat' dir='ltr'><strong>crude—</strong></span> 
     </span>
    </p>
   </div>
   <div class='ocr_carea' id='block_1_96' title="bbox 1697 3986 3285 4055">
    <p class='ocr_par' dir='ltr' id='par_1_96' title="bbox 1697 3986 3285 4055">
     <span class='ocr_line' id='line_1_97' title="bbox 1697 3986 3285 4055; baseline -0.009 -1"><span class='ocrx_word' id='word_1_640' title='bbox 1697 3999 1944 4055; x_wconf 91' lang='lat' dir='ltr'><strong>lissimus</strong></span> <span class='ocrx_word' id='word_1_641' title='bbox 1971 4014 2096 4053; x_wconf 91' lang='lat' dir='ltr'><strong>cum</strong></span> <span class='ocrx_word' id='word_1_642' title='bbox 2120 3995 2371 4052; x_wconf 88' lang='lat' dir='ltr'><strong>ducentis</strong></span> <span class='ocrx_word' id='word_1_643' title='bbox 2393 3995 2616 4050; x_wconf 89' lang='lat' dir='ltr'><strong>milibus</strong></span> <span class='ocrx_word' id='word_1_644' title='bbox 2645 3991 2952 4047; x_wconf 88' lang='lat' dir='ltr'><strong>Gothorum</strong></span> <span class='ocrx_word' id='word_1_645' title='bbox 2976 3986 3285 4051; x_wconf 89' lang='lat' dir='ltr'><strong>inundavit,</strong></span> 
     </span>
    </p>
   </div>
   <div class='ocr_carea' id='block_1_97' title="bbox 1698 4076 3286 4164">
    <p class='ocr_par' dir='ltr' id='par_1_97' title="bbox 1698 4076 3286 4164">
     <span class='ocr_line' id='line_1_98' title="bbox 1698 4076 3286 4164; baseline -0.011 -17"><span class='ocrx_word' id='word_1_646' title='bbox 1698 4093 1791 4164; x_wconf 90' lang='lat' dir='ltr'><strong>qui</strong></span> <span class='ocrx_word' id='word_1_647' title='bbox 1817 4107 2036 4147; x_wconf 87' lang='lat' dir='ltr'><strong>omnem</strong></span> <span class='ocrx_word' id='word_1_648' title='bbox 2067 4089 2301 4143; x_wconf 85' lang='lat' dir='ltr'><strong>Romani</strong></span> <span class='ocrx_word' id='word_1_649' title='bbox 2321 4087 2507 4156; x_wconf 89' lang='lat' dir='ltr'><strong>populi</strong></span> <span class='ocrx_word' id='word_1_650' title='bbox 2535 4083 2855 4153; x_wconf 87' lang='lat' dir='ltr'><strong>sanguinem</strong></span> <span class='ocrx_word' id='word_1_651' title='bbox 2879 4079 3168 4150; x_wconf 87' lang='lat' dir='ltr'><strong>propinare</strong></span> <span class='ocrx_word' id='word_1_652' title='bbox 3191 4076 3286 4130; x_wconf 87' lang='lat' dir='ltr'><strong>de-</strong></span> 
     </span>
    </p>
   </div>
   <div class='ocr_carea' id='block_1_98' title="bbox 1696 4164 3284 4252">
    <p class='ocr_par' dir='ltr' id='par_1_98' title="bbox 1696 4164 3284 4252">
     <span class='ocr_line' id='line_1_99' title="bbox 1696 4164 3284 4252; baseline -0.013 -14"><span class='ocrx_word' id='word_1_653' title='bbox 1696 4184 1862 4238; x_wconf 84' lang='lat' dir='ltr'><strong>vovit.</strong></span> <span class='ocrx_word' id='word_1_654' title='bbox 1898 4180 1994 4252; x_wconf 87' lang='grc'><strong>(11.</strong></span> <span class='ocrx_word' id='word_1_655' title='bbox 2025 4181 2121 4250; x_wconf 88' lang='lat' dir='ltr'><strong>m.)</strong></span> <span class='ocrx_word' id='word_1_656' title='bbox 2152 4179 2355 4232; x_wconf 89' lang='lat' dir='ltr'><strong>Contra</strong></span> <span class='ocrx_word' id='word_1_657' title='bbox 2384 4191 2548 4245; x_wconf 90' lang='lat' dir='ltr'><strong>quem</strong></span> <span class='ocrx_word' id='word_1_658' title='bbox 2587 4175 2696 4227; x_wconf 90' lang='lat' dir='ltr'><strong>duo</strong></span> <span class='ocrx_word' id='word_1_659' title='bbox 2736 4170 2930 4241; x_wconf 87' lang='lat' dir='ltr'><strong>pagani</strong></span> <span class='ocrx_word' id='word_1_660' title='bbox 2962 4169 3130 4222; x_wconf 87' lang='lat' dir='ltr'><strong>duces</strong></span> <span class='ocrx_word' id='word_1_661' title='bbox 3167 4164 3284 4219; x_wconf 86' lang='lat' dir='ltr'><strong>Hu-</strong></span> 
     </span>
    </p>
   </div>
   <div class='ocr_carea' id='block_1_99' title="bbox 1700 4259 3282 4329">
    <p class='ocr_par' dir='ltr' id='par_1_99' title="bbox 1700 4259 3282 4329">
     <span class='ocr_line' id='line_1_100' title="bbox 1700 4259 3282 4329; baseline -0.013 0"><span class='ocrx_word' id='word_1_662' title='bbox 1700 4289 1896 4329; x_wconf 90' lang='lat' dir='ltr'><strong>norum</strong></span> <span class='ocrx_word' id='word_1_663' title='bbox 1933 4271 2202 4326; x_wconf 84' lang='lat' dir='ltr'><strong>lluldinus</strong></span> <span class='ocrx_word' id='word_1_664' title='bbox 2231 4278 2285 4324; x_wconf 90' lang='lat' dir='ltr'><strong>et</strong></span> <span class='ocrx_word' id='word_1_665' title='bbox 2312 4267 2484 4321; x_wconf 86' lang='lat' dir='ltr'><strong>Sarus</strong></span> <span class='ocrx_word' id='word_1_666' title='bbox 2507 4283 2537 4319; x_wconf 88' lang='lat' dir='ltr'><strong>a</strong></span> <span class='ocrx_word' id='word_1_667' title='bbox 2561 4263 2825 4318; x_wconf 86' lang='lat' dir='ltr'><strong>Romanis</strong></span> <span class='ocrx_word' id='word_1_668' title='bbox 2850 4259 3103 4316; x_wconf 85' lang='lat' dir='ltr'><strong>conducti</strong></span> <span class='ocrx_word' id='word_1_669' title='bbox 3125 4265 3282 4323; x_wconf 91' lang='lat' dir='ltr'><strong>sunt;</strong></span> 
     </span>
    </p>
   </div>
   <div class='ocr_carea' id='block_1_100' title="bbox 1700 4349 3287 4428">
    <p class='ocr_par' dir='ltr' id='par_1_100' title="bbox 1700 4349 3287 4428">
     <span class='ocr_line' id='line_1_101' title="bbox 1700 4349 3287 4428; baseline -0.015 -7"><span class='ocrx_word' id='word_1_670' title='bbox 1700 4366 1796 4422; x_wconf 86' lang='lat' dir='ltr'><strong>sed</strong></span> <span class='ocrx_word' id='word_1_671' title='bbox 1822 4365 2038 4420; x_wconf 90' lang='lat' dir='ltr'><strong>nolente</strong></span> <span class='ocrx_word' id='word_1_672' title='bbox 2061 4361 2172 4416; x_wconf 87' lang='lat' dir='ltr'><strong>Deo</strong></span> <span class='ocrx_word' id='word_1_673' title='bbox 2197 4374 2421 4415; x_wconf 90' lang='lat' dir='ltr'><strong>causam</strong></span> <span class='ocrx_word' id='word_1_674' title='bbox 2461 4355 2716 4428; x_wconf 75' lang='lat' dir='ltr'><strong>potentia:</strong></span> <span class='ocrx_word' id='word_1_675' title='bbox 2749 4368 2864 4407; x_wconf 66' lang='lat' dir='ltr'><strong>suae</strong></span> <span class='ocrx_word' id='word_1_676' title='bbox 2896 4365 2993 4421; x_wconf 88' lang='lat' dir='ltr'><strong>per</strong></span> <span class='ocrx_word' id='word_1_677' title='bbox 3029 4349 3287 4402; x_wconf 88' lang='lat' dir='ltr'><strong>virtutem</strong></span> 
     </span>
    </p>
   </div>
   <div class='ocr_carea' id='block_1_101' title="bbox 1703 4438 3286 4524">
    <p class='ocr_par' dir='ltr' id='par_1_101' title="bbox 1703 4438 3286 4524">
     <span class='ocr_line' id='line_1_102' title="bbox 1703 4438 3286 4524; baseline -0.013 -12"><span class='ocrx_word' id='word_1_678' title='bbox 1703 4458 1986 4513; x_wconf 88' lang='lat' dir='ltr'><strong>hominum</strong></span> <span class='ocrx_word' id='word_1_679' title='bbox 2037 4469 2316 4524; x_wconf 88' lang='lat' dir='ltr'><strong>superare,</strong></span> <span class='ocrx_word' id='word_1_680' title='bbox 2342 4450 2608 4506; x_wconf 86' lang='lat' dir='ltr'><strong>divinitus</strong></span> <span class='ocrx_word' id='word_1_681' title='bbox 2643 4445 2866 4502; x_wconf 87' lang='lat' dir='ltr'><strong>territus</strong></span> <span class='ocrx_word' id='word_1_682' title='bbox 2900 4451 2985 4498; x_wconf 85' lang='lat' dir='ltr'><strong>est</strong></span> <span class='ocrx_word' id='word_1_683' title='bbox 3017 4438 3286 4510; x_wconf 53' lang='lat' dir='ltr'><strong>Radagaio-</strong></span> 
     </span>
    </p>
   </div>
   <div class='ocr_carea' id='block_1_102' title="bbox 1631 4534 3289 4624">
    <p class='ocr_par' dir='ltr' id='par_1_102' title="bbox 1631 4534 3289 4624">
     <span class='ocr_line' id='line_1_103' title="bbox 1631 4534 3289 4624; baseline -0.014 -16"><span class='ocrx_word' id='word_1_684' title='bbox 1631 4564 1679 4624; x_wconf 82' lang='grc' dir='ltr'><strong>ο</strong></span> <span class='ocrx_word' id='word_1_685' title='bbox 1705 4567 1821 4617; x_wconf 91' lang='lat' dir='ltr'><strong>sus,</strong></span> <span class='ocrx_word' id='word_1_686' title='bbox 1846 4549 2170 4621; x_wconf 83' lang='lat' dir='ltr'><strong>fugiensque</strong></span> <span class='ocrx_word' id='word_1_687' title='bbox 2199 4547 2252 4599; x_wconf 91' lang='lat' dir='ltr'><strong>in</strong></span> <span class='ocrx_word' id='word_1_688' title='bbox 2287 4544 2622 4599; x_wconf 86' lang='lat' dir='ltr'><strong>Peculanum</strong></span> <span class='ocrx_word' id='word_1_689' title='bbox 2651 4548 2916 4604; x_wconf 88' lang='lat' dir='ltr'><strong>montem,</strong></span> <span class='ocrx_word' id='word_1_690' title='bbox 2944 4534 3150 4606; x_wconf 84' lang='lat' dir='ltr'><strong>ingenti</strong></span> <span class='ocrx_word' id='word_1_691' title='bbox 3183 4548 3289 4586; x_wconf 87' lang='lat' dir='ltr'><strong>un-</strong></span> 
     </span>
    </p>
   </div>
   <div class='ocr_carea' id='block_1_103' title="bbox 1704 4623 3292 4714">
    <p class='ocr_par' dir='ltr' id='par_1_103' title="bbox 1704 4623 3292 4714">
     <span class='ocr_line' id='line_1_104' title="bbox 1704 4623 3292 4714; baseline -0.015 -14"><span class='ocrx_word' id='word_1_692' title='bbox 1704 4643 1870 4714; x_wconf 89' lang='lat' dir='ltr'><strong>dique</strong></span> <span class='ocrx_word' id='word_1_693' title='bbox 1899 4641 2095 4696; x_wconf 90' lang='lat' dir='ltr'><strong>timore</strong></span> <span class='ocrx_word' id='word_1_694' title='bbox 2116 4639 2186 4670; x_wconf 80' lang='grc'><strong>⁹⁵¹</strong></span> <span class='ocrx_word' id='word_1_695' title='bbox 2229 4635 2608 4700; x_wconf 89' lang='lat' dir='ltr'><strong>concluditur;</strong></span> <span class='ocrx_word' id='word_1_696' title='bbox 2652 4639 2707 4686; x_wconf 90' lang='lat' dir='ltr'><strong>et</strong></span> <span class='ocrx_word' id='word_1_697' title='bbox 2737 4630 2867 4685; x_wconf 90' lang='lat' dir='ltr'><strong>dum</strong></span> <span class='ocrx_word' id='word_1_698' title='bbox 2902 4627 3044 4681; x_wconf 86' lang='lat' dir='ltr'><strong>fame</strong></span> <span class='ocrx_word' id='word_1_699' title='bbox 3089 4623 3292 4692; x_wconf 89' lang='lat' dir='ltr'><strong>sitique</strong></span> 
     </span>
    </p>
   </div>
   <div class='ocr_carea' id='block_1_104' title="bbox 1705 4715 3285 4803">
    <p class='ocr_par' dir='ltr' id='par_1_104' title="bbox 1705 4715 3285 4803">
     <span class='ocr_line' id='line_1_105' title="bbox 1705 4715 3285 4803; baseline -0.015 -10"><span class='ocrx_word' id='word_1_700' title='bbox 1705 4738 1939 4801; x_wconf 88' lang='lat' dir='ltr'><strong>laborat,</strong></span> <span class='ocrx_word' id='word_1_701' title='bbox 1968 4735 2156 4789; x_wconf 90' lang='lat' dir='ltr'><strong>volens</strong></span> <span class='ocrx_word' id='word_1_702' title='bbox 2183 4731 2387 4803; x_wconf 85' lang='lat' dir='ltr'><strong>fugere,</strong></span> <span class='ocrx_word' id='word_1_703' title='bbox 2423 4730 2577 4784; x_wconf 90' lang='lat' dir='ltr'><strong>solus</strong></span> <span class='ocrx_word' id='word_1_704' title='bbox 2617 4715 3080 4794; x_wconf 84' lang='lat' dir='ltr'><strong>conprehénditur</strong></span> <span class='ocrx_word' id='word_1_705' title='bbox 3107 4733 3136 4772; x_wconf 91' lang='lat' dir='ltr'><strong>a</strong></span> <span class='ocrx_word' id='word_1_706' title='bbox 3174 4716 3285 4770; x_wconf 88' lang='lat' dir='ltr'><strong>Ro-</strong></span> 
     </span>
    </p>
   </div>
   <div class='ocr_carea' id='block_1_105' title="bbox 1706 4814 3287 4895">
    <p class='ocr_par' dir='ltr' id='par_1_105' title="bbox 1706 4814 3287 4895">
     <span class='ocr_line' id='line_1_106' title="bbox 1706 4814 3287 4895; baseline -0.018 -8"><span class='ocrx_word' id='word_1_707' title='bbox 1706 4829 1887 4887; x_wconf 87' lang='lat' dir='ltr'><strong>manis</strong></span> <span class='ocrx_word' id='word_1_708' title='bbox 1919 4827 2014 4895; x_wconf 71' lang='lat' dir='ltr'><strong>m,</strong></span> <span class='ocrx_word' id='word_1_709' title='bbox 2040 4827 2356 4894; x_wconf 88' lang='lat' dir='ltr'><strong>missusque</strong></span> <span class='ocrx_word' id='word_1_710' title='bbox 2383 4822 2436 4876; x_wconf 90' lang='lat' dir='ltr'><strong>in</strong></span> <span class='ocrx_word' id='word_1_711' title='bbox 2476 4834 2774 4882; x_wconf 89' lang='lat' dir='ltr'><strong>carcerem,</strong></span> <span class='ocrx_word' id='word_1_712' title='bbox 2810 4814 2885 4869; x_wconf 89' lang='lat' dir='ltr'><strong>ibi</strong></span> <span class='ocrx_word' id='word_1_713' title='bbox 2916 4820 3162 4867; x_wconf 85' lang='lat' dir='ltr'><strong>mortuus</strong></span> <span class='ocrx_word' id='word_1_714' title='bbox 3185 4815 3287 4862; x_wconf 88' lang='lat' dir='ltr'><strong>est.</strong></span> 
     </span>
    </p>
   </div>
   <div class='ocr_carea' id='block_1_106' title="bbox 1706 4897 3326 4979">
    <p class='ocr_par' dir='ltr' id='par_1_106' title="bbox 1706 4897 3326 4979">
     <span class='ocr_line' id='line_1_107' title="bbox 1706 4897 3326 4979; baseline -0.017 0"><span class='ocrx_word' id='word_1_715' title='bbox 1706 4923 1880 4979; x_wconf 88' lang='lat' dir='ltr'><strong>Tanta</strong></span> <span class='ocrx_word' id='word_1_716' title='bbox 1931 4936 2062 4976; x_wconf 92' lang='lat' dir='ltr'><strong>vero</strong></span> <span class='ocrx_word' id='word_1_717' title='bbox 2106 4916 2398 4973; x_wconf 88' lang='lat' dir='ltr'><strong>multitudo</strong></span> <span class='ocrx_word' id='word_1_718' title='bbox 2437 4915 2505 4970; x_wconf 90' lang='lat' dir='ltr'><strong>de</strong></span> <span class='ocrx_word' id='word_1_719' title='bbox 2540 4910 2734 4968; x_wconf 90' lang='lat' dir='ltr'><strong>Gothis</strong></span> <span class='ocrx_word' id='word_1_720' title='bbox 2763 4905 3156 4976; x_wconf 89' lang='lat' dir='ltr'><strong>comprehensa</strong></span> <span class='ocrx_word' id='word_1_721' title='bbox 3185 4908 3290 4966; x_wconf 90' lang='lat' dir='ltr'><strong>est,</strong></span> <span class='ocrx_word' id='word_1_722' title='bbox 3319 4897 3326 4904; x_wconf 86' lang='grc'><em>’</em></span> 
     </span>
    </p>
   </div>
   <div class='ocr_carea' id='block_1_107' title="bbox 1704 4991 3290 5082">
    <p class='ocr_par' dir='ltr' id='par_1_107' title="bbox 1704 4991 3290 5082">
     <span class='ocr_line' id='line_1_108' title="bbox 1704 4991 3290 5082; baseline -0.02 -9"><span class='ocrx_word' id='word_1_723' title='bbox 1704 5017 1936 5072; x_wconf 89' lang='lat' dir='ltr'><strong>utsicut</strong></span> <span class='ocrx_word' id='word_1_724' title='bbox 1963 5013 2091 5068; x_wconf 90' lang='lat' dir='ltr'><strong>vilia</strong></span> <span class='ocrx_word' id='word_1_725' title='bbox 2120 5025 2318 5082; x_wconf 88' lang='lat' dir='ltr'><strong>pecora</strong></span> <span class='ocrx_word' id='word_1_726' title='bbox 2361 5007 2756 5067; x_wconf 89' lang='lat' dir='ltr'><strong>venderentur;</strong></span> <span class='ocrx_word' id='word_1_727' title='bbox 2789 5014 2916 5054; x_wconf 89' lang='lat' dir='ltr'><strong>nam</strong></span> <span class='ocrx_word' id='word_1_728' title='bbox 2953 4993 3154 5064; x_wconf 82' lang='lat' dir='ltr'><strong>singuli</strong></span> <span class='ocrx_word' id='word_1_729' title='bbox 3179 4991 3290 5045; x_wconf 87' lang='lat' dir='ltr'><strong>Go-</strong></span> 
     </span>
    </p>
   </div>
   <div class='ocr_carea' id='block_1_108' title="bbox 1704 5083 3293 5177">
    <p class='ocr_par' dir='ltr' id='par_1_108' title="bbox 1704 5083 3293 5177">
     <span class='ocr_line' id='line_1_109' title="bbox 1704 5083 3293 5177; baseline -0.02 -12"><span class='ocrx_word' id='word_1_730' title='bbox 1704 5110 1785 5164; x_wconf 90' lang='lat' dir='ltr'><strong>thi</strong></span> <span class='ocrx_word' id='word_1_731' title='bbox 1823 5106 2056 5177; x_wconf 89' lang='lat' dir='ltr'><strong>singulis</strong></span> <span class='ocrx_word' id='word_1_732' title='bbox 2095 5103 2278 5158; x_wconf 89' lang='lat' dir='ltr'><strong>aureis</strong></span> <span class='ocrx_word' id='word_1_733' title='bbox 2302 5099 2681 5155; x_wconf 87' lang='lat' dir='ltr'><strong>vendebantur</strong></span> <span class='ocrx_word' id='word_1_734' title='bbox 2733 5089 2964 5163; x_wconf 85' lang='lat' dir='ltr'><strong>(Jonn.)</strong></span> <span class='ocrx_word' id='word_1_735' title='bbox 2999 5086 3130 5140; x_wconf 85' lang='lat' dir='ltr'><strong>Post</strong></span> <span class='ocrx_word' id='word_1_736' title='bbox 3185 5083 3293 5136; x_wconf 85' lang='lat' dir='ltr'><strong>Ra-</strong></span> 
     </span>
    </p>
   </div>
   <div class='ocr_carea' id='block_1_109' title="bbox 1706 5178 3295 5273">
    <p class='ocr_par' dir='ltr' id='par_1_109' title="bbox 1706 5178 3295 5273">
     <span class='ocr_line' id='line_1_110' title="bbox 1706 5178 3295 5273; baseline -0.019 -16"><span class='ocrx_word' id='word_1_737' title='bbox 1706 5200 1992 5273; x_wconf 84' lang='lat' dir='ltr'><strong>dagaisnm</strong></span> <span class='ocrx_word' id='word_1_738' title='bbox 2050 5196 2302 5250; x_wconf 83' lang='lat' dir='ltr'><strong>Alaricus</strong></span> <span class='ocrx_word' id='word_1_739' title='bbox 2357 5207 2451 5246; x_wconf 80' lang='lat' dir='ltr'><strong>rex</strong></span> <span class='ocrx_word' id='word_1_740' title='bbox 2499 5188 2803 5245; x_wconf 90' lang='lat' dir='ltr'><strong>Gothorum</strong></span> <span class='ocrx_word' id='word_1_741' title='bbox 2845 5181 3069 5254; x_wconf 56' lang='lat' dir='ltr'><strong>,ltaliam</strong></span> <span class='ocrx_word' id='word_1_742' title='bbox 3124 5178 3295 5230; x_wconf 78' lang='lat' dir='ltr'><strong>intra-</strong></span> 
     </span>
    </p>
   </div>
   <div class='ocr_carea' id='block_1_110' title="bbox 1707 5270 3292 5360">
    <p class='ocr_par' dir='ltr' id='par_1_110' title="bbox 1707 5270 3292 5360">
     <span class='ocr_line' id='line_1_111' title="bbox 1707 5270 3292 5360; baseline -0.018 -12"><span class='ocrx_word' id='word_1_743' title='bbox 1707 5270 1805 5360; x_wconf 70' lang='lat' dir='ltr'><strong>vit,</strong></span> <span class='ocrx_word' id='word_1_744' title='bbox 1831 5300 1886 5346; x_wconf 89' lang='lat' dir='ltr'><strong>et</strong></span> <span class='ocrx_word' id='word_1_745' title='bbox 1920 5299 1982 5345; x_wconf 91' lang='lat' dir='ltr'><strong>ut</strong></span> <span class='ocrx_word' id='word_1_746' title='bbox 2019 5287 2275 5358; x_wconf 88' lang='lat' dir='ltr'><strong>superius</strong></span> <span class='ocrx_word' id='word_1_747' title='bbox 2302 5285 2358 5339; x_wconf 92' lang='lat' dir='ltr'><strong>in</strong></span> <span class='ocrx_word' id='word_1_748' title='bbox 2384 5281 2553 5354; x_wconf 87' lang='lat' dir='ltr'><strong>gestis</strong></span> <span class='ocrx_word' id='word_1_749' title='bbox 2583 5277 2889 5334; x_wconf 81' lang='lat' dir='ltr'><strong>Gothorum</strong></span> <span class='ocrx_word' id='word_1_750' title='bbox 2923 5272 2993 5305; x_wconf 70' lang='grc'><strong>’⁸⁸</strong></span> <span class='ocrx_word' id='word_1_751' title='bbox 3028 5270 3292 5340; x_wconf 88' lang='lat' dir='ltr'><strong>scriptum</strong></span> 
     </span>
    </p>
   </div>
   <div class='ocr_carea' id='block_1_111' title="bbox 1708 5360 3295 5451">
    <p class='ocr_par' dir='ltr' id='par_1_111' title="bbox 1708 5360 3295 5451">
     <span class='ocr_line' id='line_1_112' title="bbox 1708 5360 3295 5451; baseline -0.016 -10"><span class='ocrx_word' id='word_1_752' title='bbox 1708 5393 1814 5451; x_wconf 90' lang='lat' dir='ltr'><strong>est,</strong></span> <span class='ocrx_word' id='word_1_753' title='bbox 1847 5382 2020 5439; x_wconf 87' lang='lat' dir='ltr'><strong>multa</strong></span> <span class='ocrx_word' id='word_1_754' title='bbox 2044 5379 2188 5436; x_wconf 87' lang='lat' dir='ltr'><strong>mala</strong></span> <span class='ocrx_word' id='word_1_755' title='bbox 2217 5375 2481 5432; x_wconf 89' lang='lat' dir='ltr'><strong>Romanis</strong></span> <span class='ocrx_word' id='word_1_756' title='bbox 2508 5372 2814 5442; x_wconf 87' lang='lat' dir='ltr'><strong>ceterisque</strong></span> <span class='ocrx_word' id='word_1_757' title='bbox 2851 5365 3113 5431; x_wconf 84' lang='lat' dir='ltr'><strong>inferens,</strong></span> <span class='ocrx_word' id='word_1_758' title='bbox 3149 5360 3295 5432; x_wconf 88' lang='lat' dir='ltr'><strong>apud</strong></span> 
     </span>
    </p>
   </div>
   <div class='ocr_carea' id='block_1_112' title="bbox 1311 5496 1990 5556">
    <p class='ocr_par' dir='ltr' id='par_1_112' title="bbox 1311 5496 1990 5556">
     <span class='ocr_line' id='line_1_113' title="bbox 1311 5496 1990 5556; baseline -0.003 -4"><span class='ocrx_word' id='word_1_759' title='bbox 1311 5499 1548 5554; x_wconf 70' lang='lat' dir='ltr'><strong>VARIA&#39;]</strong></span> <span class='ocrx_word' id='word_1_760' title='bbox 1589 5496 1990 5556; x_wconf 81' lang='lat' dir='ltr'><strong>LECTIUNES.</strong></span> 
     </span>
    </p>
   </div>
   <div class='ocr_carea' id='block_1_113' title="bbox 123 5584 1446 5660">
    <p class='ocr_par' dir='ltr' id='par_1_113' title="bbox 123 5584 1446 5660">
     <span class='ocr_line' id='line_1_114' title="bbox 123 5584 1446 5660; baseline 0.003 -14"><span class='ocrx_word' id='word_1_761' title='bbox 123 5584 184 5620; x_wconf 76' lang='grc'><strong>’³⁸</strong></span> <span class='ocrx_word' id='word_1_762' title='bbox 229 5591 342 5660; x_wconf 86' lang='lat' dir='ltr'><strong>ejus</strong></span> <span class='ocrx_word' id='word_1_763' title='bbox 399 5593 486 5648; x_wconf 77' lang='lat'><strong>9°.</strong></span> <span class='ocrx_word' id='word_1_764' title='bbox 587 5595 656 5628; x_wconf 82' lang='grc'><strong>⁹³⁹</strong></span> <span class='ocrx_word' id='word_1_765' title='bbox 712 5598 854 5650; x_wconf 83' lang='lat' dir='ltr'><strong>deest</strong></span> <span class='ocrx_word' id='word_1_766' title='bbox 913 5594 999 5650; x_wconf 76' lang='lat'><strong>9°.</strong></span> <span class='ocrx_word' id='word_1_767' title='bbox 1103 5593 1173 5624; x_wconf 69' lang='grc' dir='ltr'><strong>’δ’</strong></span> <span class='ocrx_word' id='word_1_768' title='bbox 1199 5592 1341 5645; x_wconf 81' lang='lat' dir='ltr'><strong>deest</strong></span> <span class='ocrx_word' id='word_1_769' title='bbox 1363 5591 1446 5646; x_wconf 79' lang='lat'><strong>9°.</strong></span> 
     </span>
    </p>
   </div>
   <div class='ocr_carea' id='block_1_114' title="bbox 69 5594 999 5708">
    <p class='ocr_par' dir='ltr' id='par_1_114' title="bbox 69 5594 999 5708">
     <span class='ocr_line' id='line_1_115' title="bbox 123 5594 999 5660; baseline 0.003 -15"><span class='ocrx_word' id='word_1_770' title='bbox 123 5594 184 5620; x_wconf 82' lang='lat'><strong>&quot;&#39;</strong></span> <span class='ocrx_word' id='word_1_771' title='bbox 229 5594 342 5660; x_wconf 89' lang='lat' dir='ltr'><strong>ejus</strong></span> <span class='ocrx_word' id='word_1_772' title='bbox 399 5594 486 5648; x_wconf 75' lang='lat'><strong>9°.</strong></span> <span class='ocrx_word' id='word_1_773' title='bbox 587 5595 656 5628; x_wconf 83' lang='grc'><strong>⁹³⁹</strong></span> <span class='ocrx_word' id='word_1_774' title='bbox 712 5598 854 5650; x_wconf 83' lang='lat' dir='ltr'><strong>deest</strong></span> <span class='ocrx_word' id='word_1_775' title='bbox 913 5594 999 5650; x_wconf 75' lang='lat'><strong>9°.</strong></span> 
     </span>
     <span class='ocr_line' id='line_1_116' title="bbox 69 5652 999 5708; baseline 0 0"><span class='ocrx_word' id='word_1_776' title='bbox 69 5652 136 5708; x_wconf 63' lang='lat'><strong>9&#39;.</strong></span> <span class='ocrx_word' id='word_1_777' title='bbox 231 5660 296 5694; x_wconf 64' lang='grc' dir='ltr'><strong>’δι</strong></span> <span class='ocrx_word' id='word_1_778' title='bbox 348 5665 654 5708; x_wconf 69' lang='lat' dir='ltr'><strong>arhnrmcliu</strong></span> <span class='ocrx_word' id='word_1_779' title='bbox 711 5666 795 5708; x_wconf 72' lang='grc' dir='ltr'><strong>(ιο,</strong></span> <span class='ocrx_word' id='word_1_780' title='bbox 858 5665 941 5708; x_wconf 76' lang='lat' dir='ltr'><strong>in</strong></span> <span class='ocrx_word' id='word_1_781' title='bbox 978 5665 999 5708; x_wconf 75' lang='grc' dir='ltr'>ι</span> 
     </span>
    </p>
   </div>
   <div class='ocr_carea' id='block_1_115' title="bbox 231 5660 1062 5735">
    <p class='ocr_par' dir='ltr' id='par_1_115' title="bbox 231 5660 1062 5735">
     <span class='ocr_line' id='line_1_117' title="bbox 231 5660 1062 5735; baseline -0.008 -11"><span class='ocrx_word' id='word_1_782' title='bbox 231 5660 654 5735; x_wconf 51' lang='grc' dir='ltr'><strong>Ψᾼὼομειίς</strong></span> <span class='ocrx_word' id='word_1_783' title='bbox 711 5666 796 5722; x_wconf 73' lang='grc' dir='ltr'><strong>9ε.</strong></span> <span class='ocrx_word' id='word_1_784' title='bbox 858 5665 943 5719; x_wconf 85' lang='grc'><strong>10.</strong></span> <span class='ocrx_word' id='word_1_785' title='bbox 978 5665 1062 5719; x_wconf 86' lang='grc'><strong>11.</strong></span> 
     </span>
    </p>
   </div>
   <div class='ocr_carea' id='block_1_116' title="bbox 1549 5590 1924 5650">
    <p class='ocr_par' dir='ltr' id='par_1_116' title="bbox 1549 5590 1924 5650">
     <span class='ocr_line' id='line_1_118' title="bbox 1549 5590 1924 5650; baseline -0.011 -1"><span class='ocrx_word' id='word_1_786' title='bbox 1549 5594 1615 5626; x_wconf 72' lang='grc' dir='ltr'><strong>’δι</strong></span> <span class='ocrx_word' id='word_1_787' title='bbox 1643 5595 1778 5650; x_wconf 89' lang='lat' dir='ltr'><strong>alter</strong></span> <span class='ocrx_word' id='word_1_788' title='bbox 1839 5590 1893 5646; x_wconf 82' lang='lat'><strong>5.</strong></span> <span class='ocrx_word' id='word_1_789' title='bbox 1922 5596 1924 5598; x_wconf 74' lang='grc'>’</span> 
     </span>
    </p>
   </div>
   <div class='ocr_carea' id='block_1_117' title="bbox 1177 5658 2034 5730">
    <p class='ocr_par' dir='ltr' id='par_1_117' title="bbox 1177 5658 2034 5730">
     <span class='ocr_line' id='line_1_119' title="bbox 1177 5658 2034 5730; baseline -0.005 -15"><span class='ocrx_word' id='word_1_790' title='bbox 1177 5661 1246 5694; x_wconf 72' lang='grc'><strong>’⁵⁸</strong></span> <span class='ocrx_word' id='word_1_791' title='bbox 1277 5663 1356 5715; x_wconf 81' lang='lat' dir='ltr'><strong>ita</strong></span> <span class='ocrx_word' id='word_1_792' title='bbox 1412 5661 1508 5715; x_wconf 88' lang='grc' dir='ltr'><strong>ΕΙ.</strong></span> <span class='ocrx_word' id='word_1_793' title='bbox 1571 5658 2034 5730; x_wconf 58' lang='grc' dir='ltr'><strong>πὺοςαεῐεδτειι.</strong></span> 
     </span>
    </p>
   </div>
   <div class='ocr_carea' id='block_1_118' title="bbox 2437 5570 3294 5675">
    <p class='ocr_par' dir='ltr' id='par_1_118' title="bbox 2437 5570 3294 5675">
     <span class='ocr_line' id='line_1_120' title="bbox 2437 5570 3294 5675; baseline -0.02 -37"><span class='ocrx_word' id='word_1_794' title='bbox 2437 5581 2508 5675; x_wconf 56' lang='grc' dir='ltr'><strong>ξδ’</strong></span> <span class='ocrx_word' id='word_1_795' title='bbox 2533 5573 3026 5675; x_wconf 54' lang='grc' dir='ltr'><strong>θιιειοοιιίιιῐῐιπξὲί.</strong></span> <span class='ocrx_word' id='word_1_796' title='bbox 3058 5570 3294 5675; x_wconf 33' lang='lat' dir='ltr'><strong>“:‘deest</strong></span> 
     </span>
    </p>
   </div>
   <div class='ocr_carea' id='block_1_119' title="bbox 3193 5655 3262 5692">
    <p class='ocr_par' dir='ltr' id='par_1_119' title="bbox 3193 5655 3262 5692">
     <span class='ocr_line' id='line_1_121' title="bbox 3193 5655 3262 5692; baseline 0 0"><span class='ocrx_word' id='word_1_797' title='bbox 3193 5655 3262 5692; x_wconf 77' lang='grc' dir='ltr'><strong>ειι</strong></span> 
     </span>
    </p>
   </div>
   <div class='ocr_carea' id='block_1_120' title="bbox 1998 5584 2334 5641">
    <p class='ocr_par' dir='ltr' id='par_1_120' title="bbox 1998 5584 2334 5641">
     <span class='ocr_line' id='line_1_122' title="bbox 1998 5584 2334 5641; baseline -0.006 -1"><span class='ocrx_word' id='word_1_798' title='bbox 1998 5587 2068 5620; x_wconf 71' lang='grc' dir='ltr'><strong>’δ’</strong></span> <span class='ocrx_word' id='word_1_799' title='bbox 2089 5586 2231 5641; x_wconf 84' lang='lat' dir='ltr'><strong>deest</strong></span> <span class='ocrx_word' id='word_1_800' title='bbox 2249 5584 2334 5640; x_wconf 64' lang='lat' dir='ltr'><strong>9e.</strong></span> 
     </span>
    </p>
   </div>
   <div class='ocr_carea' id='block_1_121' title="bbox 2161 5645 2979 5709">
    <p class='ocr_par' dir='ltr' id='par_1_121' title="bbox 2161 5645 2979 5709">
     <span class='ocr_line' id='line_1_123' title="bbox 2161 5645 2979 5709; baseline -0.011 0"><span class='ocrx_word' id='word_1_801' title='bbox 2161 5656 2228 5688; x_wconf 72' lang='grc' dir='ltr'><strong>’δ’</strong></span> <span class='ocrx_word' id='word_1_802' title='bbox 2256 5655 2398 5709; x_wconf 80' lang='lat' dir='ltr'><strong>deest</strong></span> <span class='ocrx_word' id='word_1_803' title='bbox 2430 5653 2514 5707; x_wconf 77' lang='grc' dir='ltr'><strong>9ο.</strong></span> <span class='ocrx_word' id='word_1_804' title='bbox 2548 5667 2646 5706; x_wconf 87' lang='lat' dir='ltr'><strong>sua</strong></span> <span class='ocrx_word' id='word_1_805' title='bbox 2682 5665 2741 5705; x_wconf 90' lang='lat' dir='ltr'><strong>se</strong></span> <span class='ocrx_word' id='word_1_806' title='bbox 2773 5665 2844 5702; x_wconf 82' lang='grc' dir='ltr'><strong>ιη.</strong></span> <span class='ocrx_word' id='word_1_807' title='bbox 2881 5645 2979 5701; x_wconf 88' lang='grc' dir='ltr'><strong>ΕΙ.</strong></span> 
     </span>
    </p>
   </div>
   <div class='ocr_carea' id='block_1_122' title="bbox 72 5713 3298 5808">
    <p class='ocr_par' dir='ltr' id='par_1_122' title="bbox 72 5713 3298 5808">
     <span class='ocr_line' id='line_1_124' title="bbox 72 5713 3298 5808; baseline -0.009 -18"><span class='ocrx_word' id='word_1_808' title='bbox 72 5728 182 5784; x_wconf 57' lang='lat' dir='ltr'><strong>ﬁtbii</strong></span> <span class='ocrx_word' id='word_1_809' title='bbox 212 5730 289 5808; x_wconf 52' lang='grc' dir='ltr'><strong>ἓξ.</strong></span> <span class='ocrx_word' id='word_1_810' title='bbox 322 5713 691 5808; x_wconf 58' lang='lat' dir='ltr'><strong>iidéiié‘iﬁé;</strong></span> <span class='ocrx_word' id='word_1_811' title='bbox 712 5713 1172 5808; x_wconf 35' lang='lat' dir='ltr'><strong>pcrduxvitdesunt</strong></span> <span class='ocrx_word' id='word_1_812' title='bbox 1197 5713 1449 5808; x_wconf 13' lang='lat'><strong>81.71&quot;&quot;,</strong></span> <span class='ocrx_word' id='word_1_813' title='bbox 1469 5713 1923 5792; x_wconf 38' lang='lat' dir='ltr'><strong>tam—cultm’“</strong></span> <span class='ocrx_word' id='word_1_814' title='bbox 1951 5743 2200 5800; x_wconf 77' lang='lat' dir='ltr'><strong>uxorque</strong></span> <span class='ocrx_word' id='word_1_815' title='bbox 2227 5726 2347 5797; x_wconf 86' lang='lat' dir='ltr'><strong>ejus</strong></span> <span class='ocrx_word' id='word_1_816' title='bbox 2381 5724 2478 5780; x_wconf 82' lang='lat' dir='ltr'><strong>El.</strong></span> <span class='ocrx_word' id='word_1_817' title='bbox 2555 5721 2621 5754; x_wconf 83' lang='grc'><strong>⁹⁸¹</strong></span> <span class='ocrx_word' id='word_1_818' title='bbox 2653 5719 2941 5790; x_wconf 84' lang='lat' dir='ltr'><strong>radagisus</strong></span> <span class='ocrx_word' id='word_1_819' title='bbox 2964 5716 3018 5772; x_wconf 74' lang='grc' dir='ltr'><strong>ι.</strong></span> <span class='ocrx_word' id='word_1_820' title='bbox 3055 5713 3140 5770; x_wconf 74' lang='lat'><strong>9°.</strong></span> <span class='ocrx_word' id='word_1_821' title='bbox 3166 5725 3298 5764; x_wconf 73' lang='lat' dir='ltr'><strong>scm-</strong></span> 
     </span>
    </p>
   </div>
   <div class='ocr_carea' id='block_1_123' title="bbox 72 5801 1430 5862">
    <p class='ocr_par' dir='ltr' id='par_1_123' title="bbox 72 5801 1430 5862">
     <span class='ocr_line' id='line_1_125' title="bbox 72 5801 1430 5862; baseline 0 -1"><span class='ocrx_word' id='word_1_822' title='bbox 72 5812 160 5861; x_wconf 71' lang='grc' dir='ltr'><strong>Ρενο</strong></span> <span class='ocrx_word' id='word_1_823' title='bbox 226 5801 292 5834; x_wconf 81' lang='grc'><strong>’⁵⁹</strong></span> <span class='ocrx_word' id='word_1_824' title='bbox 321 5813 358 5859; x_wconf 92' lang='lat' dir='ltr'><strong>t.</strong></span> <span class='ocrx_word' id='word_1_825' title='bbox 389 5821 444 5860; x_wconf 90' lang='lat' dir='ltr'><strong>u.</strong></span> <span class='ocrx_word' id='word_1_826' title='bbox 479 5801 548 5862; x_wconf 56' lang='lat'><strong>5:</strong></span> <span class='ocrx_word' id='word_1_827' title='bbox 609 5810 678 5842; x_wconf 77' lang='lat'><strong>&quot;’</strong></span> <span class='ocrx_word' id='word_1_828' title='bbox 710 5801 759 5862; x_wconf 67' lang='grc' dir='ltr'><strong>ξ.</strong></span> <span class='ocrx_word' id='word_1_829' title='bbox 792 5825 837 5862; x_wconf 87' lang='lat' dir='ltr'><strong>r.</strong></span> <span class='ocrx_word' id='word_1_830' title='bbox 872 5821 921 5862; x_wconf 75' lang='grc' dir='ltr'><strong>ς.</strong></span> <span class='ocrx_word' id='word_1_831' title='bbox 949 5807 1000 5860; x_wconf 81' lang='grc'><strong>5.</strong></span> <span class='ocrx_word' id='word_1_832' title='bbox 1078 5806 1146 5835; x_wconf 67' lang='lat'><strong>’5‘</strong></span> <span class='ocrx_word' id='word_1_833' title='bbox 1178 5805 1320 5858; x_wconf 83' lang='lat' dir='ltr'><strong>deest</strong></span> <span class='ocrx_word' id='word_1_834' title='bbox 1346 5806 1430 5861; x_wconf 74' lang='lat'><strong>9°.</strong></span> 
     </span>
    </p>
   </div>
  </div>
