3876 6306
49 306 121 363 ’169

880 272 1252 336 CHRONICA.
1294 297 1362 309 -—
1395 255 1790 329 CHRONICON
1830 250 2279 314 UNIVERSALE

3090 242 3243 305 .770

49 422 123 475 lere
142 410 196 447 ³⁶¹
222 409 273 473 9,
297 400 623 470 decessitque
659 396 695 451 8
720 393 948 450 Kalend.
993 389 1196 462 Aprilis
1214 421 1223 429 ι
1243 382 1363 458 (cf._,‘
1390 380 1554 435 Beas:
1583 375 1629 433 A
1656 386 1830 429 annos
1855 377 2154 433 morantes,
2180 346 2495 423 Occidentis
2514 369 2736 432 qucque
2756 354 3112 413 obtinuerunt
3138 356 3248 413 im-

1754 463 1764 475 -
1914 461 1951 475 —
2109 458 2197 475 m7
2222 474 2239 475 η
2417 452 2635 475 ---ε-.ε-
2688 450 2781 475 -ει,ε
2822 448 3001 475 Αι,,,,ξ,.
3035 447 3084 475 Α.
3107 447 3217 475 ρλ-

49 499 206 575 Hart):
230 500 317 557 Hic

49 598 216 661 mtan'.
247 598 262 619 ⁴

338 498 407 533 ’⁸⁸
436 447 714 551 constituit
734 488 990 552 Sanctus,
1030 447 1287 546 éanctus,
1313 447 1551 534 Sanctus
1652 463 1887 536 perium.
1912 461 2086 518 Porro
2109 456 2385 523 Wandali,
2413 452 2639 510 sociatis
2680 450 2784 507 sibi
2811 448 3003 505 Alanis
3033 447 3090 504 et
3107 447 3244 504 Ger-

1654 556 1855 623 manis,
1910 554 2005 625 qui
2048 562 2184 608 tunc
2235 547 2434 604 Franci
2488 545 2847 607 vocabantur,
2897 549 3249 597 transeuntes

147 631 216 655 ιι..

147 685 248 741 'D?
267 682 364 738 E.:
401 693 449 734 c.
490 673 723 729 Sanctus
749 667 1044 741 cantari_et
1063 672 1125 719 ut
1147 640 1452 741 psalmi'.—:‘
1467 669 1555 737 re-
1654 633 2128 703 Ninum'ﬁuvium
2179 638 2498 713 Modigisclo
2546 636 2707 704 duce,
2755 631 3140 690 habitaverunt
3191 631 3250 686 in

199 726 469 812 iniiinii.
494 726 593 800 Hie
609 726 831 814 quoque
856 740 924 814 ad
935 726 1168 814 βασιῳρ
1197 761 1269 772 —
1298 730 1365 785 ad

496 796 845 887 ’Sigei’._'§_—
866 806 1164 887 _llznadd.
1195 817 1215 887 ς
1271 796 1558 887 constituit

396 867 459 945 ut
504 867 700 943 853nm
736 867 920 938 David
971 878 1043 911 ⁸⁸³
1085 880 1375 931 cantentur
1412 885 1429 936 ;
1481 867 1553 937 cf.

242 982 315 1022 me
352 1005 365 1018 .

242 982 365 1037 egeo.

93 1064 161 1119 l5.
182 1059 237 1114 Α.
261 1032 463 1111 ἰλιεθ.
496 1047 769 1106 Honorius
800 1045 988 1101 Romae
1009 1040 1260 1105 moritur,
1290 1048 1434 1091 anno
1458 1032 1563 1087 im-

49 1155 142 1228 perii
166 1151 241 1208 sui
266 1148 331 1206 50
354 1145 448 1212 κδ,
472 1157 707 1215 quorum
726 1140 869 1196 duos
896 1133 1143 1207 regnavit
1161 1131 1265 1189 sub
1292 1135 1465 1200 patre,
1496 1125 1563 1179 15

49 1215 134 1303 tum
156 1243 320 1308 fratre,
355 1240 422 1295 {5
450 1253 574 1294 eum
607 1234 719 1290 ﬁlio
760 1230 948 1287 fratris
991 1222 1302 1284 Theodosio
1337 1219 1432 1291 (cf.
1485 1215 1560 1272 Η.

49 1337 130 1406 nn).
167 1331 554 1397 Faramundus,
598 1327 745 1383 ﬁlius
785 1318 1168 1385 Marcomedis,
1216 1311 1464 1387 regnavit
1508 1310 1563 1365 in

49 1426 223 1483 Francia
251 1421 340 1495 (cf.
364 1420 558 1477 Pnosr.
590 1417 718 1474 Chr.
748 1414 926 1486 ξηιλ).

94 1518 259 1573 Paulus
282 1515 347 1547 ’⁸⁸
368 1512 598 1569 Orosius
620 1508 906 1581 presbyter
930 1505 1137 1561 librum
1187 1513 1351 1556 suum
1380 1496 1569 1570 hysto—

49 1609 176 1664 ricam
194 1623 222 1663 a
240 1604 542 1663 conditione
567 1599 759 1657 mundi
793 1599 1079 1667 hucusque
1104 1589 1377 1664 perduxit.

49 1702 150 1757 Anni
167 1698 435 1757 Theodosii
453 1694 713 1767 iunioris.
1226 1740 1232 1746 ,

96 1793 173 1865 (Η.
195 1792 280 1865 m.)
304 1791 458 1847 Anno
486 1785 782 1849 dominicae
821 1777 1218 1843 incarnationis
1264 1770 1574 1840 427,Urbis

49 1889 224 1946 condita:
248 1863 531 1941 millesimo
555 1879 679 1935 ne.
722 1874 1068 1931 Theodosius
1083 1869 1294 1941 junior,
1316 1863 1575 1920 Archadii

51 1983 172 2047 ﬁlius,
201 1994 354 2050 nepos
378 1970 677 2031 Theodosii
701 1968 908 2041 magni,
937 1965 1030 2021 47°
1059 1964 1183 2019 loco
1203 1960 1273 2015 ab
1292 1959 1572 2029 Augusto,

52 2076 164 2130 solus
196 2072 355 2128 tenuit
386 2066 702 2138 imperium,
762 2076 891 2118 cum
938 2065 1095 2113 antea
1154 2059 1408 2124 regnaret
1448 2061 1575 2103 cum

1601 1732 1648 1792 B

52 2175 196 2234 patruo
212 2162 434 2219 Honorio
488 2172 669 2215 annos
713 2155 816 2222 15;
844 2149 1132 2223 imperavit
1157 2153 1339 2203 autem
1389 2148 1578 2213 postea

53 2258 169 2314 annis
187 2256 267 2324 26,
298 2255 387 2328 qui
409 2261 543 2312 sunt
570 2250 701 2307 anni
732 2249 821 2304 Η.
850 2245 1027 2319 (Jonn.
1065 2270 1135 2282 --
1163 2239 1234 2295 H.
1267 2239 1367 2309 γη.)
1389 2234 1577 2291 Ηυηο-

54 2346 113 2400 rio
134 2322 282 2401 autem
303 2322 582 2408 defuncto,
612 2338 894 2395 Johannes
914 2332 1136 2405 quidam
1168 2341 1397 2398 regnum
1432 2322 1581 2379 oeci.-

56 2439 215 2495 dentale
237 2437 442 2504 invasit,
468 2434 735 2504 misitque
752 2425 1081 2502 legationem
1106 2422 1176 2478 ad
1205 2417 1578 2475 Theodosium

58 2530 400 2601 imperatorem,
454 2526 668 2596 suscipi
714 2524 1037 2593 deprecans.
1095 2514 1223 2583 Qui,
1274 2509 1468 2582 legatis
1520 2508 1579 2562 in

59 2638 269 2678 carcerem
300 2621 482 2687 trusis,
529 2615 900 2673 Ardubarium
940 2617 1215 2682 pretorem
1237 2611 1429 2660 contra
1451 2612 1581 2655 eum

60 2714 184 2779 misit,
202 2728 347 2783 quem
374 2712 462 2767 ille
490 2708 640 2781 apud
681 2705 999 2761 Ravennam
1051 2711 1364 2772 aggressus,
1406 2690 1583 2748 inclu-

61 2806 123 2860 sit.
141 2806 238 2873 Quo
257 2805 593 2863 Theodosius
645 2801 851 2872 agnito,
892 2793 1357 2857 Valentinianum,
1402 2786 1585 2841 amita:

62 2913 143 2953 suae
157 2897 377 2954 Placidia:
414 2912 483 2954 ex
536 2891 864 2950 Constantio
918 2889 1112 2953 ﬁlium,
1141 2894 1402 2940 caesarem
1433 2875 1581 2946 fecit,

62 2998 221 3046 etcum
244 3000 403 3047 matre
441 3004 550 3046 sua
596 2985 665 3041 ad
711 2980 1087 3054 recipiendum
1132 2971 1470 3031 occidentale
1494 2985 1585 3027 re-

64 3097 184 3150 gnum
200 3084 394 3151 direxit,
416 3091 470 3138 et
497 3082 791 3151 Asparem,
820 3070 1114 3129 Ardubarii
1142 3069 1215 3102 ’“
1233 3066 1428 3132 ﬁlium,
1457 3071 1585 3119 ante
1614 3097 1657 3156 ο

65 3188 152 3227 eum
172 3184 333 3231 contra
349 3174 657 3231 Johannem
680 3169 850 3226 misit.
876 3166 1115 3238 Angelus
1152 3171 1336 3219 autem
1367 3158 1587 3214 Domini

66 3263 104 3317 iu
129 3265 283 3323 habitu
336 3266 580 3339 pastoris
622 3276 913 3334 apparens,
956 3255 1181 3313 deduxit
1222 3253 1486 3324 Asparem
1533 3257 1589 3306 et

67 3358 251 3424 quicum
270 3376 329 3415 eo
360 3369 518 3416 erant
545 3372 641 3429 per
663 3354 940 3427 paludem,
972 3365 1097 3421 quae
1125 3347 1403 3404 Ravenna:
1430 3343 1588 3415 adja-

67 3450 148 3504 cuit
163 3452 290 3522 prius
313 3454 450 3509 invia
475 3452 576 3520 "7,
600 3464 766 3522 quam
789 3455 922 3503 tunc
978 3444 1124 3499 Deus
1164 3439 1293 3497 fecit
1320 3437 1586 3510 perviam,

67 3543 384 3616 venientesque
404 3543 728 3601 Ravennam
743 3583 759 3609 ,
782 3548 971 3612 portas
995 3536 1320 3593 invenerunt
1347 3527 1587 3601 apertas,

68 3639 106 3686 ct
139 3634 481 3707 ingredientes,
550 3642 844 3708 tyrannum
891 3616 1195 3686 Johannem
1247 3621 1588 3708 occiderunt,

68 3722 394 3784 Ardurbarium
417 3745 447 3784 a
468 3702 712 3783 vinculis
762 3723 1134 3780 absolverunt.
1175 3702 1593 3783 Valentinianus

68 3812 190 3884 igitur
206 3821 405 3878 veniens
431 3820 672 3899 Italiam,
718 3830 995 3873 consensu
1033 3812 1280 3868 omnium
1305 3809 1484 3865 factus
1508 3813 1595 3862 est

70 3908 321 3981 imperator,
368 3915 603 3985 ideoque
637 3896 705 3967 ex
738 3894 956 3966 decreto
999 3901 1295 3961 Theodosii
1327 3906 1595 3971 angustus

69 4005 327 4072 appellatur.
1513 3995 1539 4041 .’

120 4094 289 4154 Eodem
308 4108 553 4172 tempore
573 4102 731 4153 erant
764 4091 928 4150 Gothi
956 4097 1012 4147 et
1044 4088 1166 4145 alim
1198 4093 1387 4158 gentes
1409 4082 1525 4139 mul

70 4202 116 4242 ac
138 4207 314 4263 magna:
340 4203 487 4251 trans
524 4191 858 4257 Danubium,
880 4182 1248 4259 Hyperboreis
1268 4179 1403 4237 locis
1437 4177 1598 4233 inha-

69 4278 271 4352 bitantes,
295 4302 358 4342 ex
407 4287 615 4359 quibus
642 4281 1082 4339 rationabiliorcs
1130 4283 1287 4332 erant
1336 4280 1595 4345 quatuor,

72 4369 209 4443 Gothi,
260 4377 583 4452 llypogothi,
644 4377 742 4449 qui
807 4383 864 4431 et
906 4372 1248 4444 Wisigothae,
1298 4365 1517 4436 Gepida:
1544 4371 1599 4418 et

1580 4054 1595 4062 νο

71 4460 289 4538 Wandali,
310 4442 509 4528 nomen
560 4442 771 4525 tantum
806 4477 861 4523 et
907 4442 1076 4522 nichil
1123 4461 1271 4519 aliud
1320 4467 1597 4535 mutantes
1630 4447 1674 4504 Ι)
1701 4450 1923 4501 secutus
1945 4446 2050 4502 est,
2070 4442 2133 4490 ιη

74 4569 243 4631 unaque
269 4563 447 4635 lingua
491 4571 739 4629 utentes;
797 4575 991 4615 omnes
1036 4565 1217 4613 autem
1266 4561 1424 4609 erant
1469 4548 1595 4606 ﬁdei

71 4646 282 4710 Arrianae.
306 4655 396 4712 lsti
426 4657 534 4712 sub
560 4653 832 4710 Archadio
891 4660 945 4707 et
1003 4649 1247 4705 Honorio
1280 4644 1595 4701 Danubium

72 4745 380 4815 transeuntes,
401 4747 570 4805 locati
606 4746 810 4804 suntin
852 4743 1151 4816 provinciis
1198 4739 1595 4801 Romanorum,

70 4839 110 4885 et
125 4832 310 4907 Gepida:
329 4842 587 4911 quidem“
603 4855 671 4895 ex
694 4839 896 4909 quibus
909 4822 1264 4907 postmodum
1286 4830 1447 4885 divisi
1471 4834 1601 4883 sunt

72 4919 359 4997 llongobardi
379 4941 435 4988 et
455 4931 680 4997 Avares,
697 4930 858 4984 villas
885 4942 1007 4998 quae
1031 4932 1161 4981 sunt
1180 4923 1326 4979 circa
1353 4919 1597 4993 Sygedo—

70 5029 164 5072 nem
186 5031 233 5075 et
255 5020 522 5095 Syrmium
544 5023 952 5088 habitaverunt;
975 5016 1293 5089 Wisigothae
1317 5028 1447 5070 vero
1473 5020 1601 5084 post

72 5106 298 5170 Alaricum
321 5118 707 5189 depopulantes
734 5113 987 5179 Romam,
1014 5111 1068 5166 in
1106 5109 1312 5166 Gallias
1346 5107 1601 5162 abierunt

68 5205 109 5249 ει
136 5216 239 5270 (tua:
257 5205 325 5261 ibi
376 5216 506 5263 sunt
554 5208 929 5271 obtinuerunt,
966 5200 1128 5257 Gothi
1171 5206 1377 5265 autem,
1412 5195 1507 5266 qui
1546 5200 1602 5250 et

1294 5584 1530 5643 VARIE
1577 5573 1978 5639 LECTIONES.

146 5680 182 5713 "
213 5685 343 5741 deest
397 5690 481 5745 ιδ.
529 5690 613 5746 9ε.
685 5690 756 5724 ⁸⁸³
794 5688 892 5743 Hic
927 5712 999 5727 --
1025 5668 1315 5741 cantentur
1336 5695 1447 5734 aes.
1474 5677 1526 5730 4.
1603 5666 1955 5746 ’Ἰᾴεεειροε
2033 5662 2103 5746 ’ἲ
2134 5649 2398 5746 xxxii"
2439 5649 2492 5746 ξ’]

68 5742 478 5826 ῐηῌαεάεωὶιί
517 5742 613 5818 Et.
686 5742 1059 5826 "‘ardobarii
1111 5754 1244 5811 t.-5.
1316 5751 1385 5787 ἰτ
1414 5747 1619 5806 inviam
1646 5742 1742 5798 El.

71 5818 95 5872 ι
135 5822 216 5883 ἵει,
247 5826 336 5883 87.’

1659 739 1955 812 Hyspania.
2103 799 2107 802 ν

1730 830 1810 886 En
1828 839 2074 910 tempore
2119 826 2344 883 fuerunt
2375 823 2486 879 duo
2511 828 2781 894 pretores,
2833 816 3034 874 Accius
3057 824 3110 872 et
3135 815 3245 871 Bo-

1661 923 1918 990 nifaeius,
1971 936 2111 993 quos
2158 917 2521 982 Theodosius,
2558 912 2871 986 postulante
2903 909 3250 988 Valentiano,

1664 1017 1899 1074 Romam
1947 985 2165 1070 direxit.
2227 1010 2477 1081 Cumque
2517 1003 2836 1062 Bonifacius
2884 985 3254 1074 principatum

1663 1108 1863 1164 Africae
1904 1105 2239 1178 percepisset
2307 1102 2491 1173 ibique
2533 1099 2769 1171 gloriose
2805 1102 3021 1168 ageret,
3050 1094 3255 1149 invidia

1664 1202 1864 1258 ductus
1891 1199 2092 1255 Accius
2127 1194 2407 1253 accusavit
2431 1208 2571 1255 eum
2598 1190 2742 1262 apud
2766 1187 3090 1254 Plaeidiam,
3134 1201 3256 1240 ma-

1667 1302 1804 1352 trem
1836 1289 2226 1355 Valentiniani,
2248 1286 2399 1359 quod
2426 1285 2832 1341 rebellationem
2878 1280 3258 1345 meditaretur,

1666 1398 1908 1446 ceterum
1947 1382 2230 1449 Bonifacio
2257 1379 2480 1452 scripsit
2509 1396 2521 1432 :
2553 1376 2615 1433 Si
2659 1376 2946 1431 accersitus
2968 1373 3155 1445 fueris,
3177 1388 3262 1426 ac-
3330 1436 3335 1437 γ

1667 1483 1848 1538 cedere
1878 1478 2021 1544 nali;
2063 1477 2342 1553 incusatus
2393 1472 2533 1527 enim
2561 1486 2636 1536 es,
2678 1475 2730 1523 ct
2785 1466 2964 1522 dolose
2992 1473 3179 1520 vocant
3213 1471 3264 1518 te

1667 1575 2049 1647 imperatores-
2088 1568 2191 1625 Cui
2239 1566 2471 1623 credens
2517 1558 2855 1627 Bonifacius,
2886 1558 3148 1615 accedere
3180 1555 3264 1615 di-

1562 1706 1567 1715 τ
1674 1668 1830 1724 stulit
1863 1663 2187 1721 accersitus.
2242 1659 2400 1714 Tunc
2433 1657 2796 1726 imperatores
2844 1650 3073 1707 Accium
3101 1647 3268 1720 quasi

1676 1760 1931 1818 devotum
1964 1761 2314 1826 acceperunt,
2342 1759 2396 1806 et
2449 1748 2713 1828 adversus
2761 1741 3105 1820 Bonifacium
3157 1740 3272 1796 duo

1677 1854 1866 1918 duces,
1898 1847 2202 1919 Mavortius
2233 1851 2288 1899 et
2329 1826 2563 1921 Galbio,‘
2594 1837 2751 1894 missi
2803 1843 2952 1901 sunt,
2988 1833 3081 1890 sed
3109 1832 3180 1888 ab
3204 1845 3273 1887 eo

1677 1941 1988 2013 interempti
2040 1946 2189 1995 sunt.
2233 1936 2452 1991 Rursus
2476 1939 2687 2005 contra
2728 1943 2855 1984 eum
2913 1924 3272 1998 Sigiswaldus

1678 2051 1863 2094 comes
1899 2033 2175 2105 dirigitur.
2235 2025 2554 2084 Bonifacius
2596 2036 2729 2079 vero
2761 2033 3012 2085 cernens,
3040 2032 3102 2074 se
3125 2014 3274 2070 Afri-

1677 2144 1800 2186 cam
1825 2136 2008 2182 tenere
2033 2139 2143 2180 non
2167 2135 2348 2194 posse,
2399 2112 2776 2174 transfretavit
2823 2112 2882 2166 in
2937 2107 3275 2181 Hyspaniam

1680 2222 1748 2279 ad
1775 2218 2076 2275 Wandalos
2119 2223 2175 2272 et
2225 2213 2450 2278 Alanos,
2482 2219 2539 2266 et
2585 2222 2711 2264 cum
2766 2202 3118 2275 Modigisclus
3159 2200 3272 2270 jam

1680 2321 1934 2371 mortuus
1959 2316 2126 2375 esset,
2157 2306 2299 2362 ﬁlios
2320 2303 2442 2375 ejus
2464 2296 2832 2357 Guntharium
2861 2303 2915 2351 et
2937 2292 3275 2350 Geisericum

1683 2403 1858 2462 suasit
1879 2403 1934 2458 in
1959 2399 2203 2456 Africam
2228 2396 2417 2452 venire
2438 2405 2691 2464 _eamque
2721 2385 3021 2460 possidere.
3052 2382 3159 2451 Qui
3190 2397 3259 2438 ve

1683 2498 1918 2561 nientes,
1941 2502 2116 2550 totam
2143 2487 2377 2562 penem
2410 2484 2655 2541 Africam
2689 2480 2838 2536 ferro
2866 2487 2921 2533 et
2940 2476 3161 2532 ﬂamma
3184 2490 3277 2529 ra-

1682 2588 1940 2664 pinisque
1963 2583 2387 2654 dissipaverunt.
2415 2575 2530 2631 Sub
2557 2568 2895 2629 hocturbinc
2922 2565 3279 2622 beatissimus

1684 2658 2027 2756 Augustinus
2059 2670 2440 2748 Hypponensis
2460 2668 2773 2739 episcopus,
2795 2677 2866 2717 ne
2904 2658 3145 2716 civitatis
3165 2671 3281 2711 sua:

1684 2781 1906 2845 ruinam
1932 2779 2201 2838 cerneret,
2232 2768 2405 2827 tercio
2440 2750 2631 2821 me‘nse
2654 2754 2962 2817 obsidionis
3009 2751 3133 2822 ejus
3174 2747 3283 2803 mi-

1688 2873 1864 2950 gravit
1883 2871 1952 2928 ad
1986 2866 2304 2925 Dominum,
2346 2855 2690 2930 septuaginta
2715 2858 2771 2908 et
2809 2864 2906 2905 sex
2954 2844 3079 2900 vitae
3121 2838 3282 2895 annis

1688 2935 1940 3040 Expletis,
1986 2976 2055 3018 ex
2103 2955 2306 3029 quibus
2346 2951 2416 3007 40
2458 2949 2514 3005 in
2539 2944 2802 3003 clericatu
2843 2937 2929 2995 vel
2967 2935 3281 3007 episcopatu

1690 3025 2051 3130 transegerat.
2073 3025 2284 3108 Interea
2308 3044 2531 3119 quidam
2554 3047 2894 3100 senatorum,
2924 3029 3088 3089 amici
3111 3025 3264 3082 Boni

1691 3151 1842 3219 facii,
1871 3148 2067 3206 falsam
2106 3116 2513 3203 accusationem
2564 3130 2714 3189 Accii
2741 3116 3284 3192 intimaveruntyla-

1692 3208 1869 3311 cidiae,
1903 3238 2255 3298 ostendentes
2279 3231 2331 3289 ei
2369 3225 2655 3299 epistolam
2701 3220 2771 3308 ab
2800 3216 2991 3274 eodem
3019 3212 3090 3268 ad
3116 3208 3287 3265 Boni-

1692 3298 1897 3394 facium
1933 3333 2214 3403 scriptam.
2238 3325 2309 3381 At
2345 3298 2438 3379 illa
2463 3298 2789 3389 stupefacta,
2813 3309 3040 3403 Accium
3062 3303 3286 3376 quidem

1691 3443 1803 3487 non
1821 3426 1981 3493 laesit,
2017 3397 2298 3479 Bonifacio
2332 3427 2464 3470 vero
2492 3407 2717 3477 verbum
2742 3397 3199 3463 exhortatorium,
3227 3402 3289 3450 ut

1692 3536 1924 3582 securus
1941 3516 2178 3581 veniret,
2202 3524 2326 3567 cum
2350 3499 2681 3578 iuramentis
2708 3494 2878 3553 misit.
2910 3490 3014 3560 Qui
3033 3488 3287 3553 veniens,

1693 3578 2067 3686 suspicionem
2087 3578 2358 3666 dissolvit,
2381 3606 2438 3663 et
2458 3594 2729 3665 magister,
2754 3586 2993 3643 militum
3037 3578 3287 3643 effectus,

1694 3667 2002 3762 nonrmulto
2018 3703 2143 3770 post
2169 3690 2366 3750 morbo
2387 3685 2661 3743 extinctus
2690 3687 2794 3736 est.
2820 3672 3028 3731 Deinde
3050 3667 3288 3724 Romani

1694 3761 1964 3856 dederunt
1994 3761 2277 3848 Wandalis
2303 3789 2512 3855 partem
2541 3773 2741 3830 Africa:
2791 3769 2859 3824 ad
2902 3761 3290 3856 habitandum,

1694 3893 1839 3950 facta
1859 3902 1992 3960 pace
2026 3898 2152 3941 cum
2199 3853 2547 3936 eideortuo
2593 3878 2776 3923 autem
2829 3861 2902 3895 ⁹⁶⁹
2955 3853 3291 3918 Gunthario,

1696 3950 2010 4042 Geisericus
2050 3975 2351 4031 Alanorum
2368 3976 2426 4023 et
2471 3959 2869 4018 Wandalorum
2891 3952 2963 3986 "’°
2991 3950 3295 4019 imperator

1696 4076 1876 4133 factus
1896 4080 1998 4128 est.
2026 4067 2130 4136 Qui
2151 4062 2411 4135 quoniam
2433 4055 2703 4111 Arrianus
2720 4054 2860 4111 erat,
2905 4041 3050 4098 infra
3085 4038 3295 4095 limites

1696 4361 1835 4417 tere,
1876 4345 2187 4411 multosque
2211 4335 2499 4407 episcopos
2528 4324 2826 4384 catholicos
2848 4320 2906 4375 in
2925 4324 3137 4372 tantum
3163 4328 3289 4385 pcr—

2156 4430 2398 4503 privatos
2418 4419 2791 4481 aecclesiarum
2818 4425 3048 4484 suarum
3065 4408 3189 4478 jure
3219 4406 3288 4460 de

1698 4534 2011 4596 civitatibus
2038 4500 2365 4598 expelleret.
2406 4517 2609 4574 Deinde
2646 4507 3001 4581 Kartaginem
3024 4500 3300 4568 ,sirnulata

1698 4645 1833 4704 pace
1867 4624 2148 4686 invadens,
2171 4630 2366 4675 omnes
2384 4608 2603 4669 divitias
2645 4615 2703 4662 et
2724 4605 3048 4665 ornamenta
3093 4593 3289 4651 accele-

1698 4723 1921 4783 siastica
1955 4713 2199 4775 abstulit.
2602 4774 2612 4785 .

1771 4775 2187 4869 Valentinianus
2207 4809 2389 4859 autem
2411 4775 2697 4867 angustus,
2719 4780 3026 4843 Constantii
3047 4788 3103 4834 et
3124 4775 3292 4832 Galla:

1702 4911 1868 4975 ﬁlius,
1892 4905 1961 4961 ad
1981 4897 2354 4958 Theodosium
2402 4885 2795 4946 consobrinum
2820 4890 2984 4933 suum
3014 4871 3297 4939 Constang

1702 4967 1990 5071 tinopolim
2027 4991 2325 5066 profectus,
2376 4982 2524 5040 ﬁlius
2581 4976 2701 5048 ejus
2743 4967 3067 5033 Eudoxiam,
3122 4975 3291 5071 quam

1705 5095 1809 5157 sibi
1826 5051 2084 5149 rEudoxia
2112 5083 2319 5159 genuit,
2364 5078 2423 5133 in
2476 5065 2889 5129 matrimOnium
2928 5056 3156 5127 accepit,
3189 5051 3305 5107 Ror

2551 5638 2635 5703 9".
2678 5590 2889 5699 AhXta
2921 5640 2974 5692 4.
3048 5624 3132 5687 ΙΟ.
3200 5632 3300 5687 η,

1848 5705 1901 5770 ιδ’
1924 5705 2036 5790 fere
2065 5705 2457 5787 acmiwﬁéési
2483 5724 2568 5779 9'.
2646 5718 2716 5767 '1'
2743 5712 2992 5773 daloru-m
3014 5708 3092 5761 ita
3121 5705 3307 5773 pergil
