  <div class='ocr_page' id='page_1' title='image "/cluster/home/n/w/nwhite01/storage/ocr_20150623/154/hvd.32044015473820/391.png"; bbox 0 0 3880 6308; ppageno 0'>
   <div class='ocr_carea' id='block_1_1' title="bbox 588 258 685 314">
    <p class='ocr_par' dir='ltr' id='par_1_1' title="bbox 588 258 685 314">
     <span class='ocr_line' id='line_1_1' title="bbox 588 258 685 314; baseline 0.01 -1"><span class='ocrx_word' id='word_1_1' title='bbox 588 258 685 314; x_wconf 81' lang='grc'><strong>771</strong></span> 
     </span>
    </p>
   </div>
   <div class='ocr_carea' id='block_1_2' title="bbox 587 467 2172 538">
    <p class='ocr_par' dir='ltr' id='par_1_2' title="bbox 587 467 2172 538">
     <span class='ocr_line' id='line_1_2' title="bbox 587 467 2172 538; baseline 0.004 -17"><span class='ocrx_word' id='word_1_2' title='bbox 587 476 1001 538; x_wconf 90' lang='lat' dir='ltr'><strong>perseverarent</strong></span> <span class='ocrx_word' id='word_1_3' title='bbox 1066 467 1122 522; x_wconf 86' lang='lat' dir='ltr'><strong>in</strong></span> <span class='ocrx_word' id='word_1_4' title='bbox 1161 467 1396 524; x_wconf 65' lang='lat' dir='ltr'><strong>laetaniis</strong></span> <span class='ocrx_word' id='word_1_5' title='bbox 1449 469 1517 524; x_wconf 90' lang='lat' dir='ltr'><strong>ad</strong></span> <span class='ocrx_word' id='word_1_6' title='bbox 1563 468 1736 524; x_wconf 89' lang='lat' dir='ltr'><strong>Deum</strong></span> <span class='ocrx_word' id='word_1_7' title='bbox 1786 471 2172 528; x_wconf 77' lang='lat' dir='ltr'><strong>vociferantes.</strong></span> 
     </span>
    </p>
   </div>
   <div class='ocr_carea' id='block_1_3' title="bbox 587 559 2176 635">
    <p class='ocr_par' dir='ltr' id='par_1_3' title="bbox 587 559 2176 635">
     <span class='ocr_line' id='line_1_3' title="bbox 587 559 2176 635; baseline 0.004 -21"><span class='ocrx_word' id='word_1_8' title='bbox 587 559 834 626; x_wconf 82' lang='lat' dir='ltr'><strong>Quadam</strong></span> <span class='ocrx_word' id='word_1_9' title='bbox 862 576 990 631; x_wconf 88' lang='lat' dir='ltr'><strong>ergo</strong></span> <span class='ocrx_word' id='word_1_10' title='bbox 1013 559 1101 615; x_wconf 91' lang='lat' dir='ltr'><strong>die</strong></span> <span class='ocrx_word' id='word_1_11' title='bbox 1122 569 1267 616; x_wconf 87' lang='lat' dir='ltr'><strong>terra</strong></span> <span class='ocrx_word' id='word_1_12' title='bbox 1288 559 1586 617; x_wconf 84' lang='lat' dir='ltr'><strong>ﬂuctuante</strong></span> <span class='ocrx_word' id='word_1_13' title='bbox 1613 573 1667 618; x_wconf 90' lang='lat' dir='ltr'><strong>et</strong></span> <span class='ocrx_word' id='word_1_14' title='bbox 1688 564 1838 618; x_wconf 91' lang='lat' dir='ltr'><strong>omni</strong></span> <span class='ocrx_word' id='word_1_15' title='bbox 1854 566 2055 635; x_wconf 89' lang='lat' dir='ltr'><strong>populo</strong></span> <span class='ocrx_word' id='word_1_16' title='bbox 2089 575 2176 621; x_wconf 83' lang='lat' dir='ltr'><strong>at-</strong></span> 
     </span>
    </p>
   </div>
   <div class='ocr_carea' id='block_1_4' title="bbox 586 652 2176 723">
    <p class='ocr_par' dir='ltr' id='par_1_4' title="bbox 586 652 2176 723">
     <span class='ocr_line' id='line_1_4' title="bbox 586 652 2176 723; baseline 0.004 -17"><span class='ocrx_word' id='word_1_17' title='bbox 586 652 791 707; x_wconf 90' lang='lat' dir='ltr'><strong>tentius</strong></span> <span class='ocrx_word' id='word_1_18' title='bbox 816 652 969 723; x_wconf 83' lang='lat' dir='ltr'><strong>kyrie</strong></span> <span class='ocrx_word' id='word_1_19' title='bbox 1001 652 1206 707; x_wconf 90' lang='lat' dir='ltr'><strong>eleison</strong></span> <span class='ocrx_word' id='word_1_20' title='bbox 1230 653 1521 720; x_wconf 90' lang='lat' dir='ltr'><strong>clamante,</strong></span> <span class='ocrx_word' id='word_1_21' title='bbox 1547 653 1694 710; x_wconf 91' lang='lat' dir='ltr'><strong>circa</strong></span> <span class='ocrx_word' id='word_1_22' title='bbox 1726 655 1916 710; x_wconf 90' lang='lat' dir='ltr'><strong>horam</strong></span> <span class='ocrx_word' id='word_1_23' title='bbox 1951 657 2176 713; x_wconf 90' lang='lat' dir='ltr'><strong>terciam</strong></span> 
     </span>
    </p>
   </div>
   <div class='ocr_carea' id='block_1_5' title="bbox 583 744 2176 816">
    <p class='ocr_par' dir='ltr' id='par_1_5' title="bbox 583 744 2176 816">
     <span class='ocr_line' id='line_1_5' title="bbox 583 744 2176 816; baseline 0.005 -18"><span class='ocrx_word' id='word_1_24' title='bbox 583 745 840 800; x_wconf 85' lang='lat' dir='ltr'><strong>omnibus</strong></span> <span class='ocrx_word' id='word_1_25' title='bbox 870 744 1178 800; x_wconf 84' lang='lat' dir='ltr'><strong>videntibus</strong></span> <span class='ocrx_word' id='word_1_26' title='bbox 1201 746 1424 816; x_wconf 89' lang='lat' dir='ltr'><strong>quidam</strong></span> <span class='ocrx_word' id='word_1_27' title='bbox 1447 746 1884 805; x_wconf 86' lang='lat' dir='ltr'><strong>adolescentulus</strong></span> <span class='ocrx_word' id='word_1_28' title='bbox 1906 749 1962 804; x_wconf 90' lang='lat' dir='ltr'><strong>in</strong></span> <span class='ocrx_word' id='word_1_29' title='bbox 1994 765 2176 806; x_wconf 90' lang='lat' dir='ltr'><strong>aerem</strong></span> 
     </span>
    </p>
   </div>
   <div class='ocr_carea' id='block_1_6' title="bbox 584 828 2176 909">
    <p class='ocr_par' dir='ltr' id='par_1_6' title="bbox 584 828 2176 909">
     <span class='ocr_line' id='line_1_6' title="bbox 584 828 2176 909; baseline 0.006 -19"><span class='ocrx_word' id='word_1_30' title='bbox 584 828 920 903; x_wconf 69' lang='lat' dir='ltr'><strong>sublev&#39;atur,</strong></span> <span class='ocrx_word' id='word_1_31' title='bbox 943 837 1260 909; x_wconf 84' lang='lat' dir='ltr'><strong>audivitque</strong></span> <span class='ocrx_word' id='word_1_32' title='bbox 1281 854 1470 894; x_wconf 91' lang='lat' dir='ltr'><strong>vocem</strong></span> <span class='ocrx_word' id='word_1_33' title='bbox 1503 839 1775 896; x_wconf 89' lang='lat' dir='ltr'><strong>dicentem</strong></span> <span class='ocrx_word' id='word_1_34' title='bbox 1800 842 1926 909; x_wconf 89' lang='lat' dir='ltr'><strong>sibi,</strong></span> <span class='ocrx_word' id='word_1_35' title='bbox 1956 852 2018 898; x_wconf 89' lang='lat' dir='ltr'><strong>ut</strong></span> <span class='ocrx_word' id='word_1_36' title='bbox 2034 861 2176 900; x_wconf 92' lang='lat' dir='ltr'><strong>nun-</strong></span> 
     </span>
    </p>
   </div>
   <div class='ocr_carea' id='block_1_7' title="bbox 583 929 2176 1003">
    <p class='ocr_par' dir='ltr' id='par_1_7' title="bbox 583 929 2176 1003">
     <span class='ocr_line' id='line_1_7' title="bbox 583 929 2176 1003; baseline 0.004 -19"><span class='ocrx_word' id='word_1_37' title='bbox 583 929 753 984; x_wconf 88' lang='lat' dir='ltr'><strong>ciaret</strong></span> <span class='ocrx_word' id='word_1_38' title='bbox 784 930 1041 1000; x_wconf 88' lang='lat' dir='ltr'><strong>episcopo</strong></span> <span class='ocrx_word' id='word_1_39' title='bbox 1071 947 1136 986; x_wconf 90' lang='lat' dir='ltr'><strong>ac</strong></span> <span class='ocrx_word' id='word_1_40' title='bbox 1159 933 1362 1003; x_wconf 85' lang='lat' dir='ltr'><strong>pepulo</strong></span> <span class='ocrx_word' id='word_1_41' title='bbox 1412 932 1850 990; x_wconf 63' lang='lat' dir='ltr'><strong>ltetaniasfacere</strong></span> <span class='ocrx_word' id='word_1_42' title='bbox 1876 943 1932 990; x_wconf 91' lang='lat' dir='ltr'><strong>et</strong></span> <span class='ocrx_word' id='word_1_43' title='bbox 1981 936 2061 992; x_wconf 93' lang='lat' dir='ltr'><strong>sic</strong></span> <span class='ocrx_word' id='word_1_44' title='bbox 2088 937 2176 991; x_wconf 41' lang='lat' dir='ltr'><strong>did</strong></span> 
     </span>
    </p>
   </div>
   <div class='ocr_carea' id='block_1_8' title="bbox 582 1018 2176 1095">
    <p class='ocr_par' dir='ltr' id='par_1_8' title="bbox 582 1018 2176 1095">
     <span class='ocr_line' id='line_1_8' title="bbox 582 1018 2176 1095; baseline 0.006 -23"><span class='ocrx_word' id='word_1_45' title='bbox 582 1033 745 1074; x_wconf 86' lang='lat' dir='ltr'><strong>cere:</strong></span> <span class='ocrx_word' id='word_1_46' title='bbox 774 1018 1003 1075; x_wconf 85' lang='lat' dir='ltr'><strong>Sanctus</strong></span> <span class='ocrx_word' id='word_1_47' title='bbox 1044 1023 1207 1090; x_wconf 83' lang='lat' dir='ltr'><strong>Deus,</strong></span> <span class='ocrx_word' id='word_1_48' title='bbox 1253 1033 1469 1078; x_wconf 88' lang='lat' dir='ltr'><strong>sanctus</strong></span> <span class='ocrx_word' id='word_1_49' title='bbox 1500 1025 1676 1095; x_wconf 81' lang='lat' dir='ltr'><strong>fortis,</strong></span> <span class='ocrx_word' id='word_1_50' title='bbox 1701 1036 1918 1081; x_wconf 86' lang='lat' dir='ltr'><strong>sanctus</strong></span> <span class='ocrx_word' id='word_1_51' title='bbox 1957 1028 2176 1082; x_wconf 83' lang='lat' dir='ltr'><strong>immor—</strong></span> 
     </span>
    </p>
   </div>
   <div class='ocr_carea' id='block_1_9' title="bbox 583 1111 2174 1188">
    <p class='ocr_par' dir='ltr' id='par_1_9' title="bbox 583 1111 2174 1188">
     <span class='ocr_line' id='line_1_9' title="bbox 583 1111 2174 1188; baseline 0.007 -25"><span class='ocrx_word' id='word_1_52' title='bbox 583 1111 728 1177; x_wconf 82' lang='lat' dir='ltr'><strong>talis,</strong></span> <span class='ocrx_word' id='word_1_53' title='bbox 755 1113 998 1167; x_wconf 81' lang='lat' dir='ltr'><strong>miserere</strong></span> <span class='ocrx_word' id='word_1_54' title='bbox 1029 1115 1200 1181; x_wconf 81' lang='lat' dir='ltr'><strong>nobis,</strong></span> <span class='ocrx_word' id='word_1_55' title='bbox 1238 1116 1407 1171; x_wconf 87' lang='lat' dir='ltr'><strong>nichil</strong></span> <span class='ocrx_word' id='word_1_56' title='bbox 1437 1117 1584 1172; x_wconf 87' lang='lat' dir='ltr'><strong>aliud</strong></span> <span class='ocrx_word' id='word_1_57' title='bbox 1630 1129 1983 1188; x_wconf 87' lang='lat' dir='ltr'><strong>apponentes.</strong></span> <span class='ocrx_word' id='word_1_58' title='bbox 2019 1118 2174 1186; x_wconf 87' lang='lat' dir='ltr'><strong>Quod</strong></span> 
     </span>
    </p>
   </div>
   <div class='ocr_carea' id='block_1_10' title="bbox 580 1205 2169 1273">
    <p class='ocr_par' dir='ltr' id='par_1_10' title="bbox 580 1205 2169 1273">
     <span class='ocr_line' id='line_1_10' title="bbox 580 1205 2169 1273; baseline 0.005 -16"><span class='ocrx_word' id='word_1_59' title='bbox 580 1220 705 1258; x_wconf 88' lang='lat' dir='ltr'><strong>cum</strong></span> <span class='ocrx_word' id='word_1_60' title='bbox 734 1205 905 1273; x_wconf 75' lang='lat' dir='ltr'><strong>fleret,</strong></span> <span class='ocrx_word' id='word_1_61' title='bbox 950 1216 1282 1264; x_wconf 87' lang='lat' dir='ltr'><strong>terremotus</strong></span> <span class='ocrx_word' id='word_1_62' title='bbox 1327 1210 1579 1265; x_wconf 85' lang='lat' dir='ltr'><strong>cessavit.</strong></span> <span class='ocrx_word' id='word_1_63' title='bbox 1647 1210 1820 1266; x_wconf 88' lang='lat' dir='ltr'><strong>Porro</strong></span> <span class='ocrx_word' id='word_1_64' title='bbox 1847 1211 2005 1266; x_wconf 86' lang='lat' dir='ltr'><strong>beata</strong></span> <span class='ocrx_word' id='word_1_65' title='bbox 2034 1212 2169 1267; x_wconf 89' lang='lat' dir='ltr'><strong>Pul-</strong></span> 
     </span>
    </p>
   </div>
   <div class='ocr_carea' id='block_1_11' title="bbox 580 1299 2175 1378">
    <p class='ocr_par' dir='ltr' id='par_1_11' title="bbox 580 1299 2175 1378">
     <span class='ocr_line' id='line_1_11' title="bbox 580 1299 2175 1378; baseline 0.008 -27"><span class='ocrx_word' id='word_1_66' title='bbox 580 1299 787 1365; x_wconf 89' lang='lat' dir='ltr'><strong>cheria,</strong></span> <span class='ocrx_word' id='word_1_67' title='bbox 817 1315 974 1356; x_wconf 88' lang='lat' dir='ltr'><strong>soror</strong></span> <span class='ocrx_word' id='word_1_68' title='bbox 1005 1301 1320 1372; x_wconf 88' lang='lat' dir='ltr'><strong>Theodosii,</strong></span> <span class='ocrx_word' id='word_1_69' title='bbox 1350 1321 1460 1359; x_wconf 85' lang='lat' dir='ltr'><strong>una</strong></span> <span class='ocrx_word' id='word_1_70' title='bbox 1500 1321 1624 1360; x_wconf 90' lang='lat' dir='ltr'><strong>cum</strong></span> <span class='ocrx_word' id='word_1_71' title='bbox 1649 1305 1819 1362; x_wconf 88' lang='lat' dir='ltr'><strong>fratre</strong></span> <span class='ocrx_word' id='word_1_72' title='bbox 1873 1323 2038 1378; x_wconf 90' lang='lat' dir='ltr'><strong>super</strong></span> <span class='ocrx_word' id='word_1_73' title='bbox 2069 1308 2175 1364; x_wconf 93' lang='lat' dir='ltr'><strong>hoc</strong></span> 
     </span>
    </p>
   </div>
   <div class='ocr_carea' id='block_1_12' title="bbox 581 1388 2172 1467">
    <p class='ocr_par' dir='ltr' id='par_1_12' title="bbox 581 1388 2172 1467">
     <span class='ocr_line' id='line_1_12' title="bbox 581 1388 2172 1467; baseline 0.009 -26"><span class='ocrx_word' id='word_1_74' title='bbox 581 1388 849 1445; x_wconf 90' lang='lat' dir='ltr'><strong>miraculo</strong></span> <span class='ocrx_word' id='word_1_75' title='bbox 872 1393 1028 1447; x_wconf 85' lang='lat' dir='ltr'><strong>valde</strong></span> <span class='ocrx_word' id='word_1_76' title='bbox 1049 1394 1266 1460; x_wconf 85' lang='lat' dir='ltr'><strong>mirata,</strong></span> <span class='ocrx_word' id='word_1_77' title='bbox 1307 1397 1488 1451; x_wconf 78' lang='lat' dir='ltr'><strong>sanxit</strong></span> <span class='ocrx_word' id='word_1_78' title='bbox 1510 1413 1607 1467; x_wconf 89' lang='lat' dir='ltr'><strong>per</strong></span> <span class='ocrx_word' id='word_1_79' title='bbox 1637 1399 1954 1454; x_wconf 89' lang='lat' dir='ltr'><strong>universum</strong></span> <span class='ocrx_word' id='word_1_80' title='bbox 1983 1401 2172 1456; x_wconf 87' lang='lat' dir='ltr'><strong>orbem</strong></span> 
     </span>
    </p>
   </div>
   <div class='ocr_carea' id='block_1_13' title="bbox 580 1481 2173 1554">
    <p class='ocr_par' dir='ltr' id='par_1_13' title="bbox 580 1481 2173 1554">
     <span class='ocr_line' id='line_1_13' title="bbox 580 1481 2173 1554; baseline 0.01 -21"><span class='ocrx_word' id='word_1_81' title='bbox 580 1481 725 1537; x_wconf 92' lang='lat' dir='ltr'><strong>hunc</strong></span> <span class='ocrx_word' id='word_1_82' title='bbox 754 1499 978 1554; x_wconf 88' lang='lat' dir='ltr'><strong>ymnum</strong></span> <span class='ocrx_word' id='word_1_83' title='bbox 1006 1487 1185 1541; x_wconf 80' lang='lat' dir='ltr'><strong>taliter</strong></span> <span class='ocrx_word' id='word_1_84' title='bbox 1213 1489 1513 1543; x_wconf 88' lang='lat' dir='ltr'><strong>decantari.</strong></span> <span class='ocrx_word' id='word_1_85' title='bbox 1548 1489 1661 1545; x_wconf 90' lang='lat' dir='ltr'><strong>Sub</strong></span> <span class='ocrx_word' id='word_1_86' title='bbox 1716 1491 1802 1546; x_wconf 92' lang='lat' dir='ltr'><strong>his</strong></span> <span class='ocrx_word' id='word_1_87' title='bbox 1844 1491 1957 1548; x_wconf 83' lang='lat' dir='ltr'><strong>fere</strong></span> <span class='ocrx_word' id='word_1_88' title='bbox 1980 1493 2173 1549; x_wconf 87' lang='lat' dir='ltr'><strong>diebus</strong></span> 
     </span>
    </p>
   </div>
   <div class='ocr_carea' id='block_1_14' title="bbox 579 1568 2170 1652">
    <p class='ocr_par' dir='ltr' id='par_1_14' title="bbox 579 1568 2170 1652">
     <span class='ocr_line' id='line_1_14' title="bbox 579 1568 2170 1652; baseline 0.009 -26"><span class='ocrx_word' id='word_1_89' title='bbox 579 1568 753 1628; x_wconf 74' lang='lat' dir='ltr'><strong>Roma</strong></span> <span class='ocrx_word' id='word_1_90' title='bbox 777 1585 928 1630; x_wconf 88' lang='lat' dir='ltr'><strong>tanto</strong></span> <span class='ocrx_word' id='word_1_91' title='bbox 953 1586 1247 1633; x_wconf 91' lang='lat' dir='ltr'><strong>terremotu</strong></span> <span class='ocrx_word' id='word_1_92' title='bbox 1292 1595 1563 1636; x_wconf 89' lang='lat' dir='ltr'><strong>concussa</strong></span> <span class='ocrx_word' id='word_1_93' title='bbox 1609 1590 1714 1649; x_wconf 91' lang='lat' dir='ltr'><strong>est,</strong></span> <span class='ocrx_word' id='word_1_94' title='bbox 1743 1591 1804 1637; x_wconf 87' lang='lat' dir='ltr'><strong>ut</strong></span> <span class='ocrx_word' id='word_1_95' title='bbox 1825 1583 2060 1652; x_wconf 90' lang='lat' dir='ltr'><strong>plurima</strong></span> <span class='ocrx_word' id='word_1_96' title='bbox 2093 1599 2170 1640; x_wconf 72' lang='lat' dir='ltr'><strong>te-</strong></span> 
     </span>
    </p>
   </div>
   <div class='ocr_carea' id='block_1_15' title="bbox 576 1663 1128 1724">
    <p class='ocr_par' dir='ltr' id='par_1_15' title="bbox 576 1663 1128 1724">
     <span class='ocr_line' id='line_1_15' title="bbox 576 1663 1128 1724; baseline 0.011 -7"><span class='ocrx_word' id='word_1_97' title='bbox 576 1663 758 1718; x_wconf 83' lang='lat' dir='ltr'><strong>diﬁeia</strong></span> <span class='ocrx_word' id='word_1_98' title='bbox 788 1676 1128 1724; x_wconf 87' lang='lat' dir='ltr'><strong>corruerent.</strong></span> 
     </span>
    </p>
   </div>
   <div class='ocr_carea' id='block_1_16' title="bbox 647 1755 2170 1831">
    <p class='ocr_par' dir='ltr' id='par_1_16' title="bbox 647 1755 2170 1831">
     <span class='ocr_line' id='line_1_16' title="bbox 647 1755 2170 1831; baseline 0.008 -21"><span class='ocrx_word' id='word_1_99' title='bbox 647 1755 753 1812; x_wconf 90' lang='lat' dir='ltr'><strong>Per</strong></span> <span class='ocrx_word' id='word_1_100' title='bbox 790 1759 908 1814; x_wconf 73' lang='lat' dir='ltr'><strong>hmo</strong></span> <span class='ocrx_word' id='word_1_101' title='bbox 932 1769 1178 1831; x_wconf 86' lang='lat' dir='ltr'><strong>tempora</strong></span> <span class='ocrx_word' id='word_1_102' title='bbox 1225 1779 1319 1818; x_wconf 82' lang='lat' dir='ltr'><strong>rex</strong></span> <span class='ocrx_word' id='word_1_103' title='bbox 1344 1763 1628 1820; x_wconf 82' lang='lat' dir='ltr'><strong>Hunorum</strong></span> <span class='ocrx_word' id='word_1_104' title='bbox 1655 1764 1818 1820; x_wconf 88' lang='lat' dir='ltr'><strong>Attila</strong></span> <span class='ocrx_word' id='word_1_105' title='bbox 1866 1766 1995 1820; x_wconf 90' lang='lat' dir='ltr'><strong>dum</strong></span> <span class='ocrx_word' id='word_1_106' title='bbox 2033 1766 2170 1822; x_wconf 89' lang='lat' dir='ltr'><strong>Tra-</strong></span> 
     </span>
    </p>
   </div>
   <div class='ocr_carea' id='block_1_17' title="bbox 576 1848 2167 1927">
    <p class='ocr_par' dir='ltr' id='par_1_17' title="bbox 576 1848 2167 1927">
     <span class='ocr_line' id='line_1_17' title="bbox 576 1848 2167 1927; baseline 0.009 -26"><span class='ocrx_word' id='word_1_107' title='bbox 576 1848 691 1903; x_wconf 82' lang='lat' dir='ltr'><strong>cias</strong></span> <span class='ocrx_word' id='word_1_108' title='bbox 738 1863 791 1905; x_wconf 85' lang='lat' dir='ltr'><strong>et</strong></span> <span class='ocrx_word' id='word_1_109' title='bbox 813 1849 1097 1908; x_wconf 86' lang='lat' dir='ltr'><strong>Ylliricum</strong></span> <span class='ocrx_word' id='word_1_110' title='bbox 1156 1856 1485 1924; x_wconf 84' lang='lat' dir='ltr'><strong>devastaret,</strong></span> <span class='ocrx_word' id='word_1_111' title='bbox 1523 1867 1750 1914; x_wconf 89' lang='lat' dir='ltr'><strong>coactus</strong></span> <span class='ocrx_word' id='word_1_112' title='bbox 1799 1858 2167 1927; x_wconf 85' lang='lat' dir='ltr'><strong>Theodosius,</strong></span> 
     </span>
    </p>
   </div>
   <div class='ocr_carea' id='block_1_18' title="bbox 574 1938 2169 2020">
    <p class='ocr_par' dir='ltr' id='par_1_18' title="bbox 574 1938 2169 2020">
     <span class='ocr_line' id='line_1_18' title="bbox 574 1938 2169 2020; baseline 0.008 -28"><span class='ocrx_word' id='word_1_113' title='bbox 574 1938 846 2010; x_wconf 87' lang='lat' dir='ltr'><strong>legatione</strong></span> <span class='ocrx_word' id='word_1_114' title='bbox 873 1943 940 1996; x_wconf 91' lang='lat' dir='ltr'><strong>ad</strong></span> <span class='ocrx_word' id='word_1_115' title='bbox 973 1959 1097 1998; x_wconf 92' lang='lat' dir='ltr'><strong>eum</strong></span> <span class='ocrx_word' id='word_1_116' title='bbox 1152 1947 1344 2012; x_wconf 89' lang='lat' dir='ltr'><strong>missa,</strong></span> <span class='ocrx_word' id='word_1_117' title='bbox 1379 1964 1474 2002; x_wconf 79' lang='lat' dir='ltr'><strong>sex</strong></span> <span class='ocrx_word' id='word_1_118' title='bbox 1520 1949 1671 2004; x_wconf 89' lang='lat' dir='ltr'><strong>milia</strong></span> <span class='ocrx_word' id='word_1_119' title='bbox 1703 1949 1969 2005; x_wconf 89' lang='lat' dir='ltr'><strong>librarum</strong></span> <span class='ocrx_word' id='word_1_120' title='bbox 1993 1950 2042 2005; x_wconf 90' lang='lat' dir='ltr'><strong>ei</strong></span> <span class='ocrx_word' id='word_1_121' title='bbox 2071 1967 2169 2020; x_wconf 90' lang='lat' dir='ltr'><strong>pro</strong></span> 
     </span>
    </p>
   </div>
   <div class='ocr_carea' id='block_1_19' title="bbox 574 2034 2168 2102">
    <p class='ocr_par' dir='ltr' id='par_1_19' title="bbox 574 2034 2168 2102">
     <span class='ocr_line' id='line_1_19' title="bbox 574 2034 2168 2102; baseline 0.009 -19"><span class='ocrx_word' id='word_1_122' title='bbox 574 2044 796 2085; x_wconf 87' lang='lat' dir='ltr'><strong>recessu</strong></span> <span class='ocrx_word' id='word_1_123' title='bbox 820 2034 1109 2102; x_wconf 88' lang='lat' dir='ltr'><strong>prebuitet</strong></span> <span class='ocrx_word' id='word_1_124' title='bbox 1145 2037 1293 2092; x_wconf 91' lang='lat' dir='ltr'><strong>mille</strong></span> <span class='ocrx_word' id='word_1_125' title='bbox 1319 2037 1582 2093; x_wconf 87' lang='lat' dir='ltr'><strong>librarum</strong></span> <span class='ocrx_word' id='word_1_126' title='bbox 1624 2040 1891 2096; x_wconf 87' lang='lat' dir='ltr'><strong>tributum</strong></span> <span class='ocrx_word' id='word_1_127' title='bbox 1924 2057 2168 2097; x_wconf 89' lang='lat' dir='ltr'><strong>annuum</strong></span> 
     </span>
    </p>
   </div>
   <div class='ocr_carea' id='block_1_20' title="bbox 573 2123 845 2191">
    <p class='ocr_par' dir='ltr' id='par_1_20' title="bbox 573 2123 845 2191">
     <span class='ocr_line' id='line_1_20' title="bbox 573 2123 845 2191; baseline 0.015 -16"><span class='ocrx_word' id='word_1_128' title='bbox 573 2123 845 2191; x_wconf 88' lang='lat' dir='ltr'><strong>promisit.</strong></span> 
     </span>
    </p>
   </div>
   <div class='ocr_carea' id='block_1_21' title="bbox 645 2213 2168 2300">
    <p class='ocr_par' dir='ltr' id='par_1_21' title="bbox 645 2213 2168 2300">
     <span class='ocr_line' id='line_1_21' title="bbox 645 2213 2168 2300; baseline 0.012 -33"><span class='ocrx_word' id='word_1_129' title='bbox 645 2213 774 2271; x_wconf 88' lang='lat' dir='ltr'><strong>Post</strong></span> <span class='ocrx_word' id='word_1_130' title='bbox 807 2217 923 2273; x_wconf 63' lang='lat' dir='ltr'><strong>hate</strong></span> <span class='ocrx_word' id='word_1_131' title='bbox 964 2217 1310 2278; x_wconf 89' lang='lat' dir='ltr'><strong>Theodosius</strong></span> <span class='ocrx_word' id='word_1_132' title='bbox 1352 2225 1547 2279; x_wconf 90' lang='lat' dir='ltr'><strong>morbo</strong></span> <span class='ocrx_word' id='word_1_133' title='bbox 1605 2236 1986 2298; x_wconf 84' lang='lat' dir='ltr'><strong>consumptus,</strong></span> <span class='ocrx_word' id='word_1_134' title='bbox 2025 2229 2168 2300; x_wconf 90' lang='lat' dir='ltr'><strong>apud</strong></span> 
     </span>
    </p>
   </div>
   <div class='ocr_carea' id='block_1_22' title="bbox 570 2303 2167 2386">
    <p class='ocr_par' dir='ltr' id='par_1_22' title="bbox 570 2303 2167 2386">
     <span class='ocr_line' id='line_1_22' title="bbox 570 2303 2167 2386; baseline 0.011 -28"><span class='ocrx_word' id='word_1_135' title='bbox 570 2303 1105 2378; x_wconf 89' lang='lat' dir='ltr'><strong>Constantinopolim</strong></span> <span class='ocrx_word' id='word_1_136' title='bbox 1153 2313 1310 2379; x_wconf 89' lang='lat' dir='ltr'><strong>obiit,</strong></span> <span class='ocrx_word' id='word_1_137' title='bbox 1348 2330 1493 2369; x_wconf 87' lang='lat' dir='ltr'><strong>anno</strong></span> <span class='ocrx_word' id='word_1_138' title='bbox 1529 2315 1744 2386; x_wconf 90' lang='lat' dir='ltr'><strong>imperii</strong></span> <span class='ocrx_word' id='word_1_139' title='bbox 1776 2318 1887 2372; x_wconf 76' lang='grc'><strong>41⁸.</strong></span> <span class='ocrx_word' id='word_1_140' title='bbox 1914 2318 2040 2374; x_wconf 89' lang='lat' dir='ltr'><strong>Fuit</strong></span> <span class='ocrx_word' id='word_1_141' title='bbox 2064 2335 2167 2374; x_wconf 82' lang='lat' dir='ltr'><strong>au—</strong></span> 
     </span>
    </p>
   </div>
   <div class='ocr_carea' id='block_1_23' title="bbox 574 2397 2168 2472">
    <p class='ocr_par' dir='ltr' id='par_1_23' title="bbox 574 2397 2168 2472">
     <span class='ocr_line' id='line_1_23' title="bbox 574 2397 2168 2472; baseline 0.011 -25"><span class='ocrx_word' id='word_1_142' title='bbox 574 2403 679 2448; x_wconf 88' lang='lat' dir='ltr'><strong>tem</strong></span> <span class='ocrx_word' id='word_1_143' title='bbox 705 2397 925 2466; x_wconf 89' lang='lat' dir='ltr'><strong>sapiens</strong></span> <span class='ocrx_word' id='word_1_144' title='bbox 953 2401 1206 2469; x_wconf 88' lang='lat' dir='ltr'><strong>multum,</strong></span> <span class='ocrx_word' id='word_1_145' title='bbox 1245 2404 1507 2472; x_wconf 86' lang='lat' dir='ltr'><strong>patientia</strong></span> <span class='ocrx_word' id='word_1_146' title='bbox 1529 2415 1582 2460; x_wconf 86' lang='lat' dir='ltr'><strong>et</strong></span> <span class='ocrx_word' id='word_1_147' title='bbox 1611 2407 1899 2462; x_wconf 87' lang='lat' dir='ltr'><strong>clementia</strong></span> <span class='ocrx_word' id='word_1_148' title='bbox 1947 2410 2168 2466; x_wconf 84' lang='lat' dir='ltr'><strong>univer-</strong></span> 
     </span>
    </p>
   </div>
   <div class='ocr_carea' id='block_1_24' title="bbox 570 2489 2166 2572">
    <p class='ocr_par' dir='ltr' id='par_1_24' title="bbox 570 2489 2166 2572">
     <span class='ocr_line' id='line_1_24' title="bbox 570 2489 2166 2572; baseline 0.013 -33"><span class='ocrx_word' id='word_1_149' title='bbox 570 2500 664 2540; x_wconf 91' lang='lat' dir='ltr'><strong>sos</strong></span> <span class='ocrx_word' id='word_1_150' title='bbox 684 2489 1003 2555; x_wconf 89' lang='lat' dir='ltr'><strong>prceellens.</strong></span> <span class='ocrx_word' id='word_1_151' title='bbox 1041 2490 1133 2547; x_wconf 91' lang='lat' dir='ltr'><strong>Sic</strong></span> <span class='ocrx_word' id='word_1_152' title='bbox 1165 2493 1311 2548; x_wconf 89' lang='lat' dir='ltr'><strong>enim</strong></span> <span class='ocrx_word' id='word_1_153' title='bbox 1351 2493 1453 2550; x_wconf 89' lang='lat' dir='ltr'><strong>fuit</strong></span> <span class='ocrx_word' id='word_1_154' title='bbox 1495 2497 1758 2566; x_wconf 89' lang='lat' dir='ltr'><strong>clemens,</strong></span> <span class='ocrx_word' id='word_1_155' title='bbox 1787 2508 1848 2554; x_wconf 92' lang='lat' dir='ltr'><strong>ut</strong></span> <span class='ocrx_word' id='word_1_156' title='bbox 1868 2501 1914 2556; x_wconf 90' lang='lat' dir='ltr'><strong>si</strong></span> <span class='ocrx_word' id='word_1_157' title='bbox 1943 2502 2166 2572; x_wconf 88' lang='lat' dir='ltr'><strong>quando</strong></span> 
     </span>
    </p>
   </div>
   <div class='ocr_carea' id='block_1_25' title="bbox 568 2577 2164 2659">
    <p class='ocr_par' dir='ltr' id='par_1_25' title="bbox 568 2577 2164 2659">
     <span class='ocr_line' id='line_1_25' title="bbox 568 2577 2164 2659; baseline 0.012 -29"><span class='ocrx_word' id='word_1_158' title='bbox 568 2577 767 2648; x_wconf 89' lang='lat' dir='ltr'><strong>aliquis</strong></span> <span class='ocrx_word' id='word_1_159' title='bbox 793 2579 1020 2652; x_wconf 88' lang='lat' dir='ltr'><strong>dignum</strong></span> <span class='ocrx_word' id='word_1_160' title='bbox 1089 2594 1265 2641; x_wconf 90' lang='lat' dir='ltr'><strong>morte</strong></span> <span class='ocrx_word' id='word_1_161' title='bbox 1311 2587 1594 2658; x_wconf 89' lang='lat' dir='ltr'><strong>quippiam</strong></span> <span class='ocrx_word' id='word_1_162' title='bbox 1625 2592 2011 2659; x_wconf 86' lang='lat' dir='ltr'><strong>committeret,</strong></span> <span class='ocrx_word' id='word_1_163' title='bbox 2055 2609 2164 2649; x_wconf 92' lang='lat' dir='ltr'><strong>non</strong></span> 
     </span>
    </p>
   </div>
   <div class='ocr_carea' id='block_1_26' title="bbox 567 2670 2166 2751">
    <p class='ocr_par' dir='ltr' id='par_1_26' title="bbox 567 2670 2166 2751">
     <span class='ocr_line' id='line_1_26' title="bbox 567 2670 2166 2751; baseline 0.013 -31"><span class='ocrx_word' id='word_1_164' title='bbox 567 2683 743 2737; x_wconf 89' lang='lat' dir='ltr'><strong>usque</strong></span> <span class='ocrx_word' id='word_1_165' title='bbox 769 2670 835 2724; x_wconf 91' lang='lat' dir='ltr'><strong>ad</strong></span> <span class='ocrx_word' id='word_1_166' title='bbox 860 2683 1045 2741; x_wconf 90' lang='lat' dir='ltr'><strong>portas</strong></span> <span class='ocrx_word' id='word_1_167' title='bbox 1065 2674 1304 2732; x_wconf 84' lang='lat' dir='ltr'><strong>civitatis</strong></span> <span class='ocrx_word' id='word_1_168' title='bbox 1334 2680 1636 2736; x_wconf 89' lang='lat' dir='ltr'><strong>moriturus</strong></span> <span class='ocrx_word' id='word_1_169' title='bbox 1670 2683 2039 2751; x_wconf 78' lang='lat' dir='ltr'><strong>perveniebat,</strong></span> <span class='ocrx_word' id='word_1_170' title='bbox 2070 2684 2166 2740; x_wconf 89' lang='lat' dir='ltr'><strong>sed</strong></span> 
     </span>
    </p>
   </div>
   <div class='ocr_carea' id='block_1_27' title="bbox 567 2759 2159 2843">
    <p class='ocr_par' dir='ltr' id='par_1_27' title="bbox 567 2759 2159 2843">
     <span class='ocr_line' id='line_1_27' title="bbox 567 2759 2159 2843; baseline 0.013 -31"><span class='ocrx_word' id='word_1_171' title='bbox 567 2759 690 2828; x_wconf 90' lang='lat' dir='ltr'><strong>ejus</strong></span> <span class='ocrx_word' id='word_1_172' title='bbox 733 2763 1022 2821; x_wconf 87' lang='lat' dir='ltr'><strong>clementia</strong></span> <span class='ocrx_word' id='word_1_173' title='bbox 1084 2783 1214 2823; x_wconf 81' lang='lat' dir='ltr'><strong>mox</strong></span> <span class='ocrx_word' id='word_1_174' title='bbox 1265 2772 1611 2843; x_wconf 88' lang='lat' dir='ltr'><strong>subsequens</strong></span> <span class='ocrx_word' id='word_1_175' title='bbox 1659 2791 1787 2830; x_wconf 91' lang='lat' dir='ltr'><strong>eum</strong></span> <span class='ocrx_word' id='word_1_176' title='bbox 1849 2779 2159 2834; x_wconf 87' lang='lat' dir='ltr'><strong>revocabat.</strong></span> 
     </span>
    </p>
   </div>
   <div class='ocr_carea' id='block_1_28' title="bbox 565 2850 2164 2939">
    <p class='ocr_par' dir='ltr' id='par_1_28' title="bbox 565 2850 2164 2939">
     <span class='ocr_line' id='line_1_28' title="bbox 565 2850 2164 2939; baseline 0.013 -33"><span class='ocrx_word' id='word_1_177' title='bbox 565 2850 738 2917; x_wconf 77' lang='lat' dir='ltr'><strong>Quem</strong></span> <span class='ocrx_word' id='word_1_178' title='bbox 788 2872 914 2911; x_wconf 90' lang='lat' dir='ltr'><strong>cum</strong></span> <span class='ocrx_word' id='word_1_179' title='bbox 969 2860 1194 2929; x_wconf 89' lang='lat' dir='ltr'><strong>quidam</strong></span> <span class='ocrx_word' id='word_1_180' title='bbox 1250 2862 1606 2919; x_wconf 80' lang='lat' dir='ltr'><strong>familiarium</strong></span> <span class='ocrx_word' id='word_1_181' title='bbox 1637 2866 2020 2939; x_wconf 81' lang='lat' dir='ltr'><strong>interrogaret,</strong></span> <span class='ocrx_word' id='word_1_182' title='bbox 2064 2886 2164 2927; x_wconf 91' lang='lat' dir='ltr'><strong>cur</strong></span> 
     </span>
    </p>
   </div>
   <div class='ocr_carea' id='block_1_29' title="bbox 565 2945 2164 3028">
    <p class='ocr_par' dir='ltr' id='par_1_29' title="bbox 565 2945 2164 3028">
     <span class='ocr_line' id='line_1_29' title="bbox 565 2945 2164 3028; baseline 0.013 -32"><span class='ocrx_word' id='word_1_183' title='bbox 565 2945 776 3000; x_wconf 86' lang='lat' dir='ltr'><strong>nullum</strong></span> <span class='ocrx_word' id='word_1_184' title='bbox 800 2963 858 3003; x_wconf 91' lang='lat' dir='ltr'><strong>se</strong></span> <span class='ocrx_word' id='word_1_185' title='bbox 888 2949 1202 3008; x_wconf 66' lang='lat' dir='ltr'><strong>laedentium</strong></span> <span class='ocrx_word' id='word_1_186' title='bbox 1225 2955 1389 3010; x_wconf 86' lang='lat' dir='ltr'><strong>morti</strong></span> <span class='ocrx_word' id='word_1_187' title='bbox 1411 2957 1730 3028; x_wconf 87' lang='lat' dir='ltr'><strong>subjugaret</strong></span> <span class='ocrx_word' id='word_1_188' title='bbox 1759 2977 1771 3013; x_wconf 94' lang='lat'><strong>:</strong></span> <span class='ocrx_word' id='word_1_189' title='bbox 1808 2959 2045 3023; x_wconf 78' lang='lat' dir='ltr'><strong>Utinam,</strong></span> <span class='ocrx_word' id='word_1_190' title='bbox 2078 2961 2164 3015; x_wconf 87' lang='lat' dir='ltr'><strong>in-</strong></span> 
     </span>
    </p>
   </div>
   <div class='ocr_carea' id='block_1_30' title="bbox 564 3035 2242 3144">
    <p class='ocr_par' dir='ltr' id='par_1_30' title="bbox 564 3035 2242 3144">
     <span class='ocr_line' id='line_1_30' title="bbox 564 3035 2242 3144; baseline 0.013 -56"><span class='ocrx_word' id='word_1_191' title='bbox 564 3035 703 3104; x_wconf 90' lang='lat' dir='ltr'><strong>quit,</strong></span> <span class='ocrx_word' id='word_1_192' title='bbox 733 3039 893 3094; x_wconf 88' lang='lat' dir='ltr'><strong>michi</strong></span> <span class='ocrx_word' id='word_1_193' title='bbox 914 3052 1046 3096; x_wconf 88' lang='lat' dir='ltr'><strong>esset</strong></span> <span class='ocrx_word' id='word_1_194' title='bbox 1099 3045 1380 3114; x_wconf 79' lang='lat' dir='ltr'><strong>possibile,</strong></span> <span class='ocrx_word' id='word_1_195' title='bbox 1417 3049 1580 3103; x_wconf 86' lang='lat' dir='ltr'><strong>etiam</strong></span> <span class='ocrx_word' id='word_1_196' title='bbox 1616 3060 1849 3106; x_wconf 84' lang='lat' dir='ltr'><strong>mortuos</strong></span> <span class='ocrx_word' id='word_1_197' title='bbox 1881 3053 1951 3106; x_wconf 86' lang='lat' dir='ltr'><strong>ad</strong></span> <span class='ocrx_word' id='word_1_198' title='bbox 2001 3055 2162 3108; x_wconf 84' lang='lat' dir='ltr'><strong>vitam</strong></span> <span class='ocrx_word' id='word_1_199' title='bbox 2191 3075 2242 3144; x_wconf 73' lang='lat' dir='ltr'><strong>c-</strong></span> 
     </span>
    </p>
   </div>
   <div class='ocr_carea' id='block_1_31' title="bbox 567 3131 2159 3212">
    <p class='ocr_par' dir='ltr' id='par_1_31' title="bbox 567 3131 2159 3212">
     <span class='ocr_line' id='line_1_31' title="bbox 567 3131 2159 3212; baseline 0.013 -31"><span class='ocrx_word' id='word_1_200' title='bbox 567 3145 823 3186; x_wconf 88' lang='lat' dir='ltr'><strong>revocare.</strong></span> <span class='ocrx_word' id='word_1_201' title='bbox 851 3131 961 3190; x_wconf 88' lang='lat' dir='ltr'><strong>Nec</strong></span> <span class='ocrx_word' id='word_1_202' title='bbox 988 3143 1170 3193; x_wconf 91' lang='lat' dir='ltr'><strong>tamen</strong></span> <span class='ocrx_word' id='word_1_203' title='bbox 1196 3140 1281 3194; x_wconf 88' lang='lat' dir='ltr'><strong>vir</strong></span> <span class='ocrx_word' id='word_1_204' title='bbox 1319 3141 1425 3196; x_wconf 91' lang='lat' dir='ltr'><strong>iste</strong></span> <span class='ocrx_word' id='word_1_205' title='bbox 1454 3140 1603 3198; x_wconf 89' lang='lat' dir='ltr'><strong>vitiis</strong></span> <span class='ocrx_word' id='word_1_206' title='bbox 1632 3145 1845 3212; x_wconf 89' lang='lat' dir='ltr'><strong>caruit;</strong></span> <span class='ocrx_word' id='word_1_207' title='bbox 1865 3155 1984 3201; x_wconf 87' lang='lat' dir='ltr'><strong>erat</strong></span> <span class='ocrx_word' id='word_1_208' title='bbox 2012 3147 2159 3204; x_wconf 89' lang='lat' dir='ltr'><strong>enim</strong></span> 
     </span>
    </p>
   </div>
   <div class='ocr_carea' id='block_1_32' title="bbox 566 3223 2161 3301">
    <p class='ocr_par' dir='ltr' id='par_1_32' title="bbox 566 3223 2161 3301">
     <span class='ocr_line' id='line_1_32' title="bbox 566 3223 2161 3301; baseline 0.013 -27"><span class='ocrx_word' id='word_1_209' title='bbox 566 3223 805 3289; x_wconf 88' lang='lat' dir='ltr'><strong>mobilis,</strong></span> <span class='ocrx_word' id='word_1_210' title='bbox 831 3227 981 3281; x_wconf 92' lang='lat' dir='ltr'><strong>omni</strong></span> <span class='ocrx_word' id='word_1_211' title='bbox 1030 3239 1192 3284; x_wconf 87' lang='lat' dir='ltr'><strong>vento</strong></span> <span class='ocrx_word' id='word_1_212' title='bbox 1217 3232 1612 3301; x_wconf 87' lang='lat' dir='ltr'><strong>circumdatus,</strong></span> <span class='ocrx_word' id='word_1_213' title='bbox 1650 3236 1797 3293; x_wconf 90' lang='lat' dir='ltr'><strong>unde</strong></span> <span class='ocrx_word' id='word_1_214' title='bbox 1831 3238 1963 3293; x_wconf 91' lang='lat' dir='ltr'><strong>etin</strong></span> <span class='ocrx_word' id='word_1_215' title='bbox 1994 3239 2161 3296; x_wconf 89' lang='lat' dir='ltr'><strong>cartis</strong></span> 
     </span>
    </p>
   </div>
   <div class='ocr_carea' id='block_1_33' title="bbox 564 3315 2158 3400">
    <p class='ocr_par' dir='ltr' id='par_1_33' title="bbox 564 3315 2158 3400">
     <span class='ocr_line' id='line_1_33' title="bbox 564 3315 2158 3400; baseline 0.013 -37"><span class='ocrx_word' id='word_1_216' title='bbox 564 3326 676 3365; x_wconf 86' lang='lat' dir='ltr'><strong>non</strong></span> <span class='ocrx_word' id='word_1_217' title='bbox 704 3315 956 3382; x_wconf 85' lang='lat' dir='ltr'><strong>perlectis</strong></span> <span class='ocrx_word' id='word_1_218' title='bbox 988 3334 1047 3373; x_wconf 90' lang='lat' dir='ltr'><strong>se</strong></span> <span class='ocrx_word' id='word_1_219' title='bbox 1103 3320 1504 3377; x_wconf 87' lang='lat' dir='ltr'><strong>subscribebat.</strong></span> <span class='ocrx_word' id='word_1_220' title='bbox 1560 3322 1676 3378; x_wconf 84' lang='lat' dir='ltr'><strong>Hoc</strong></span> <span class='ocrx_word' id='word_1_221' title='bbox 1708 3334 1891 3381; x_wconf 90' lang='lat' dir='ltr'><strong>autem</strong></span> <span class='ocrx_word' id='word_1_222' title='bbox 1918 3337 2158 3400; x_wconf 71' lang='lat' dir='ltr'><strong>mortuo,</strong></span> 
     </span>
    </p>
   </div>
   <div class='ocr_carea' id='block_1_34' title="bbox 565 3405 2160 3490">
    <p class='ocr_par' dir='ltr' id='par_1_34' title="bbox 565 3405 2160 3490">
     <span class='ocr_line' id='line_1_34' title="bbox 565 3405 2160 3490; baseline 0.013 -32"><span class='ocrx_word' id='word_1_223' title='bbox 565 3405 724 3459; x_wconf 88' lang='lat' dir='ltr'><strong>beata</strong></span> <span class='ocrx_word' id='word_1_224' title='bbox 760 3405 1071 3478; x_wconf 89' lang='lat' dir='ltr'><strong>Pulcheria,</strong></span> <span class='ocrx_word' id='word_1_225' title='bbox 1103 3427 1264 3468; x_wconf 89' lang='lat' dir='ltr'><strong>soror</strong></span> <span class='ocrx_word' id='word_1_226' title='bbox 1298 3413 1439 3484; x_wconf 85' lang='lat' dir='ltr'><strong>ejus,</strong></span> <span class='ocrx_word' id='word_1_227' title='bbox 1457 3417 1703 3471; x_wconf 87' lang='lat' dir='ltr'><strong>nondum</strong></span> <span class='ocrx_word' id='word_1_228' title='bbox 1731 3428 1908 3474; x_wconf 90' lang='lat' dir='ltr'><strong>morte</strong></span> <span class='ocrx_word' id='word_1_229' title='bbox 1935 3421 2055 3490; x_wconf 84' lang='lat' dir='ltr'><strong>ejus</strong></span> <span class='ocrx_word' id='word_1_230' title='bbox 2075 3422 2160 3477; x_wconf 87' lang='lat' dir='ltr'><strong>di-</strong></span> 
     </span>
    </p>
   </div>
   <div class='ocr_carea' id='block_1_35' title="bbox 564 3497 2162 3580">
    <p class='ocr_par' dir='ltr' id='par_1_35' title="bbox 564 3497 2162 3580">
     <span class='ocr_line' id='line_1_35' title="bbox 564 3497 2162 3580; baseline 0.014 -33"><span class='ocrx_word' id='word_1_231' title='bbox 564 3497 806 3568; x_wconf 87' lang='lat' dir='ltr'><strong>vulgata,</strong></span> <span class='ocrx_word' id='word_1_232' title='bbox 858 3497 1218 3572; x_wconf 81' lang='lat' dir='ltr'><strong>Marcianum,</strong></span> <span class='ocrx_word' id='word_1_233' title='bbox 1263 3504 1320 3560; x_wconf 91' lang='lat' dir='ltr'><strong>in</strong></span> <span class='ocrx_word' id='word_1_234' title='bbox 1368 3507 1630 3579; x_wconf 80' lang='lat' dir='ltr'><strong>religione</strong></span> <span class='ocrx_word' id='word_1_235' title='bbox 1652 3519 1707 3564; x_wconf 91' lang='lat' dir='ltr'><strong>et</strong></span> <span class='ocrx_word' id='word_1_236' title='bbox 1731 3510 1998 3580; x_wconf 90' lang='lat' dir='ltr'><strong>pudicicia</strong></span> <span class='ocrx_word' id='word_1_237' title='bbox 2034 3528 2162 3569; x_wconf 86' lang='lat' dir='ltr'><strong>eon-</strong></span> 
     </span>
    </p>
   </div>
   <div class='ocr_carea' id='block_1_36' title="bbox 565 3597 2160 3670">
    <p class='ocr_par' dir='ltr' id='par_1_36' title="bbox 565 3597 2160 3670">
     <span class='ocr_line' id='line_1_36' title="bbox 565 3597 2160 3670; baseline 0.014 -29"><span class='ocrx_word' id='word_1_238' title='bbox 565 3598 876 3646; x_wconf 85' lang='lat' dir='ltr'><strong>versantem</strong></span> <span class='ocrx_word' id='word_1_239' title='bbox 927 3609 1136 3663; x_wconf 91' lang='lat' dir='ltr'><strong>senem,</strong></span> <span class='ocrx_word' id='word_1_240' title='bbox 1170 3606 1226 3652; x_wconf 89' lang='lat' dir='ltr'><strong>et</strong></span> <span class='ocrx_word' id='word_1_241' title='bbox 1255 3597 1514 3655; x_wconf 90' lang='lat' dir='ltr'><strong>idoneum</strong></span> <span class='ocrx_word' id='word_1_242' title='bbox 1553 3601 1753 3670; x_wconf 87' lang='lat' dir='ltr'><strong>virum,</strong></span> <span class='ocrx_word' id='word_1_243' title='bbox 1784 3603 1853 3658; x_wconf 89' lang='lat' dir='ltr'><strong>ad</strong></span> <span class='ocrx_word' id='word_1_244' title='bbox 1889 3620 1948 3661; x_wconf 91' lang='lat' dir='ltr'><strong>se</strong></span> <span class='ocrx_word' id='word_1_245' title='bbox 1975 3621 2160 3662; x_wconf 88' lang='lat' dir='ltr'><strong>accer-</strong></span> 
     </span>
    </p>
   </div>
   <div class='ocr_carea' id='block_1_37' title="bbox 565 3680 2157 3764">
    <p class='ocr_par' dir='ltr' id='par_1_37' title="bbox 565 3680 2157 3764">
     <span class='ocr_line' id='line_1_37' title="bbox 565 3680 2157 3764; baseline 0.013 -31"><span class='ocrx_word' id='word_1_246' title='bbox 565 3680 711 3749; x_wconf 90' lang='lat' dir='ltr'><strong>sivit,</strong></span> <span class='ocrx_word' id='word_1_247' title='bbox 742 3683 902 3754; x_wconf 91' lang='lat' dir='ltr'><strong>eique</strong></span> <span class='ocrx_word' id='word_1_248' title='bbox 925 3684 1063 3742; x_wconf 80' lang='lat' dir='ltr'><strong>dixit</strong></span> <span class='ocrx_word' id='word_1_249' title='bbox 1101 3706 1114 3742; x_wconf 89' lang='lat'><strong>:</strong></span> <span class='ocrx_word' id='word_1_250' title='bbox 1168 3689 1436 3756; x_wconf 85' lang='lat' dir='ltr'><strong>Quoniam</strong></span> <span class='ocrx_word' id='word_1_251' title='bbox 1488 3694 1780 3764; x_wconf 81' lang='lat' dir='ltr'><strong>imperator</strong></span> <span class='ocrx_word' id='word_1_252' title='bbox 1809 3705 2046 3752; x_wconf 85' lang='lat' dir='ltr'><strong>mortuus</strong></span> <span class='ocrx_word' id='word_1_253' title='bbox 2080 3709 2157 3754; x_wconf 87' lang='lat' dir='ltr'><strong>est</strong></span> 
     </span>
    </p>
   </div>
   <div class='ocr_carea' id='block_1_38' title="bbox 562 3774 2154 3864">
    <p class='ocr_par' dir='ltr' id='par_1_38' title="bbox 562 3774 2154 3864">
     <span class='ocr_line' id='line_1_38' title="bbox 562 3774 2154 3864; baseline 0.017 -41"><span class='ocrx_word' id='word_1_254' title='bbox 562 3780 613 3824; x_wconf 86' lang='lat' dir='ltr'><strong>et</strong></span> <span class='ocrx_word' id='word_1_255' title='bbox 642 3788 733 3843; x_wconf 87' lang='lat' dir='ltr'><strong>ego</strong></span> <span class='ocrx_word' id='word_1_256' title='bbox 759 3782 809 3828; x_wconf 87' lang='lat' dir='ltr'><strong>te</strong></span> <span class='ocrx_word' id='word_1_257' title='bbox 831 3774 963 3848; x_wconf 81' lang='lat' dir='ltr'><strong>elegi</strong></span> <span class='ocrx_word' id='word_1_258' title='bbox 979 3786 1230 3850; x_wconf 83' lang='lat' dir='ltr'><strong>tanquam</strong></span> <span class='ocrx_word' id='word_1_259' title='bbox 1261 3781 1680 3854; x_wconf 83' lang='lat' dir='ltr'><strong>beneplacentem</strong></span> <span class='ocrx_word' id='word_1_260' title='bbox 1700 3807 1764 3844; x_wconf 80' lang='lat' dir='ltr'><strong>ea:</strong></span> <span class='ocrx_word' id='word_1_261' title='bbox 1779 3794 1922 3847; x_wconf 88' lang='lat' dir='ltr'><strong>omni</strong></span> <span class='ocrx_word' id='word_1_262' title='bbox 1949 3806 2154 3864; x_wconf 83' lang='lat' dir='ltr'><strong>senatu,</strong></span> 
     </span>
    </p>
   </div>
   <div class='ocr_carea' id='block_1_39' title="bbox 562 3863 2154 3955">
    <p class='ocr_par' dir='ltr' id='par_1_39' title="bbox 562 3863 2154 3955">
     <span class='ocr_line' id='line_1_39' title="bbox 562 3863 2154 3955; baseline 0.018 -39"><span class='ocrx_word' id='word_1_263' title='bbox 562 3863 633 3918; x_wconf 81' lang='lat' dir='ltr'><strong>da</strong></span> <span class='ocrx_word' id='word_1_264' title='bbox 665 3865 823 3919; x_wconf 85' lang='lat' dir='ltr'><strong>michi</strong></span> <span class='ocrx_word' id='word_1_265' title='bbox 846 3870 1074 3938; x_wconf 84' lang='lat' dir='ltr'><strong>verbum,</strong></span> <span class='ocrx_word' id='word_1_266' title='bbox 1113 3873 1254 3943; x_wconf 83' lang='lat' dir='ltr'><strong>quod</strong></span> <span class='ocrx_word' id='word_1_267' title='bbox 1282 3875 1641 3946; x_wconf 84' lang='lat' dir='ltr'><strong>virginitatem</strong></span> <span class='ocrx_word' id='word_1_268' title='bbox 1670 3899 1838 3938; x_wconf 88' lang='lat' dir='ltr'><strong>meam</strong></span> <span class='ocrx_word' id='word_1_269' title='bbox 1866 3889 2154 3955; x_wconf 81' lang='lat' dir='ltr'><strong>custodias,</strong></span> 
     </span>
    </p>
   </div>
   <div class='ocr_carea' id='block_1_40' title="bbox 561 3956 2151 4047">
    <p class='ocr_par' dir='ltr' id='par_1_40' title="bbox 561 3956 2151 4047">
     <span class='ocr_line' id='line_1_40' title="bbox 561 3956 2151 4047; baseline 0.019 -41"><span class='ocrx_word' id='word_1_270' title='bbox 561 3971 722 4025; x_wconf 87' lang='lat' dir='ltr'><strong>quam</strong></span> <span class='ocrx_word' id='word_1_271' title='bbox 748 3956 858 4012; x_wconf 87' lang='lat' dir='ltr'><strong>Deo</strong></span> <span class='ocrx_word' id='word_1_272' title='bbox 903 3960 1103 4029; x_wconf 86' lang='lat' dir='ltr'><strong>devovi,</strong></span> <span class='ocrx_word' id='word_1_273' title='bbox 1154 3973 1206 4019; x_wconf 88' lang='lat' dir='ltr'><strong>et</strong></span> <span class='ocrx_word' id='word_1_274' title='bbox 1261 3971 1622 4036; x_wconf 84' lang='lat' dir='ltr'><strong>pronunciabo</strong></span> <span class='ocrx_word' id='word_1_275' title='bbox 1677 3982 1726 4028; x_wconf 85' lang='lat' dir='ltr'><strong>te</strong></span> <span class='ocrx_word' id='word_1_276' title='bbox 1761 3976 2151 4047; x_wconf 86' lang='lat' dir='ltr'><strong>imperatorem.</strong></span> 
     </span>
    </p>
   </div>
   <div class='ocr_carea' id='block_1_41' title="bbox 562 4045 2154 4142">
    <p class='ocr_par' dir='ltr' id='par_1_41' title="bbox 562 4045 2154 4142">
     <span class='ocr_line' id='line_1_41' title="bbox 562 4045 2154 4142; baseline 0.018 -44"><span class='ocrx_word' id='word_1_277' title='bbox 562 4045 719 4112; x_wconf 76' lang='lat' dir='ltr'><strong>Quod</strong></span> <span class='ocrx_word' id='word_1_278' title='bbox 755 4048 848 4102; x_wconf 90' lang='lat' dir='ltr'><strong>illo</strong></span> <span class='ocrx_word' id='word_1_279' title='bbox 870 4066 995 4106; x_wconf 91' lang='lat' dir='ltr'><strong>cum</strong></span> <span class='ocrx_word' id='word_1_280' title='bbox 1019 4067 1366 4114; x_wconf 89' lang='lat' dir='ltr'><strong>sacramento</strong></span> <span class='ocrx_word' id='word_1_281' title='bbox 1393 4061 1707 4132; x_wconf 89' lang='lat' dir='ltr'><strong>pollicente,</strong></span> <span class='ocrx_word' id='word_1_282' title='bbox 1759 4045 2026 4126; x_wconf 81' lang='lat' dir='ltr'><strong>accersito</strong></span> <span class='ocrx_word' id='word_1_283' title='bbox 2055 4088 2154 4142; x_wconf 80' lang='lat' dir='ltr'><strong>pa-</strong></span> 
     </span>
    </p>
   </div>
   <div class='ocr_carea' id='block_1_42' title="bbox 561 4138 2156 4230">
    <p class='ocr_par' dir='ltr' id='par_1_42' title="bbox 561 4138 2156 4230">
     <span class='ocr_line' id='line_1_42' title="bbox 561 4138 2156 4230; baseline 0.018 -39"><span class='ocrx_word' id='word_1_284' title='bbox 561 4138 800 4195; x_wconf 88' lang='lat' dir='ltr'><strong>triarcha</strong></span> <span class='ocrx_word' id='word_1_285' title='bbox 829 4141 1126 4201; x_wconf 86' lang='lat' dir='ltr'><strong>Anatholio</strong></span> <span class='ocrx_word' id='word_1_286' title='bbox 1169 4165 1296 4206; x_wconf 91' lang='lat' dir='ltr'><strong>cum</strong></span> <span class='ocrx_word' id='word_1_287' title='bbox 1327 4155 1479 4208; x_wconf 90' lang='lat' dir='ltr'><strong>omni</strong></span> <span class='ocrx_word' id='word_1_288' title='bbox 1515 4166 1730 4224; x_wconf 90' lang='lat' dir='ltr'><strong>senatu,</strong></span> <span class='ocrx_word' id='word_1_289' title='bbox 1775 4163 2156 4230; x_wconf 88' lang='lat' dir='ltr'><strong>pronunciavit</strong></span> 
     </span>
    </p>
   </div>
   <div class='ocr_carea' id='block_1_43' title="bbox 557 4231 2152 4325">
    <p class='ocr_par' dir='ltr' id='par_1_43' title="bbox 557 4231 2152 4325">
     <span class='ocr_line' id='line_1_43' title="bbox 557 4231 2152 4325; baseline 0.019 -42"><span class='ocrx_word' id='word_1_290' title='bbox 557 4243 684 4286; x_wconf 89' lang='lat' dir='ltr'><strong>eum</strong></span> <span class='ocrx_word' id='word_1_291' title='bbox 706 4231 1081 4292; x_wconf 84' lang='lat' dir='ltr'><strong>Romanorum</strong></span> <span class='ocrx_word' id='word_1_292' title='bbox 1108 4239 1516 4312; x_wconf 88' lang='lat' dir='ltr'><strong>imperatorem.</strong></span> <span class='ocrx_word' id='word_1_293' title='bbox 1544 4246 1722 4321; x_wconf 82' lang='lat' dir='ltr'><strong>Hujus</strong></span> <span class='ocrx_word' id='word_1_294' title='bbox 1748 4260 1993 4325; x_wconf 89' lang='lat' dir='ltr'><strong>tempore</strong></span> <span class='ocrx_word' id='word_1_295' title='bbox 2021 4271 2152 4312; x_wconf 84' lang='lat' dir='ltr'><strong>san-</strong></span> 
     </span>
    </p>
   </div>
   <div class='ocr_carea' id='block_1_44' title="bbox 559 4322 1235 4388">
    <p class='ocr_par' dir='ltr' id='par_1_44' title="bbox 559 4322 1235 4388">
     <span class='ocr_line' id='line_1_44' title="bbox 559 4322 1235 4388; baseline 0.015 -11"><span class='ocrx_word' id='word_1_296' title='bbox 559 4331 682 4379; x_wconf 89' lang='lat' dir='ltr'><strong>ctus</strong></span> <span class='ocrx_word' id='word_1_297' title='bbox 722 4322 1004 4384; x_wconf 87' lang='lat' dir='ltr'><strong>Servatius</strong></span> <span class='ocrx_word' id='word_1_298' title='bbox 1030 4329 1235 4388; x_wconf 86' lang='lat' dir='ltr'><strong>ﬂoruit.</strong></span> 
     </span>
    </p>
   </div>
   <div class='ocr_carea' id='block_1_45' title="bbox 558 4413 1036 4478">
    <p class='ocr_par' dir='ltr' id='par_1_45' title="bbox 558 4413 1036 4478">
     <span class='ocr_line' id='line_1_45' title="bbox 558 4413 1036 4478; baseline 0.021 -12"><span class='ocrx_word' id='word_1_299' title='bbox 558 4413 702 4468; x_wconf 81' lang='lat' dir='ltr'><strong>Anni</strong></span> <span class='ocrx_word' id='word_1_300' title='bbox 718 4414 1036 4478; x_wconf 80' lang='lat' dir='ltr'><strong>Theodosii.</strong></span> 
     </span>
    </p>
   </div>
   <div class='ocr_carea' id='block_1_46' title="bbox 629 4504 1133 4569">
    <p class='ocr_par' dir='ltr' id='par_1_46' title="bbox 629 4504 1133 4569">
     <span class='ocr_line' id='line_1_46' title="bbox 629 4504 1133 4569; baseline 0.02 -10"><span class='ocrx_word' id='word_1_301' title='bbox 629 4504 683 4560; x_wconf 80' lang='grc'><strong>2.</strong></span> <span class='ocrx_word' id='word_1_302' title='bbox 713 4505 780 4561; x_wconf 84' lang='grc' dir='ltr'><strong>Α.</strong></span> <span class='ocrx_word' id='word_1_303' title='bbox 813 4506 878 4563; x_wconf 84' lang='grc' dir='ltr'><strong>Ι).</strong></span> <span class='ocrx_word' id='word_1_304' title='bbox 913 4510 1022 4565; x_wconf 72' lang='grc'><strong>428</strong></span> <span class='ocrx_word' id='word_1_305' title='bbox 1042 4513 1133 4569; x_wconf 81' lang='grc'><strong>⁹⁷¹.</strong></span> 
     </span>
    </p>
   </div>
   <div class='ocr_carea' id='block_1_47' title="bbox 629 4599 2154 4684">
    <p class='ocr_par' dir='ltr' id='par_1_47' title="bbox 629 4599 2154 4684">
     <span class='ocr_line' id='line_1_47' title="bbox 629 4599 2154 4684; baseline 0.018 -31"><span class='ocrx_word' id='word_1_306' title='bbox 629 4599 682 4654; x_wconf 82' lang='lat'><strong>5.</strong></span> <span class='ocrx_word' id='word_1_307' title='bbox 711 4600 862 4671; x_wconf 90' lang='lat' dir='ltr'><strong>(Chr.</strong></span> <span class='ocrx_word' id='word_1_308' title='bbox 894 4602 1010 4676; x_wconf 90' lang='lat' dir='ltr'><strong>W.)</strong></span> <span class='ocrx_word' id='word_1_309' title='bbox 1045 4607 1111 4662; x_wconf 88' lang='lat' dir='ltr'><strong>A.</strong></span> <span class='ocrx_word' id='word_1_310' title='bbox 1137 4610 1263 4666; x_wconf 93' lang='grc'><strong>451.</strong></span> <span class='ocrx_word' id='word_1_311' title='bbox 1317 4611 1538 4684; x_wconf 85' lang='lat' dir='ltr'><strong>Accius,</strong></span> <span class='ocrx_word' id='word_1_312' title='bbox 1586 4620 1776 4676; x_wconf 91' lang='lat' dir='ltr'><strong>multis</strong></span> <span class='ocrx_word' id='word_1_313' title='bbox 1806 4621 2033 4680; x_wconf 89' lang='lat' dir='ltr'><strong>Francis</strong></span> <span class='ocrx_word' id='word_1_314' title='bbox 2060 4639 2154 4680; x_wconf 85' lang='lat' dir='ltr'><strong>oe-</strong></span> 
     </span>
    </p>
   </div>
   <div class='ocr_carea' id='block_1_48' title="bbox 558 4692 2150 4787">
    <p class='ocr_par' dir='ltr' id='par_1_48' title="bbox 558 4692 2150 4787">
     <span class='ocr_line' id='line_1_48' title="bbox 558 4692 2150 4787; baseline 0.017 -42"><span class='ocrx_word' id='word_1_315' title='bbox 558 4692 710 4758; x_wconf 90' lang='lat' dir='ltr'><strong>cisis,</strong></span> <span class='ocrx_word' id='word_1_316' title='bbox 775 4702 987 4764; x_wconf 89' lang='lat' dir='ltr'><strong>partem</strong></span> <span class='ocrx_word' id='word_1_317' title='bbox 1058 4698 1245 4758; x_wconf 89' lang='lat' dir='ltr'><strong>Galliae</strong></span> <span class='ocrx_word' id='word_1_318' title='bbox 1291 4720 1457 4774; x_wconf 87' lang='lat' dir='ltr'><strong>quam</strong></span> <span class='ocrx_word' id='word_1_319' title='bbox 1510 4712 1870 4778; x_wconf 87' lang='lat' dir='ltr'><strong>possederant</strong></span> <span class='ocrx_word' id='word_1_320' title='bbox 1929 4717 2150 4787; x_wconf 88' lang='lat' dir='ltr'><strong>recepit.</strong></span> 
     </span>
    </p>
   </div>
   <div class='ocr_carea' id='block_1_49' title="bbox 559 4781 2153 4878">
    <p class='ocr_par' dir='ltr' id='par_1_49' title="bbox 559 4781 2153 4878">
     <span class='ocr_line' id='line_1_49' title="bbox 559 4781 2153 4878; baseline 0.018 -43"><span class='ocrx_word' id='word_1_321' title='bbox 559 4781 805 4858; x_wconf 79' lang='lat' dir='ltr'><strong>(Pnosr.)</strong></span> <span class='ocrx_word' id='word_1_322' title='bbox 861 4786 1109 4858; x_wconf 87' lang='lat' dir='ltr'><strong>Clodius,</strong></span> <span class='ocrx_word' id='word_1_323' title='bbox 1170 4792 1506 4854; x_wconf 87' lang='lat' dir='ltr'><strong>Faramundi</strong></span> <span class='ocrx_word' id='word_1_324' title='bbox 1586 4801 1755 4871; x_wconf 77' lang='lat' dir='ltr'><strong>filius,</strong></span> <span class='ocrx_word' id='word_1_325' title='bbox 1801 4781 2068 4878; x_wconf 42' lang='lat' dir='ltr'><strong>regnavit-</strong></span> <span class='ocrx_word' id='word_1_326' title='bbox 2097 4809 2153 4864; x_wconf 93' lang='lat' dir='ltr'><strong>in</strong></span> 
     </span>
    </p>
   </div>
   <div class='ocr_carea' id='block_1_50' title="bbox 557 4873 1230 4957">
    <p class='ocr_par' dir='ltr' id='par_1_50' title="bbox 557 4873 1230 4957">
     <span class='ocr_line' id='line_1_50' title="bbox 557 4873 1230 4957; baseline 0.016 -28"><span class='ocrx_word' id='word_1_327' title='bbox 557 4873 787 4933; x_wconf 85' lang='lat' dir='ltr'><strong>Francia</strong></span> <span class='ocrx_word' id='word_1_328' title='bbox 819 4881 979 4938; x_wconf 89' lang='lat' dir='ltr'><strong>annis</strong></span> <span class='ocrx_word' id='word_1_329' title='bbox 1005 4881 1096 4939; x_wconf 76' lang='lat'><strong>20.</strong></span> <span class='ocrx_word' id='word_1_330' title='bbox 1129 4885 1230 4957; x_wconf 86' lang='lat'><strong>&#39;1.)</strong></span> 
     </span>
    </p>
   </div>
   <div class='ocr_carea' id='block_1_51' title="bbox 726 4971 2145 5128">
    <p class='ocr_par' dir='ltr' id='par_1_51' title="bbox 726 4971 2145 5128">
     <span class='ocr_line' id='line_1_51' title="bbox 726 4971 2145 5054; baseline 0.016 -30"><span class='ocrx_word' id='word_1_331' title='bbox 726 4971 776 5044; x_wconf 77' lang='lat'><strong>1)</strong></span> <span class='ocrx_word' id='word_1_332' title='bbox 817 4972 903 5028; x_wconf 91' lang='lat'><strong>10.</strong></span> <span class='ocrx_word' id='word_1_333' title='bbox 938 4975 1026 5030; x_wconf 85' lang='lat'><strong>11.</strong></span> <span class='ocrx_word' id='word_1_334' title='bbox 1060 4977 1187 5032; x_wconf 85' lang='lat' dir='ltr'><strong>add.</strong></span> <span class='ocrx_word' id='word_1_335' title='bbox 1213 4994 1231 5031; x_wconf 90' lang='lat'><strong><em>:</em></strong></span> <span class='ocrx_word' id='word_1_336' title='bbox 1259 4978 1367 5036; x_wconf 88' lang='lat' dir='ltr'><strong>Iste</strong></span> <span class='ocrx_word' id='word_1_337' title='bbox 1401 4998 1527 5037; x_wconf 91' lang='lat' dir='ltr'><strong>cum</strong></span> <span class='ocrx_word' id='word_1_338' title='bbox 1565 4984 1722 5054; x_wconf 82' lang='lat' dir='ltr'><strong>juxta</strong></span> <span class='ocrx_word' id='word_1_339' title='bbox 1754 5003 1907 5045; x_wconf 90' lang='lat' dir='ltr'><strong>mare</strong></span> <span class='ocrx_word' id='word_1_340' title='bbox 1929 4989 1983 5044; x_wconf 90' lang='lat' dir='ltr'><strong>in</strong></span> <span class='ocrx_word' id='word_1_341' title='bbox 2008 4999 2145 5046; x_wconf 69' lang='lat' dir='ltr'><strong>aestu</strong></span> 
     </span>
     <span class='ocr_line' id='line_1_52' title="bbox 767 5043 2141 5128; baseline 0.015 -32"><span class='ocrx_word' id='word_1_342' title='bbox 767 5043 910 5128; x_wconf 25' lang='lat' dir='ltr'><strong>dieih</strong></span> <span class='ocrx_word' id='word_1_343' title='bbox 942 5062 1070 5102; x_wconf 91' lang='lat' dir='ltr'><strong>cum</strong></span> <span class='ocrx_word' id='word_1_344' title='bbox 1112 5065 1300 5128; x_wconf 54' lang='lat' dir='ltr'><strong>uxore</strong></span> <span class='ocrx_word' id='word_1_345' title='bbox 1337 5054 1632 5128; x_wconf 84' lang='lat' dir='ltr'><strong>___sedisse_t,</strong></span> <span class='ocrx_word' id='word_1_346' title='bbox 1680 5058 1854 5113; x_wconf 88' lang='lat' dir='ltr'><strong>bestia</strong></span> <span class='ocrx_word' id='word_1_347' title='bbox 1906 5063 2141 5128; x_wconf 88' lang='lat' dir='ltr'><strong>marina,</strong></span> 
     </span>
    </p>
   </div>
   <div class='ocr_carea' id='block_1_52' title="bbox 769 5115 2142 5194">
    <p class='ocr_par' dir='ltr' id='par_1_52' title="bbox 769 5115 2142 5194">
     <span class='ocr_line' id='line_1_53' title="bbox 769 5115 2142 5194; baseline 0.017 -29"><span class='ocrx_word' id='word_1_348' title='bbox 769 5115 1059 5194; x_wconf 83' lang='lat' dir='ltr'><strong>_equita_uro</strong></span> <span class='ocrx_word' id='word_1_349' title='bbox 1112 5119 1182 5152; x_wconf 72' lang='grc' dir='ltr'><strong>θη</strong></span> <span class='ocrx_word' id='word_1_350' title='bbox 1227 5121 1442 5189; x_wconf 87' lang='lat' dir='ltr'><strong>similis,</strong></span> <span class='ocrx_word' id='word_1_351' title='bbox 1489 5135 1550 5180; x_wconf 90' lang='lat' dir='ltr'><strong>ut</strong></span> <span class='ocrx_word' id='word_1_352' title='bbox 1575 5115 1770 5194; x_wconf 84' lang='lat' dir='ltr'><strong>fertur,</strong></span> <span class='ocrx_word' id='word_1_353' title='bbox 1803 5115 2142 5189; x_wconf 76' lang='lat' dir='ltr'><strong>uxoremad</strong></span> 
     </span>
    </p>
   </div>
   <div class='ocr_carea' id='block_1_53' title="bbox 767 5183 2143 5271">
    <p class='ocr_par' dir='ltr' id='par_1_53' title="bbox 767 5183 2143 5271">
     <span class='ocr_line' id='line_1_54' title="bbox 767 5183 2143 5271; baseline 0.017 -34"><span class='ocrx_word' id='word_1_354' title='bbox 767 5183 1056 5271; x_wconf 71' lang='lat' dir='ltr'><strong>lavandum</strong></span> <span class='ocrx_word' id='word_1_355' title='bbox 1079 5199 1403 5271; x_wconf 75' lang='lat' dir='ltr'><strong>pergentem</strong></span> <span class='ocrx_word' id='word_1_356' title='bbox 1431 5183 1676 5271; x_wconf 77' lang='lat' dir='ltr'><strong>appetiit,</strong></span> <span class='ocrx_word' id='word_1_357' title='bbox 1702 5183 2143 5271; x_wconf 40' lang='lat' dir='ltr'><strong>statimque—sive</strong></span> 
     </span>
    </p>
   </div>
   <div class='ocr_carea' id='block_1_54' title="bbox 772 5254 2140 5342">
    <p class='ocr_par' dir='ltr' id='par_1_54' title="bbox 772 5254 2140 5342">
     <span class='ocr_line' id='line_1_55' title="bbox 772 5254 2140 5342; baseline 0.016 -35"><span class='ocrx_word' id='word_1_358' title='bbox 772 5269 814 5334; x_wconf 40' lang='lat' dir='ltr'><strong>a.</strong></span> <span class='ocrx_word' id='word_1_359' title='bbox 827 5254 996 5338; x_wconf 80' lang='lat' dir='ltr'><strong>bestia</strong></span> <span class='ocrx_word' id='word_1_360' title='bbox 1046 5254 1160 5314; x_wconf 74' lang='lat' dir='ltr'><strong>sive</strong></span> <span class='ocrx_word' id='word_1_361' title='bbox 1245 5261 1366 5317; x_wconf 87' lang='lat' dir='ltr'><strong>viro</strong></span> <span class='ocrx_word' id='word_1_362' title='bbox 1392 5254 1736 5342; x_wconf 73' lang='lat' dir='ltr'><strong>concipiens,</strong></span> <span class='ocrx_word' id='word_1_363' title='bbox 1767 5254 2140 5342; x_wconf 9' lang='lat' dir='ltr'><strong>,ﬁliumﬂpe—pe:</strong></span> 
     </span>
    </p>
   </div>
   <div class='ocr_carea' id='block_1_55' title="bbox 773 5324 2140 5412">
    <p class='ocr_par' dir='ltr' id='par_1_55' title="bbox 773 5324 2140 5412">
     <span class='ocr_line' id='line_1_56' title="bbox 773 5324 2140 5412; baseline 0.015 -32"><span class='ocrx_word' id='word_1_364' title='bbox 773 5324 860 5392; x_wconf 84' lang='lat' dir='ltr'><strong>rit,</strong></span> <span class='ocrx_word' id='word_1_365' title='bbox 889 5327 1035 5396; x_wconf 91' lang='lat' dir='ltr'><strong>quia</strong></span> <span class='ocrx_word' id='word_1_366' title='bbox 1062 5331 1202 5384; x_wconf 89' lang='lat' dir='ltr'><strong>mari</strong></span> <span class='ocrx_word' id='word_1_367' title='bbox 1223 5341 1278 5386; x_wconf 88' lang='lat' dir='ltr'><strong>et</strong></span> <span class='ocrx_word' id='word_1_368' title='bbox 1314 5349 1345 5388; x_wconf 90' lang='lat' dir='ltr'><strong>a</strong></span> <span class='ocrx_word' id='word_1_369' title='bbox 1370 5324 1650 5394; x_wconf 73' lang='lat' dir='ltr'><strong>maculosa</strong></span> <span class='ocrx_word' id='word_1_370' title='bbox 1674 5324 1812 5397; x_wconf 73' lang='lat' dir='ltr'><strong>facie</strong></span> <span class='ocrx_word' id='word_1_371' title='bbox 1836 5324 2140 5412; x_wconf 51' lang='lat' dir='ltr'><strong>Mai-0251&#39;s,</strong></span> 
     </span>
    </p>
   </div>
   <div class='ocr_carea' id='block_1_56' title="bbox 1667 240 2677 324">
    <p class='ocr_par' dir='ltr' id='par_1_56' title="bbox 1667 240 2677 324">
     <span class='ocr_line' id='line_1_57' title="bbox 1667 240 2677 324; baseline 0.01 -10"><span class='ocrx_word' id='word_1_372' title='bbox 1667 240 1672 246; x_wconf 88' lang='grc'><em>’</em></span> <span class='ocrx_word' id='word_1_373' title='bbox 1773 259 2171 317; x_wconf 77' lang='grc' dir='ltr'><strong>ΕΚΚΕΗΑΙωΙ</strong></span> <span class='ocrx_word' id='word_1_374' title='bbox 2210 261 2677 324; x_wconf 65' lang='lat' dir='ltr'><strong>unaueuaxsrs</strong></span> 
     </span>
    </p>
   </div>
   <div class='ocr_carea' id='block_1_57' title="bbox 588 373 2252 448">
    <p class='ocr_par' dir='ltr' id='par_1_57' title="bbox 588 373 2252 448">
     <span class='ocr_line' id='line_1_58' title="bbox 588 373 2252 448; baseline 0.005 -19"><span class='ocrx_word' id='word_1_375' title='bbox 588 375 710 429; x_wconf 84' lang='lat' dir='ltr'><strong>loco</strong></span> <span class='ocrx_word' id='word_1_376' title='bbox 738 373 831 445; x_wconf 90' lang='lat' dir='ltr'><strong>qui</strong></span> <span class='ocrx_word' id='word_1_377' title='bbox 863 373 1064 430; x_wconf 88' lang='lat' dir='ltr'><strong>dicitur</strong></span> <span class='ocrx_word' id='word_1_378' title='bbox 1089 373 1329 446; x_wconf 87' lang='lat' dir='ltr'><strong>Campus</strong></span> <span class='ocrx_word' id='word_1_379' title='bbox 1361 390 1468 430; x_wconf 91' lang='lat' dir='ltr'><strong>una</strong></span> <span class='ocrx_word' id='word_1_380' title='bbox 1495 390 1618 431; x_wconf 91' lang='lat' dir='ltr'><strong>cum</strong></span> <span class='ocrx_word' id='word_1_381' title='bbox 1651 378 1908 448; x_wconf 87' lang='lat' dir='ltr'><strong>episcopo</strong></span> <span class='ocrx_word' id='word_1_382' title='bbox 1939 377 2171 437; x_wconf 89' lang='lat' dir='ltr'><strong>Proculo</strong></span> <span class='ocrx_word' id='word_1_383' title='bbox 2201 385 2252 445; x_wconf 81' lang='grc' dir='ltr'><strong>Α</strong></span> 
     </span>
    </p>
   </div>
   <div class='ocr_carea' id='block_1_58' title="bbox 3735 289 3808 349">
    <p class='ocr_par' dir='ltr' id='par_1_58' title="bbox 3735 289 3808 349">
     <span class='ocr_line' id='line_1_59' title="bbox 3735 289 3808 349; baseline 0.096 -7"><span class='ocrx_word' id='word_1_384' title='bbox 3735 289 3808 349; x_wconf 68' lang='grc' dir='ltr'><strong>’1ῖὶ</strong></span> 
     </span>
    </p>
   </div>
   <div class='ocr_carea' id='block_1_59' title="bbox 2489 384 3814 464">
    <p class='ocr_par' dir='ltr' id='par_1_59' title="bbox 2489 384 3814 464">
     <span class='ocr_line' id='line_1_60' title="bbox 2489 384 3814 464; baseline 0.012 -26"><span class='ocrx_word' id='word_1_385' title='bbox 2489 385 2541 438; x_wconf 92' lang='lat' dir='ltr'><strong>id</strong></span> <span class='ocrx_word' id='word_1_386' title='bbox 2573 394 2656 441; x_wconf 88' lang='lat' dir='ltr'><strong>est</strong></span> <span class='ocrx_word' id='word_1_387' title='bbox 2680 384 2972 464; x_wconf 59' lang='lat' dir='ltr'><strong>MereLecb,</strong></span> <span class='ocrx_word' id='word_1_388' title='bbox 3005 387 3186 446; x_wconf 82' lang='lat' dir='ltr'><strong>dictus</strong></span> <span class='ocrx_word' id='word_1_389' title='bbox 3209 399 3327 464; x_wconf 77' lang='lat' dir='ltr'><strong>est;</strong></span> <span class='ocrx_word' id='word_1_390' title='bbox 3371 407 3403 446; x_wconf 91' lang='lat' dir='ltr'><strong>a</strong></span> <span class='ocrx_word' id='word_1_391' title='bbox 3437 410 3550 464; x_wconf 89' lang='lat' dir='ltr'><strong>quo</strong></span> <span class='ocrx_word' id='word_1_392' title='bbox 3583 399 3723 455; x_wconf 81' lang='lat' dir='ltr'><strong>etiam</strong></span> <span class='ocrx_word' id='word_1_393' title='bbox 3740 411 3814 464; x_wconf 59' lang='grc' dir='ltr'><strong>νὴ·</strong></span> 
     </span>
    </p>
   </div>
   <div class='ocr_carea' id='block_1_60' title="bbox 2491 457 3812 549">
    <p class='ocr_par' dir='ltr' id='par_1_60' title="bbox 2491 457 3812 549">
     <span class='ocr_line' id='line_1_61' title="bbox 2491 457 3812 549; baseline 0.013 -39"><span class='ocrx_word' id='word_1_394' title='bbox 2491 465 2606 536; x_wconf 74' lang='lat' dir='ltr'><strong>stea</strong></span> <span class='ocrx_word' id='word_1_395' title='bbox 2646 457 3172 549; x_wconf 67' lang='lat' dir='ltr'><strong>regesFrancorum</strong></span> <span class='ocrx_word' id='word_1_396' title='bbox 3208 457 3812 549; x_wconf 35' lang='lat' dir='ltr'><strong>hieroting&#39;injdfsthﬁe&#39;</strong></span> 
     </span>
    </p>
   </div>
   <div class='ocr_carea' id='block_1_61' title="bbox 2491 529 3813 675">
    <p class='ocr_par' dir='ltr' id='par_1_61' title="bbox 2491 529 3813 675">
     <span class='ocr_line' id='line_1_62' title="bbox 2491 529 3813 624; baseline 0.011 -46"><span class='ocrx_word' id='word_1_397' title='bbox 2491 529 2854 608; x_wconf 78' lang='lat' dir='ltr'><strong>revingilingi,</strong></span> <span class='ocrx_word' id='word_1_398' title='bbox 2908 538 3038 612; x_wconf 79' lang='lat' dir='ltr'><strong>sunt</strong></span> <span class='ocrx_word' id='word_1_399' title='bbox 3085 533 3338 614; x_wconf 78' lang='lat' dir='ltr'><strong>appellati</strong></span> <span class='ocrx_word' id='word_1_400' title='bbox 3375 529 3470 588; x_wconf 68' lang='grc' dir='ltr'><strong>⁹⁷³Ῑ</strong></span> <span class='ocrx_word' id='word_1_401' title='bbox 3518 535 3679 619; x_wconf 64' lang='lat' dir='ltr'><strong>llujus</strong></span> <span class='ocrx_word' id='word_1_402' title='bbox 3712 529 3813 624; x_wconf 64' lang='lat' dir='ltr'><strong>ﬁlius</strong></span> 
     </span>
     <span class='ocr_line' id='line_1_63' title="bbox 2494 595 3813 675; baseline 0.014 -26"><span class='ocrx_word' id='word_1_403' title='bbox 2494 595 2799 675; x_wconf 67' lang='lat' dir='ltr'><strong>tlilderlcus</strong></span> <span class='ocrx_word' id='word_1_404' title='bbox 2829 611 3014 670; x_wconf 77' lang='lat' dir='ltr'><strong>genuit</strong></span> <span class='ocrx_word' id='word_1_405' title='bbox 3035 600 3415 675; x_wconf 57' lang='lat' dir='ltr'><strong>Ludeytcum,</strong></span> <span class='ocrx_word' id='word_1_406' title='bbox 3439 622 3537 675; x_wconf 80' lang='lat' dir='ltr'><strong>qui</strong></span> <span class='ocrx_word' id='word_1_407' title='bbox 3557 621 3704 664; x_wconf 79' lang='lat' dir='ltr'><strong>etiam</strong></span> <span class='ocrx_word' id='word_1_408' title='bbox 3723 617 3813 667; x_wconf 68' lang='grc' dir='ltr'><strong>(Λη-</strong></span> 
     </span>
    </p>
   </div>
   <div class='ocr_carea' id='block_1_62' title="bbox 2507 647 3810 749">
    <p class='ocr_par' dir='ltr' id='par_1_62' title="bbox 2507 647 3810 749">
     <span class='ocr_line' id='line_1_64' title="bbox 2507 647 3810 749; baseline 0.015 -29"><span class='ocrx_word' id='word_1_409' title='bbox 2507 647 2694 722; x_wconf 56' lang='grc' dir='ltr'><strong>1όῶἒῶ</strong></span> <span class='ocrx_word' id='word_1_410' title='bbox 2705 647 3704 749; x_wconf 52' lang='grc' dir='ltr'><strong>’ᾱῑοξᾱξἐξιῇῑῗϊιῖέὶξῖηῑξξείξῐίῖῖ</strong></span> <span class='ocrx_word' id='word_1_411' title='bbox 3723 647 3810 740; x_wconf 64' lang='grc' dir='ltr'><strong>ξ”εέἶ</strong></span> 
     </span>
    </p>
   </div>
   <div class='ocr_carea' id='block_1_63' title="bbox 2347 755 3812 838">
    <p class='ocr_par' dir='ltr' id='par_1_63' title="bbox 2347 755 3812 838">
     <span class='ocr_line' id='line_1_65' title="bbox 2347 755 3812 838; baseline 0.015 -29"><span class='ocrx_word' id='word_1_412' title='bbox 2347 755 2400 810; x_wconf 88' lang='grc'><strong>6.</strong></span> <span class='ocrx_word' id='word_1_413' title='bbox 2432 756 2496 811; x_wconf 85' lang='grc' dir='ltr'><strong>Α.</strong></span> <span class='ocrx_word' id='word_1_414' title='bbox 2526 756 2588 812; x_wconf 94' lang='lat' dir='ltr'><strong>D.</strong></span> <span class='ocrx_word' id='word_1_415' title='bbox 2617 759 2742 814; x_wconf 71' lang='lat'><strong>452.</strong></span> <span class='ocrx_word' id='word_1_416' title='bbox 2777 759 3080 818; x_wconf 85' lang='lat' dir='ltr'><strong>Cassianus</strong></span> <span class='ocrx_word' id='word_1_417' title='bbox 3123 764 3448 822; x_wconf 88' lang='lat' dir='ltr'><strong>collationes</strong></span> <span class='ocrx_word' id='word_1_418' title='bbox 3489 779 3691 838; x_wconf 81' lang='lat' dir='ltr'><strong>patrum</strong></span> <span class='ocrx_word' id='word_1_419' title='bbox 3720 781 3812 830; x_wconf 85' lang='lat' dir='ltr'><strong>scri-</strong></span> 
     </span>
    </p>
   </div>
   <div class='ocr_carea' id='block_1_64' title="bbox 2277 843 2376 899">
    <p class='ocr_par' dir='ltr' id='par_1_64' title="bbox 2277 843 2376 899">
     <span class='ocr_line' id='line_1_66' title="bbox 2277 843 2376 899; baseline 0.01 -1"><span class='ocrx_word' id='word_1_420' title='bbox 2277 843 2376 899; x_wconf 85' lang='lat' dir='ltr'><strong>bit.</strong></span> 
     </span>
    </p>
   </div>
   <div class='ocr_carea' id='block_1_65' title="bbox 2347 937 3811 1024">
    <p class='ocr_par' dir='ltr' id='par_1_65' title="bbox 2347 937 3811 1024">
     <span class='ocr_line' id='line_1_67' title="bbox 2347 937 3811 1024; baseline 0.014 -34"><span class='ocrx_word' id='word_1_421' title='bbox 2347 937 2399 991; x_wconf 92' lang='lat'><strong>8.</strong></span> <span class='ocrx_word' id='word_1_422' title='bbox 2427 937 2492 991; x_wconf 81' lang='grc' dir='ltr'><strong>Α.</strong></span> <span class='ocrx_word' id='word_1_423' title='bbox 2533 937 2595 992; x_wconf 94' lang='lat' dir='ltr'><strong>D.</strong></span> <span class='ocrx_word' id='word_1_424' title='bbox 2627 940 2754 996; x_wconf 74' lang='grc'><strong>454.</strong></span> <span class='ocrx_word' id='word_1_425' title='bbox 2809 941 3012 1014; x_wconf 62' lang='lat' dir='ltr'><strong>ijtus</strong></span> <span class='ocrx_word' id='word_1_426' title='bbox 3081 961 3224 1016; x_wconf 87' lang='lat' dir='ltr'><strong>papa</strong></span> <span class='ocrx_word' id='word_1_427' title='bbox 3262 947 3396 1002; x_wconf 85' lang='grc' dir='ltr'><strong>46υ⁶</strong></span> <span class='ocrx_word' id='word_1_428' title='bbox 3443 951 3584 1006; x_wconf 88' lang='lat' dir='ltr'><strong>sedit</strong></span> <span class='ocrx_word' id='word_1_429' title='bbox 3629 957 3760 1016; x_wconf 70' lang='lat' dir='ltr'><strong>annis</strong></span> <span class='ocrx_word' id='word_1_430' title='bbox 3777 959 3811 1024; x_wconf 83' lang='lat'><strong>8,</strong></span> 
     </span>
    </p>
   </div>
   <div class='ocr_carea' id='block_1_66' title="bbox 2275 1026 2870 1101">
    <p class='ocr_par' dir='ltr' id='par_1_66' title="bbox 2275 1026 2870 1101">
     <span class='ocr_line' id='line_1_68' title="bbox 2275 1026 2870 1101; baseline 0.01 -21"><span class='ocrx_word' id='word_1_431' title='bbox 2275 1026 2410 1081; x_wconf 87' lang='lat' dir='ltr'><strong>obiit</strong></span> <span class='ocrx_word' id='word_1_432' title='bbox 2430 1028 2464 1082; x_wconf 81' lang='lat'><strong>5</strong></span> <span class='ocrx_word' id='word_1_433' title='bbox 2501 1028 2620 1084; x_wconf 86' lang='lat' dir='ltr'><strong>Kal.</strong></span> <span class='ocrx_word' id='word_1_434' title='bbox 2646 1032 2870 1101; x_wconf 87' lang='lat' dir='ltr'><strong>Aprilis.</strong></span> 
     </span>
    </p>
   </div>
   <div class='ocr_carea' id='block_1_67' title="bbox 2347 1119 3813 1194">
    <p class='ocr_par' dir='ltr' id='par_1_67' title="bbox 2347 1119 3813 1194">
     <span class='ocr_line' id='line_1_69' title="bbox 2347 1119 3813 1194; baseline 0.014 -21"><span class='ocrx_word' id='word_1_435' title='bbox 2347 1119 2434 1174; x_wconf 88' lang='grc'><strong>10.</strong></span> <span class='ocrx_word' id='word_1_436' title='bbox 2482 1121 2550 1178; x_wconf 86' lang='lat' dir='ltr'><strong>A.</strong></span> <span class='ocrx_word' id='word_1_437' title='bbox 2605 1121 2668 1178; x_wconf 92' lang='lat' dir='ltr'><strong>D.</strong></span> <span class='ocrx_word' id='word_1_438' title='bbox 2702 1124 2827 1179; x_wconf 86' lang='grc'><strong>456.</strong></span> <span class='ocrx_word' id='word_1_439' title='bbox 2893 1125 3130 1185; x_wconf 89' lang='lat' dir='ltr'><strong>Sanctus</strong></span> <span class='ocrx_word' id='word_1_440' title='bbox 3172 1128 3486 1188; x_wconf 87' lang='lat' dir='ltr'><strong>Germanus</strong></span> <span class='ocrx_word' id='word_1_441' title='bbox 3537 1136 3813 1194; x_wconf 75' lang='lat' dir='ltr'><strong>Autisiodon&#39;</strong></span> 
     </span>
    </p>
   </div>
   <div class='ocr_carea' id='block_1_68' title="bbox 2274 1211 2812 1283">
    <p class='ocr_par' dir='ltr' id='par_1_68' title="bbox 2274 1211 2812 1283">
     <span class='ocr_line' id='line_1_70' title="bbox 2274 1211 2812 1283; baseline 0.011 -18"><span class='ocrx_word' id='word_1_442' title='bbox 2274 1211 2563 1283; x_wconf 91' lang='lat' dir='ltr'><strong>episcopus</strong></span> <span class='ocrx_word' id='word_1_443' title='bbox 2594 1215 2812 1271; x_wconf 85' lang='lat' dir='ltr'><strong>claruit.</strong></span> 
     </span>
    </p>
   </div>
   <div class='ocr_carea' id='block_1_69' title="bbox 2345 1305 3811 1387">
    <p class='ocr_par' dir='ltr' id='par_1_69' title="bbox 2345 1305 3811 1387">
     <span class='ocr_line' id='line_1_71' title="bbox 2345 1305 3811 1387; baseline 0.014 -29"><span class='ocrx_word' id='word_1_444' title='bbox 2345 1305 2432 1360; x_wconf 84' lang='lat'><strong>11.</strong></span> <span class='ocrx_word' id='word_1_445' title='bbox 2462 1306 2611 1378; x_wconf 86' lang='lat' dir='ltr'><strong>(Chr.</strong></span> <span class='ocrx_word' id='word_1_446' title='bbox 2642 1309 2756 1380; x_wconf 92' lang='lat' dir='ltr'><strong>W.)</strong></span> <span class='ocrx_word' id='word_1_447' title='bbox 2779 1310 2845 1365; x_wconf 87' lang='lat' dir='ltr'><strong>A.</strong></span> <span class='ocrx_word' id='word_1_448' title='bbox 2871 1310 2934 1366; x_wconf 89' lang='lat' dir='ltr'><strong>D.</strong></span> <span class='ocrx_word' id='word_1_449' title='bbox 2964 1312 3090 1368; x_wconf 86' lang='grc'><strong>457.</strong></span> <span class='ocrx_word' id='word_1_450' title='bbox 3127 1316 3151 1340; x_wconf 66' lang='grc' dir='ltr'>ί</span> <span class='ocrx_word' id='word_1_451' title='bbox 3185 1313 3443 1387; x_wconf 83' lang='lat' dir='ltr'><strong>Synodus</strong></span> <span class='ocrx_word' id='word_1_452' title='bbox 3466 1320 3625 1375; x_wconf 89' lang='lat' dir='ltr'><strong>tercia</strong></span> <span class='ocrx_word' id='word_1_453' title='bbox 3646 1322 3811 1377; x_wconf 75' lang='lat' dir='ltr'><strong>univer-</strong></span> 
     </span>
    </p>
   </div>
   <div class='ocr_carea' id='block_1_70' title="bbox 2274 1397 3812 1485">
    <p class='ocr_par' dir='ltr' id='par_1_70' title="bbox 2274 1397 3812 1485">
     <span class='ocr_line' id='line_1_72' title="bbox 2274 1397 3812 1485; baseline 0.013 -35"><span class='ocrx_word' id='word_1_454' title='bbox 2274 1397 2403 1452; x_wconf 90' lang='lat' dir='ltr'><strong>salis</strong></span> <span class='ocrx_word' id='word_1_455' title='bbox 2437 1398 2543 1452; x_wconf 71' lang='lat'><strong>200</strong></span> <span class='ocrx_word' id='word_1_456' title='bbox 2567 1402 2952 1472; x_wconf 87' lang='lat' dir='ltr'><strong>episcoporum</strong></span> <span class='ocrx_word' id='word_1_457' title='bbox 2982 1407 3088 1460; x_wconf 88' lang='lat' dir='ltr'><strong>sub</strong></span> <span class='ocrx_word' id='word_1_458' title='bbox 3119 1407 3290 1479; x_wconf 78' lang='lat' dir='ltr'><strong>Syxto</strong></span> <span class='ocrx_word' id='word_1_459' title='bbox 3319 1425 3461 1481; x_wconf 89' lang='lat' dir='ltr'><strong>papa</strong></span> <span class='ocrx_word' id='word_1_460' title='bbox 3511 1427 3812 1485; x_wconf 73' lang='lat' dir='ltr'><strong>congregatur</strong></span> 
     </span>
    </p>
   </div>
   <div class='ocr_carea' id='block_1_71' title="bbox 2274 1487 3172 1560">
    <p class='ocr_par' dir='ltr' id='par_1_71' title="bbox 2274 1487 3172 1560">
     <span class='ocr_line' id='line_1_73' title="bbox 2274 1487 3172 1560; baseline 0.012 -18"><span class='ocrx_word' id='word_1_461' title='bbox 2274 1487 2330 1542; x_wconf 90' lang='lat' dir='ltr'><strong>in</strong></span> <span class='ocrx_word' id='word_1_462' title='bbox 2368 1489 2590 1560; x_wconf 90' lang='lat' dir='ltr'><strong>Epheso</strong></span> <span class='ocrx_word' id='word_1_463' title='bbox 2613 1503 2805 1550; x_wconf 89' lang='lat' dir='ltr'><strong>contra</strong></span> <span class='ocrx_word' id='word_1_464' title='bbox 2838 1495 3172 1554; x_wconf 87' lang='lat' dir='ltr'><strong>Nestorium.</strong></span> 
     </span>
    </p>
   </div>
   <div class='ocr_carea' id='block_1_72' title="bbox 2415 1584 3758 1668">
    <p class='ocr_par' dir='ltr' id='par_1_72' title="bbox 2415 1584 3758 1668">
     <span class='ocr_line' id='line_1_74' title="bbox 2415 1584 3758 1668; baseline 0.01 -30"><span class='ocrx_word' id='word_1_465' title='bbox 2415 1588 2434 1607; x_wconf 85' lang='grc'><strong>·</strong></span> <span class='ocrx_word' id='word_1_466' title='bbox 2469 1584 2558 1640; x_wconf 88' lang='lat' dir='ltr'><strong>D?</strong></span> <span class='ocrx_word' id='word_1_467' title='bbox 2587 1585 2649 1641; x_wconf 88' lang='grc' dir='ltr'><strong>Ε.</strong></span> <span class='ocrx_word' id='word_1_468' title='bbox 2683 1588 2811 1643; x_wconf 88' lang='lat' dir='ltr'><strong>add.</strong></span> <span class='ocrx_word' id='word_1_469' title='bbox 2843 1605 2862 1643; x_wconf 90' lang='lat'><strong><em>:</em></strong></span> <span class='ocrx_word' id='word_1_470' title='bbox 2896 1589 3136 1663; x_wconf 80' lang='lat' dir='ltr'><strong>Cyri‘llus</strong></span> <span class='ocrx_word' id='word_1_471' title='bbox 3169 1623 3241 1633; x_wconf 89' lang='lat'><strong>-—</strong></span> <span class='ocrx_word' id='word_1_472' title='bbox 3271 1596 3507 1650; x_wconf 83' lang='lat' dir='ltr'><strong>notavit.</strong></span> <span class='ocrx_word' id='word_1_473' title='bbox 3531 1613 3591 1650; x_wconf 74' lang='lat' dir='ltr'><strong>ea:</strong></span> <span class='ocrx_word' id='word_1_474' title='bbox 3617 1595 3758 1668; x_wconf 65' lang='lat' dir='ltr'><strong>Sigei.</strong></span> 
     </span>
    </p>
   </div>
   <div class='ocr_carea' id='block_1_73' title="bbox 2346 1677 2841 1735">
    <p class='ocr_par' dir='ltr' id='par_1_73' title="bbox 2346 1677 2841 1735">
     <span class='ocr_line' id='line_1_75' title="bbox 2346 1677 2841 1735; baseline 0.01 -4"><span class='ocrx_word' id='word_1_475' title='bbox 2346 1677 2434 1732; x_wconf 69' lang='grc'><strong>12.</strong></span> <span class='ocrx_word' id='word_1_476' title='bbox 2465 1680 2531 1734; x_wconf 84' lang='grc' dir='ltr'><strong>Α.</strong></span> <span class='ocrx_word' id='word_1_477' title='bbox 2563 1678 2626 1734; x_wconf 91' lang='lat' dir='ltr'><strong>D.</strong></span> <span class='ocrx_word' id='word_1_478' title='bbox 2665 1680 2792 1735; x_wconf 75' lang='grc'><strong>458.</strong></span> <span class='ocrx_word' id='word_1_479' title='bbox 2822 1684 2841 1704; x_wconf 80' lang='grc'>⁶</span> 
     </span>
    </p>
   </div>
   <div class='ocr_carea' id='block_1_74' title="bbox 2421 1770 3805 1897">
    <p class='ocr_par' dir='ltr' id='par_1_74' title="bbox 2421 1770 3805 1897">
     <span class='ocr_line' id='line_1_76' title="bbox 2421 1770 3805 1897; baseline 0.011 -74"><span class='ocrx_word' id='word_1_480' title='bbox 2421 1774 2439 1794; x_wconf 78' lang='grc'><strong><em>⁸</em></strong></span> <span class='ocrx_word' id='word_1_481' title='bbox 2663 1773 2789 1829; x_wconf 84' lang='lat' dir='ltr'><strong>add.</strong></span> <span class='ocrx_word' id='word_1_482' title='bbox 2821 1791 2838 1830; x_wconf 94' lang='lat'><em>:</em></span> <span class='ocrx_word' id='word_1_483' title='bbox 2863 1775 3113 1833; x_wconf 76' lang='lat' dir='ltr'><strong>Eudoxia</strong></span> <span class='ocrx_word' id='word_1_484' title='bbox 3162 1809 3235 1819; x_wconf 97' lang='lat'><strong>—</strong></span> <span class='ocrx_word' id='word_1_485' title='bbox 3265 1780 3323 1834; x_wconf 88' lang='lat' dir='ltr'><strong>in</strong></span> <span class='ocrx_word' id='word_1_486' title='bbox 3354 1779 3478 1835; x_wconf 79' lang='lat' dir='ltr'><strong>Kal.</strong></span> <span class='ocrx_word' id='word_1_487' title='bbox 3531 1783 3748 1853; x_wconf 80' lang='lat' dir='ltr'><strong>Augusti.</strong></span> <span class='ocrx_word' id='word_1_488' title='bbox 3765 1804 3805 1840; x_wconf 74' lang='lat' dir='ltr'><strong>rx</strong></span> 
     </span>
     <span class='ocr_line' id='line_1_77' title="bbox 2469 1861 2666 1897; baseline 0.01 -2"><span class='ocrx_word' id='word_1_489' title='bbox 2469 1871 2474 1874; x_wconf 55' lang='grc' dir='ltr'><strong>ν</strong></span> <span class='ocrx_word' id='word_1_490' title='bbox 2533 1861 2612 1897; x_wconf 84' lang='lat' dir='ltr'><strong>me</strong></span> <span class='ocrx_word' id='word_1_491' title='bbox 2651 1884 2666 1897; x_wconf 93' lang='lat'><strong>.</strong></span> 
     </span>
    </p>
   </div>
   <div class='ocr_carea' id='block_1_75' title="bbox 2469 1861 2666 1914">
    <p class='ocr_par' dir='ltr' id='par_1_75' title="bbox 2469 1861 2666 1914">
     <span class='ocr_line' id='line_1_78' title="bbox 2469 1861 2666 1914; baseline 0.015 -18"><span class='ocrx_word' id='word_1_492' title='bbox 2469 1861 2666 1914; x_wconf 34' lang='lat' dir='ltr'><strong>votgeo.</strong></span> 
     </span>
    </p>
   </div>
   <div class='ocr_carea' id='block_1_76' title="bbox 2343 1934 3804 2018">
    <p class='ocr_par' dir='ltr' id='par_1_76' title="bbox 2343 1934 3804 2018">
     <span class='ocr_line' id='line_1_79' title="bbox 2343 1934 3804 2018; baseline 0.01 -30"><span class='ocrx_word' id='word_1_493' title='bbox 2343 1934 2430 1989; x_wconf 90' lang='grc'><strong>15.</strong></span> <span class='ocrx_word' id='word_1_494' title='bbox 2462 1936 2527 1990; x_wconf 88' lang='grc' dir='ltr'><strong>Α.</strong></span> <span class='ocrx_word' id='word_1_495' title='bbox 2570 1936 2634 1991; x_wconf 92' lang='grc' dir='ltr'><strong>Ι).</strong></span> <span class='ocrx_word' id='word_1_496' title='bbox 2664 1938 2790 1993; x_wconf 85' lang='grc'><strong>459.</strong></span> <span class='ocrx_word' id='word_1_497' title='bbox 2824 1938 3025 1996; x_wconf 87' lang='lat' dir='ltr'><strong>Aecius</strong></span> <span class='ocrx_word' id='word_1_498' title='bbox 3054 1941 3493 2000; x_wconf 85' lang='lat' dir='ltr'><strong>Gundicharium</strong></span> <span class='ocrx_word' id='word_1_499' title='bbox 3529 1945 3804 2018; x_wconf 79' lang='lat' dir='ltr'><strong>Burgundio-</strong></span> 
     </span>
    </p>
   </div>
   <div class='ocr_carea' id='block_1_77' title="bbox 2270 2031 3803 2108">
    <p class='ocr_par' dir='ltr' id='par_1_77' title="bbox 2270 2031 3803 2108">
     <span class='ocr_line' id='line_1_80' title="bbox 2270 2031 3803 2108; baseline 0.008 -28"><span class='ocrx_word' id='word_1_500' title='bbox 2270 2042 2402 2081; x_wconf 90' lang='lat' dir='ltr'><strong>num</strong></span> <span class='ocrx_word' id='word_1_501' title='bbox 2428 2043 2611 2099; x_wconf 85' lang='lat' dir='ltr'><strong>regem</strong></span> <span class='ocrx_word' id='word_1_502' title='bbox 2635 2031 2787 2098; x_wconf 90' lang='lat' dir='ltr'><strong>vicit,</strong></span> <span class='ocrx_word' id='word_1_503' title='bbox 2827 2033 3142 2104; x_wconf 87' lang='lat' dir='ltr'><strong>petentique</strong></span> <span class='ocrx_word' id='word_1_504' title='bbox 3194 2036 3434 2106; x_wconf 82' lang='lat' dir='ltr'><strong>gratiam</strong></span> <span class='ocrx_word' id='word_1_505' title='bbox 3465 2039 3664 2104; x_wconf 87' lang='lat' dir='ltr'><strong>tribuit,</strong></span> <span class='ocrx_word' id='word_1_506' title='bbox 3687 2055 3803 2108; x_wconf 68' lang='lat' dir='ltr'><strong>quem</strong></span> 
     </span>
    </p>
   </div>
   <div class='ocr_carea' id='block_1_78' title="bbox 2268 2115 3384 2198">
    <p class='ocr_par' dir='ltr' id='par_1_78' title="bbox 2268 2115 3384 2198">
     <span class='ocr_line' id='line_1_81' title="bbox 2268 2115 3384 2198; baseline 0.011 -27"><span class='ocrx_word' id='word_1_507' title='bbox 2268 2115 2414 2173; x_wconf 85' lang='lat' dir='ltr'><strong>Huni</strong></span> <span class='ocrx_word' id='word_1_508' title='bbox 2447 2129 2637 2190; x_wconf 90' lang='lat' dir='ltr'><strong>postea</strong></span> <span class='ocrx_word' id='word_1_509' title='bbox 2674 2135 3023 2192; x_wconf 88' lang='lat' dir='ltr'><strong>peremerunt</strong></span> <span class='ocrx_word' id='word_1_510' title='bbox 3046 2125 3140 2196; x_wconf 83' lang='lat' dir='ltr'><strong>(cf.</strong></span> <span class='ocrx_word' id='word_1_511' title='bbox 3163 2126 3384 2198; x_wconf 77' lang='lat' dir='ltr'><strong>Pnose.)</strong></span> 
     </span>
    </p>
   </div>
   <div class='ocr_carea' id='block_1_79' title="bbox 2341 2208 3802 2284">
    <p class='ocr_par' dir='ltr' id='par_1_79' title="bbox 2341 2208 3802 2284">
     <span class='ocr_line' id='line_1_82' title="bbox 2341 2208 3802 2284; baseline 0.011 -23"><span class='ocrx_word' id='word_1_512' title='bbox 2341 2208 2430 2262; x_wconf 91' lang='grc'><strong>14.</strong></span> <span class='ocrx_word' id='word_1_513' title='bbox 2470 2209 2620 2280; x_wconf 86' lang='lat' dir='ltr'><strong>(Chr.</strong></span> <span class='ocrx_word' id='word_1_514' title='bbox 2672 2211 2787 2284; x_wconf 82' lang='lat' dir='ltr'><strong>W.)</strong></span> <span class='ocrx_word' id='word_1_515' title='bbox 2808 2214 2874 2269; x_wconf 85' lang='lat' dir='ltr'><strong>A.</strong></span> <span class='ocrx_word' id='word_1_516' title='bbox 2920 2213 2985 2270; x_wconf 90' lang='lat' dir='ltr'><strong>D.</strong></span> <span class='ocrx_word' id='word_1_517' title='bbox 3045 2217 3174 2273; x_wconf 87' lang='grc'><strong>440.</strong></span> <span class='ocrx_word' id='word_1_518' title='bbox 3229 2216 3644 2276; x_wconf 80' lang='lat' dir='ltr'><strong>Valentinianus</strong></span> <span class='ocrx_word' id='word_1_519' title='bbox 3685 2222 3802 2276; x_wconf 77' lang='lat' dir='ltr'><strong>ﬁliam</strong></span> 
     </span>
    </p>
   </div>
   <div class='ocr_carea' id='block_1_80' title="bbox 2269 2301 2816 2378">
    <p class='ocr_par' dir='ltr' id='par_1_80' title="bbox 2269 2301 2816 2378">
     <span class='ocr_line' id='line_1_83' title="bbox 2269 2301 2816 2378; baseline 0.013 -21"><span class='ocrx_word' id='word_1_520' title='bbox 2269 2301 2564 2360; x_wconf 88' lang='lat' dir='ltr'><strong>Theodosii</strong></span> <span class='ocrx_word' id='word_1_521' title='bbox 2585 2309 2816 2378; x_wconf 90' lang='lat' dir='ltr'><strong>accepit.</strong></span> 
     </span>
    </p>
   </div>
   <div class='ocr_carea' id='block_1_81' title="bbox 2341 2394 3803 2478">
    <p class='ocr_par' dir='ltr' id='par_1_81' title="bbox 2341 2394 3803 2478">
     <span class='ocr_line' id='line_1_84' title="bbox 2341 2394 3803 2478; baseline 0.012 -31"><span class='ocrx_word' id='word_1_522' title='bbox 2341 2394 2428 2449; x_wconf 85' lang='lat'><strong>15.</strong></span> <span class='ocrx_word' id='word_1_523' title='bbox 2465 2394 2564 2466; x_wconf 83' lang='grc' dir='ltr'><strong>(Η.</strong></span> <span class='ocrx_word' id='word_1_524' title='bbox 2599 2397 2696 2467; x_wconf 91' lang='lat' dir='ltr'><strong>m.)</strong></span> <span class='ocrx_word' id='word_1_525' title='bbox 2720 2399 2788 2453; x_wconf 85' lang='lat' dir='ltr'><strong>A.</strong></span> <span class='ocrx_word' id='word_1_526' title='bbox 2828 2398 2892 2454; x_wconf 91' lang='lat' dir='ltr'><strong>D.</strong></span> <span class='ocrx_word' id='word_1_527' title='bbox 2925 2401 3048 2456; x_wconf 84' lang='grc'><strong>441.</strong></span> <span class='ocrx_word' id='word_1_528' title='bbox 3083 2402 3339 2461; x_wconf 82' lang='lat' dir='ltr'><strong>Julianus</strong></span> <span class='ocrx_word' id='word_1_529' title='bbox 3360 2405 3700 2478; x_wconf 60' lang='lat' dir='ltr'><strong>Pelagianis:</strong></span> <span class='ocrx_word' id='word_1_530' title='bbox 3737 2410 3803 2462; x_wconf 62' lang='lat' dir='ltr'><strong>he</strong></span> 
     </span>
    </p>
   </div>
   <div class='ocr_carea' id='block_1_82' title="bbox 2265 2488 3800 2566">
    <p class='ocr_par' dir='ltr' id='par_1_82' title="bbox 2265 2488 3800 2566">
     <span class='ocr_line' id='line_1_85' title="bbox 2265 2488 3800 2566; baseline 0.01 -25"><span class='ocrx_word' id='word_1_531' title='bbox 2265 2488 2470 2543; x_wconf 91' lang='lat' dir='ltr'><strong>reticus</strong></span> <span class='ocrx_word' id='word_1_532' title='bbox 2501 2505 2532 2544; x_wconf 91' lang='lat' dir='ltr'><strong>a</strong></span> <span class='ocrx_word' id='word_1_533' title='bbox 2561 2489 2732 2562; x_wconf 80' lang='lat' dir='ltr'><strong>Syxto</strong></span> <span class='ocrx_word' id='word_1_534' title='bbox 2782 2509 2922 2564; x_wconf 88' lang='lat' dir='ltr'><strong>papa</strong></span> <span class='ocrx_word' id='word_1_535' title='bbox 2957 2495 3309 2566; x_wconf 90' lang='lat' dir='ltr'><strong>dampnatur.</strong></span> <span class='ocrx_word' id='word_1_536' title='bbox 3351 2499 3690 2558; x_wconf 87' lang='lat' dir='ltr'><strong>Terremotus</strong></span> <span class='ocrx_word' id='word_1_537' title='bbox 3717 2517 3800 2556; x_wconf 76' lang='lat' dir='ltr'><strong>au-</strong></span> 
     </span>
    </p>
   </div>
   <div class='ocr_carea' id='block_1_83' title="bbox 2263 2577 3203 2658">
    <p class='ocr_par' dir='ltr' id='par_1_83' title="bbox 2263 2577 3203 2658">
     <span class='ocr_line' id='line_1_86' title="bbox 2263 2577 3203 2658; baseline 0.014 -27"><span class='ocrx_word' id='word_1_538' title='bbox 2263 2579 2357 2647; x_wconf 82' lang='lat' dir='ltr'><strong>gni</strong></span> <span class='ocrx_word' id='word_1_539' title='bbox 2391 2577 2520 2635; x_wconf 85' lang='lat' dir='ltr'><strong>facti</strong></span> <span class='ocrx_word' id='word_1_540' title='bbox 2548 2592 2678 2637; x_wconf 88' lang='lat' dir='ltr'><strong>sunt</strong></span> <span class='ocrx_word' id='word_1_541' title='bbox 2700 2582 3203 2658; x_wconf 86' lang='lat' dir='ltr'><strong>Constantinopoli.</strong></span> 
     </span>
    </p>
   </div>
   <div class='ocr_carea' id='block_1_84' title="bbox 2338 2669 3801 2751">
    <p class='ocr_par' dir='ltr' id='par_1_84' title="bbox 2338 2669 3801 2751">
     <span class='ocr_line' id='line_1_87' title="bbox 2338 2669 3801 2751; baseline 0.013 -28"><span class='ocrx_word' id='word_1_542' title='bbox 2338 2669 2423 2725; x_wconf 88' lang='lat'><strong>16.</strong></span> <span class='ocrx_word' id='word_1_543' title='bbox 2454 2671 2519 2726; x_wconf 88' lang='lat' dir='ltr'><strong>A.</strong></span> <span class='ocrx_word' id='word_1_544' title='bbox 2553 2671 2614 2727; x_wconf 90' lang='lat' dir='ltr'><strong>D.</strong></span> <span class='ocrx_word' id='word_1_545' title='bbox 2647 2675 2773 2730; x_wconf 76' lang='grc'><strong>442.</strong></span> <span class='ocrx_word' id='word_1_546' title='bbox 2807 2675 2918 2733; x_wconf 90' lang='lat' dir='ltr'><strong>Leo</strong></span> <span class='ocrx_word' id='word_1_547' title='bbox 2951 2695 3090 2749; x_wconf 88' lang='lat' dir='ltr'><strong>papa</strong></span> <span class='ocrx_word' id='word_1_548' title='bbox 3119 2681 3248 2735; x_wconf 67' lang='lat' dir='ltr'><strong>47M</strong></span> <span class='ocrx_word' id='word_1_549' title='bbox 3283 2682 3591 2751; x_wconf 83' lang='lat' dir='ltr'><strong>ordinatur,</strong></span> <span class='ocrx_word' id='word_1_550' title='bbox 3625 2685 3801 2740; x_wconf 74' lang='lat' dir='ltr'><strong>sedens-</strong></span> 
     </span>
    </p>
   </div>
   <div class='ocr_carea' id='block_1_85' title="bbox 2262 2762 3350 2839">
    <p class='ocr_par' dir='ltr' id='par_1_85' title="bbox 2262 2762 3350 2839">
     <span class='ocr_line' id='line_1_88' title="bbox 2262 2762 3350 2839; baseline 0.013 -25"><span class='ocrx_word' id='word_1_551' title='bbox 2262 2775 2369 2831; x_wconf 89' lang='lat' dir='ltr'><strong>que</strong></span> <span class='ocrx_word' id='word_1_552' title='bbox 2395 2762 2556 2819; x_wconf 90' lang='lat' dir='ltr'><strong>annis</strong></span> <span class='ocrx_word' id='word_1_553' title='bbox 2585 2764 2672 2832; x_wconf 88' lang='lat'><strong>16,</strong></span> <span class='ocrx_word' id='word_1_554' title='bbox 2702 2767 2958 2839; x_wconf 82' lang='lat' dir='ltr'><strong>migravit</strong></span> <span class='ocrx_word' id='word_1_555' title='bbox 2986 2771 3020 2824; x_wconf 86' lang='grc'><strong>4</strong></span> <span class='ocrx_word' id='word_1_556' title='bbox 3049 2770 3166 2826; x_wconf 68' lang='lat' dir='ltr'><strong>Ital.</strong></span> <span class='ocrx_word' id='word_1_557' title='bbox 3198 2771 3350 2829; x_wconf 80' lang='lat' dir='ltr'><strong>Julii.</strong></span> 
     </span>
    </p>
   </div>
   <div class='ocr_carea' id='block_1_86' title="bbox 2273 2853 3803 2929">
    <p class='ocr_par' dir='ltr' id='par_1_86' title="bbox 2273 2853 3803 2929">
     <span class='ocr_line' id='line_1_89' title="bbox 2273 2853 3803 2929; baseline 0.01 -20"><span class='ocrx_word' id='word_1_558' title='bbox 2273 2911 2278 2917; x_wconf 66' lang='lat'><strong>,</strong></span> <span class='ocrx_word' id='word_1_559' title='bbox 2335 2853 2422 2910; x_wconf 85' lang='lat'><strong>18.</strong></span> <span class='ocrx_word' id='word_1_560' title='bbox 2456 2854 2606 2926; x_wconf 86' lang='lat' dir='ltr'><strong>(Chr.</strong></span> <span class='ocrx_word' id='word_1_561' title='bbox 2641 2857 2755 2929; x_wconf 85' lang='lat' dir='ltr'><strong>W.)</strong></span> <span class='ocrx_word' id='word_1_562' title='bbox 2787 2859 2852 2914; x_wconf 84' lang='lat' dir='ltr'><strong>A.</strong></span> <span class='ocrx_word' id='word_1_563' title='bbox 2889 2860 2952 2915; x_wconf 91' lang='lat' dir='ltr'><strong>D.</strong></span> <span class='ocrx_word' id='word_1_564' title='bbox 2984 2863 3110 2918; x_wconf 89' lang='grc'><strong>444.</strong></span> <span class='ocrx_word' id='word_1_565' title='bbox 3145 2863 3498 2924; x_wconf 88' lang='lat' dir='ltr'><strong>Theodosius</strong></span> <span class='ocrx_word' id='word_1_566' title='bbox 3527 2869 3803 2925; x_wconf 66' lang='lat' dir='ltr'><strong>bellumqu-</strong></span> 
     </span>
    </p>
   </div>
   <div class='ocr_carea' id='block_1_87' title="bbox 2261 2945 3290 3012">
    <p class='ocr_par' dir='ltr' id='par_1_87' title="bbox 2261 2945 3290 3012">
     <span class='ocr_line' id='line_1_90' title="bbox 2261 2945 3290 3012; baseline 0.013 -12"><span class='ocrx_word' id='word_1_567' title='bbox 2261 2957 2346 3002; x_wconf 89' lang='lat' dir='ltr'><strong>tra</strong></span> <span class='ocrx_word' id='word_1_568' title='bbox 2377 2945 2674 3005; x_wconf 87' lang='lat' dir='ltr'><strong>Wandalos</strong></span> <span class='ocrx_word' id='word_1_569' title='bbox 2702 2951 2775 2982; x_wconf 66' lang='grc'><strong>⁸⁷³</strong></span> <span class='ocrx_word' id='word_1_570' title='bbox 2804 2953 3070 3010; x_wconf 86' lang='lat' dir='ltr'><strong>inutiliter</strong></span> <span class='ocrx_word' id='word_1_571' title='bbox 3099 2959 3290 3012; x_wconf 82' lang='lat' dir='ltr'><strong>movit.</strong></span> 
     </span>
    </p>
   </div>
   <div class='ocr_carea' id='block_1_88' title="bbox 2339 3038 3804 3114">
    <p class='ocr_par' dir='ltr' id='par_1_88' title="bbox 2339 3038 3804 3114">
     <span class='ocr_line' id='line_1_91' title="bbox 2339 3038 3804 3114; baseline 0.009 -22"><span class='ocrx_word' id='word_1_572' title='bbox 2339 3038 2425 3094; x_wconf 92' lang='lat'><strong>19.</strong></span> <span class='ocrx_word' id='word_1_573' title='bbox 2459 3038 2673 3111; x_wconf 76' lang='lat' dir='ltr'><strong>(Pnosr.</strong></span> <span class='ocrx_word' id='word_1_574' title='bbox 2706 3043 2860 3114; x_wconf 89' lang='lat' dir='ltr'><strong>imp.)</strong></span> <span class='ocrx_word' id='word_1_575' title='bbox 2891 3045 2957 3100; x_wconf 87' lang='lat' dir='ltr'><strong>A.</strong></span> <span class='ocrx_word' id='word_1_576' title='bbox 2992 3045 3054 3101; x_wconf 90' lang='lat' dir='ltr'><strong>D.</strong></span> <span class='ocrx_word' id='word_1_577' title='bbox 3087 3049 3216 3104; x_wconf 85' lang='grc'><strong>445.</strong></span> <span class='ocrx_word' id='word_1_578' title='bbox 3245 3050 3410 3107; x_wconf 85' lang='lat' dir='ltr'><strong>Alani</strong></span> <span class='ocrx_word' id='word_1_579' title='bbox 3445 3062 3639 3108; x_wconf 87' lang='lat' dir='ltr'><strong>terram</strong></span> <span class='ocrx_word' id='word_1_580' title='bbox 3665 3052 3804 3108; x_wconf 76' lang='lat' dir='ltr'><strong>Callia</strong></span> 
     </span>
    </p>
   </div>
   <div class='ocr_carea' id='block_1_89' title="bbox 2232 3129 2948 3250">
    <p class='ocr_par' dir='ltr' id='par_1_89' title="bbox 2232 3129 2948 3250">
     <span class='ocr_line' id='line_1_92' title="bbox 2232 3129 2948 3204; baseline 0.011 -20"><span class='ocrx_word' id='word_1_581' title='bbox 2232 3129 2233 3140; x_wconf 72' lang='lat'>‘</span> <span class='ocrx_word' id='word_1_582' title='bbox 2257 3129 2541 3188; x_wconf 78' lang='lat' dir='ltr'><strong>ulterioris</strong></span> <span class='ocrx_word' id='word_1_583' title='bbox 2568 3133 2619 3188; x_wconf 89' lang='lat' dir='ltr'><strong>vi</strong></span> <span class='ocrx_word' id='word_1_584' title='bbox 2648 3135 2948 3204; x_wconf 89' lang='lat' dir='ltr'><strong>possident.</strong></span> 
     </span>
     <span class='ocr_line' id='line_1_93' title="bbox 2232 3180 2942 3250; baseline 0 0"><span class='ocrx_word' id='word_1_585' title='bbox 2232 3180 2265 3250; x_wconf 47' lang='lat'><strong><em>1</em></strong></span> <span class='ocrx_word' id='word_1_586' title='bbox 2332 3221 2403 3250; x_wconf 79' lang='lat' dir='ltr'><strong>on</strong></span> <span class='ocrx_word' id='word_1_587' title='bbox 2460 3223 2590 3250; x_wconf 66' lang='lat' dir='ltr'><strong>Il&quot;...</strong></span> <span class='ocrx_word' id='word_1_588' title='bbox 2642 3224 2711 3250; x_wconf 74' lang='grc' dir='ltr'><strong>ῐΙῙ</strong></span> <span class='ocrx_word' id='word_1_589' title='bbox 2739 3226 2754 3250; x_wconf 92' lang='lat'><strong><em>\</em></strong></span> <span class='ocrx_word' id='word_1_590' title='bbox 2797 3226 2820 3250; x_wconf 82' lang='grc' dir='ltr'><strong>Δ</strong></span> <span class='ocrx_word' id='word_1_591' title='bbox 2903 3227 2942 3250; x_wconf 87' lang='lat' dir='ltr'><strong>n</strong></span> 
     </span>
    </p>
   </div>
   <div class='ocr_carea' id='block_1_90' title="bbox 2332 3221 3801 3296">
    <p class='ocr_par' dir='ltr' id='par_1_90' title="bbox 2332 3221 3801 3296">
     <span class='ocr_line' id='line_1_94' title="bbox 2332 3221 3801 3296; baseline 0.007 -21"><span class='ocrx_word' id='word_1_592' title='bbox 2332 3221 2422 3276; x_wconf 77' lang='lat'><strong>20.</strong></span> <span class='ocrx_word' id='word_1_593' title='bbox 2459 3223 2607 3295; x_wconf 85' lang='lat' dir='ltr'><strong>(Chr.</strong></span> <span class='ocrx_word' id='word_1_594' title='bbox 2642 3224 2754 3296; x_wconf 87' lang='lat' dir='ltr'><strong>W.)</strong></span> <span class='ocrx_word' id='word_1_595' title='bbox 2785 3226 2852 3282; x_wconf 83' lang='lat' dir='ltr'><strong>A.</strong></span> <span class='ocrx_word' id='word_1_596' title='bbox 2898 3227 2962 3282; x_wconf 80' lang='grc' dir='ltr'><strong>Ι).</strong></span> <span class='ocrx_word' id='word_1_597' title='bbox 3001 3229 3127 3285; x_wconf 83' lang='grc'><strong>446.</strong></span> <span class='ocrx_word' id='word_1_598' title='bbox 3182 3229 3422 3290; x_wconf 85' lang='lat' dir='ltr'><strong>Sanctus</strong></span> <span class='ocrx_word' id='word_1_599' title='bbox 3462 3234 3534 3290; x_wconf 86' lang='lat' dir='ltr'><strong>Br</strong></span> <span class='ocrx_word' id='word_1_600' title='bbox 3548 3237 3696 3291; x_wconf 85' lang='lat' dir='ltr'><strong>ictius</strong></span> <span class='ocrx_word' id='word_1_601' title='bbox 3723 3234 3801 3287; x_wconf 59' lang='lat' dir='ltr'><strong>Tuo</strong></span> 
     </span>
    </p>
   </div>
   <div class='ocr_carea' id='block_1_91' title="bbox 2262 3317 3252 3393">
    <p class='ocr_par' dir='ltr' id='par_1_91' title="bbox 2262 3317 3252 3393">
     <span class='ocr_line' id='line_1_95' title="bbox 2262 3317 3252 3393; baseline 0.008 -24"><span class='ocrx_word' id='word_1_602' title='bbox 2262 3328 2526 3370; x_wconf 87' lang='lat' dir='ltr'><strong>ronorum</strong></span> <span class='ocrx_word' id='word_1_603' title='bbox 2555 3317 2627 3348; x_wconf 74' lang='grc'><strong>’⁷⁸</strong></span> <span class='ocrx_word' id='word_1_604' title='bbox 2656 3318 2950 3390; x_wconf 84' lang='lat' dir='ltr'><strong>episcopus</strong></span> <span class='ocrx_word' id='word_1_605' title='bbox 2978 3323 3252 3393; x_wconf 85' lang='lat' dir='ltr'><strong>migravit.</strong></span> 
     </span>
    </p>
   </div>
   <div class='ocr_carea' id='block_1_92' title="bbox 2333 3409 3725 3482">
    <p class='ocr_par' dir='ltr' id='par_1_92' title="bbox 2333 3409 3725 3482">
     <span class='ocr_line' id='line_1_96' title="bbox 2333 3409 3725 3482; baseline 0.003 -17"><span class='ocrx_word' id='word_1_606' title='bbox 2333 3411 2424 3465; x_wconf 74' lang='grc'><strong>21.</strong></span> <span class='ocrx_word' id='word_1_607' title='bbox 2459 3409 2623 3482; x_wconf 64' lang='grc' dir='ltr'><strong>Αῌ).</strong></span> <span class='ocrx_word' id='word_1_608' title='bbox 2655 3412 2780 3467; x_wconf 87' lang='grc'><strong>447.</strong></span> <span class='ocrx_word' id='word_1_609' title='bbox 2816 3416 2834 3435; x_wconf 79' lang='grc'><strong>’</strong></span> <span class='ocrx_word' id='word_1_610' title='bbox 2862 3412 3198 3471; x_wconf 87' lang='lat' dir='ltr'><strong>Eustochius</strong></span> <span class='ocrx_word' id='word_1_611' title='bbox 3227 3415 3432 3472; x_wconf 89' lang='lat' dir='ltr'><strong>Brictio</strong></span> <span class='ocrx_word' id='word_1_612' title='bbox 3460 3419 3725 3474; x_wconf 86' lang='lat' dir='ltr'><strong>successit.</strong></span> 
     </span>
    </p>
   </div>
   <div class='ocr_carea' id='block_1_93' title="bbox 2403 3501 3802 3581">
    <p class='ocr_par' dir='ltr' id='par_1_93' title="bbox 2403 3501 3802 3581">
     <span class='ocr_line' id='line_1_97' title="bbox 2403 3501 3802 3581; baseline 0.004 -25"><span class='ocrx_word' id='word_1_613' title='bbox 2403 3505 2424 3526; x_wconf 67' lang='grc' dir='ltr'><strong>θ</strong></span> <span class='ocrx_word' id='word_1_614' title='bbox 2451 3501 2535 3581; x_wconf 84' lang='lat' dir='ltr'><strong>D_?</strong></span> <span class='ocrx_word' id='word_1_615' title='bbox 2561 3502 2788 3581; x_wconf 79' lang='lat' dir='ltr'><strong>E._add._</strong></span> <span class='ocrx_word' id='word_1_616' title='bbox 2818 3504 3066 3581; x_wconf 55' lang='grc' dir='ltr'><strong>σξριπεεί</strong></span> <span class='ocrx_word' id='word_1_617' title='bbox 3100 3506 3130 3558; x_wconf 90' lang='grc'>7</span> <span class='ocrx_word' id='word_1_618' title='bbox 3157 3507 3496 3566; x_wconf 85' lang='lat' dir='ltr'><strong>dormientes</strong></span> <span class='ocrx_word' id='word_1_619' title='bbox 3535 3520 3651 3581; x_wconf 82' lang='lat' dir='ltr'><strong>post</strong></span> <span class='ocrx_word' id='word_1_620' title='bbox 3675 3525 3802 3563; x_wconf 74' lang='lat' dir='ltr'><strong>ansas</strong></span> 
     </span>
    </p>
   </div>
   <div class='ocr_carea' id='block_1_94' title="bbox 2471 3574 3799 3650">
    <p class='ocr_par' dir='ltr' id='par_1_94' title="bbox 2471 3574 3799 3650">
     <span class='ocr_line' id='line_1_98' title="bbox 2471 3574 3799 3650; baseline 0.003 -22"><span class='ocrx_word' id='word_1_621' title='bbox 2471 3574 2823 3650; x_wconf 81' lang='lat' dir='ltr'><strong>dormitiouis</strong></span> <span class='ocrx_word' id='word_1_622' title='bbox 2846 3574 2949 3650; x_wconf 70' lang='grc' dir='ltr'><strong>1οἳ</strong></span> <span class='ocrx_word' id='word_1_623' title='bbox 2975 3594 3006 3650; x_wconf 86' lang='lat' dir='ltr'><strong>a</strong></span> <span class='ocrx_word' id='word_1_624' title='bbox 3033 3593 3228 3650; x_wconf 85' lang='lat' dir='ltr'><strong>somno</strong></span> <span class='ocrx_word' id='word_1_625' title='bbox 3257 3592 3511 3650; x_wconf 83' lang='lat' dir='ltr'><strong>surgunt,</strong></span> <span class='ocrx_word' id='word_1_626' title='bbox 3535 3574 3605 3636; x_wconf 50' lang='lat' dir='ltr'><strong>&quot;et</strong></span> <span class='ocrx_word' id='word_1_627' title='bbox 3642 3592 3799 3635; x_wconf 76' lang='lat' dir='ltr'><strong>assem</strong></span> 
     </span>
    </p>
   </div>
   <div class='ocr_carea' id='block_1_95' title="bbox 2474 3645 3801 3717">
    <p class='ocr_par' dir='ltr' id='par_1_95' title="bbox 2474 3645 3801 3717">
     <span class='ocr_line' id='line_1_99' title="bbox 2474 3645 3801 3717; baseline 0.005 -19"><span class='ocrx_word' id='word_1_628' title='bbox 2474 3645 2579 3717; x_wconf 85' lang='lat' dir='ltr'><strong>lide</strong></span> <span class='ocrx_word' id='word_1_629' title='bbox 2611 3647 3052 3717; x_wconf 82' lang='lat' dir='ltr'><strong>resurrectionis,</strong></span> <span class='ocrx_word' id='word_1_630' title='bbox 3111 3648 3311 3704; x_wconf 90' lang='lat' dir='ltr'><strong>iterum</strong></span> <span class='ocrx_word' id='word_1_631' title='bbox 3359 3645 3420 3705; x_wconf 75' lang='lat' dir='ltr'><strong>in</strong></span> <span class='ocrx_word' id='word_1_632' title='bbox 3455 3645 3669 3707; x_wconf 81' lang='lat' dir='ltr'><strong>Christo</strong></span> <span class='ocrx_word' id='word_1_633' title='bbox 3708 3652 3801 3704; x_wconf 77' lang='lat' dir='ltr'><strong>dor-</strong></span> 
     </span>
    </p>
   </div>
   <div class='ocr_carea' id='block_1_96' title="bbox 2473 3715 3000 3790">
    <p class='ocr_par' dir='ltr' id='par_1_96' title="bbox 2473 3715 3000 3790">
     <span class='ocr_line' id='line_1_100' title="bbox 2473 3715 3000 3790; baseline 0.006 -21"><span class='ocrx_word' id='word_1_634' title='bbox 2473 3716 2670 3772; x_wconf 90' lang='lat' dir='ltr'><strong>miunt.</strong></span> <span class='ocrx_word' id='word_1_635' title='bbox 2709 3718 2780 3787; x_wconf 83' lang='lat' dir='ltr'><strong>cf.</strong></span> <span class='ocrx_word' id='word_1_636' title='bbox 2823 3715 3000 3790; x_wconf 83' lang='lat' dir='ltr'><strong>Sigeb.</strong></span> 
     </span>
    </p>
   </div>
   <div class='ocr_carea' id='block_1_97' title="bbox 2329 3825 3802 3902">
    <p class='ocr_par' dir='ltr' id='par_1_97' title="bbox 2329 3825 3802 3902">
     <span class='ocr_line' id='line_1_101' title="bbox 2329 3825 3802 3902; baseline 0.006 -21"><span class='ocrx_word' id='word_1_637' title='bbox 2329 3826 2419 3882; x_wconf 74' lang='lat'><strong>25.</strong></span> <span class='ocrx_word' id='word_1_638' title='bbox 2459 3825 2672 3898; x_wconf 83' lang='lat' dir='ltr'><strong>(Pnosr.</strong></span> <span class='ocrx_word' id='word_1_639' title='bbox 2705 3830 2858 3902; x_wconf 86' lang='lat' dir='ltr'><strong>imp.)</strong></span> <span class='ocrx_word' id='word_1_640' title='bbox 2882 3829 2947 3885; x_wconf 80' lang='grc' dir='ltr'><strong>Α.</strong></span> <span class='ocrx_word' id='word_1_641' title='bbox 2981 3830 3045 3886; x_wconf 91' lang='lat' dir='ltr'><strong>D.</strong></span> <span class='ocrx_word' id='word_1_642' title='bbox 3081 3832 3208 3888; x_wconf 85' lang='grc'><strong>449.</strong></span> <span class='ocrx_word' id='word_1_643' title='bbox 3241 3831 3406 3890; x_wconf 88' lang='lat' dir='ltr'><strong>Bleda</strong></span> <span class='ocrx_word' id='word_1_644' title='bbox 3445 3834 3713 3892; x_wconf 82' lang='lat' dir='ltr'><strong>Hunorum</strong></span> <span class='ocrx_word' id='word_1_645' title='bbox 3734 3850 3802 3890; x_wconf 76' lang='lat' dir='ltr'><strong>rex</strong></span> 
     </span>
    </p>
   </div>
   <div class='ocr_carea' id='block_1_98' title="bbox 2259 3918 3203 3993">
    <p class='ocr_par' dir='ltr' id='par_1_98' title="bbox 2259 3918 3203 3993">
     <span class='ocr_line' id='line_1_102' title="bbox 2259 3918 3203 3993; baseline 0.005 -20"><span class='ocrx_word' id='word_1_646' title='bbox 2259 3918 2436 3974; x_wconf 76' lang='lat' dir='ltr'><strong>Attila:</strong></span> <span class='ocrx_word' id='word_1_647' title='bbox 2451 3919 2638 3977; x_wconf 85' lang='lat' dir='ltr'><strong>fratris</strong></span> <span class='ocrx_word' id='word_1_648' title='bbox 2666 3919 2858 3977; x_wconf 90' lang='lat' dir='ltr'><strong>fraude</strong></span> <span class='ocrx_word' id='word_1_649' title='bbox 2879 3923 3203 3993; x_wconf 89' lang='lat' dir='ltr'><strong>percutitur.</strong></span> 
     </span>
    </p>
   </div>
   <div class='ocr_carea' id='block_1_99' title="bbox 2329 4011 3802 4088">
    <p class='ocr_par' dir='ltr' id='par_1_99' title="bbox 2329 4011 3802 4088">
     <span class='ocr_line' id='line_1_103' title="bbox 2329 4011 3802 4088; baseline 0.003 -18"><span class='ocrx_word' id='word_1_650' title='bbox 2329 4011 2420 4070; x_wconf 71' lang='grc'><strong>25.</strong></span> <span class='ocrx_word' id='word_1_651' title='bbox 2453 4014 2516 4066; x_wconf 85' lang='grc' dir='ltr'><strong>Α.</strong></span> <span class='ocrx_word' id='word_1_652' title='bbox 2549 4012 2613 4068; x_wconf 92' lang='lat' dir='ltr'><strong>D.</strong></span> <span class='ocrx_word' id='word_1_653' title='bbox 2645 4014 2770 4069; x_wconf 84' lang='grc'><strong>451.</strong></span> <span class='ocrx_word' id='word_1_654' title='bbox 2805 4013 3228 4084; x_wconf 79' lang='lat' dir='ltr'><strong>Merovecus’&quot;,</strong></span> <span class='ocrx_word' id='word_1_655' title='bbox 3260 4015 3443 4073; x_wconf 83' lang='lat' dir='ltr'><strong>Clodii</strong></span> <span class='ocrx_word' id='word_1_656' title='bbox 3471 4019 3634 4085; x_wconf 76' lang='lat' dir='ltr'><strong>(ilius,</strong></span> <span class='ocrx_word' id='word_1_657' title='bbox 3662 4032 3802 4088; x_wconf 69' lang='lat' dir='ltr'><strong>regna-</strong></span> 
     </span>
    </p>
   </div>
   <div class='ocr_carea' id='block_1_100' title="bbox 2259 4102 2992 4162">
    <p class='ocr_par' dir='ltr' id='par_1_100' title="bbox 2259 4102 2992 4162">
     <span class='ocr_line' id='line_1_104' title="bbox 2259 4102 2992 4162; baseline 0.007 -5"><span class='ocrx_word' id='word_1_658' title='bbox 2259 4102 2336 4157; x_wconf 83' lang='lat' dir='ltr'><strong>vit</strong></span> <span class='ocrx_word' id='word_1_659' title='bbox 2366 4103 2417 4156; x_wconf 88' lang='lat' dir='ltr'><strong>iu</strong></span> <span class='ocrx_word' id='word_1_660' title='bbox 2450 4102 2680 4159; x_wconf 84' lang='lat' dir='ltr'><strong>Francia</strong></span> <span class='ocrx_word' id='word_1_661' title='bbox 2711 4107 2872 4162; x_wconf 87' lang='lat' dir='ltr'><strong>annis</strong></span> <span class='ocrx_word' id='word_1_662' title='bbox 2904 4107 2992 4162; x_wconf 91' lang='grc'><strong>10.</strong></span> 
     </span>
    </p>
   </div>
   <div class='ocr_carea' id='block_1_101' title="bbox 2263 4197 3799 4293">
    <p class='ocr_par' dir='ltr' id='par_1_101' title="bbox 2263 4197 3799 4293">
     <span class='ocr_line' id='line_1_105' title="bbox 2263 4197 3799 4293; baseline 0.001 -22"><span class='ocrx_word' id='word_1_663' title='bbox 2263 4197 2267 4199; x_wconf 78' lang='grc'><strong>’</strong></span> <span class='ocrx_word' id='word_1_664' title='bbox 2328 4217 2418 4272; x_wconf 74' lang='lat' dir='ltr'><strong>eo.</strong></span> <span class='ocrx_word' id='word_1_665' title='bbox 2439 4215 2536 4289; x_wconf 73' lang='grc' dir='ltr'><strong>(ιι.</strong></span> <span class='ocrx_word' id='word_1_666' title='bbox 2573 4217 2669 4287; x_wconf 80' lang='grc' dir='ltr'><strong>ηι.)</strong></span> <span class='ocrx_word' id='word_1_667' title='bbox 2698 4217 2763 4274; x_wconf 81' lang='grc' dir='ltr'><strong>Α.</strong></span> <span class='ocrx_word' id='word_1_668' title='bbox 2789 4218 2853 4274; x_wconf 84' lang='lat' dir='ltr'><strong>n.</strong></span> <span class='ocrx_word' id='word_1_669' title='bbox 2886 4219 3011 4276; x_wconf 68' lang='lat'><strong>452.</strong></span> <span class='ocrx_word' id='word_1_670' title='bbox 3044 4219 3393 4278; x_wconf 67' lang='lat' dir='ltr'><strong>Theodosius</strong></span> <span class='ocrx_word' id='word_1_671' title='bbox 3414 4223 3620 4293; x_wconf 91' lang='lat' dir='ltr'><strong>junior,</strong></span> <span class='ocrx_word' id='word_1_672' title='bbox 3649 4221 3799 4276; x_wconf 70' lang='lat' dir='ltr'><strong>Oricu-</strong></span> 
     </span>
    </p>
   </div>
   <div class='ocr_carea' id='block_1_102' title="bbox 2259 4308 3800 4384">
    <p class='ocr_par' dir='ltr' id='par_1_102' title="bbox 2259 4308 3800 4384">
     <span class='ocr_line' id='line_1_106' title="bbox 2259 4308 3800 4384; baseline -0.003 -20"><span class='ocrx_word' id='word_1_673' title='bbox 2259 4309 2328 4364; x_wconf 88' lang='lat' dir='ltr'><strong>tis</strong></span> <span class='ocrx_word' id='word_1_674' title='bbox 2357 4308 2673 4379; x_wconf 87' lang='lat' dir='ltr'><strong>imperator,</strong></span> <span class='ocrx_word' id='word_1_675' title='bbox 2704 4310 2839 4365; x_wconf 90' lang='lat' dir='ltr'><strong>obiit</strong></span> <span class='ocrx_word' id='word_1_676' title='bbox 2866 4327 3011 4367; x_wconf 88' lang='lat' dir='ltr'><strong>anno</strong></span> <span class='ocrx_word' id='word_1_677' title='bbox 3040 4311 3256 4383; x_wconf 87' lang='lat' dir='ltr'><strong>imperii</strong></span> <span class='ocrx_word' id='word_1_678' title='bbox 3288 4315 3373 4368; x_wconf 91' lang='lat' dir='ltr'><strong>sui</strong></span> <span class='ocrx_word' id='word_1_679' title='bbox 3409 4309 3800 4384; x_wconf 65' lang='lat' dir='ltr'><strong>51°,quorum15</strong></span> 
     </span>
    </p>
   </div>
   <div class='ocr_carea' id='block_1_103' title="bbox 2186 4401 3798 4487">
    <p class='ocr_par' dir='ltr' id='par_1_103' title="bbox 2186 4401 3798 4487">
     <span class='ocr_line' id='line_1_107' title="bbox 2186 4401 3798 4487; baseline 0.004 -33"><span class='ocrx_word' id='word_1_680' title='bbox 2186 4432 2231 4487; x_wconf 65' lang='grc' dir='ltr'><strong>Β</strong></span> <span class='ocrx_word' id='word_1_681' title='bbox 2257 4401 2503 4472; x_wconf 81' lang='lat' dir='ltr'><strong>regnavit</strong></span> <span class='ocrx_word' id='word_1_682' title='bbox 2529 4417 2654 4457; x_wconf 93' lang='lat' dir='ltr'><strong>cum</strong></span> <span class='ocrx_word' id='word_1_683' title='bbox 2685 4411 2881 4472; x_wconf 89' lang='lat' dir='ltr'><strong>patruo</strong></span> <span class='ocrx_word' id='word_1_684' title='bbox 2914 4401 3181 4473; x_wconf 88' lang='lat' dir='ltr'><strong>Honorio,</strong></span> <span class='ocrx_word' id='word_1_685' title='bbox 3209 4404 3280 4459; x_wconf 72' lang='lat'><strong>26</strong></span> <span class='ocrx_word' id='word_1_686' title='bbox 3307 4421 3436 4460; x_wconf 91' lang='lat' dir='ltr'><strong>cum</strong></span> <span class='ocrx_word' id='word_1_687' title='bbox 3467 4403 3798 4461; x_wconf 73' lang='lat' dir='ltr'><strong>Valentiniano</strong></span> 
     </span>
    </p>
   </div>
   <div class='ocr_carea' id='block_1_104' title="bbox 2256 4492 2832 4549">
    <p class='ocr_par' dir='ltr' id='par_1_104' title="bbox 2256 4492 2832 4549">
     <span class='ocr_line' id='line_1_108' title="bbox 2256 4492 2832 4549; baseline 0.002 -1"><span class='ocrx_word' id='word_1_688' title='bbox 2256 4492 2590 4548; x_wconf 90' lang='lat' dir='ltr'><strong>consobrino</strong></span> <span class='ocrx_word' id='word_1_689' title='bbox 2618 4509 2740 4549; x_wconf 92' lang='lat' dir='ltr'><strong>suo.</strong></span> <span class='ocrx_word' id='word_1_690' title='bbox 2827 4495 2832 4501; x_wconf 90' lang='grc'><em>’</em></span> 
     </span>
    </p>
   </div>
   <div class='ocr_carea' id='block_1_105' title="bbox 2321 4606 3797 4682">
    <p class='ocr_par' dir='ltr' id='par_1_105' title="bbox 2321 4606 3797 4682">
     <span class='ocr_line' id='line_1_109' title="bbox 2321 4606 3797 4682; baseline 0.004 -22"><span class='ocrx_word' id='word_1_691' title='bbox 2321 4606 2482 4662; x_wconf 84' lang='lat' dir='ltr'><strong>Anno</strong></span> <span class='ocrx_word' id='word_1_692' title='bbox 2509 4608 2799 4664; x_wconf 68' lang='lat' dir='ltr'><strong>dominica:</strong></span> <span class='ocrx_word' id='word_1_693' title='bbox 2826 4610 3228 4670; x_wconf 86' lang='lat' dir='ltr'><strong>incarnationis</strong></span> <span class='ocrx_word' id='word_1_694' title='bbox 3258 4614 3414 4682; x_wconf 68' lang='grc'><strong>455⁸,</strong></span> <span class='ocrx_word' id='word_1_695' title='bbox 3445 4613 3517 4669; x_wconf 89' lang='lat' dir='ltr'><strong>ab</strong></span> <span class='ocrx_word' id='word_1_696' title='bbox 3543 4612 3679 4668; x_wconf 74' lang='lat' dir='ltr'><strong>Urbe</strong></span> <span class='ocrx_word' id='word_1_697' title='bbox 3698 4625 3797 4666; x_wconf 66' lang='lat' dir='ltr'><strong>eou-</strong></span> 
     </span>
    </p>
   </div>
   <div class='ocr_carea' id='block_1_106' title="bbox 2252 4699 3798 4778">
    <p class='ocr_par' dir='ltr' id='par_1_106' title="bbox 2252 4699 3798 4778">
     <span class='ocr_line' id='line_1_110' title="bbox 2252 4699 3798 4778; baseline 0.001 -24"><span class='ocrx_word' id='word_1_698' title='bbox 2252 4699 2364 4755; x_wconf 88' lang='lat' dir='ltr'><strong>dita</strong></span> <span class='ocrx_word' id='word_1_699' title='bbox 2395 4700 2577 4756; x_wconf 63' lang='lat'><strong>12040.</strong></span> <span class='ocrx_word' id='word_1_700' title='bbox 2611 4699 2945 4771; x_wconf 86' lang='lat' dir='ltr'><strong>Marcianus,</strong></span> <span class='ocrx_word' id='word_1_701' title='bbox 2976 4703 3069 4759; x_wconf 71' lang='grc'><strong>48³</strong></span> <span class='ocrx_word' id='word_1_702' title='bbox 3097 4705 3223 4761; x_wconf 90' lang='lat' dir='ltr'><strong>loco</strong></span> <span class='ocrx_word' id='word_1_703' title='bbox 3267 4706 3338 4762; x_wconf 86' lang='lat' dir='ltr'><strong>ab</strong></span> <span class='ocrx_word' id='word_1_704' title='bbox 3365 4708 3632 4778; x_wconf 83' lang='lat' dir='ltr'><strong>Augusto,</strong></span> <span class='ocrx_word' id='word_1_705' title='bbox 3658 4701 3798 4757; x_wconf 63' lang='lat' dir='ltr'><strong>orien-</strong></span> 
     </span>
    </p>
   </div>
   <div class='ocr_carea' id='block_1_107' title="bbox 2253 4787 3797 4870">
    <p class='ocr_par' dir='ltr' id='par_1_107' title="bbox 2253 4787 3797 4870">
     <span class='ocr_line' id='line_1_111' title="bbox 2253 4787 3797 4870; baseline 0 -21"><span class='ocrx_word' id='word_1_706' title='bbox 2253 4793 2347 4849; x_wconf 92' lang='lat' dir='ltr'><strong>tali</strong></span> <span class='ocrx_word' id='word_1_707' title='bbox 2377 4793 2515 4848; x_wconf 68' lang='lat' dir='ltr'><strong>aula:</strong></span> <span class='ocrx_word' id='word_1_708' title='bbox 2540 4787 3165 4867; x_wconf 63' lang='lat' dir='ltr'><strong>preticitur&#39;imperator,</strong></span> <span class='ocrx_word' id='word_1_709' title='bbox 3224 4806 3282 4854; x_wconf 90' lang='lat' dir='ltr'><strong>et</strong></span> <span class='ocrx_word' id='word_1_710' title='bbox 3308 4799 3559 4870; x_wconf 84' lang='lat' dir='ltr'><strong>regnavit</strong></span> <span class='ocrx_word' id='word_1_711' title='bbox 3584 4811 3695 4854; x_wconf 73' lang='lat' dir='ltr'><strong>cum</strong></span> <span class='ocrx_word' id='word_1_712' title='bbox 3723 4791 3797 4844; x_wconf 66' lang='lat' dir='ltr'><strong>Va-</strong></span> 
     </span>
    </p>
   </div>
   <div class='ocr_carea' id='block_1_108' title="bbox 2253 4885 3796 4955">
    <p class='ocr_par' dir='ltr' id='par_1_108' title="bbox 2253 4885 3796 4955">
     <span class='ocr_line' id='line_1_112' title="bbox 2253 4885 3796 4955; baseline 0 -12"><span class='ocrx_word' id='word_1_713' title='bbox 2253 4885 2555 4943; x_wconf 86' lang='lat' dir='ltr'><strong>lentiniano</strong></span> <span class='ocrx_word' id='word_1_714' title='bbox 2595 4886 2757 4942; x_wconf 87' lang='lat' dir='ltr'><strong>annis</strong></span> <span class='ocrx_word' id='word_1_715' title='bbox 2790 4886 2840 4942; x_wconf 89' lang='lat'><strong>7.</strong></span> <span class='ocrx_word' id='word_1_716' title='bbox 2870 4886 3128 4944; x_wconf 87' lang='lat' dir='ltr'><strong>Ceterum</strong></span> <span class='ocrx_word' id='word_1_717' title='bbox 3177 4888 3548 4947; x_wconf 84' lang='lat' dir='ltr'><strong>Valentiniani</strong></span> <span class='ocrx_word' id='word_1_718' title='bbox 3599 4899 3796 4955; x_wconf 75' lang='lat' dir='ltr'><strong>teman</strong></span> 
     </span>
    </p>
   </div>
   <div class='ocr_carea' id='block_1_109' title="bbox 2254 4963 3796 5052">
    <p class='ocr_par' dir='ltr' id='par_1_109' title="bbox 2254 4963 3796 5052">
     <span class='ocr_line' id='line_1_113' title="bbox 2254 4963 3796 5052; baseline 0.003 -20"><span class='ocrx_word' id='word_1_719' title='bbox 2254 4977 2420 5048; x_wconf 86' lang='lat' dir='ltr'><strong>hujus</strong></span> <span class='ocrx_word' id='word_1_720' title='bbox 2449 4977 2535 5031; x_wconf 88' lang='lat' dir='ltr'><strong>vel</strong></span> <span class='ocrx_word' id='word_1_721' title='bbox 2563 4978 2868 5048; x_wconf 79' lang='lat' dir='ltr'><strong>superioris</strong></span> <span class='ocrx_word' id='word_1_722' title='bbox 2898 4963 3250 5052; x_wconf 69' lang='lat' dir='ltr'><strong>imperaioris</strong></span> <span class='ocrx_word' id='word_1_723' title='bbox 3305 4983 3674 5039; x_wconf 87' lang='lat' dir='ltr'><strong>asscribentur</strong></span> <span class='ocrx_word' id='word_1_724' title='bbox 3701 4991 3796 5031; x_wconf 73' lang='grc' dir='ltr'><strong>σιτο</strong></span> 
     </span>
    </p>
   </div>
   <div class='ocr_carea' id='block_1_110' title="bbox 2247 5068 3795 5141">
    <p class='ocr_par' dir='ltr' id='par_1_110' title="bbox 2247 5068 3795 5141">
     <span class='ocr_line' id='line_1_114' title="bbox 2247 5068 3795 5141; baseline 0.003 -18"><span class='ocrx_word' id='word_1_725' title='bbox 2247 5068 2457 5124; x_wconf 91' lang='lat' dir='ltr'><strong>riculis.</strong></span> <span class='ocrx_word' id='word_1_726' title='bbox 2491 5068 2663 5140; x_wconf 86' lang='lat' dir='ltr'><strong>Igitur</strong></span> <span class='ocrx_word' id='word_1_727' title='bbox 2696 5068 3131 5141; x_wconf 85' lang='lat' dir='ltr'><strong>Valentinianus,</strong></span> <span class='ocrx_word' id='word_1_728' title='bbox 3165 5075 3522 5130; x_wconf 87' lang='lat' dir='ltr'><strong>occidentalis</strong></span> <span class='ocrx_word' id='word_1_729' title='bbox 3547 5069 3795 5129; x_wconf 64' lang='lat' dir='ltr'><strong>rectori!!-</strong></span> 
     </span>
    </p>
   </div>
   <div class='ocr_carea' id='block_1_111' title="bbox 2245 5160 3794 5234">
    <p class='ocr_par' dir='ltr' id='par_1_111' title="bbox 2245 5160 3794 5234">
     <span class='ocr_line' id='line_1_115' title="bbox 2245 5160 3794 5234; baseline 0.003 -19"><span class='ocrx_word' id='word_1_730' title='bbox 2245 5160 2384 5231; x_wconf 90' lang='lat' dir='ltr'><strong>perii</strong></span> <span class='ocrx_word' id='word_1_731' title='bbox 2411 5161 2506 5229; x_wconf 74' lang='grc'><strong>⁸⁷⁷,</strong></span> <span class='ocrx_word' id='word_1_732' title='bbox 2537 5177 2728 5232; x_wconf 88' lang='lat' dir='ltr'><strong>pacem</strong></span> <span class='ocrx_word' id='word_1_733' title='bbox 2754 5162 2994 5220; x_wconf 83' lang='lat' dir='ltr'><strong>firmavit</strong></span> <span class='ocrx_word' id='word_1_734' title='bbox 3017 5181 3144 5221; x_wconf 91' lang='lat' dir='ltr'><strong>cum</strong></span> <span class='ocrx_word' id='word_1_735' title='bbox 3175 5166 3478 5234; x_wconf 84' lang='lat' dir='ltr'><strong>Geiserico,</strong></span> <span class='ocrx_word' id='word_1_736' title='bbox 3505 5167 3670 5222; x_wconf 73' lang='lat' dir='ltr'><strong>divisa</strong></span> <span class='ocrx_word' id='word_1_737' title='bbox 3689 5163 3794 5214; x_wconf 67' lang='lat' dir='ltr'><strong>intt‘f</strong></span> 
     </span>
    </p>
   </div>
   <div class='ocr_carea' id='block_1_112' title="bbox 2247 5253 3793 5325">
    <p class='ocr_par' dir='ltr' id='par_1_112' title="bbox 2247 5253 3793 5325">
     <span class='ocr_line' id='line_1_116' title="bbox 2247 5253 3793 5325; baseline 0.001 -17"><span class='ocrx_word' id='word_1_738' title='bbox 2247 5262 2511 5325; x_wconf 88' lang='lat' dir='ltr'><strong>utrosque</strong></span> <span class='ocrx_word' id='word_1_739' title='bbox 2547 5253 2619 5286; x_wconf 76' lang='grc'><strong>⁸⁷⁸</strong></span> <span class='ocrx_word' id='word_1_740' title='bbox 2645 5253 2851 5311; x_wconf 84' lang='lat' dir='ltr'><strong>Africa.</strong></span> <span class='ocrx_word' id='word_1_741' title='bbox 2877 5256 3188 5314; x_wconf 83' lang='lat' dir='ltr'><strong>Ceisericus</strong></span> <span class='ocrx_word' id='word_1_742' title='bbox 3230 5275 3364 5315; x_wconf 90' lang='lat' dir='ltr'><strong>vero</strong></span> <span class='ocrx_word' id='word_1_743' title='bbox 3400 5260 3527 5315; x_wconf 88' lang='lat' dir='ltr'><strong>dum</strong></span> <span class='ocrx_word' id='word_1_744' title='bbox 3553 5259 3622 5313; x_wconf 88' lang='lat' dir='ltr'><strong>de</strong></span> <span class='ocrx_word' id='word_1_745' title='bbox 3647 5264 3793 5309; x_wconf 69' lang='lat' dir='ltr'><strong>reum</strong></span> 
     </span>
    </p>
   </div>
   <div class='ocr_carea' id='block_1_113' title="bbox 2247 5347 3792 5422">
    <p class='ocr_par' dir='ltr' id='par_1_113' title="bbox 2247 5347 3792 5422">
     <span class='ocr_line' id='line_1_117' title="bbox 2247 5347 3792 5422; baseline 0.003 -23"><span class='ocrx_word' id='word_1_746' title='bbox 2247 5360 2508 5402; x_wconf 90' lang='lat' dir='ltr'><strong>successu</strong></span> <span class='ocrx_word' id='word_1_747' title='bbox 2535 5347 2701 5402; x_wconf 87' lang='lat' dir='ltr'><strong>etiam</strong></span> <span class='ocrx_word' id='word_1_748' title='bbox 2732 5348 2878 5418; x_wconf 91' lang='lat' dir='ltr'><strong>apud</strong></span> <span class='ocrx_word' id='word_1_749' title='bbox 2901 5365 3033 5406; x_wconf 91' lang='lat' dir='ltr'><strong>suos</strong></span> <span class='ocrx_word' id='word_1_750' title='bbox 3048 5351 3378 5422; x_wconf 85' lang='lat' dir='ltr'><strong>superbiret,</strong></span> <span class='ocrx_word' id='word_1_751' title='bbox 3407 5350 3580 5406; x_wconf 83' lang='lat' dir='ltr'><strong>valida</strong></span> <span class='ocrx_word' id='word_1_752' title='bbox 3607 5354 3792 5402; x_wconf 73' lang='lat' dir='ltr'><strong>suomIn</strong></span> 
     </span>
    </p>
   </div>
   <div class='ocr_carea' id='block_1_114' title="bbox 1847 5474 2529 5535">
    <p class='ocr_par' dir='ltr' id='par_1_114' title="bbox 1847 5474 2529 5535">
     <span class='ocr_line' id='line_1_118' title="bbox 1847 5474 2529 5535; baseline 0.009 -7"><span class='ocrx_word' id='word_1_753' title='bbox 1847 5474 2075 5532; x_wconf 65' lang='lat' dir='ltr'><strong>VARIE</strong></span> <span class='ocrx_word' id='word_1_754' title='bbox 2121 5477 2529 5535; x_wconf 75' lang='lat' dir='ltr'><strong>LECTIONES.</strong></span> 
     </span>
    </p>
   </div>
   <div class='ocr_carea' id='block_1_115' title="bbox 626 5553 3784 5654">
    <p class='ocr_par' dir='ltr' id='par_1_115' title="bbox 626 5553 3784 5654">
     <span class='ocr_line' id='line_1_119' title="bbox 626 5553 3784 5654; baseline 0.009 -49"><span class='ocrx_word' id='word_1_755' title='bbox 626 5553 694 5586; x_wconf 71' lang='grc' dir='ltr'><strong>πί</strong></span> <span class='ocrx_word' id='word_1_756' title='bbox 724 5571 982 5654; x_wconf 42' lang='lat' dir='ltr'><strong>gangraena:</strong></span> <span class='ocrx_word' id='word_1_757' title='bbox 1012 5561 1218 5612; x_wconf 82' lang='lat' dir='ltr'><strong>numeri</strong></span> <span class='ocrx_word' id='word_1_758' title='bbox 1333 5563 1382 5616; x_wconf 94' lang='lat'><strong>1.</strong></span> <span class='ocrx_word' id='word_1_759' title='bbox 1416 5567 1982 5654; x_wconf 38' lang='lat' dir='ltr'><strong>gmnfesfereeorrecti</strong></span> <span class='ocrx_word' id='word_1_760' title='bbox 2011 5572 2278 5654; x_wconf 49' lang='lat' dir='ltr'><strong>leguntur.</strong></span> <span class='ocrx_word' id='word_1_761' title='bbox 2358 5573 2430 5605; x_wconf 75' lang='grc' dir='ltr'><strong>’τ’</strong></span> <span class='ocrx_word' id='word_1_762' title='bbox 2459 5574 2551 5644; x_wconf 90' lang='lat' dir='ltr'><strong>qui</strong></span> <span class='ocrx_word' id='word_1_763' title='bbox 2576 5577 2631 5630; x_wconf 88' lang='lat' dir='ltr'><strong>in</strong></span> <span class='ocrx_word' id='word_1_764' title='bbox 2655 5576 3000 5654; x_wconf 34' lang='lat' dir='ltr'><strong>10‘._deletum</strong></span> <span class='ocrx_word' id='word_1_765' title='bbox 3028 5599 3138 5637; x_wconf 75' lang='lat' dir='ltr'><strong>esse</strong></span> <span class='ocrx_word' id='word_1_766' title='bbox 3169 5585 3335 5637; x_wconf 74' lang='lat' dir='ltr'><strong>videri</strong></span> <span class='ocrx_word' id='word_1_767' title='bbox 3364 5593 3546 5654; x_wconf 77' lang='lat' dir='ltr'><strong>potest,</strong></span> <span class='ocrx_word' id='word_1_768' title='bbox 3581 5583 3704 5635; x_wconf 74' lang='lat' dir='ltr'><strong>unde</strong></span> <span class='ocrx_word' id='word_1_769' title='bbox 3744 5576 3784 5630; x_wconf 78' lang='lat' dir='ltr'><strong>ll</strong></span> 
     </span>
    </p>
   </div>
   <div class='ocr_carea' id='block_1_116' title="bbox 553 5625 1317 5687">
    <p class='ocr_par' dir='ltr' id='par_1_116' title="bbox 553 5625 1317 5687">
     <span class='ocr_line' id='line_1_120' title="bbox 553 5625 1317 5687; baseline 0.012 -9"><span class='ocrx_word' id='word_1_770' title='bbox 553 5625 760 5680; x_wconf 89' lang='lat' dir='ltr'><strong>ctauri.</strong></span> <span class='ocrx_word' id='word_1_771' title='bbox 837 5627 908 5658; x_wconf 46' lang='grc' dir='ltr'><strong>’τε</strong></span> <span class='ocrx_word' id='word_1_772' title='bbox 927 5644 970 5683; x_wconf 86' lang='lat' dir='ltr'><strong>s.</strong></span> <span class='ocrx_word' id='word_1_773' title='bbox 999 5644 1051 5682; x_wconf 90' lang='lat' dir='ltr'><strong>a.</strong></span> <span class='ocrx_word' id='word_1_774' title='bbox 1079 5639 1207 5684; x_wconf 91' lang='lat' dir='ltr'><strong>sunt</strong></span> <span class='ocrx_word' id='word_1_775' title='bbox 1235 5631 1317 5687; x_wconf 55' lang='grc'><strong>’10.</strong></span> 
     </span>
    </p>
   </div>
   <div class='ocr_carea' id='block_1_117' title="bbox 1418 5635 3787 5717">
    <p class='ocr_par' dir='ltr' id='par_1_117' title="bbox 1418 5635 3787 5717">
     <span class='ocr_line' id='line_1_121' title="bbox 1418 5635 3787 5717; baseline 0.008 -27"><span class='ocrx_word' id='word_1_776' title='bbox 1418 5635 1492 5666; x_wconf 67' lang='grc'><strong>’⁷⁸</strong></span> <span class='ocrx_word' id='word_1_777' title='bbox 1521 5635 1712 5706; x_wconf 78' lang='lat' dir='ltr'><strong>folium</strong></span> <span class='ocrx_word' id='word_1_778' title='bbox 1739 5641 1793 5694; x_wconf 84' lang='lat' dir='ltr'><strong>in</strong></span> <span class='ocrx_word' id='word_1_779' title='bbox 1829 5643 1876 5696; x_wconf 92' lang='lat'><strong>1.</strong></span> <span class='ocrx_word' id='word_1_780' title='bbox 1910 5635 2083 5698; x_wconf 59' lang='lat' dir='ltr'><strong>deest:</strong></span> <span class='ocrx_word' id='word_1_781' title='bbox 2153 5635 2550 5717; x_wconf 48' lang='lat' dir='ltr'><strong>&quot;ftunoruin,</strong></span> <span class='ocrx_word' id='word_1_782' title='bbox 2594 5656 2652 5701; x_wconf 89' lang='lat' dir='ltr'><strong>ut</strong></span> <span class='ocrx_word' id='word_1_783' title='bbox 2683 5649 2909 5717; x_wconf 85' lang='lat' dir='ltr'><strong>videtur,</strong></span> <span class='ocrx_word' id='word_1_784' title='bbox 2970 5635 3787 5709; x_wconf 13' lang='lat' dir='ltr'><strong>corr.vturonumm5.qtuuoruﬂ</strong></span> 
     </span>
    </p>
   </div>
   <div class='ocr_carea' id='block_1_118' title="bbox 553 5700 3514 5783">
    <p class='ocr_par' dir='ltr' id='par_1_118' title="bbox 553 5700 3514 5783">
     <span class='ocr_line' id='line_1_122' title="bbox 553 5700 3514 5783; baseline 0.01 -34"><span class='ocrx_word' id='word_1_785' title='bbox 553 5712 691 5752; x_wconf 73' lang='lat' dir='ltr'><strong>corr.</strong></span> <span class='ocrx_word' id='word_1_786' title='bbox 720 5706 1044 5756; x_wconf 88' lang='lat' dir='ltr'><strong>turonorum</strong></span> <span class='ocrx_word' id='word_1_787' title='bbox 1085 5700 1172 5756; x_wconf 87' lang='lat'><strong>10.</strong></span> <span class='ocrx_word' id='word_1_788' title='bbox 1246 5703 1317 5736; x_wconf 79' lang='grc'><strong>’⁷⁸</strong></span> <span class='ocrx_word' id='word_1_789' title='bbox 1340 5700 1661 5765; x_wconf 75' lang='lat' dir='ltr'><strong>merovecus</strong></span> <span class='ocrx_word' id='word_1_790' title='bbox 1719 5728 1856 5766; x_wconf 87' lang='lat' dir='ltr'><strong>corr.</strong></span> <span class='ocrx_word' id='word_1_791' title='bbox 1908 5729 2196 5773; x_wconf 86' lang='lat' dir='ltr'><strong>meroveus</strong></span> <span class='ocrx_word' id='word_1_792' title='bbox 2221 5715 2272 5770; x_wconf 81' lang='lat'><strong>5.</strong></span> <span class='ocrx_word' id='word_1_793' title='bbox 2313 5700 2909 5778; x_wconf 14' lang='lat' dir='ltr'><strong>meroveusﬁiim‘lﬁmi:</strong></span> <span class='ocrx_word' id='word_1_794' title='bbox 2948 5739 2994 5776; x_wconf 92' lang='lat' dir='ltr'><strong>r.</strong></span> <span class='ocrx_word' id='word_1_795' title='bbox 3031 5725 3082 5780; x_wconf 85' lang='lat'><strong>5.</strong></span> <span class='ocrx_word' id='word_1_796' title='bbox 3161 5726 3233 5758; x_wconf 81' lang='grc'><strong>’⁷⁸</strong></span> <span class='ocrx_word' id='word_1_797' title='bbox 3263 5735 3412 5783; x_wconf 88' lang='lat' dir='ltr'><strong>utros</strong></span> <span class='ocrx_word' id='word_1_798' title='bbox 3435 5725 3514 5781; x_wconf 64' lang='lat'><strong>9‘.</strong></span> 
     </span>
    </p>
   </div>
  </div>
