3880 6308
78 279 157 332 ⁸1Ἰό
934 265 1296 324 CHRONICA.
1337 297 1406 308 -
1442 260 1837 321 CIIRONICON
1874 259 2330 318 UNIVERSALE.

3169 267 3200 320 7
3204 269 3270 328 74

80 353 364 460 conspiratio
393 384 532 442 facta
558 389 641 438 est
684 380 946 436 adversus
993 396 1139 434 eum.
1196 379 1313 445 Qua
1369 378 1598 442 detecta,
1631 375 1676 432 Α
1701 373 1884 428 dill‘ust
1909 381 2056 438 sunt,
2087 384 2377 440 omniaque
2405 366 2550 425 ferro
2573 378 2626 424 et
2645 355 2766 442 igne
2796 383 3140 429 consumunt.
3165 377 3272 433 Ca-

79 485 244 538 niultos
269 495 331 534 ex
369 477 447 532 eis
475 491 567 546 per
603 474 816 530 diversa
844 473 1041 527 occidit
1081 471 1365 541 supplicia.
1419 468 1594 540 (Jonn.

76 553 241 627 Dem.
270 568 336 639 ε.)
362 567 662 622 Marcianus
690 573 870 620 autem
901 563 1192 618 admodum
1212 562 1517 632 religiosus,
1546 569 1600 616 et

74 660 312 733 egentibus
357 657 525 712 multa
556 654 813 712 beneﬁcia
841 661 1112 725 prestans,
1153 667 1402 723 regnum,
1453 651 1600 722 quod

75 751 249 809 delicati
273 751 584 805 decessores
611 756 664 803 et
692 747 1102 818 predecessores
1135 744 1274 814 ejus,
1300 758 1397 813 per
1426 757 1599 799 annos

73 854 160 908 fere
187 849 248 904 60
272 849 509 904 vicissim
538 848 890 917 imperantes,
919 846 1250 911 minuerant,
1277 843 1458 898 divina
1481 857 1603 912 pro-

69 947 241 1001 visione
267 943 341 998 sic
368 941 658 1012 reparavit,
680 947 740 994 ut
765 938 1026 996 exultatio
1046 937 1236 1008 ingens
1263 935 1474 992 cunctis
1503 951 1598 991 ac-

71 1045 296 1092 cresceret
319 1034 406 1089 πθ.
441 1032 577 1089 Nam
605 1049 730 1088 cum
776 1031 995 1087 Parthis
1035 1038 1089 1086 et
1138 1028 1444 1094 Wandalis,
1476 1042 1597 1082 om-

71 1129 170 1182 nino
195 1141 409 1198 regnum
441 1123 849 1186 infcstantibus,
905 1135 1094 1191 pacem
1133 1118 1389 1185 instituit,
1422 1118 1599 1173 Attilm

71 1220 211 1272 minas
233 1216 580 1286 compescuit,
620 1213 867 1269 Novades
895 1213 967 1244 ’⁸ο
997 1211 1374 1280 Blemnesque,
1405 1224 1468 1264 ex
1500 1208 1598 1262 1E-

68 1302 234 1372 thiopia
278 1301 578 1371 prolapsos,
634 1314 730 1370 per
757 1297 999 1362 Florum,
1028 1295 1407 1350 Alexandrina:
1445 1295 1598 1351 urbis

69 1403 447 1466 procuratorem,
472 1409 504 1447 a
530 1390 1105 1448 ﬁnibusRomanorum
1121 1390 1344 1459 expulit.
1374 1389 1470 1460 (II.
1499 1386 1594 1461 m.)

68 1488 178 1543 Inter
201 1488 305 1542 haec
357 1485 513 1540 beata
543 1485 612 1516 ⁸⁸⁸
654 1483 944 1538 Pulcheria
972 1481 1230 1536 dormivit
1272 1481 1328 1536 in
1354 1481 1593 1549 Christo,

68 1597 160 1650 qua:
184 1579 335 1633 multa
362 1577 506 1633 bona
527 1575 654 1632 fecit
679 1584 733 1630 et
782 1574 966 1630 omnia
1005 1589 1102 1629 sua
1135 1573 1465 1644 pauperibus
1497 1574 1593 1629 de-

70 1672 267 1740 reliquit;
302 1685 419 1740 quae
447 1669 744 1739 imperator
789 1665 1116 1732 Marcianus,
1147 1682 1270 1722 cum
1311 1666 1480 1720 multa
1507 1681 1595 1721 es-

70 1775 175 1831 sent,
201 1764 434 1820 alacriter
475 1763 800 1834 dispertivit.
851 1762 954 1818 Pcr
989 1764 1104 1819 hzec
1133 1773 1374 1835 tempora
1402 1761 1592 1820 Huno-

71 1877 160 1915 rum
180 1873 261 1912 rex
280 1858 439 1912 Attila
479 1857 684 1913 Gallias
727 1856 1020 1911 devastans
1046 1864 1101 1910 et
1132 1855 1342 1911 Italiam
1393 1857 1594 1911 irrum-

71 1969 164 2022 perc
192 1955 436 2023 cogitans,
468 1950 540 2005 ab
583 1949 748 2004 Aeeio
777 1956 830 2003 et
864 1948 1176 2004 Gothorum.
1197 1965 1321 2019 rege
1349 1949 1594 2007 Theode-

73 2045 172 2106 rico,
198 2044 316 2098 utin
340 2042 585 2114 bystoria
614 2040 919 2096 Gothorum
945 2039 1210 2108 scripturn
1233 2048 1337 2106 est,
1354 2041 1594 2096 devinci-

71 2146 150 2189 tur.
179 2135 268 2191 Sed
294 2137 414 2206 quia
443 2149 661 2204 semper
712 2134 885 2188 virtus
927 2132 1184 2188 invidiam
1207 2134 1368 2203 parit,
1391 2132 1592 2189 Valen-

71 2227 262 2282 tinianus
313 2227 608 2298 imperator
638 2225 834 2283 timens
866 2241 1158 2296 prosperos
1185 2227 1335 2282 Accii
1373 2242 1592 2282 succes-

73 2335 158 2382 sus,
214 2321 396 2375 occidit
423 2335 575 2386 eum,
638 2319 911 2389 simulque
970 2317 1229 2373 Boecium
1285 2326 1591 2373 senatorem

74 2409 430 2466 nobilissimum.
489 2410 635 2465 Cum
681 2410 880 2481 quibus
932 2408 1135 2479 pariter
1163 2406 1469 2463 Occidentis
1497 2408 1596 2462 im-

74 2501 235 2569 perium
261 2503 508 2573 salusque
541 2502 624 2557 rei
673 2501 904 2573 publicae
932 2501 1003 2533 ⁹⁸²
1043 2500 1272 2566 corruit,
1320 2514 1424 2555 nec
1450 2500 1591 2554 ultra

75 2592 249 2647 relevari
291 2595 474 2663 potuit.
543 2591 650 2648 Sed
705 2591 1082 2648 Valentiniano
1123 2607 1273 2645 mors
1302 2590 1451 2646 Accii
1481 2606 1591 2644 non

75 2682 244 2751 impune
270 2685 450 2752 cessit;
482 2699 618 2738 nam
672 2683 918 2752 sequenti
947 2695 1092 2738 anno
1140 2697 1172 2735 a
1201 2680 1470 2736 Transtila
1498 2679 1587 2745 ⁸⁸³,

75 2771 184 2826 Accii
203 2774 373 2840 milite,
421 2790 520 2845 per
574 2773 861 2827 consilium
891 2770 1113 2826 Maximi
1157 2770 1370 2840 patricii
1397 2779 1452 2826 et
1480 2770 1592 2840 ipse

75 2859 305 2918 confossus
334 2863 563 2928 interiit,
601 2875 745 2917 anno
780 2861 991 2931 imperii
1040 2861 1125 2916 sui
1147 2859 1257 2928 50°,
1296 2876 1362 2916 ex
1391 2861 1591 2933 quibus

74 2968 163 3006 cum
199 2953 482 3010 Theodosio
533 2968 727 3010 socero
757 2967 858 3008 suo
899 2953 1146 3024 regnavit
1166 2952 1258 3020 25,
1294 2969 1420 3008 cum
1449 2952 1591 3007 Mar-

74 3043 192 3098 riano
218 3046 264 3102 5.
314 3046 427 3113 Quo
448 3053 695 3112 mortuo,
729 3044 1002 3117 Maximus
1041 3044 1241 3099 invasit
1281 3043 1589 3115 imperium,

75 3143 111 3186 et
131 3134 366 3204 Eudoxize,
409 3136 784 3192 Valentiniani
823 3135 1003 3201 uxori,
1048 3134 1102 3190 vi
1145 3135 1403 3191 sociatur.
1458 3133 1591 3202 Qua:

76 3225 232 3281 nullum
259 3226 364 3284 fore
394 3229 666 3284 auxilium
701 3243 732 3282 a
761 3226 1228 3297 Constantinopoli
1249 3225 1588 3292 existimans,

76 3315 319 3375 Theodosio
345 3330 493 3391 patre
517 3329 581 3374 ct
607 3318 891 3374 Pulcheria
918 3319 1083 3374 amita
1108 3317 1396 3386 defunctis,
1421 3320 1592 3376 missa

75 3406 282 3477 legatione
309 3411 645 3468 Geisericum
674 3427 741 3466 ex
779 3409 962 3465 Africa
989 3411 1256 3478 invitavit,
1286 3410 1380 3480 qui
1410 3411 1591 3466 subito

75 3514 140 3566 per
160 3517 284 3558 mare
323 3520 444 3559 cum
493 3519 701 3574 magna
733 3502 1077 3558 multitudine
1106 3501 1315 3558 Italiam
1348 3503 1590 3572 intravit,

72 3605 163 3646 cum
185 3594 341 3653 adhuc
363 3596 562 3653 beatus
585 3593 695 3651 Leo
725 3594 1029 3652 Romanum
1077 3605 1286 3668 regeret
1307 3595 1592 3667 pontiﬁca-

72 3690 174 3738 tum.
193 3685 444 3744 Perculsis
464 3689 546 3721 ⁸⁸⁵
569 3688 755 3758 itaque
782 3686 1044 3743 Romanis
1067 3704 1167 3758 pro
1197 3689 1427 3744 adventu
1464 3687 1593 3744 Gei-

75 3775 214 3842 serici,
239 3778 444 3847 plurimi
490 3796 559 3835 ex
592 3777 741 3833 Urbe
793 3777 1066 3850 fugerunt,
1111 3779 1253 3834 inter
1277 3794 1416 3849 quos
1442 3780 1513 3815 ⁸⁸⁵
1541 3788 1596 3836 et

75 3862 287 3925 Maximus
313 3869 542 3941 fugiens,
569 3869 916 3925 membratim
947 3885 977 3924 a
999 3868 1258 3926 Romanis
1288 3871 1595 3942 discerptus

74 3966 149 4022 est,
169 3975 331 4018 mense
357 3964 526 4019 tercio
557 3961 866 4035 tyrannidis
909 3978 1039 4017 suzn.
1067 3962 1375 4018 Geisericus
1412 3971 1595 4018 autem

74 4046 300 4108 inveniens
324 4053 522 4111 Urbem
549 4069 806 4120 vacuam,
855 4055 1052 4109 invasit
1084 4069 1224 4109 eam.
1275 4053 1376 4110 Cui
1402 4055 1595 4111 beatus

74 4137 155 4192 Leo
174 4159 294 4214 papa
313 4156 461 4202 extra
484 4154 705 4218 portam
735 4146 994 4211 occurrit,
1023 4154 1076 4199 et
1101 4145 1286 4200 divino
1307 4155 1441 4201 nutu
1471 4161 1596 4216 pre-

71 4227 190 4284 cibus
216 4250 326 4288 eum
366 4235 419 4289 in
461 4244 677 4290 tantum
734 4235 1000 4299 delinivit,
1024 4242 1084 4289 ut
1130 4251 1252 4290 cum
1291 4236 1472 4291 omnia
1498 4250 1595 4307 po-

72 4322 213 4374 testati
244 4323 353 4392 ejus
382 4335 570 4382 essent
617 4327 837 4393 tradita,
868 4327 936 4382 ab
961 4327 1212 4382 incendio
1240 4335 1294 4383 et
1321 4329 1596 4383 occisione

70 4415 192 4476 atque
211 4415 474 4483 suppliciis
497 4416 815 4472 abstineret.
846 4415 950 4472 Per
980 4417 1045 4470 M
1066 4431 1194 4471 vero
1223 4416 1337 4472 dies
1367 4415 1596 4471 Romam

70 4501 276 4558 omnibus
294 4507 493 4564 divitiis
515 4509 634 4564 suis
649 4509 718 4540 ’⁸⁸
734 4508 1090 4575 evacuabant,
1105 4509 1412 4578 multosque
1421 4511 1597 4581 capti-

69 4603 142 4644 tos
159 4595 328 4652 exinde
350 4598 685 4667 auferentes,
708 4599 1009 4655 Eudoxiam
1033 4616 1250 4670 quoque
1275 4617 1395 4671 quae
1419 4602 1598 4658 Geise-

71 4679 203 4736 ricum
220 4687 278 4741 ad
292 4689 391 4744 hoc
411 4693 618 4746 malum
633 4693 971 4759 invitaverat,
1003 4707 1127 4747 cum
1153 4692 1364 4747 duabus
1385 4692 1598 4749 filiabus

70 4770 120 4801 ⁸⁸⁷
138 4776 233 4833 suis
251 4779 481 4838 Africam
509 4784 868 4855 deportabant
887 4785 975 4839 ⁸⁸⁸.
1006 4783 1119 4840 Hoc
1150 4784 1486 4856 modoLcapta
1515 4797 1599 4844 est

71 4859 205 4922 Roma
231 4876 460 4930 secundo
495 4887 785 4948 postquam
830 4894 950 4934 eam
978 4877 1229 4938 Alaricus
1257 4879 1476 4946 invasit,
1503 4898 1599 4936 ex-

69 4957 193 5022 pletis
217 4965 357 5022 abeo
383 4977 629 5040 tempore
657 4971 816 5026 annis
843 4972 929 5032 45,
963 4988 994 5026 a
1060 4959 1370 5028 conditione
1398 4989 1496 5028 sua
1526 4975 1596 5008 ⁸⁸³

72 5049 192 5108 I207.
215 5055 410 5116 Relicta
433 5063 618 5132 itaque
642 5061 806 5127 Urbe,
837 5061 1088 5118 Wandali
1114 5081 1210 5135 per
1237 5064 1594 5136 Campaniam

1701 479 1865 535 puam
1893 463 2166 519 civitatem
2198 461 2594 516 nobilissimam
2639 463 3046 532 destruxerunt,
3072 463 3270 525 Nolam

1696 570 1918 626 quoque
1947 554 2137 609 urbem
2171 552 2494 608 ditissimam
2527 561 2582 608 et
2629 554 2766 609 alias
2801 556 3000 613 multas
3047 560 3272 616 subver-

1700 654 1902 712 terunt,
1926 643 2204 714 Neapolim
2243 659 2390 710 vero,
2419 644 2546 714 quia
2568 654 2684 700 erat
2711 644 3044 712 ﬁrmissima,
3081 665 3273 720 capere

1700 752 1810 791 non
1839 737 2109 802 valebant,
2141 735 2324 789 omnia
2352 742 2532 789 tamen
2563 751 2594 789 a
2624 734 2758 790 foris
2789 735 3144 806 dissipabant.
3185 731 3272 794 ln-l

1699 835 1782 882 ter
1811 829 1910 883 has
1933 826 2212 898 angustias
2230 825 2315 880 vir
2333 825 2712 900 sanctissimus
2740 825 3020 892 Paulinus,
3052 825 3273 883 Nolana:

1699 918 1853 974 urbis
1876 918 2187 988 episcopus,
2219 917 2473 987 expensis
2499 932 2599 988 pro
2629 918 3000 988 redemptione
3028 920 3270 990 captivo-

1699 1024 1824 1063 rum
1853 1008 2107 1064 omnibus
2131 1023 2254 1078 qua:
2282 1008 2493 1072 habuit,
2545 1025 2604 1065 se
2633 1009 2811 1081 ipsum
2838 1026 2937 1080 pro
2957 1011 3272 1066 redimendo

1699 1100 1812 1156 lilio
1836 1100 2012 1155 vidua:
2043 1099 2285 1166 tradidit,
2317 1099 2458 1155 sicut
2483 1101 2674 1157 beatus
2699 1101 2990 1174 Gregorius
3020 1103 3072 1156 in
3103 1103 3172 1135 "°
3205 1103 3272 1156 li-

1697 1191 1798 1247 bro
1824 1192 2160 1262 dialogorum
2189 1191 2295 1263 (ut,
2335 1207 2384 1246 e.
2425 1192 2477 1262 1)
2509 1193 2721 1262 plenius
2749 1195 2954 1249 scribit.
2996 1194 3066 1248 At
3085 1193 3271 1250 Geise-

1698 1282 1849 1337 ricus
1879 1291 2166 1352 postquam
2199 1281 2404 1336 ditatus
2428 1279 2594 1336 Italia:
2613 1282 2805 1352 opibus
2826 1284 2892 1338 ad
2915 1283 3152 1339 Africam
3178 1298 3269 1338 re-

1698 1371 1816 1437 diit,
1841 1371 2009 1427 filiam
2058 1369 2124 1402 ⁹⁹¹
2186 1369 2549 1424 Valentiniani
2587 1372 2850 1441 principis
2893 1371 3270 1427 Trasamundo

1699 1464 1811 1518 lilio
1835 1478 1935 1519 suo
1966 1477 2188 1518 uxorem
2212 1463 2379 1529 dedit,
2413 1479 2481 1518 ex
2509 1479 2616 1534 qua
2647 1462 2948 1521 Hildericus
2983 1473 3142 1519 natus
3163 1473 3266 1532 est,

1698 1555 1794 1626 qui
1819 1564 2049 1625 quartus
2084 1562 2209 1625 post
2253 1554 2589 1610 Geisericum
2631 1571 2793 1625 super
2843 1554 3137 1610 Wandalos
3178 1571 3269 1610 re-

1697 1647 1898 1718 gnavit.
1931 1645 2066 1700 Tres
2089 1643 2288 1715 quippe
2332 1643 2474 1699 ﬁlios
2503 1644 2811 1700 Geisericus
2834 1643 3042 1709 habuit,
3071 1643 3270 1712 quibus

1625 1713 1668 1768 Β
1694 1749 1820 1794 ante
1848 1737 2056 1792 obitum
2106 1751 2267 1792 suum
2319 1736 2393 1792 ita
2444 1751 2672 1808 regnum
2703 1736 2993 1804 ordinavit,
3041 1746 3100 1790 ut
3130 1737 3270 1792 alius

1693 1839 1815 1899 post
1840 1827 2006 1882 alium
2024 1827 2180 1898 juxta
2199 1826 2372 1881 aetatis
2411 1827 2660 1882 ordinem
2690 1834 2959 1896 regnaret.
3008 1823 3272 1895 Regnavit

1691 1919 1859 1990 igitur
1885 1919 2093 1988 primus
2115 1925 2240 1988 post
2281 1931 2408 1971 eum
2443 1915 2770 1983 Hunericus,
2819 1917 3092 1971 secundus
3120 1915 3272 1969 Gun-

1692 2011 2038 2078 themandus,
2071 2007 2274 2066 tercius
2309 2006 2743 2074 Trasamundus,
2778 2016 2901 2078 post
2928 2023 3092 2078 quem
3124 2009 3269 2062 Iilius

1690 2101 1811 2172 ejus
1832 2100 2138 2156 Hildericus
2167 2105 2397 2170 quartus
2426 2099 2690 2170 regnavit,
2721 2098 2815 2170 qui
2840 2098 3031 2153 matris
3062 2099 3268 2154 monita

1692 2205 1946 2260 sequens,
1978 2191 2280 2247 catholicus
2301 2189 2406 2244 fuit
2429 2187 2522 2259 (cf.
2557 2187 2712 2245 Jonn.
2736 2189 2812 2244 De
2848 2206 2893 2244 r.
2928 2189 2992 2245 ϐ.
3026 2207 3074 2246 c.
3117 2191 3230 2259 55).

1764 2280 1861 2350 (II.
1892 2281 1990 2346 m.)
2043 2279 2352 2336 Marcianus
2396 2295 2527 2336 vero
2580 2279 2892 2352 imperator,
2945 2296 3070 2335 cum
3125 2281 3268 2349 apud

1691 2371 2218 2441 Constantinopolim
2247 2379 2451 2442 septem
2481 2371 2641 2426 annis
2671 2379 2941 2443 regnaret,
2973 2370 3115 2427 facta
3139 2385 3268 2426 suo-

1690 2477 1812 2518 rum
1835 2462 2239 2532 conspiratione
2261 2471 2572 2532 peremptus
2595 2471 2710 2516 est.

1761 2551 1857 2624 (Η.
1897 2569 2032 2606 m.—-
2062 2551 2252 2622 Bson.)
2281 2551 2454 2621 llujus
2489 2560 2731 2622 tempore
2767 2550 3003 2607 Joannes
3033 2553 3266 2621 baptista

1691 2651 1854 2712 caput
1908 2659 2090 2708 suum,
2114 2643 2269 2713 juxta
2299 2641 2526 2698 Herodis
2559 2642 3031 2713 quondamgregis-
3054 2643 3267 2696 habita-

1691 2734 1874 2788 culum
1900 2735 2262 2800 reconditum,
2281 2735 2764 2790 revelavitduobus
2781 2734 3063 2790 monachis
3085 2735 3268 2789 orien-

1691 2826 1911 2894 talibus,
1928 2827 2021 2897 qui
2050 2827 2465 2883 Hierosolimam
2491 2843 2656 2883 causa
2686 2828 2946 2882 orationis
2974 2834 3264 2892 venerunt,

1691 2916 1839 2988 quod
1889 2917 2143 2988 deinceps
2193 2915 2443 2972 Edissam
2485 2916 2699 2974 Fenicis
2750 2919 2939 2973 urbem
2974 2919 3264 2988 perlatum,

1692 3005 1856 3077 digno
1887 3007 2035 3062 cultu
2066 3015 2149 3062 est
2175 3007 2525 3062 honoratum.

1691 3075 1834 3153 Ᾰηιιί
1867 3095 2146 3152 Marciani.

1765 3191 1817 3245 l.
1857 3189 2004 3261 (Chr.
2037 3189 2150 3261 W.)
2180 3189 2365 3245 Primo
2405 3205 2550 3245 anno
2570 3188 2851 3256 Marciani,
2879 3190 2973 3260 qui
2997 3200 3081 3246 est
3111 3208 3140 3246 a
3165 3193 3264 3247 do-

1692 3278 1895 3334 minica
1925 3279 2298 3335 incarnatione
2326 3279 2490 3335 452‘“
2519 3280 2610 3347 π’,
2641 3279 2838 3336 Accius
2858 3281 3078 3336 Attilam
3105 3300 3265 3354 supe»

1691 3373 1853 3430 ravit.
1887 3376 1908 3398 ‘

1837 3469 1857 3490 ’
1889 3463 1934 3519 D
1955 3464 1978 3518 ?
2000 3463 2089 3590 SE.
2125 3465 2258 3589 (add.
2295 3481 2315 3519 :
2359 3463 2708 3522 Terrernotus
2751 3497 2823 3507 —
2857 3468 3264 3538 consequentia.

1901 3551 1969 3590 ea:
2041 3552 2121 3590 rae
2161 3576 2174 3590 .
2471 3571 2474 3573 λ

1901 3551 1969 3590 ea:
2000 3551 2174 3606 urgeo.
2471 3571 2474 3573 λ

1763 3627 1818 3683 5.
1857 3625 1920 3681 A.
1959 3625 2022 3681 D.
2065 3626 2190 3682 455.
2230 3625 2484 3698 Synodus
2527 3631 2725 3698 quarta
2765 3627 2870 3682 630
2893 3629 2962 3662 ⁸⁵³
2985 3629 3267 3700 episcopo-

1694 3735 1818 3775 rum
1853 3719 1909 3773 in
1964 3715 2269 3775 Calcedone
2314 3725 2643 3790 congregata
2669 3717 2740 3752 ³⁸⁸
2769 3718 2872 3773 sub
2913 3717 3094 3774 Leone
3127 3735 3266 3791 papa

1695 3820 1885 3866 contra
1906 3809 2156 3866 Eutieen.
2182 3810 2203 3833 '

1836 3908 1856 3926 '
1891 3901 1973 3956 D?
2015 3902 2080 3972 Ι).
2118 3902 2246 3957 add.
2269 3917 2288 3955 :
2329 3900 2430 3957 llic
2473 3902 2750 3957 decretum
2784 3908 2872 3957 est
2896 3933 2962 3944 -ο
2990 3900 3264 3972 genuisse.

1907 3989 1973 4027 ex
2001 3971 2177 4044 Sigeb.

1760 4066 1816 4120 4.
1856 4063 1921 4118 Α.
1960 4063 2024 4118 D.
2066 4063 2192 4119 456.
2235 4061 2647 4119 Valentinianus
2705 4063 2929 4118 Accium
2978 4064 3266 4134 patricium

1696 4155 1934 4302 00:11:.
1975 4244 2040 4299 D.
2074 4243 2573 4302 457.Valentianus
2602 4241 2671 4298 ab
2705 4243 2897 4298 amicis
2925 4242 3077 4299 Accii
3123 4243 3268 4299 occi-

1697 4339 2079 4500 dugrlBsnx.)
2124 4427 2190 4482 A.
2232 4427 2295 4482 D.
2338 4427 2461 4483 458.
2504 4426 2757 4499 11)·ιειήιιε
2795 4443 2933 4498 papa
2966 4427 3094 4484 ιδυι
3123 4428 3270 4484 ordi-

1701 4531 1881 4589 natur,
1913 4521 2052 4576 sedit
2073 4521 2232 4576 annis
2260 4520 2311 4587 7,
2347 4520 2688 4590 decessitque
2724 4520 2758 4574 4
2809 4519 2936 4576 ldus
2985 4519 3130 4592 Sept.
3169 4521 3270 4576 Per

1702 4614 1850 4668 hunc
1875 4612 2095 4683 scripsit
2125 4611 2402 4668 Victurius
2435 4611 2746 4684 paschalem
2777 4610 2989 4683 cyelum
3035 4612 3141 4666 532
3172 4627 3270 4666 an-

1699 4720 2012 4864 no;:"?Clrr.
2048 4795 2162 4867 ιν.)
2191 4795 2256 4850 Α.
2286 4794 2348 4850 D.
2383 4795 2507 4852 459.
2557 4792 2866 4848 Marcianus
2906 4790 3145 4846 Orientis
3168 4790 3271 4845 im-

1698 4896 1916 4958 perator
1943 4887 2226 4942 occiditur.

1773 4977 1974 5048 (1080.)
2002 4978 2160 5031 Anno
2190 4977 2474 5032 dominica:
2501 4972 2897 5031 incarnationis
2929 4972 3078 5040 460°,
3109 4970 3270 5027 Urbis

1701 5070 1931 5126 conditae
1971 5069 2262 5124 millesimo
2280 5069 2425 5123 211°.
2455 5066 2552 5136 (II.
2580 5065 2677 5137 ιη.)
2703 5064 2836 5134 Leo,
2872 5064 3090 5122 Bessiea
3115 5072 3270 5119 ortus

1324 5264 1555 5320 VARI/E
1592 5265 1989 5323 LECTIONES.

123 5403 182 5436 ’τ’
229 5420 489 5465 cresceret
546 5411 628 5467 9°.
735 5413 807 5447 ’⁸ο
837 5415 1100 5472 nomades
1155 5417 1238 5472 9°.

72 5485 181 5558 5°":
196 5478 288 5558 ..“-
310 5549 374 5558 ,μ
391 5481 464 5558 ⁹²ἲ⁸
487 5485 762 5558 perssssis
795 5486 873 5540 9ο·
980 5487 1052 5519 ⁸⁸⁸

73 5547 240 5628 mut
267 5620 290 5628 Δ
309 5549 376 5584 θ’·
403 5547 549 5628 ᾳςέεε
569 5555 664 5611 El.
689 5557 742 5612 5.
817 5558 888 5590 ιοο
909 5547 1156 5628 pergit-'1.

1320 5416 1391 5448 ⁹⁸¹
1445 5419 1587 5472 deest
1637 5418 1691 5473 4.
1752 5420 1805 5473 5.
1878 5419 1948 5450 ⁹⁸’

1081 5502 1219 5556 quos
1238 5496 1293 5542 et
1313 5489 1498 5556 magni
1526 5497 1582 5544 et
1613 5489 1797 5543 m.10.
1828 5489 1915 5544 ll.

75 5557 240 5641 E5.-
264 5557 376 5641 m’"
403 5557 549 5641 ρεξτε
569 5557 664 5611 ΕΙ.
689 5557 742 5612 5.
765 5558 888 5641 ’χο
909 5557 1203 5641 ρει-ρει)...
1233 5557 1742 5641 ’9‘Eudngam,nY.
1771 5575 1839 5641 p.“
1851 5558 1915 5641 Γ..
1937 5575 2117 5641 quam
2138 5559 2282 5616 Urbe
2305 5562 2634 5641 captivitatis
2666 5571 2811 5641 sorte
2832 5557 3147 5641 abduxerat.
3181 5562 3264 5641 l_b.

151 5575 173 5598 ιι
194 5575 240 5602 υ.
311 5575 374 5584 -ν-
403 5575 549 5611 aeesr
570 5575 664 5611 nl.
689 5575 742 5612 ε).
818 5575 888 5590 ην
909 5575 999 5628 per
1037 5575 1077 5612 ιε
1106 5575 1156 5612 1.
1235 5575 1300 5589 ὐ-
1323 5575 1645 5625 Luuonam,
1686 5575 1742 5613 γ.
1811 5601 1823 5614 .
1851 5575 1914 5620 ι..
1946 5576 1981 5631 q

151 5616 235 5672 451
264 5620 343 5675 9ε.
391 5626 513 5682 452.
568 5644 702 5682 corr.
751 5628 876 5682 455.
915 5629 967 5683 5.
996 5575 1121 5683 ἵῦὖ.
1155 5628 1238 5682 ib.
1315 5628 1385 5661 ⁸⁸³
1422 5628 1545 5684 550.
1580 5629 1633 5684 5.
1658 5628 1743 5683 9ο.
1771 5575 1860 5684 ῗο.
1896 5631 1981 5684 Η.

3091 5421 3176 5476 10.
3240 5441 3268 5478 ι

3086 5501 3269 5546 rtave-

2663 5419 2733 5451 ⁸⁸³
2779 5423 3024 5478 strantila

2436 5492 2503 5523 οετ
2529 5491 2657 5548 ﬁliis
2699 5493 2751 5546 5.
2854 5494 2923 5526 ἰο
2945 5493 3081 5561 depo

1977 5434 2030 5490 p.
2065 5420 2143 5475 rei
2187 5420 2272 5476 9c.
2311 5419 2397 5475 to.
2459 5421 2544 5474 η.

2024 5491 2095 5523 ’⁸⁸
2119 5491 2324 5546 deestS.

2058 5631 2128 5665 ’⁸⁸
2150 5641 2476 5704 congregato
2504 5633 2606 5705 legi
2632 5634 2838 5709 viggt‘ur
2862 5634 2919 5686 in
2953 5633 3004 5686 1.
3030 5642 3079 5686 et
3111 5632 3188 5684 ita
3214 5634 3266 5688 ξ).

73 5698 227 5742 ecorr.
255 5706 569 5768 congregata
591 5706 674 5754 est
699 5697 782 5753 11).
834 5707 1188 5770 congregatur
1215 5697 1312 5753 El.
1349 5699 1432 5755 lO.
1471 5700 1638 5772 Ηζεε
1687 5699 1813 5756 Chr.
1853 5699 1939 5755 W.
