3880 6308
593 281 702 339 779

591 399 734 453 Anni
765 392 1068 451 Anastasii.

665 493 716 545 1.
749 489 845 560 (ll.
881 487 969 558 R.)
1017 479 1486 558 Annodominicae
1520 475 1913 534 incarnationis
1941 474 2048 531 492
2071 474 2186 540 ‘°°‘,

591 582 758 639 Urbis
796 590 981 636 autem
1027 575 1262 634 condita:
1314 571 1607 628 millesimo
1659 569 1811 636 245°,
1859 565 2188 623 Anastasius

593 673 884 746 imperium
913 669 1145 741 accepit,
1176 677 1230 724 et
1253 666 1323 734 27
1352 664 1512 721 annis
1537 661 1806 734 regnavit,
1841 660 2188 731 quinquage-

591 769 736 824 simo
759 765 935 836 primo
961 762 1085 818 loco
1146 760 1216 816 ab
1249 758 1527 830 Augusto;
1561 754 1658 828 (Η.
1685 753 1782 825 m.)
1814 749 2190 808 Theodericus

591 876 725 916 vero
773 872 901 914 cum
947 853 1144 911 Gethis
1198 850 1451 908 Romano
1506 847 1746 922 presedit
1799 843 2060 917 imperio;
2096 841 2188 900 hic

590 952 876 1015 Arrianus,
901 947 991 1003 ille
1020 943 1376 1002 Euthicianus
1410 941 1704 998 hereticus.
1731 937 1828 994 His
1848 935 2188 1008 temporibus

592 1060 789 1116 magna
845 1039 1120 1097 discordia
1149 1036 1292 1094 facta
1335 1045 1420 1092 est
1449 1033 1636 1090 Romae
1687 1039 1908 1103 propter
1934 1027 2188 1100 Symma-

592 1141 760 1195 chum
783 1147 838 1193 et
865 1133 1258 1199 Laurencium,
1291 1127 1620 1201 quibusdam
1661 1124 1990 1198 eligentibus
2041 1121 2182 1178 Lau-

590 1231 828 1288 rentium
880 1236 1059 1300 preter
1096 1221 1550 1282 consuetudinem
1599 1218 2004 1285 Romanorum,
2061 1214 2186 1271 aliis

588 1339 721 1380 vero
763 1319 1006 1377 sanioris
1047 1315 1261 1376 consilii
1297 1313 1688 1388 Symmachum
1736 1311 2048 1366 diaconum.
2078 1306 2186 1363 Pro

590 1434 699 1488 qua
728 1431 894 1472 causa
919 1413 1062 1469 facta
1091 1420 1224 1468 sunt
1249 1408 1421 1465 multa
1445 1405 1742 1463 homicidia
1773 1403 1963 1459 Romae
1982 1401 2182 1458 civium

588 1507 991 1572 Romanorum,
1023 1500 1354 1558 clericorum
1407 1496 1573 1553 etiam
1604 1504 1658 1551 et
1693 1493 2041 1550 sacerdotum
2087 1507 2186 1563 per

587 1611 702 1656 tres
731 1597 949 1655 circiter
964 1609 1161 1662 annos,
1187 1605 1364 1663 usque
1391 1603 1502 1661 quo
1530 1585 1902 1643 Theodericus
1929 1585 2184 1656 princeps

589 1693 822 1748 Romam
869 1687 1048 1756 venit;
1078 1686 1174 1758 qui
1205 1682 1460 1756 quamvis
1503 1680 1772 1736 Arrianus
1799 1687 1964 1746 esset,
1995 1676 2183 1740 habito

1795 265 2194 325 EKKEHARDI
2231 260 2698 322 URAUGIENSIS
3659 269 3721 326 τεο

2216 386 2262 444 Α
2292 377 2423 433 dum
2451 377 2506 432 in
2548 375 2747 443 heresi,
2800 389 2908 446 qua
2955 372 3201 444 dilapsus
3243 369 3414 442 fuerat,
3456 389 3722 446 perseveraret,

2292 469 2545 526 Ormisda
2575 485 2736 541 papa,
2771 467 3086 541 Symmachi
3125 481 3408 534 successor,
3437 468 3552 524 misit
3585 473 3724 530 adeum

2291 563 2600 618 Ennodium
2631 559 2977 618 Ticinensem
3022 560 3330 631 episcopum
3355 576 3462 616 cum
3489 563 3583 620 aliis
3605 569 3726 622 catho-

2289 655 2432 722 licis,
2485 665 2543 710 ut
2586 669 2715 709 eum
2763 653 3087 708 reducerent
3133 651 3205 708 ad
3247 653 3460 724 regulam
3485 654 3578 710 ﬁdei
3612 660 3728 715 catho-

2289 743 2427 810 licas,
2451 743 2546 798 sed
2567 742 2657 798 ille
2680 757 2787 798 non
2812 741 2992 798 solum
3020 740 3227 796 monita
3251 755 3419 796 eorum
3440 742 3620 799 salubria
3635 763 3719 817 sprc

2292 835 2386 900 vit,
2415 850 2607 890 verum
2637 835 2803 891 etiam
2832 850 2864 890 a
2891 833 3278 905 conspectibus
3300 833 3406 890 suis
3434 849 3522 890 non
3541 837 3626 893 sine
3644 840 3728 910 inju-

2289 925 2372 980 ria
2403 925 2630 996 expulit,
2662 925 2898 996 navique
2939 924 3108 980 veteri
3149 923 3421 996 fragilique
3453 925 3730 997 impositos,nt

2288 1017 2502 1088 uspiam
2526 1033 2622 1089 per
2641 1026 2808 1072 totam
2830 1016 3084 1073 Greciam
3107 1015 3370 1072 civitatem
3391 1016 3529 1072 ullam
3547 1019 3730 1088 inti-aruit,

2287 1109 2546 1181 precepit.
2607 1107 2784 1177 Quam
2835 1109 2958 1180 ejus
3005 1108 3232 1180 impiam
3280 1109 3581 1166 temeritatem
3622 1112 3732 1169 divina

2286 1219 2415 1259 mox
2437 1203 2573 1260 ultio
2597 1202 2889 1259 subsecuta
2911 1209 3016 1258 est.
3041 1199 3179 1256 Nam
3202 1216 3324 1257 cum
3342 1201 3406 1256 27
3441 1202 3606 1273 imperii
3624 1218 3733 1276 ageret

2286 1311 2515 1364 annum,
2543 1303 2796 1351 mortuus
2824 1303 2928 1351 est.
2961 1291 3197 1362 Quidam
3226 1309 3352 1351 vero
3373 1295 3522 1364 aiunt,
3542 1299 3646 1370 quod
3670 1299 3733 1353 lul-

2287 1389 2434 1444 mine
2457 1401 2756 1459 percussus
2781 1386 2872 1444 sit.

2356 1481 2410 1536 4.
2454 1479 2604 1552 (Chr.
2648 1478 2763 1549 W.)
2801 1479 2868 1534 Δ.
2920 1477 2986 1534 D.
3031 1477 3161 1536 495.
3222 1477 3551 1536 Theodericus
3585 1479 3735 1538 Odom-

2284 1587 2400 1629 rem
2443 1571 2741 1642 interemit,
2769 1580 2826 1628 et
2853 1571 2970 1644 ipse
3011 1568 3322 1629 Occidentis
3347 1586 3543 1644 regnum
3571 1574 3618 1630 51
3641 1576 3735 1630 annis

2285 1666 2483 1723 tenuit.

1073 1739 1465 1849 gj'mmaclium
1511 1771 1828 1842 episcopum
1875 1739 2183 1823 Romaeﬁr-
2211 1739 2260 1800 Β
2299 1759 2409 1852 m7.
2651 1849 2659 1852 Δ
2685 1757 2812 1852 198.
2856 1755 3287 1852 Trasemundus
3324 1771 3412 1813 rex
3449 1753 3733 1820 Wandalorum.

588 1876 780 1940 mavit,
811 1871 1166 1928 Laurentium
1185 1882 1319 1925 vero
1348 1867 1404 1922 in
1426 1864 1647 1922 civitate
1673 1860 1946 1918 Nucerina
1971 1860 2184 1932 episco-

588 1984 720 2038 pum
765 1965 934 2032 locari
974 1961 1238 2036 precepit.
1274 1959 1380 2027 Qui
1428 1967 1613 2014 tamen
1637 1955 1790 2012 nullo
1817 1962 1978 2025 pacto
2024 1953 2183 2024 quie-

589 2075 769 2128 secus,
810 2058 902 2115 sed
925 2057 1230 2114 sediciones
1255 2066 1631 2118 commovens,
1668 2065 1700 2104 a
1731 2046 2060 2120 Symmacho
2088 2045 2183 2102 de-

591 2152 815 2221 ponitur
847 2152 904 2205 et
934 2149 989 2204 in
1020 2147 1245 2203 exilium
1275 2142 1603 2200 Dalmatiam
1627 2140 1882 2197 mittitur.
1911 2143 1930 2162 ·

738 2248 751 2264 ·
783 2241 860 2296 D?
1009 2239 1136 2364 (ὶάά.
1165 2237 1274 2295 Pro
1305 2236 1466 2308 cujus
1505 2264 1575 2276 -—
1596 2233 1828 2291 excelsis
1878 2231 2177 2290 decantari.

803 2329 867 2367 ex
938 2328 1019 2367 τηε
1061 2351 1072 2364 .

803 2329 867 2367 ex
897 2328 1072 2383 urgeo.

666 2403 866 2460 Eodem
914 2413 1158 2474 tempore
1206 2397 1644 2466 Trasamundus,
1694 2396 1959 2454 Geiserici
2012 2395 2177 2464 ﬁlius,

589 2498 686 2569 qui
711 2498 828 2569 jam
857 2511 1021 2568 super
1055 2493 1356 2549 Wandalos
1387 2490 1653 2563 regnavit,
1683 2498 1906 2546 secutus
1933 2488 2107 2560 patris
2127 2497 2182 2543 et

587 2591 778 2648 fratris
806 2589 1111 2662 perﬁdiam,
1141 2587 1422 2645 tecclesias
1472 2586 1567 2643 Dei
1596 2585 1815 2652 clausit,
1846 2592 1902 2640 et
1929 2582 2037 2639 220
2063 2583 2180 2654 epi—

589 2699 787 2756 scopos
826 2684 880 2738 in
925 2681 1236 2738 Sardiniam
1272 2679 1536 2747 exiliavit,
1566 2677 1769 2749 quibus
1797 2676 1990 2733 beatus
2020 2675 2180 2747 Sym-

587 2781 820 2837 machus
849 2793 987 2849 papa
1015 2775 1316 2832 cottidiana
1346 2773 1594 2831 subsidia
1623 2769 1977 2827 ministravit.

658 2872 804 2928 lnter
831 2871 933 2926 has
961 2877 1315 2941 tempestates
1341 2866 1537 2924 beatus
1553 2863 1870 2937 Fulgentius
1887 2861 2180 2934 episcopus

590 2965 645 3019 in
677 2961 1026 3019 confessione
1061 2960 1186 3017 ﬁdei
1214 2968 1270 3016 et
1295 2958 1525 3015 scientia
1551 2955 1769 3013 claruit.

659 3054 757 3111 llis
801 3054 936 3125 ipsis
972 3053 1168 3110 diebus
1205 3051 1351 3122 apud
1417 3047 1662 3106 Africam
1719 3047 1852 3103 dum
1910 3045 2178 3103 Arrianus

585 3148 842 3218 quidam,
872 3146 1143 3218 Olimpius
1187 3144 1440 3210 nomine,
1489 3142 1546 3197 in
1583 3141 1780 3197 balneo
1828 3139 2102 3194 lavaretur
2127 3147 2184 3194 et

587 3239 809 3309 indigna
840 3238 1091 3308 quaedam
1119 3245 1174 3291 et
1194 3234 1513 3304 blasphema
1541 3232 1706 3287 verba
1734 3231 1802 3286 de
1824 3239 2032 3287 sanctae
2061 3228 2183 3284 Tri-

588 3330 777 3386 nitatis
803 3329 907 3384 ﬁde
932 3329 1271 3400 loqueretur,
1295 3324 1476 3380 subito
1505 3323 1699 3395 igneus
1723 3321 1938 3392 gladius
1961 3320 2030 3376 de
2051 3321 2184 3376 caelo

586 3425 737 3482 venit
757 3439 996 3494 eumque
1023 3419 1317 3493 percussit.
1355 3416 1646 3473 Deuterius
1674 3424 1858 3471 autem
1893 3413 2184 3485 episcopus

586 3519 950 3574 Arrianorum
1014 3513 1296 3585 baptizans
1343 3510 1619 3582 quendam
1687 3508 1920 3564 Bizantii
1961 3507 2185 3563 nomine

589 3611 857 3678 Barbam,
883 3609 1015 3664 dum
1046 3614 1240 3662 contra
1267 3603 1514 3676 regulam
1548 3601 1674 3658 ﬁdei
1705 3601 1973 3657 minorem
2023 3598 2186 3656 Patre

586 3703 787 3760 Filium
816 3711 870 3757 et
900 3701 1165 3773 Spiritum
1201 3706 1453 3756 sanctum
1477 3710 1752 3763 asserens,
1781 3695 1988 3751 diceret
2021 3709 2035 3747 :
2072 3693 2185 3748 Ba-

589 3796 758 3866 ptizo,
790 3805 872 3860 te,
905 3793 1134 3860 Barbas,
1165 3793 1222 3846 in
1274 3790 1485 3846 nomine
1540 3787 1725 3844 Patris
1753 3803 1846 3859 per
1889 3785 2096 3842 Filium
2126 3786 2184 3840 in

590 3889 799 3961 Spiritu
820 3897 1024 3956 sancto,
1056 3887 1239 3944 subito
1261 3901 1426 3956 aqua,
1450 3884 1504 3939 in
1535 3898 1644 3955 qua
1666 3881 1946 3954 baptizare
1971 3881 2180 3948 debuit,

589 3996 865 4053 nusquam
898 3978 1228 4050 comparuit.
1261 3975 1419 4044 Quod
1463 3974 1657 4032 videns
1697 3973 1794 4046 qui
1821 3972 2184 4044 baptizandus

586 4082 730 4142 erat,
761 4072 1053 4130 confestim
1107 4071 1175 4128 ad
1203 4068 1509 4127 aecclesiam
1538 4067 1868 4124 catholicam
1921 4079 2185 4137 propera-

585 4168 684 4234 vit,
715 4176 771 4222 et
805 4167 966 4239 juxta
997 4179 1206 4220 morem
1235 4168 1398 4219 rectae
1426 4161 1552 4217 ﬁdei
1581 4159 1917 4231 baptismum
1947 4157 2178 4228 accepit.

656 4258 879 4315 Hisdem
910 4257 1248 4329 temporibus
1299 4255 1671 4312 Alamundaro
1705 4253 1952 4325 principe
1991 4251 2184 4308 Sarra-

591 4367 857 4408 cenorum
889 4351 1187 4423 baptizato,
1236 4355 1504 4404 venerunt
1532 4347 1599 4402 ad
1628 4361 1756 4402 eum
1785 4344 1896 4400 duo
1940 4343 2182 4414 episcopi

2284 1850 2429 1907 ﬁlius
2454 1849 2739 1919 Geiserici,
2763 1850 3068 1908 catholicas
3091 1849 3366 1908 aeeclesias
3399 1849 3578 1917 clausit,
3599 1860 3647 1920 _et
3675 1849 3734 1904 220

2283 1945 2571 2016 episcopos
2593 1944 2646 1998 in
2669 1943 2896 2000 exilium
2926 1942 3099 2000 misit.

2353 2034 2442 2090 12.
2474 2034 2540 2089 Α.
2581 2033 2645 2090 D.
2691 2033 2820 2092 503.
2883 2034 3118 2092 Boecius
3177 2034 3368 2091 consul
3411 2032 3564 2090 Romae
3593 2032 3733 2105 plurim:

2284 2125 2485 2198 ingenii
2512 2126 2598 2183 sui
2629 2127 2968 2184 monimenta
2991 2126 3288 2184 scribendo
3307 2126 3521 2196 reliquit.

2357 2219 2444 2274 14.
2483 2217 2549 2274 Α.
2601 2217 2666 2274 ι).
2711 2217 2839 2276 505.
2898 2217 3277 2275 Theodericus
3329 2217 3532 2274 Romam
3569 2216 3680 2282 venit,
3705 2226 3734 2270 et

2282 2311 2454 2367 multa
2477 2311 2724 2367 miranda
2749 2309 2980 2368 aediﬁcia
3007 2311 3065 2366 in
3099 2326 3164 2367 ea
3191 2311 3502 2367 construxit.

2355 2407 2444 2462 l5.
2477 2406 2550 2460 Α.
2591 2404 2655 2461 D.
2688 2403 2816 2461 506.
2852 2402 3150 2462 Hormisda
3195 2419 3337 2476 papa
3360 2403 3475 2460 5t“!
3514 2400 3619 2459 sedit
3642 2397 3733 2454 annis

2283 2499 2338 2567 9,
2374 2497 2718 2568 decessitque
2751 2495 2786 2552 8
2820 2494 2949 2554 ldus
2987 2495 3247 2568 Augusti.

2353 2589 2446 2646 20.
2489 2591 2556 2645 A.
2590 2588 2656 2644 D.
2686 2589 2814 2646 511.
2851 2591 2869 2612 ⁸

2428 2711 2445 2729 ’
2473 2705 2507 2762 5
2526 2735 2599 2745 -
2623 2705 2713 2760 11.
2768 2704 2900 2759 add.
2931 2719 2950 2758 :
2999 2701 3281 2760 Genovefa
3335 2701 3474 2772 virgo
3495 2694 3734 2772 WParisi‘essis

2497 2776 2849 2848 octogenaria
2875 2774 3133 2848 migravit
3161 2774 3236 2830 ad
3259 2765 3541 2829 Deum“.
3565 2785 3610 2824 ex

2353 2871 2444 2927 2|.
2485 2871 2551 2926 A.
2599 2867 2664 2925 D.
2716 2868 2824 2926 512
2861 2872 2878 2892 ⁸

2423 2963 2505 3019 D?
2531 2962 2593 3019 E.
2630 2963 2760 3018 uad.
2781 2979 2800 3017 :
2824 2959 3102 3020 Genovel'a
3122 2977 3178 3018 v.
3207 2959 3270 3017 P.
3297 2975 3351 3018 ο.
3377 2957 3547 3017 transit
3559 2953 3611 3013 ad
3629 2950 3734 3009 limi

2492 3051 2646 3090 num.
2679 3050 2746 3090 ea:
2781 3033 2958 3107 Sigeb.

2353 3127 2446 3182 22.
2478 3127 2546 3182 A.
2595 3126 2659 3184 1).
2710 3128 2836 3184 515.
2876 3126 3187 3184 Clodoveus
3235 3143 3332 3184 rex
3364 3125 3502 3193 obiit,
3535 3120 3734 3189 retioqu

2283 3229 2522 3293 quatuor
2548 3219 2690 3276 ﬁlios
2729 3220 2958 3277 heredes
2977 3219 3132 3293 regni
3157 3217 3258 3292 (cf.
3292 3217 3356 3274 G.
3395 3216 3520 3288 Fr.).

2351 3315 2443 3371 ea.
2485 3314 2552 3370 A.
2580 3313 2644 3369 D.
2683 3314 2810 3370 5M.
2848 3291 3173 3382 Lotharius,
3199 3312 3449 3371 Clodovei
3472 3311 3603 3374 ﬁlius,
3622 3316 3736 3376 trgu-

2281 3406 2362 3462 vit
2395 3405 2557 3462 annis
2584 3405 2673 3461 51.

2352 3499 2444 3554 24.
2489 3499 2553 3554 Α.
2579 3497 2644 3554 D.
2684 3497 2810 3556 515.
2849 3497 3128 3555 Johannes
3148 3513 3292 3569 papa
3313 3497 3433 3553 35“
3464 3492 3578 3550 sedit
3593 3484 3734 3544 innisi.

2283 3606 2462 3647 mens.
2495 3591 2549 3646 9.
2577 3595 2594 3612 ⁹

2430 3706 2444 3726 ⁸
2485 3701 2562 3758 D?
2610 3702 2672 3775 E.
2703 3703 2885 3775 addL:
2912 3701 3030 3775 Rex
3079 3695 3737 3775 Sigismundus-sanitamm

2497 3774 2704 3846 gratia;
2723 3791 2788 3828 ea:
2818 3772 2996 3846 Sigeb.

2355 3867 2446 3923 25.
2508 3864 2659 3937 (Chr.
2714 3865 2830 3938 W.)
2867 3866 2935 3920 A.
2977 3865 3043 3920 D.
3091 3865 3220 3922 5-16.
3287 3861 3607 3920 Theodericus
3641 3851 3739 3906 lilia:

2284 3973 2441 4024 suam
2470 3957 2920 4015 Amalasuindam
2943 3958 3091 4014 dedit
3124 3957 3438 4014 Eutharico.

2350 4050 2442 4105 27.
2486 4048 2552 4105 A.
2595 4049 2660 4105 ι).
2708 4029 2861 4106 5ιεῖ
2878 4049 3030 4106 Felix
3077 4064 3218 4120 papa
3257 4048 3381 4104 seu:
3425 4043 3546 4102 sedit
3577 4032 3738 4093 ειηιιίςι,

2284 4142 2504 4198 transiit
2532 4143 2594 4198 11
2622 4140 2742 4197 Kal.
2774 4139 2898 4198 Jan.

2357 4233 2456 4307 (Ηο
2497 4250 2570 4289 ηι-
2602 4243 2658 4290 et
2703 4232 2886 4305 Jonn.)
2933 4233 3094 4288 Anno
3147 4229 3436 4288 dominicae
3474 4212 3740 4281 incarnationis

2285 4327 2444 4394 519°,
2476 4325 2641 4383 Urbis
2663 4326 2897 4382 condita:
2935 4325 3229 4380 millesimo
3264 4323 3420 4390 270°,
3455 4315 3662 4374 Justinus,
3690 4320 3738 4373 ετ·

584 4444 826 4511 Arriani,
861 4443 1155 4499 suadentes
1177 4440 1251 4510 ei,
1277 4449 1341 4496 ut
1365 4455 1480 4497 suae
1509 4447 1670 4496 sectae
1697 4437 2053 4494 consentiret.
2077 4435 2182 4502 Qui

2286 4434 2418 4476 nere
2465 4418 2734 4491 lllyricus,
2759 4417 2847 4474 vir
2875 4417 3183 4474 catholicus
3227 4425 3285 4472 et
3312 4413 3485 4470 senior
3516 4406 3743 4497 multisnil"

585 4538 656 4594 ab
681 4535 1003 4592 orthodoxis
1050 4534 1364 4605 baptizatus
1391 4542 1446 4588 et
1486 4533 1812 4596 instructus,
1859 4527 2190 4585 memorabi-

583 4627 708 4682 liter
738 4641 836 4682 eos
885 4623 1164 4696 redarguit
1209 4621 1591 4695 hujuscemodi
1621 4619 1826 4676 fabula.
1871 4618 1963 4674 Ait
1990 4619 2137 4674 enim
2173 4638 2186 4673 :

2288 4488 2745 4583 peritum—eomes
2769 4509 3170 4575 excubitorum,
3211 4523 3245 4562 a
3281 4502 3529 4562 militibus
3557 4488 3742 4590 ρπιῧεξεπε

2287 4606 2356 4661 ad
2380 4614 2653 4671 senatum,
2681 4603 2778 4658 52°
2809 4603 2931 4658 loco
2955 4602 3026 4657 ab
3057 4601 3330 4672 Augusto,
3359 4605 3559 4655 senatus
3579 4587 3744 4644 dedit“

583 4674 836 4774 Lilia;
870 4674 1787 4788 hie/taliet
1841 4710 2189 4782 archangelus
2288 4697 2499 4769 accepit
2539 4697 2851 4768 imperium,
2905 4692 3262 4788 regnavitque
3306 4689 3461 4788 annis
3501 4685 3547 4741 8.

583 4820 824 4864 mortuus
847 4819 944 4864 est.
981 4772 1094 4866 illis
1125 4772 1274 4864 vero,
1299 4772 1610 4864 dicentibus
1635 4846 1652 4874 ,
1702 4804 1810 4860 hoc
1850 4772 2191 4874 impossibile
2287 4791 2359 4850 0b
2389 4806 2616 4848 causam
2642 4786 3077 4860 redintegrandaa
3120 4785 3246 4842 ﬁdei
3290 4784 3514 4841 directus
3542 4791 3567 4830 a
3588 4772 3744 4874 Rom?"

584 4893 722 4969 fore,
775 4902 851 4956 ait
887 4900 1180 4972 princeps:
1216 4897 1287 4953 Et
1316 4898 1578 4971 quomodo
1616 4897 1864 4954 Christus
1894 4895 2182 4950 secundum

584 5008 670 5047 vos
694 4993 838 5048 vivus
859 4994 1147 5065 cruciﬁxus
1171 5001 1272 5060 est,
1305 4992 1413 5046 nisi
1439 5000 1755 5046 naturarum
1775 4997 1907 5043 esset
1929 4987 2178 5054 duarum,

583 5087 796 5156 quando
826 5087 1037 5156 quidem
1067 5103 1160 5141 nec
1181 5085 1399 5158 angelus
1433 5091 1672 5138 mortuus
1701 5090 1778 5136 est
1796 5082 1822 5136 ?
1848 5079 1915 5136 Et
1944 5080 2016 5135 ita
2053 5094 2180 5134 cum

585 5176 912 5233 confusione
960 5187 1306 5234 recesserunt
1360 5176 1623 5247 episcopi.
1676 5173 1854 5244 Hujus
1903 5172 2181 5228 Anastasii

587 5267 927 5338 temporibus
952 5269 1255 5326 Clodoveus
1298 5270 1354 5324 in
1389 5267 1622 5324 Francia
1674 5266 1945 5338 regnavit,
1995 5266 2087 5335 qui
2126 5273 2183 5320 et

581 5362 864 5416 Alaricum
903 5377 1084 5432 regem
1127 5362 1430 5418 Gothorum
1470 5359 1763 5427 interfecit,
1793 5368 1847 5414 et.
1889 5358 1958 5414 ab
1987 5358 2175 5414 eodem

580 5452 878 5508 Anastasio
923 5453 1179 5523 epistolas
1232 5469 1332 5524 pro
1383 5454 1705 5509 consulatus
1773 5449 2036 5523 dignitate
2082 5464 2176 5504 ac-

581 5544 725 5613 cepit
764 5542 866 5633 (cf.
903 5541 1061 5597 Gesta
1090 5541 1335 5615 Franc.).
1372 5543 1468 5614 (II.
1509 5543 1606 5622 in.)
1639 5540 1965 5596 Anastasius
1992 5540 2176 5609 itaque

2285 4884 2504 4957 presule
2555 4883 2640 4938 vir
2695 4853 2982 4938 sanctitate
3037 4878 3336 4950 precipuus
3392 4873 3656 4931 Germanus.
3685 4853 3741 4908 Cr

2284 4992 2480 5050 puanm
2507 4975 2660 5032 urbis
2688 4975 3002 5046 episcopus,
3031 4972 3195 5044 digne
3244 4971 3316 5026 ab
3351 4984 3414 5026 eo
3441 4974 3514 5022 est
3540 4959 3744 5022 πατρίων

2283 5071 2695 5140 multorumque
2716 5067 2885 5124 corda
2920 5066 3088 5122 dubia
3125 5065 3180 5121 in
3211 5063 3318 5120 ﬁde
3349 5054 3586 5118 solidarit.

2353 5163 2434 5220 Eo
2475 5129 2722 5233 tempore
2758 5169 2976 5217 mortuo
3019 5158 3162 5230 apud
3204 5155 3440 5211 Africam
3483 5129 3743 5233 Τηωωυξδθ

2285 5272 2412 5328 rege
2443 5221 2862 5319 Wandalorum,
2895 5221 3220 5316 llildericus,
3272 5248 3413 5303 ﬁlius
3460 5241 3561 5312 ejus
3595 5247 3645 5289 ct

2282 5324 2445 5406 dexia
2487 5348 2700 5419 captiva
2729 5345 3097 5402 Valentiniani
3140 5343 3272 5409 ﬁlia,
3311 5350 3521 5410 regnum
3558 5324 3740 5387 suscepi“

2283 5443 2377 5514 qui
2399 5457 2509 5498 non
2540 5449 2750 5513 patrem
2780 5453 3052 5508 avumque
3076 5436 3358 5498 Arrianos,
3383 5429 3468 5486 sed
3499 5427 3670 5514 mille

2285 5491 2377 5514 ’γη
2399 5491 2509 5498 --τν-
2540 5491 2651 5513 ι-πη
2669 5491 2750 5496 --ς-
2782 5491 2833 5494 ην
2857 5491 3000 5508 (n-1,
3031 5491 3044 5493 ,
3159 5491 3168 5492 7
3347 5491 3356 5498 1
3719 5493 3724 5498 ⁵

2285 5533 2546 5589 tholicam
2607 5538 2849 5596 secutus,
2906 5535 3070 5582 recta:
3119 5525 3243 5582 ﬁdei
3295 5521 3459 5578 cultor
3503 5506 3653 5568 extitit.
3689 5491 3741 5548 llic

1904 5649 2138 5707 VARIE
2165 5645 2569 5704 LECTIONES.

661 5750 752 5783 ¹⁰⁰⁶
779 5749 904 5806 495.
941 5751 992 5804 5.
1027 5750 1102 5804 9'.
1139 5750 1224 5803 11.
1252 5749 1395 5812 ,492
1431 5747 1730 5822 corr._495.
1766 5746 1852 5803 10.
1934 5746 2025 5777 ¹⁰⁰⁷
2053 5741 2454 5816 dominum_9".
