3880 6308
113 345 189 400 78!
966 345 1336 406 CllRONlCA.
1376 378 1445 386 —
1480 339 1874 402 CllRONlCON
1914 338 2371 399 UNIVERSALE.

3263 336 3361 397 782

111 459 369 514 uiiiversos
393 456 678 531 episcopos
704 459 799 531 qui
825 459 878 514 in
901 461 1068 517 exilio
1092 472 1250 518 erant
1275 462 1487 535 regredi
1514 461 1662 529 fecit,
1694 465 1734 523 Α
1766 477 1824 517 se
1864 461 1917 514 in
1949 460 2206 516 omnibus
2231 457 2505 513 auxiliari.
2551 456 2753 512 Eodem
2801 471 2946 512 anno
2995 457 3208 514 adhesit
3247 457 3349 514 Ro-

105 552 274 622 eisque
311 551 584 609 mlesias
624 551 925 609 reformare
963 556 1239 627 prmepit,
1265 571 1389 626 quae
1412 571 1443 611 a
1473 555 1664 611 Ceise-

107 644 206 700 rice
233 659 402 716 usque
456 644 524 700 ad
585 643 923 703 Hildericum
963 663 1062 721 per
1110 649 1179 704 70
1220 665 1402 706 annos
1449 647 1668 705 fuerant

105 739 394 794 destructae.
1173 799 1183 808 _

158 827 396 886 Justinus
431 846 651 902 (pioque
679 841 946 904 angustus
975 843 1129 890 sexto
1149 834 1368 906 imperii
1409 833 1494 889 sui
1521 848 1667 890 anno

107 935 189 990 pm
219 920 409 976 ardere
426 923 714 978 catholica:
743 923 867 978 fidei
894 925 1207 980 deccrtabat
1244 925 1514 980 hereticos
1553 924 1668 980 dis—

106 1012 285 1082 sipare,
342 1013 690 1084 precepitque
745 1024 806 1069 ut
855 1015 1064 1086 ubique
1118 1015 1338 1070 illorum
1389 1016 1668 1071 ecclesias

103 1103 330 1160 catholici
355 1105 598 1177 episcopi
621 1117 1028 1162 consecrarent.
1052 1105 1209 1174 Quod
1235 1106 1470 1163 audiens
1495 1106 1669 1164 Theo-

103 1198 313 1266 dericus,
342 1199 438 1270 qui
474 1207 531 1255 et
557 1196 673 1270 ipse
721 1199 824 1256 fuit
850 1201 1139 1268 Arrianus,
1183 1201 1334 1258 misit
1359 1200 1666 1257 Iohannem

105 1300 215 1347 tunc
240 1291 499 1363 temporis
514 1308 720 1364 papam
747 1293 815 1350 ad
855 1292 1158 1362 Iustinum,
1186 1303 1248 1350 ut
1288 1303 1384 1349 aut
1411 1294 1668 1350 hereticis

103 1383 348 1440 ecclesias
377 1400 508 1440 suas
538 1386 792 1442 redderet
835 1386 962 1454 ¹⁰⁰⁶,
993 1395 1090 1443 aut
1117 1387 1233 1458 ipse
1279 1387 1451 1443 totius
1501 1385 1669 1443 Italia

104 1476 336 1546 populum
365 1476 547 1549 gladio
580 1475 789 1533 feriret.
836 1477 960 1545 Quo
999 1478 1254 1546 abeunte,
1303 1478 1420 1551 ipse
1447 1477 1668 1534 interim

105 1567 468 1640 Symmachum
504 1570 797 1641 patricium
835 1578 892 1626 et
918 1570 1172 1627 Boetium
1199 1581 1512 1628 senatorem
1554 1571 1670 1642 gla-

103 1660 178 1715 dio
203 1661 444 1732 peremit,
487 1663 919 1735 redeuntemque
963 1679 1160 1735 papam
1199 1663 1344 1721 fame
1373 1662 1664 1721 interfecit.

104 1750 234 1808 unde
275 1753 476 1810 divinae
503 1754 598 1788 *σου
641 1755 852 1826 judicio
899 1756 1153 1813 vindictae
1199 1757 1301 1814 99°
1355 1736 1554 1813 dehinc
1579 1756 1670 1812 die

1768 551 1949 608 mauis
1995 551 2195 607 mulier
2255 551 2505 622 qumdam
2546 566 2614 606 ex
2653 548 2847 618 Hunis,
2900 551 3098 619 vidua,
3153 553 3358 608 habens

1768 660 1955 702 secum
1985 643 2270 700 l-lunorum
2311 653 2530 700 centum
2570 643 2741 698 milia.
2772 643 2928 700 Tunc
2953 651 3010 700 et
3038 660 3133 700 rex
3173 642 3358 700 Huno-

1767 752 1913 803 rum,
1941 737 2035 808 qui
2075 745 2207 792 sunt
2249 736 2409 807 juxta
2457 736 2824 807 Bosphorum,
2878 735 3102 792 nomine
3153 735 3360 805 Corda,

1768 828 2004 884 accessit
2028 827 2100 883 ad
2123 828 2528 900 imperatorem,
2559 836 2614 884 et
2643 827 2822 886 factus
2869 829 2962 862 ¹⁰¹⁸
3002 829 3360 898 christianos,

1768 929 2059 992 susceptus
2098 930 2185 977 est
2211 921 2282 978 ab
2310 937 2398 990 eo,
2437 923 2822 995 multisque‘ei
2854 923 2947 958 ¹⁶¹⁶
2977 924 3224 996 prestitis
3263 925 3362 981 do-

1768 1013 1876 1082 nis,
1899 1015 2052 1070 misit
2075 1029 2201 1069 eum
2229 1015 2287 1070 in
2318 1016 2598 1087 regionem
2646 1015 2820 1088 ipsius
2863 1017 2931 1073 ad
2957 1015 3238 1080 Romanas
3272 1032 3364 1074 res

1769 1105 2156 1162 custodiendas
2185 1113 2241 1162 et
2276 1105 2620 1178 Bosphorum
2665 1109 2965 1177 civitatem,
3008 1125 3134 1181 quae
3161 1125 3263 1182 pro
3296 1126 3364 1166 eo

1769 1194 2086 1268 Bosphorus
2115 1207 2202 1254 est
2243 1197 2410 1265 dicta,
2446 1200 2594 1273 quod
2651 1199 2920 1257 Romanis
2963 1217 3062 1272 per
3109 1202 3362 1275 singulos

1769 1304 1944 1345 annos
1984 1289 2154 1346 boves
2188 1306 2290 1362 pro
2332 1291 2581 1362 pecuniis
2609 1290 2894 1349 inferebat.
2939 1290 3238 1350 Renovavit
3270 1294 3362 1326 ¹⁰¹⁷

1770 1380 2066 1451 imperator
2090 1382 2260 1453 leges,
2302 1381 2512 1438 faciens
2540 1383 2783 1439 codicem
2822 1384 3156 1456 singularem
3185 1395 3241 1442 et
3275 1403 3367 1442 vo-

1768 1486 1904 1528 cans
1961 1487 2088 1528 eum
2147 1473 2392 1530 novellas
2441 1475 2882 1533 constitutiones.
2941 1477 3148 1534 Eodem
3214 1495 3363 1535 anno

1769 1582 1932 1638 passa
1967 1576 2052 1624 est
2088 1567 2380 1624 Antiochia
2409 1578 2738 1626 terremotus
2784 1585 3018 1642 magnos
3063 1579 3118 1627 et
3151 1579 3363 1643 tempe-

1770 1666 1958 1726 states,
1986 1669 2041 1716 ct
2075 1658 2346 1715 faciebant
2372 1661 2622 1718 laetanias
2650 1676 2846 1718 omnes
2875 1661 3208 1730 discalciati,
3240 1664 3359 1719 cla-

1770 1765 1984 1812 mantes
2013 1755 2168 1828 kyrie
2205 1756 2450 1828 eleyson.
2484 1756 2753 1828 Apparuit
2782 1765 2967 1812 autem
3007 1757 3061 1812 in
3091 1757 3214 1813 visu
3245 1758 3366 1813 cui-

103 1845 358 1901 suhitanea
389 1855 572 1904 morte
629 1847 856 1904 interiit.
920 1847 1172 1906 Iustinus
1225 1865 1355 1905 vero
1401 1857 1670 1922 angustus
1703 1833 1746 1892 Β
1773 1848 2021 1906 damDei
2053 1847 2270 1916 cultori,
2310 1856 2372 1903 ut
2399 1848 2606 1905 diceret
2633 1849 2913 1916 omnibus,
2961 1846 3110 1919 quod
3151 1847 3364 1904 scribe-

103 1951 207 1990 cum
239 1936 350 2006 jam
380 1947 582 1995 octavo
609 1954 756 1996 anno
783 1941 1127 2012 augustalem
1163 1941 1482 2014 dignitatem
1515 1949 1668 1997 tene-

104 2036 186 2094 ret,
213 2045 391 2086 mense
419 2030 618 2102 Aprili,
663 2031 962 2090 indictione
988 2044 1206 2106 quarta,
1239 2043 1504 2106 aegrotare
1531 2034 1670 2089 inci-

103 2122 250 2191 piens,
286 2125 560 2194 provexit,
608 2125 741 2181 dum
785 2126 966 2182 adhuc
1015 2127 1242 2195 viveret,
1270 2127 1329 2182 in
1378 2126 1666 2198 imperium

103 2212 467 2284 Iustinianum,
519 2217 729 2274 sororis
782 2234 896 2275 sua:
950 2218 1147 2286 ﬁlium,
1176 2219 1273 2290 qui
1313 2227 1368 2274 et
1423 2219 1668 2290 coimpe-

105 2306 219 2361 ravit
241 2307 328 2340 ¹⁶¹⁰
351 2308 401 2364 ei
426 2309 716 2366 mensibus
739 2318 1005 2382 quatuor;
1041 2326 1234 2367 mense
1259 2326 1390 2367 vero
1420 2310 1670 2382 Augusto

106 2395 197 2466 ipse
208 2401 339 2470 apud
368 2399 909 2476 Constantinopolim
934 2403 1099 2462 rebus
1124 2403 1359 2462 excessit
1386 2405 1666 2461 humanis.

105 2513 224 2570 Anni
249 2515 474 2574 Iustini.

163 2628 207 2683 1.
247 2628 452 2704 (Icum)
494 2629 594 2689 llic
635 2649 781 2689 anno
827 2635 982 2707 regni
1013 2635 1096 2693 sui
1133 2635 1313 2708 primo
1351 2636 1670 2694 Amantium

108 2723 412 2792 prepositum
445 2725 638 2797 palatii
663 2735 721 2784 et
756 2727 900 2786 alios
931 2744 1100 2802 regno
1139 2745 1242 2786 suo
1281 2729 1557 2788 inhiantes
1587 2731 1672 2786 in-

109 2815 307 2874 terfecit.
461 2821 467 2827 ’

161 2907 212 3008 4.
240 2909 301 3053 A2.
356 2910 422 2967 D.
471 2909 600 2967 522.
655 2912 742 2945 ¹⁰¹¹
783 2911 1101 2970 Bonifacius
1153 2929 1294 2988 papa
1351 2913 1499 2984 57“,
1530 2913 1674 2970 sedit

161 3013 242 3052 nis
305 3040 320 3053 .

104 3008 242 3052 annis
265 3008 320 3054 2.

162 3084 208 3141 6.
243 3091 304 3144 Λ.
331 3089 393 3146 D.
437 3091 1672 3168 524.Iohannes,quietMercurius,papaum

107 3175 212 3232 58'"
239 3182 373 3238 sedit
391 3185 563 3240 annis
608 3185 664 3254 2,
713 3187 1058 3260 decessitque
1109 3190 1143 3244 5
1183 3187 1302 3244 Kal.
1350 3187 1520 3244 Junii.
1573 3187 1744 3260 llicc

108 3269 284 3328 missus
325 3273 867 3350 Constantinopolim
911 3281 981 3337 ad
1026 3279 1304 3337 Iustinum
1347 3297 1378 3337 a
1426 3281 1674 3338 Theode—

65 3357 76 3376 ‘
109 3359 223 3428 rico,
249 3380 368 3422 cum
398 3369 650 3426 venisset
676 3371 744 3426 ad
765 3381 982 3442 portam
1021 3388 1268 3442 auream,
1307 3389 1512 3430 caecum
1549 3374 1674 3430 illu-

109 3452 308 3514 minavit
341 3459 439 3531 (cf.
475 3460 708 3534 Βεωπ).

166 3545 210 3601 7.
243 3549 304 3606 A.
338 3552 399 3609 ο.
445 3555 578 3611 525.
629 3554 1002 3615 Theodericus
1046 3573 1143 3615 rex
1194 3558 1288 3592 ¹⁰¹³
1327 3560 1585 3617 Boecium
1619 3571 1676 3618 ct

108 3632 480 3726 Symmachum
523 3647 703 3720 gladio
749 3651 1064 3718 trucidavit,
1118 3649 1424 3708 Iohannem
1474 3669 1672 3726 papam

106 3724 228 3788 fame
254 3734 306 3792 in
334 3753 566 3796 carcere
638 3742 873 3811 necavit,
919 3743 1146 3814 ipseque
1182 3742 1275 3800 99°
1335 3743 1423 3801 die
1469 3724 1676 3802 interiit

105 3834 210 3890 post
235 3827 368 3887 haec.

161 3916 210 3972 8.
251 3923 396 3995 (Chr.
431 3923 555 3997 W.)
591 3925 657 3980 Α.
709 3925 772 3982 D.
833 3926 959 3982 526.
1012 3925 1264 3984 Iustinus
1301 3926 1674 3986 Iustinianum

104 4017 234 4087 regni
257 4026 576 4075 consortem
607 4026 662 4074 et
689 4033 1066 4076 successorem
1089 4019 1317 4088 faciens,
1344 4019 1501 4076 obiit.
1533 4020 1676 4093 Aga-

103 4109 340 4176 pitus""
367 4126 517 4183 papa
554 4110 682 4170 59'"
744 4111 886 4168 sedit
933 4126 1113 4169 annos
1159 4112 1368 4182 decem,
1431 4111 1567 4168 obiit
1608 4111 1676 4166 l0

103 4195 203 4254 Kal.
238 4199 360 4258 Mai.

160 4291 248 4363 (ll.
279 4294 378 4366 m.)
416 4294 586 4350 Anno
621 4294 693 4351 ab
729 4294 1108 4352 incarnatione
1149 4293 1365 4351 Domini
1402 4294 1552 4364 527°,
1604 4295 1674 4352 ab

104 4379 226 4440 Urbe
253 4387 481 4443 condita
514 4387 807 4445 millesimo
833 4388 985 4457 278°,
1022 4387 1388 4456 Iustinianus,
1418 4388 1563 4446 ﬁlius
1587 4404 1675 4445 so-

101 4477 224 4534 toris
249 4478 457 4537 Iustini
486 4481 854 4552 imperatoris,
884 4483 977 4538 55°
1013 4481 1135 4537 loco
1159 4481 1232 4537 ab
1261 4480 1532 4553 Augusto,
1570 4480 1676 4536 im-

1773 1951 1898 1999 rent
1946 1942 2003 1997 in
2046 1941 2564 2013 superliminaribus
2592 1942 2757 1998 suis:
2803 1939 3050 1998 Christus
3092 1941 3366 1995 nobiscum

1772 2045 1930 2090 state.
1961 2033 2089 2102 Quo
2106 2033 2276 2102 facto,
2307 2035 2459 2090 stetit
2491 2034 2571 2089 ira
2602 2031 2720 2090 Dei.

1842 2149 2053 2206 Interea
2074 2149 2442 2218 Athalaricus,
2465 2162 2637 2220 nepos
2657 2146 3000 2215 Theoderici,
3028 2162 3123 2202 rex
3162 2146 3369 2202 Gotho-

1772 2260 1926 2311 rum,
1950 2259 2076 2299 cum
2097 2243 2289 2314 paucis
2311 2243 2472 2299 annis
2511 2249 2785 2314 regnaret,
2843 2241 3139 2296 immatura
3185 2250 3367 2296 morte

1772 2333 2066 2407 proventus
2093 2343 2196 2390 est.
2227 2334 2401 2406 Cujus
2427 2343 2602 2390 mater
2630 2333 2988 2392 Amalsuinda
3020 2330 3366 2388 Theodatum

1772 2426 2167 2483 consobrinum
2217 2442 2378 2482 suum
2428 2425 2533 2483 sibi
2583 2424 2809 2482 asscivit
2850 2424 2905 2479 in
2961 2440 3213 2498 regnum.
3258 2422 3368 2479 Sed

1771 2528 1896 2590 post
1917 2519 2034 2575 dies
2059 2519 2268 2590 aliquot
2304 2519 2500 2586 isdem,
2545 2518 2835 2574 immemor
2863 2517 3048 2574 collati
3090 2516 3366 2584 beneficii,

1772 2625 1893 2666 eam
1925 2609 1983 2665 in
2009 2609 2205 2665 balneo
2250 2609 2582 2681 strangulari
2622 2608 2719 2641 κί’
2756 2608 3020 2680 precepit.
3067 2605 3207 2675 Quia
3235 2622 3369 2665 vero

1773 2701 1893 2774 ipsa
1936 2703 2068 2759 dum
2107 2703 2318 2758 viveret
2346 2717 2405 2759 se
2429 2697 2702 2773 suumque
2750 2701 2921 2756 lilium
2948 2699 3183 2772 principi
3215 2714 3368 2755 com-

1776 2796 2148 2863 mendaverat,
2205 2794 2392 2850 audita
2442 2794 2564 2866 ejus
2608 2802 2807 2858 morte,
2864 2793 3164 2864 imperator
3214 2793 3367 2862 gravi

1774 2887 2286 2943 exarsitiracundia
2310 2887 2364 2941 in
2389 2884 2751 2942 Theodatum.
2786 2883 2944 2953 Quod
2980 2884 3074 2941 ille
3097 2883 3366 2949 sentiens,

1775 2979 2065 3051 Agapitum
2097 2994 2292 3050 papam
2334 2979 2752 3036 intercessorem
2785 2977 2939 3033 misit
2969 2975 3366 3033 Constantino-

1776 3072 1964 3143 polim.
1991 3070 2095 3138 Qui
2117 3086 2244 3126 cum
2262 3070 2502 3126 venisset
2521 3078 2577 3125 et
2598 3069 2936 3140 colloquium
2969 3083 3096 3125 cum
3127 3068 3366 3138 impera-

1779 3170 1898 3216 tore
1938 3161 2140 3216 habere
2169 3160 2260 3193 ²⁶¹⁹
2287 3161 2568 3231 coepisset,
2598 3160 2805 3230 reperit
2841 3173 2970 3216 eum
3018 3159 3074 3214 in
3103 3156 3370 3214 Euticetis

1775 3252 1973 3324 dogma
2016 3253 2315 3308 corruisse.
2362 3253 2485 3319 Quo
2526 3253 2596 3308 ad
2641 3251 2768 3307 fidei
2811 3251 3055 3323 regulam
3086 3260 3367 3320 revocato,

1777 3344 1919 3400 idem
1948 3344 2214 3417 Agapitus
2261 3360 2402 3416 papa
2443 3345 2768 3400 Anthimum
2813 3341 3372 3416 ConstantinOpolita-

1775 3453 1907 3492 num
1937 3437 2289 3510 episcopum,
2317 3438 2412 3510 qui
2453 3437 2683 3494 eandem
2735 3437 2972 3494 heresim
3017 3435 3367 3504 defendebat,

1775 3530 1990 3601 publice
2017 3530 2274 3598 convicit,
2319 3546 2557 3602 eumque
2583 3530 2973 3587 communione
3010 3530 3267 3602 privavit,
3312 3539 3372 3586 et

1774 3634 1837 3680 ut
1862 3625 2097 3682 eundem
2131 3624 2356 3680 exilium
2393 3624 2654 3691 mitteret,
2705 3623 3026 3696 imperatori
3067 3623 3365 3694 persuasit.

1776 3717 1893 3774 Hoc
1922 3717 2089 3786 facto,
2125 3733 2237 3774 non
2275 3717 2450 3774 multo
2480 3726 2603 3788 post
2632 3716 2776 3773 idem
2809 3714 3058 3788 pontifex
3099 3715 3370 3789 Agapitus

1775 3812 1851 3868 ibi
1883 3811 1979 3844 ¹⁰²⁶
2006 3809 2303 3868 defunctus
2325 3819 2427 3866 est.

1844 3922 2054 3979 Interea
2116 3939 2242 3980 cum
2293 3924 2408 3995 jam
2471 3939 2570 3995 per
2623 3923 2826 3980 multos
2894 3937 3069 3978 annos
3114 3920 3371 3977 Wandali

1775 4013 2020 4070 Africam
2046 4022 2317 4082 tenerent,
2355 4013 2506 4070 misit
2530 4015 2830 4086 imperator
2861 4011 3174 4069 Bilisarium
3198 4011 3374 4084 patri-

1777 4107 1923 4166 cium
1947 4122 2072 4162 cum
2095 4106 2337 4162 exercitu
2364 4115 2555 4162 contra
2597 4121 2714 4162 eos.
2743 4105 2851 4174 Qui
2889 4105 3117 4160 veniens
3162 4104 3371 4160 tribus-

1776 4215 1885 4272 que
1910 4197 2214 4264 mensibus,
2241 4198 2296 4254 id
2329 4206 2414 4254 est
2455 4213 2486 4254 a
2531 4197 2791 4253 Kalendis
2829 4195 3169 4267 Septembris
3193 4211 3370 4266 usque

1775 4289 1845 4346 ad
1873 4276 2144 4344 Kalendas
2172 4287 2512 4354 Decembris,
2548 4301 2646 4342 eos
2675 4287 3024 4358 impugnans,
3067 4284 3256 4341 multis
3280 4299 3372 4341 oc-

1777 4382 1930 4450 cisis,
1962 4380 2182 4437 tandem
2214 4395 2310 4436 eos
2333 4379 2483 4448 vicit,
2516 4378 2868 4452 Kartaginem
2911 4377 3156 4446 intravit,
3182 4391 3367 4446 regem

1779 4473 2174 4530 Wandalorum
2207 4471 2564 4529 Celismerem
2603 4472 2789 4528 vivum
2832 4471 2996 4543 cepit,
3037 4483 3370 4540 omnemque

101 4570 288 4635 perium
342 4575 504 4630 solus
541 4574 800 4642 obtinuit,
849 4584 904 4630 et
941 4573 1013 4629 28
1047 4573 1208 4631 annis
1257 4573 1524 4645 regnavit.
1574 4571 1676 4628 llic
1706 4575 1752 4634 D
1776 4565 2040 4634 Africam,
2062 4575 2188 4637 post
2206 4566 2504 4639 nonaginta
2530 4581 2626 4623 sex
2646 4581 2822 4622 annos
2848 4581 2880 4621 a
2903 4561 3369 4633 Wandalicojure

100 4677 210 4718 mox
236 4675 292 4722 ut
315 4667 626 4740 imperialia
657 4668 783 4739 jura
810 4666 1071 4738 suscepit,
1107 4667 1176 4723 ad
1205 4667 1572 4737 reparandum
1594 4666 1675 4722 rei

99 4756 310 4823 publica:
333 4769 543 4816 statum
575 4761 820 4816 animum
843 4759 1098 4826 intendit,
1123 4774 1188 4814 ac
1215 4759 1452 4831 primum
1483 4757 1677 4815 Bilisa-

102 4846 226 4904 rium
257 4853 556 4922 patricium
589 4853 862 4923 ingentem
888 4853 1070 4908 virum
1099 4862 1291 4909 contra
1335 4851 1553 4920 Persas,
1580 4853 1676 4923 qui

101 4935 360 5000 Romanos
397 4945 536 5000 lines
562 4944 894 5011 invaserant,
933 4943 1152 5010 direxit,
1184 4944 1280 5014 qui
1316 4943 1384 4999 de
1414 4944 1521 4999 illis
1541 4943 1677 4998 viri-

97 5029 208 5088 liter
257 5036 638 5107 triumphavit.
678 5035 886 5092 lnterea
941 5051 1035 5092 rex
1085 5034 1442 5102 Hcrulorum,
1484 5034 1676 5092 Cretes

98 5125 323 5195 nomine,
373 5144 504 5184 cum
536 5129 737 5199 populo
774 5142 878 5184 suo
926 5127 1464 5198 Constantinopolim
1506 5125 1675 5193 venit,

99 5225 273 5281 petens
298 5231 360 5274 ut
391 5221 783 5290 lmptizaretur.
815 5218 988 5286 Quem
1021 5219 1076 5274 in
1105 5219 1412 5291 cpyphania
1442 5218 1680 5289 baptiza-

98 5315 199 5364 tum
242 5312 546 5384 imperator
577 5313 648 5370 de
697 5311 848 5369 fonte
890 5313 1149 5384 suscepit,
1190 5313 1596 5384 promittentem
1627 5311 1677 5367 ei

1777 4659 2096 4727 liberatam,
2127 4657 2378 4715 Romano
2399 4659 2628 4731 imperio
2664 4658 2916 4730 subjecit.
2950 4657 3154 4714 Deinde
3174 4664 3368 4712 contra

1780 4749 2122 4808 Theodatum
2145 4751 2373 4818 missus,
2404 4768 2530 4808 cum
2553 4751 2763 4808 veniret
2787 4751 3056 4818 Siciliam,
3083 4747 3370 4805 Theodatn

1781 4844 2089 4912 interfecto,
2127 4843 2352 4917 Witigis
2397 4860 2627 4916 regnum
2677 4843 2798 4915 ejus
2849 4843 3069 4910 invasit,
3095 4840 3192 4898 sed
3241 4855 3374 4896 eun-

1782 4939 1907 4993 dem
1930 4947 2150 5008 captum
2193 4936 2482 4992 Bilisarius
2513 4935 3052 5006 ConstantinOpolim
3087 4932 3369 5005 perduxit.

1785 5029 1868 5101 (P.
1902 5028 1966 5084 D.
1994 5047 2045 5097 ι,
2078 5028 2197 5100 25.)
2233 5027 2356 5084 Alia
2385 5043 2606 5099 quoque
2648 5028 2836 5098 praelia
2861 5028 3034 5082 multa
3063 5027 3207 5082 idem
3233 5024 3372 5082 Bili~

1785 5126 1968 5182 sarius
1997 5127 2089 5159 "“
2120 5123 2417 5190 commisit,
2449 5123 2762 5192 multasque
2783 5131 2974 5195 gentes
2994 5122 3251 5179 bellando
3274 5121 3372 5177 de-

1785 5217 1945 5284 vicit;
2006 5217 2151 5272 unde
2206 5223 2262 5271 et
2312 5223 2537 5287 propter
2593 5213 2796 5270 multas
2843 5215 3103 5270 victorias
3155 5214 3372 5270 diversa

1785 5309 2080 5384 agnomina
2122 5308 2344 5374 meruit,
2401 5307 2477 5361 ita
2513 5315 2573 5361 ut
2612 5315 2906 5363 vocaretur
2957 5307 3370 5370 Alamannicus,

1417 5490 1651 5549 VARUE
1692 5489 2090 5547 LECTIONES.

101 5695 111 5705 '
159 5627 249 5705 root
277 5628 508 5705 fatim-112A
529 5630 584 5683 in
619 5631 819 5705 cod._l.
859 5632 1095 5686 excisum
1123 5641 1220 5686 est.

235 5699 299 5772 εὑ
323 5698 532 5772 (1.520.
561 5731 633 5741 —-
660 5702 783 5756 527.
811 5719 1084 5756 numerum
1123 5703 1374 5772 majorem
1397 5701 1626 5756 exhibet.

94 5765 209 5820 525.
239 5766 300 5822 E.
383 5769 478 5800 “"
506 5770 544 5826 f.
566 5781 648 5829 est
671 5773 755 5830 9°.

97 5835 176 5868 ⁸³³⁸
201 5839 286 5892 hit
319 5840 494 5910 uergit
517 5843 564 5896 l.

1335 5630 1426 5662 ¹⁰⁰⁹
1454 5629 1640 5734 divino
1665 5629 1902 5734 viriditate
1930 5629 2014 5685 9°.
2121 5629 2210 5661 ⁸⁰¹⁰
2237 5645 2410 5734 comp:

1335 5718 1372 5734 η.
1400 5718 1461 5734 nm
1483 5702 1516 5734 ,ἓ
1537 5708 1606 5734 ιρι
1907 5716 2042 5734 ιηηησι
2072 5700 2163 5734 ηιιῖ
2187 5711 2236 5734 ιη
2267 5718 2318 5734 ιιι
2400 5705 2410 5734 ἷ

838 5719 1084 5756 mmerum
1123 5703 1374 5772 majorem
1397 5701 1626 5756 exhibet.
1714 5701 1804 5730 ¹⁰¹²
1837 5699 1874 5754 l.
1907 5716 2043 5770 papa
2071 5700 2164 5770 qui
2187 5711 2240 5756 ct
2267 5718 2340 5757 ιιι.
2365 5699 2431 5759 ⁷5.
2529 5705 2622 5737 ¹⁶¹³
2643 5706 2785 5760 deest
2810 5704 2850 5758 E
2879 5703 2928 5756 1.
2990 5702 3100 5768 ,⁸⁸⁸⁸
3136 5700 3263 5755 Ilaec
3289 5699 3366 5756 'a.

838 5775 1088 5828 “"deest
1108 5772 1150 5827 Ε
1173 5774 1223 5827 1.
1265 5810 1269 5814 -
1303 5773 1391 5806 ¹⁰¹⁷
1420 5772 1484 5827 R.
1516 5772 1678 5844 igitur
1703 5770 1738 5825 i.
1758 5770 1799 5824 Ε
1827 5772 1845 5824 l
1897 5773 2021 5848 ,ίθη
2043 5773 2372 5844 transgulari
2395 5777 2447 5830 5.
2527 5777 2618 5809 ¹⁰¹⁹
2646 5777 2785 5832 deest
2805 5778 2889 5832 9ο.
2971 5774 3064 5806 ¹⁰’⁰
3092 5773 3290 5828 ibidem
3311 5771 3366 5827 5.

2121 5629 2210 5704 ⁸⁴Ϊ¹⁰
2237 5633 2576 5704 comparavit
2626 5635 2678 5689 4.
2733 5633 2794 5689 9c
2890 5631 3371 5704 7'°“7525.__4.qui

2529 5705 2622 5737 ¹θ¹³
2643 5706 2785 5760 deest
2810 5704 2850 5758 E
2879 5703 2928 5756 1.
3010 5702 3100 5734 ¹⁰¹⁸
3136 5700 3263 5755 ιιωσ
3290 5700 3366 5756 ἀ.
