3880 6308
553 277 657 335 785

1768 278 2165 339 EKKEHARD]
2203 250 2670 343 iJRAUGlENslS
2932 298 2939 307 -
3627 299 3691 359 m
3798 302 3799 335 ;

548 388 848 459 Gothicus,
890 389 1210 456 Francicus,
1241 390 1623 457 Germanicus,
1671 392 1956 460 Alanicus,
1985 391 2154 448 Wan-
2183 396 2228 452 Α
2256 393 2348 449 hic
2382 394 2650 453 habitare.
2686 417 2703 450 ι
2761 397 2988 457 Veniens
3032 407 3211 457 autem
3256 413 3450 461 sanctus
3472 407 3696 475 Benedicta
3798 440 3799 475 ξ

547 481 792 550 dalicus,
831 481 1143 538 Africanus.
1173 479 1426 552 Magnam
1454 496 1674 553 quoque
1693 482 1923 553 gloriam
1966 491 2021 537 et
2046 484 2149 538 ho.

547 594 749 639 norem
774 581 919 650 apud
942 579 1330 650 imperatorem
1363 589 1417 634 et
1456 595 1650 637 omnes
1675 580 1972 650 optimates
2005 581 2147 637 obti-

544 672 696 731 nuit.
730 672 829 745 (Η.
856 673 953 743 nt.)
976 672 1235 739 Quicum
1275 672 1464 729 Romae
1495 681 1827 739 moraretur,
1861 672 2145 730 Theodora

542 773 787 838 augusta
809 764 861 820 ei
893 763 1264 832 demandavit,
1295 772 1358 820 ut
1397 762 1690 821 Silverium
1726 780 1948 836 papam,
1977 765 2146 822 falso-

548 872 676 915 rum
709 856 933 912 testium
991 857 1345 913 accusatione
1398 857 1734 926 convictum,
1790 858 2032 915 truderet
2088 858 2145 914 in

546 950 795 1018 exilium,
838 965 906 1007 eo
924 950 1072 1022 quod
1118 950 1442 1007 Anthimum
1489 950 1795 1013 hereticum
1837 950 2147 1007 Constanti-

547 1042 929 1114 n0politanum
968 1042 1311 1113 episcopum,
1357 1058 1523 1114 quem
1564 1042 1830 1115 Agapitus
1871 1058 2012 1115 papa
2055 1058 2146 1100 ex-

545 1133 994 1202 communicavit,
1056 1133 1341 1190 absolvere
1384 1133 1672 1190 noluisset.
1735 1131 1893 1200 Quod
1947 1133 2143 1189 Bilisa-

543 1226 684 1294 rius,
710 1226 839 1282 licet
861 1226 1079 1295 nolens,
1115 1226 1314 1292 eil‘ecit,
1351 1241 1588 1296 eumque
1611 1225 1680 1281 ad
1705 1225 2030 1282 Pontianam
2056 1227 2143 1281 in-

540 1319 727 1376 sulam
767 1319 1036 1388 exiliavit,
1080 1319 1177 1375 ubi
1215 1327 1274 1374 et
1299 1319 1456 1375 obiit.
1504 1317 1768 1374 Similiter
1813 1328 1871 1374 et
1911 1318 2143 1392 Vigilius

537 1428 680 1485 papa
703 1455 718 1481 ,
766 1427 1055 1469 successor
1081 1411 1223 1483 ejus,
1263 1427 1434 1468 causa
1457 1411 1704 1483 ejusdem
1751 1411 2142 1483 indignationis

536 1519 638 1575 per
672 1503 1000 1560 Antbimum
1027 1502 1336 1560 scribonem
1360 1501 1892 1573 Constantinopolim
1919 1503 2137 1570 ductus,

534 1595 669 1652 inde
726 1596 785 1651 in
826 1595 1057 1651 exilium
1127 1602 1214 1652 est
1258 1595 1466 1652 missus
1514 1592 1618 1665 (P.
1665 1593 1728 1649 Β.
1795 1594 1834 1649 ι.
1894 1595 1979 1666 ι.)
2025 1593 2140 1652 Sub

536 1689 646 1746 hoc
671 1702 814 1758 papa
838 1685 1040 1759 Vigilio
1075 1686 1277 1743 Arator
1299 1686 1673 1744 subdiaconus
1713 1685 1902 1744 Romae
1930 1686 2136 1756 ﬂoruit,

538 1780 824 1851 Actusque
849 1780 1227 1851 apostolorum
1259 1779 1510 1836 versibus
1535 1779 1773 1852 scripsit.

556 1928 561 1935 ,
612 1871 715 1928 His
753 1872 1359 1943 quoquetemporibus
1385 1870 1755 1929 Cassiodorus
1785 1870 1973 1929 Romae
2019 1880 2132 1929 tam

539 1963 775 2021 scculari
797 1979 964 2035 quam
999 1964 1184 2021 divina
1220 1965 1453 2022 scientia
1493 1964 1714 2032 claruit,
1741 1964 1837 2037 qui
1858 1965 2002 2021 inter
2025 1966 2132 2022 alia

536 2057 681 2115 bona
703 2072 827 2130 qua:
866 2057 1089 2129 scripsit
1113 2058 1454 2130 psalmorum
1478 2065 1688 2113 secreta
1719 2042 1922 2129 optime
1958 2058 2130 2115 inter-

535 2164 784 2228 pretatus
811 2163 916 2212 est.
940 2154 1049 2213 Iste
1089 2144 1251 2211 antea
1281 2154 1477 2211 consul
1504 2152 1628 2221 fuit,
1662 2153 1858 2209 deinde
1886 2161 2128 2223 senator,

535 2250 607 2307 ad
632 2249 890 2306 ultimum
917 2248 1243 2304 monachus.
1750 2296 1753 2301 ι

609 2341 724 2398 Hoc
760 2341 930 2399 etiam
955 2330 1200 2413 tempore
1241 2339 1525 2399 Dionisius
1555 2337 1725 2397 abbas
1771 2338 1827 2394 in
1879 2336 2126 2395 Romana

534 2435 675 2492 urbe
702 2435 940 2506 positus,
961 2434 1145 2507 cyclos
1163 2432 1452 2505 paschales
1479 2431 1753 2503 sapienter
1775 2431 2085 2504 composuit
2109 2450 2124 2500 ;

530 2527 629 2589 sed
678 2535 734 2583 et
777 2525 1100 2584 Priscianus
1139 2523 1499 2583 Caesariensis
1541 2520 1875 2595 profundum
1916 2538 2126 2595 grama-

528 2620 652 2677 ticze
683 2616 988 2691 inquisivit.

600 2735 697 2806 (la.
726 2752 800 2803 ιι,
842 2734 925 2807 9.)
958 2732 1115 2793 Felix
1155 2749 1378 2807 quoque
1439 2733 1817 2791 Tharvisianas
1860 2733 2124 2792 aecclesise

527 2828 718 2898 presul
763 2837 820 2884 et
871 2826 1212 2885 Fortunatus
1256 2826 1669 2899 condiscipulus
1712 2827 1834 2898 ejus
1876 2825 2117 2884 luerunt.

529 2919 631 2977 Hic
660 2919 999 2978 Fortunatus
1032 2920 1139 2977 fuit
1170 2921 1240 2978 de
1278 2921 1402 2979 loco
1437 2922 1533 2991 qui
1560 2920 1763 2979 dicitur
1795 2919 2117 2997 Duplabilis,

527 3028 641 3069 non
660 3012 821 3086 ionge
842 3028 877 3069 a
903 3012 1215 3081 Tharvisio,
1247 3013 1607 3085 gramatieam
1634 3028 1766 3071 vero
1787 3021 1844 3070 et
1881 3012 2121 3069 rethor-i-

526 3122 651 3163 cam
684 3106 877 3164 didicit
928 3106 1072 3177 apud
1138 3104 1480 3163 Ravennam.
1541 3103 1648 3172 Qui
1690 3120 1819 3161 cum
1869 3104 2112 3161 dolorem
2142 3131 2186 3192 ο

525 3206 809 3268 pateretur
855 3196 1125 3263 dentium,
1193 3196 1471 3267 simulque
1523 3196 1710 3253 socius
1759 3197 1882 3268 ejus
1939 3194 2112 3264 Felix,

526 3289 784 3345 abierunt
825 3288 991 3344 ambo
1032 3288 1103 3344 ad
1139 3287 1447 3344 ecclesiam
1488 3295 1806 3345 sanctorum
1836 3286 2116 3362 Johannis

524 3390 582 3436 et
613 3379 791 3448 Pauli,
830 3395 955 3449 quae
987 3389 1075 3436 est
1124 3379 1182 3436 in
1227 3380 1418 3437 eadem
1474 3380 1695 3437 civitate
1736 3379 2018 3449 Ravenna,
2058 3381 2114 3437 in

526 3489 638 3545 qua
677 3482 765 3530 est
798 3482 855 3529 et
893 3473 1069 3531 altare
1104 3473 1284 3531 sancti
1311 3472 1560 3541 Martini,
1592 3473 1751 3545 juxta
1782 3475 1933 3545 quod
1965 3473 2115 3531 fene-

527 3575 644 3624 stra
669 3576 775 3635 est,
801 3567 859 3623 in
882 3582 993 3639 qua
1025 3567 1251 3625 lucerna
1291 3567 1420 3638 poni
1445 3566 1676 3635 solebat,
1709 3567 1779 3624 de
1807 3567 1966 3638 cujus
1992 3568 2115 3623 oleo

527 3674 696 3730 super
716 3659 908 3717 oculos
941 3674 1077 3717 suos
1102 3668 1430 3731 posuerunt,
1464 3667 1521 3716 et
1556 3659 1847 3717 sanitatem
1888 3674 2113 3732 recepe-

524 3759 676 3806 runt.
707 3749 817 3806 Pro
842 3766 949 3822 qua
976 3766 1146 3807 causa
1175 3749 1512 3808 Fortunatus
1551 3751 1774 3807 beatum
1815 3749 2113 3807 Martinum

527 3840 589 3897 in
636 3849 852 3898 tantum
898 3842 1113 3912 dilexit,
1164 3850 1229 3900 ut
1267 3842 1504 3915 patriam
1559 3842 1864 3909 dimittens,
1906 3843 1975 3900 ad
2023 3858 2113 3901 se-

525 3932 819 4004 pulchrum
846 3933 968 4006 ejus
1003 3932 1286 3991 Turonum
1312 3934 1543 4003 veniret,
1566 3943 1862 4005 antequam
1898 3933 2114 4006 Longo-

525 4025 684 4083 bardi
707 4022 920 4081 Italiam
948 4026 1252 4103 intrarent;
1283 4025 1518 4098 indeque
1544 4025 1848 4083 Pictavium
1885 4027 2113 4084 tendens

525 4118 710 4190 ibique
740 4134 992 4188 manens,
1028 4119 1232 4176 multas
1268 4119 1556 4191 passiones
1591 4126 1929 4187 sanctorum,
1976 4120 2112 4175 alias

524 4226 623 4280 per
645 4198 862 4279 versus,
892 4212 1030 4268 alias
1055 4227 1153 4284 per
1186 4227 1378 4285 prosas
1412 4212 1741 4283 composuit,
1780 4211 1965 4283 ibique
1999 4213 2112 4283 pri-

524 4318 681 4359 mum
717 4302 1005 4375 presbiter,
1038 4312 1230 4378 postea
1270 4304 1564 4377 episcopus
1585 4304 1763 4362 factus
1788 4313 1891 4360 est.

595 4414 693 4487 (ῙΒ-
726 4430 777 4482 ι,
824 4415 942 4488 26.)
970 4414 1194 4472 Hisdem
1216 4416 1555 4487 temporibus
1578 4425 1806 4474 sanctus
1838 4424 1993 4487 pater
2017 4416 2108 4450 που

520 4480 850 4566 Benedictus
881 4480 1009 4579 post
1044 4480 1422 4565 heremiticam
1451 4508 1644 4577 vitam,
1674 4480 1856 4580 quam-
1872 4509 2029 4566 duxit
2055 4510 2111 4566 in
2144 4496 2188 4551 D
2287 4481 2372 4539 “-
2404 4480 2470 4537 Α.
2504 4480 2568 4536 D-

519 4600 647 4658 loco
668 4602 757 4657 cui
782 4600 1055 4658 Sublacus
1084 4601 1415 4671 vocabulum
1447 4610 1551 4669 est,
1578 4601 1635 4657 in
1654 4610 1842 4659 monte
1873 4601 2108 4660 Cassino

516 4692 771 4750 doctrina
807 4702 863 4748 et
910 4693 1194 4751 miraculis
1235 4694 1451 4751 claruit.
1512 4693 1635 4762 Quo
1681 4709 1809 4751 cum
1866 4695 2104 4766 primum

515 4787 783 4857 tenderet,
820 4787 1011 4845 relicta
1053 4787 1236 4859 priore
1279 4788 1616 4844 habitatione
1648 4804 1714 4845 ex
1759 4788 1944 4845 divina
1984 4784 2108 4859 jus-

516 4880 693 4948 sione,
720 4890 833 4939 tres
861 4887 1032 4951 corvi,
1066 4896 1210 4953 quos
1238 4881 1459 4939 cottidie
1489 4881 1784 4950 nutriebat,
1826 4876 1996 4953 prope
2022 4881 2105 4952 ip-

514 4986 642 5028 sum
664 4988 880 5046 semper
907 4975 1142 5032 volando
1164 4976 1338 5043 secuti
1376 4984 1507 5032 sunt
1538 4990 1688 5044 eum,
1715 4984 1777 5030 ut
1804 4975 1860 5030 in
1884 4975 2103 5047 Longo-

515 5064 814 5122 bandorum
855 5068 1099 5140 hystoria
1146 5068 1425 5125 scribitur.
1473 5066 1722 5139 Cumque
1768 5067 1980 5123 veniret
2034 5067 2104 5124 ad

515 5156 792 5229 (praedam
820 5158 1049 5227 bivium,
1074 5159 1185 5217 duo
1204 5159 1382 5232 angeli
1407 5159 1743 5231 apparebant
1765 5159 1815 5215 ei
1837 5158 1895 5215 in
1922 5156 2105 5227 specie

513 5250 753 5307 duorum
780 5248 1066 5320 juvenum,
1102 5251 1452 5309 ostendentes
1494 5251 1566 5320 ei,
1620 5265 1720 5322 per
1744 5265 1911 5321 quam
1955 5248 2102 5305 viam

513 5344 596 5397 ire
615 5341 857 5397 deberet.
895 5341 952 5397 ln
996 5343 1119 5399 loco
1148 5354 1330 5399 autem
1358 5344 1480 5416 ipso
1514 5344 1737 5416 quidam
1779 5342 1873 5397 Dei
1909 5357 2100 5398 servus

513 5433 818 5504 habitabat,
851 5436 940 5491 cui
970 5451 1077 5490 vox
1111 5436 1179 5492 de
1224 5437 1357 5492 caelo
1381 5436 1633 5493 dicebat:
1687 5434 1791 5490 His
1839 5444 1895 5488 tu
1942 5449 2098 5505 parce

512 5526 668 5594 locis,
710 5527 848 5587 alter
892 5529 1095 5582 amicus
1141 5529 1309 5583 adest.
1356 5528 1512 5596 Quod
1562 5528 1801 5600 apertius
1848 5527 2096 5582 dicitur:

517 5641 535 5673 ι
569 5617 779 5684 Amice,
803 5620 899 5678 exi
916 5622 983 5678 de
1023 5621 1143 5677 loco
1175 5622 1301 5687 isto,
1327 5623 1458 5692 quia
1508 5623 1644 5679 alter
1686 5621 1898 5677 amicus
1938 5618 2099 5675 debet

2251 489 2309 544 in
2330 491 2701 549 summitatem
2729 493 2952 562 montis,
2978 494 3034 548 in
3064 509 3255 566 magna
3272 511 3328 551 sc
3345 500 3602 558 constrinxit
3616 507 3699 563 abs-

2248 581 2509 651 tinentia;
2568 583 2824 656 factoque
2853 587 3211 656 monasterio,
3243 587 3475 647 habitavit
3504 593 3579 661 ibi,
3609 599 3701 654 sicut

2248 673 2303 729 in
2330 674 2547 747 dialogo
2577 676 2672 746 (ιι,
2704 677 2757 748 1)
2806 676 3025 749 legitur.

2319 767 2415 837 (Η.
2460 768 2557 841 m.)
2596 768 2715 827 Hoc
2741 770 2933 827 eodem
2974 780 3219 843 tempore
3256 789 3378 845 gens
3414 774 3700 848 Longobardo-

2244 875 2390 928 rum,
2419 862 2597 918 amica
2647 871 2781 919 tunc
2824 862 3074 920 Romano
3096 865 3311 936 populo,
3333 866 3383 921 in
3404 866 3622 926 Pannonia
3636 872 3701 927 Iu-

2245 952 2472 1020 bitabat,
2501 954 2591 1010 cui
2614 963 2745 1011 tunc
2764 956 2820 1010 in
2860 957 3014 1028 regni
3037 958 3396 1029 gubernaculo
3429 961 3601 1017 Audoin
3625 978 3705 1034 pre-

2243 1053 2383 1110 erat,
2415 1047 2677 1116 omnique
2708 1055 2973 1120 tempore,
3011 1063 3123 1119 quo
3153 1047 3470 1121 Langobardi
3490 1051 3536 1106 in
3559 1050 3704 1109 Panno-

2243 1135 2333 1191 nia
2354 1136 2692 1205 habitabant,
2706 1137 2968 1196 Romana!
2986 1140 3310 1211 reipublicae
3327 1142 3551 1199 adversus
3563 1146 3703 1202 caulas

2243 1228 2523 1301 adjutores
2543 1239 2722 1295 erant.
2766 1230 2925 1289 Unde
2953 1242 3010 1288 et
3030 1233 3249 1302 Alboin,
3273 1234 3484 1291 Audoini
3502 1237 3624 1302 ﬁlius,
3646 1253 3704 1293 ro-

2241 1331 2403 1392 gatus
2423 1338 2454 1377 a
2496 1320 2744 1392 Narsete,
2777 1338 2941 1395 quem
2968 1324 3313 1384 Justinianus
3332 1328 3583 1384 exarchum
3598 1328 3706 1385 italia

2240 1410 2371 1469 fecit
2399 1422 2456 1470 et
2475 1413 2534 1469 in
2563 1413 2942 1495 defensionem
2968 1415 3338 1477 Romanorum
3367 1429 3530 1475 contra
3549 1419 3703 1475 Totth

2240 1502 2544 1561 Gothorum
2570 1520 2756 1577 regem
2782 1506 3002 1574 direxit,
3027 1508 3268 1565 validam
3295 1509 3342 1565 ei
3371 1526 3562 1567 manum
3584 1511 3627 1567 ia
3645 1527 3705 1566 au-

2238 1596 2433 1652 xilium
2462 1597 2634 1666 misit,
2659 1613 2769 1668 qua
2805 1596 2979 1655 fretus
3001 1597 3227 1668 Narses,
3256 1597 3474 1657 Totilam
3499 1601 3614 1666 vicit,
3631 1617 3707 1655 on-

2237 1704 2475 1761 nemque
2532 1688 2745 1747 italiam
2806 1707 2838 1747 a
2900 1700 3172 1764 potestate
3237 1691 3515 1751 Gothorum
3554 1692 3705 1749 libens

2166 1768 2207 1827 Β
2235 1780 2496 1853 deinceps
2532 1780 2683 1841 fecit.

2306 1872 2594 1932 Bilisarius
2624 1884 2806 1932 autem
2833 1876 3102 1947 patricius
3125 1884 3413 1934 accusatus
3445 1876 3562 1948 apud
3599 1876 3705 1947 impt-

2234 1974 2495 2035 ratorem,
2543 1968 2691 2039 quod
2735 1969 3003 2026 adversus
3028 1984 3156 2026 eum
3186 1970 3544 2041 conspirasset,
3579 1968 3704 2023 ablatis

2232 2058 2509 2127 omnibus,
2538 2060 2745 2117 missus
2786 2069 2873 2118 est
2917 2062 2974 2116 in
3010 2062 3349 2129 custodiam;
3393 2062 3479 2118 sed
3516 2071 3609 2133 post
3637 2074 3703 2115 ms

2231 2150 2464 2207 multum
2500 2162 2716 2222 tempus
2743 2147 3030 2221 dimissus,
3056 2153 3247 2210 omnia
3274 2155 3481 2226 recepit.

2300 2242 2649 2301 Justinianus
2698 2260 2830 2302 vero
2889 2245 3191 2316 imperator
3247 2255 3518 2319 postquam
3563 2243 3614 2301 38
3650 2257 3705 2297 II-

2229 2336 2316 2394 nis
2354 2336 2446 2368 ¹⁰¹⁸
2473 2337 2742 2409 regnavit,
2775 2339 2944 2396 rebus
2976 2339 3242 2397 humanis
3278 2339 3513 2397 excessit.

2226 2447 2368 2502 Anni
2397 2446 2712 2505 Iustiniani.

2298 2539 2395 2613 (Il.
2437 2542 2535 2612 ιη.)
2573 2541 2760 2599 Primo
2783 2544 2950 2616 hujus
2979 2560 3126 2600 anno
3154 2545 3362 2602 missus
3384 2552 3549 2601 contra
3577 2540 3701 2598 Persas

2224 2630 2512 2687 Bilisarius
2543 2632 2807 2701 patricius
2846 2633 3060 2705 magnis
3089 2649 3191 2690 eos
3233 2634 3431 2707 prteliis
3467 2633 3590 2699 fudit,
3614 2638 3702 2687 etet

2222 2723 2502 2808 voluntate
2524 2725 2785 2797 principis
2808 2723 3349 2799 Constantinopolim
3374 2722 3703 2797 triumphansin

2222 2817 2407 2874 travit.

2290 2906 2345 2963 2.
2377 2909 2443 2964 A.
2478 2908 2542 2964 D.
2568 2908 3084 2969 528.‘Terremotus
3127 2928 3368 2985 magnus
3400 2907 3639 2966 Antiochia
3655 2903 3703 2958 la-

2221 3009 2341 3058 etus
2361 3010 2463 3056 CSL
2932 3076 2937 3079 μ
3200 3076 3206 3081 ,
3316 3044 3319 3047 λ

2290 3093 2343 3149 ’5.
2369 3092 2434 3148 Α.
2467 3092 2530 3149 D.
2556 3092 2678 3150 529.
2706 3093 3047 3153 Justinianus
3075 3097 3404 3153 sententiam
3427 3088 3705 3167 promulgant.

2219 3201 2287 3242 ne
2314 3182 2621 3242 militarent
2641 3188 2839 3263 pagani
2867 3188 2953 3244 vel
2975 3188 3227 3257 heretici,
3257 3181 3392 3244 dans
3411 3187 3481 3242 illi
3501 3194 3588 3241 tres
3608 3194 3701 3238 mcu-

2219 3266 2308 3336 s'es
2346 3280 2413 3335 ad
2436 3279 2686 3335 inducias
2711 3280 3108 3337 conversionis.

2288 3370 2341 3427 6.
2371 3370 2521 3443 (Chr.
2556 3368 2670 3443 W.)
2696 3371 2762 3427 A.
2796 3371 2860 3428 D.
2893 3373 3017 3429 532.
3073 3372 3362 3430 Dionisius
3404 3372 3549 3429 abbas
3579 3365 3705 3422 Roma-

2217 3480 2323 3520 nus
2349 3465 2635 3535 paschales
2655 3466 2836 3537 cyclos
2860 3465 2930 3522 ab
2960 3468 3065 3524 hoc
3087 3458 3373 3523 inchoavit
3397 3481 3542 3521 anne.

2288 3556 2340 3612 8.
2373 3556 2471 3627 (Η.
2499 3556 2597 3630 nt.)
2627 3556 2691 3612 A.
2720 3557 2784 3614 D.
2814 3558 2940 3614 534.
2970 3556 3030 3614 In
3057 3557 3433 3631 Pompeiopoli
3452 3556 3601 3627 Misya

2212 3658 2332 3707 tate
2360 3649 2530 3707 scissa
2554 3660 2640 3707 cst
2663 3660 2811 3708 terra
2834 3668 2865 3708 a
2891 3662 3221 3721 terremotu,
3245 3662 3302 3710 et
3325 3652 3554 3708 obrutum
3572 3655 3711 3701 eame-

2214 3743 2366 3800 dium
2411 3743 2648 3800 civitatis
2674 3761 2800 3801 cum
2846 3744 3275 3813 habitatoribus,
3323 3754 3378 3801 et
3417 3757 3555 3799 voces
3584 3747 3709 3792 eorum

2215 3835 2415 3890 auditae
2434 3844 2562 3890 sunt
2581 3835 2647 3892 de
2669 3834 2866 3891 subtus
2893 3844 3039 3891 terra
3065 3836 3448 3902 clamantium,
3470 3842 3521 3887 ut
3539 3828 3709 3885 sibisuc-

2215 3935 2562 3995 curreretur;
2610 3935 2664 3983 et
2696 3926 2993 3999 imperator
3027 3928 3095 3984 ad
3138 3927 3453 3985 educendos
3493 3938 3571 3979 eos
3601 3915 3706 3972 ιιιιιίῑ³

2214 4018 2459 4088 donavit,
2495 4018 2845 4090 viventesque
2869 4019 3166 4076 liberaliter
3204 4019 3471 4077 liberavit.
3499 4046 3556 4057 -—
3576 4008 3709 4066 Εοάεω

2216 4127 2363 4167 anno
2390 4110 2612 4167 tradidit
2633 4109 2976 4168 Justinianus
2999 4111 3066 4167 ad
3088 4112 3434 4182 psallendum
3456 4103 3655 4165 acclesiz
3669 4098 3709 4151 i1-

2215 4201 2306 4256 lud
2330 4201 2479 4272 quod
2513 4201 2729 4258 canitur
2754 4219 2768 4256 :
2805 4199 3117 4274 Unigenitus
3147 4201 3336 4257 Filius
3361 4212 3410 4257 et
3445 4186 3709 4255 γετὺιαυτὶ-

2287 4291 2374 4348 10.
2398 4292 2463 4348 Α.
2492 4290 2554 4348 D.
2586 4292 2710 4349 556.
2749 4291 3014 4351 Silverius
3044 4309 3186 4366 papa
3219 4293 3351 4351 6οιι³
3386 4277 3709 4349 εεὰὶιιιιιιοςὲν

2213 4385 2349 4466 obiit
2379 4385 2448 4440 ιε
2476 4384 2594 4441 Kal.
2632 4385 2783 4442 Julii.

2603 4481 2726 4536 557.
2754 4479 3149 4551 Theodericus,
3192 4480 3346 4536 filius
3385 4465 3710 4534 Clodovei,fn-

2209 4592 2293 4639 ter
2317 4580 2752 4651 Lotharii,‘obiit
2779 4596 2926 4637 anno
2948 4581 3100 4654 regni
3132 4580 3221 4638 sui
3257 4580 3375 4648 23“,
3402 4577 3657 4661 relinquens
3673 4562 3711 4616 ﬁ-

2208 4678 2342 4733 lium
2365 4676 2802 4735 Theodcbertum
2826 4674 2920 4748 (cf.
2954 4674 3017 4730 G.
3050 4672 3202 4746 Fr.).

2279 4769 2367 4825 η.
2401 4769 2466 4824 Α.
2500 4768 2563 4824 n.
2592 4768 2716 4824 558.
2754 4767 2987 4841 Vigilius
3008 4782 3149 4840 papa
3169 4766 3305 4821 eius
3335 4764 3471 4821 sedit
3499 4754 3625 4814 annis
3646 4748 3697 4803 It

2278 4861 2365 4916 15.
2400 4860 2496 4933 (Η.
2526 4860 2624 4931 m.)
2651 4860 2717 4916 Α.
2751 4859 2814 4916 D.
2846 4860 2972 4916 559.
2993 4859 3234 4915 Mundus
3266 4857 3483 4930 quidam
3508 4852 3711 4918 exsilii?“

2206 4954 2539 5026 Gepidarum
2562 4954 2806 5011 sociatus
2825 4962 2911 5009 est
2930 4951 3218 5009 Romanis.

2274 5067 2419 5125 Anni
2440 5067 2511 5125 ab
2535 5067 2703 5124 inicio
2720 5066 2912 5123 mundi
2939 5065 3100 5122 4500.
3558 5146 3566 5148 Α
3603 5142 3612 5148 α
3640 5138 3649 5148 _

2278 5160 2365 5216 15.
2395 5158 2461 5214 Α.
2492 5157 2558 5213 D.
2582 5159 2709 5215 541.
2754 5156 3020 5229 Ypapanti
3049 5155 3273 5212 Domini
3309 5150 3529 5222 sumpsit

2205 5261 2268 5308 ut
2292 5252 2662 5309 celebraretur
2696 5251 2840 5321 apud
2872 5249 3209 5316 Bizantium,
3234 5263 3365 5304 cum
3397 5238 3712 5300 esseteow

2206 5345 2280 5400 ibi
2310 5359 2508 5416 magna
2542 5344 2867 5400 mortalitas.
3678 5406 3686 5416 ἢ

2283 5435 2367 5490 l7.
2392 5435 2458 5489 A.
2486 5433 2549 5488 D.
2589 5435 2713 5489 545.
2753 5433 2953 5490 Factus
2992 5442 3078 5490 est
3110 5440 3441 5489 terremotus
3480 5420 3712 5491 magni-im

2207 5528 2465 5583 universo
2505 5528 2743 5593 mundo;
2788 5527 3092 5598 eodemque
3120 5539 3270 5583 anno
3297 5527 3536 5594 apparuit
3556 5504 3711 5602 φλίδξω

2204 5636 2270 5675 ex
2292 5619 2515 5691 regione
2534 5619 2813 5681 Italorum.
2838 5596 3058 5678 nomine
3075 5619 3348 5688 Andreas,
3375 5631 3469 5689 per
3494 5606 3619 5664 villas
3636 5596 3713 5649 di."

1833 5711 2065 5769 VARM‘I
2100 5712 2495 5770 LEC'I‘IONES.

585 5785 676 5815 ¹⁰²²
710 5801 763 5859 p.
788 5768 975 5844 noster
998 5787 1081 5841 ib.
1162 5787 1254 5818 ¹⁰²³
1282 5785 1423 5839 deest
1463 5785 1512 5841 1.
