3880 6308
145 352 230 408 785

979 338 1346 396 CHRONICA.
1387 367 1456 376 -—-
1492 332 1887 391 CHRONICON
1924 331 2384 391 UNH’ERSALE.

3266 326 3368 392 786

141 476 360 527 currens,
393 458 594 513 habens
632 469 821 512 canem
861 459 1044 509 rulum
1088 461 1143 509 et
1176 466 1387 508 coccum
1411 493 1426 517 ,
1452 449 1547 521 qui
1567 449 1685 520 jus—
1714 453 1761 510 Α
1858 447 1947 502 57.
1976 449 2040 501 Α.
2077 446 2139 501 ι).
2176 447 2298 503 565.
2326 444 2653 517 Hilpericus,
2680 445 2924 502 Lotharii
2952 445 3114 513 ﬁlius,
3143 463 3387 517 regnare-

138 575 218 616 sus
231 558 293 613 ab
312 571 374 613 eo
404 552 529 611 fecit
548 552 819 609 miranda.
848 550 987 608 Cum
1010 549 1158 606 enim
1194 556 1367 606 staret
1392 547 1450 603 in
1483 545 1605 602 foro
1631 554 1686 601 et
1786 539 1967 609 coepit.

139 650 275 705 turba
303 648 355 702 in
386 646 614 703 circuitu
643 645 878 713 adesset,
909 644 1050 700 clam
1080 641 1272 698 eodem
1302 655 1439 697 eane
1470 637 1683 695 defere-

138 743 309 797 bantur
329 738 646 796 asstantium
678 736 827 793 anuli
858 735 1011 793 aurei
1040 743 1096 791 et
1128 733 1372 806 argentei
1406 748 1471 788 ac
1496 730 1681 800 ferrei,

135 844 178 890 et
208 832 536 905 ponebantur
555 830 616 887 in
651 839 817 899 terra,
850 843 991 902 quos
1013 828 1102 884 ille
1124 824 1500 898 cooperiebat;
1534 823 1682 894 ipso-

135 940 225 996 que
261 922 598 995 precipiente,
641 922 795 979 canis
839 920 1082 988 tollebat,
1107 929 1162 976 et
1186 918 1483 989 unicuique
1522 931 1682 973 suum

134 1017 288 1072 dabat.
318 1006 577 1071 Similiter
599 1024 653 1072 et
682 1015 1027 1071 diversorum
1058 1014 1455 1084 imperatorum
1476 1009 1684 1065 nomis-

133 1116 255 1164 mata
281 1108 442 1163 mixta
463 1107 774 1179 porrigebat
792 1121 890 1178 per
915 1106 1159 1161 nomina.
1194 1102 1377 1160 Turba
1402 1102 1567 1159 etiam
1595 1117 1685 1158 as-

131 1208 300 1268 stante,
354 1200 717 1272 interrogatus
758 1199 1078 1256 ostendebat
1107 1198 1163 1252 in
1211 1206 1368 1252 utero
1398 1195 1679 1260 habentes,

135 1290 430 1349 loruiearios
457 1301 513 1348 et
533 1291 828 1361 adulteros,
865 1305 1062 1348 avaros
1105 1298 1160 1346 et
1188 1287 1586 1360 magnanimos,
1631 1295 1684 1342 et

130 1385 358 1456 quiequid
380 1383 447 1440 de
468 1384 700 1458 singulis
726 1384 1115 1456 interrogabat,
1157 1398 1284 1437 eum
1323 1381 1551 1436 veritate
1590 1378 1679 1435 deo

131 1475 453 1532 monstrabat.
497 1474 655 1533 Unde
700 1476 952 1533 dicebant
982 1475 1226 1547 quidam,
1258 1473 1403 1545 quod
1429 1471 1681 1544 spiritum

127 1564 358 1637 Pythonis
378 1566 622 1623 haberet.

185 1657 261 1713 18.
289 1655 496 1732 diem.)
518 1658 585 1715 A.
615 1658 679 1715 D.
704 1660 827 1716 544.
853 1658 1122 1716 Diﬂ'usum
1147 1666 1232 1716 est
1253 1673 1405 1714 mare
1426 1672 1522 1728 per
1547 1655 1683 1712 Tra-

127 1760 206 1802 een
227 1748 462 1806 miliariis
486 1758 743 1821 quatuor.
779 1748 928 1824 (Chr.
959 1749 1073 1823 W.)
1105 1750 1317 1822 Corpus
1353 1747 1527 1807 sancti
1563 1747 1681 1802 Δη-

128 1839 236 1895 tonii
257 1852 544 1912 repertum,
567 1842 907 1900 Alexandriae
933 1844 1267 1901 reconditur.

178 1931 257 1986 20.
287 1931 378 2003 (Η.
416 1933 515 2005 m.)
539 1935 606 1990 A.
635 1934 699 1990 D.
728 1934 852 1991 546.
889 1933 1178 1991 Theodora
1211 1943 1442 2009 augusta
1481 1932 1675 1991 defun-

127 2033 195 2077 cta
214 2033 305 2080 est.
333 2055 401 2065 —
423 2024 626 2083 Arator
656 2028 1027 2085 subdiaconus
1051 2027 1253 2084 librum
1275 2044 1438 2085 suum
1460 2026 1675 2098 publice

125 2130 281 2172 coram
313 2116 509 2190 Vigilio
544 2136 685 2192 papa
714 2122 861 2193 legit.
891 2120 1041 2195 (Chr.
1078 2121 1193 2193 W.)
1217 2121 1313 2179 His
1338 2121 1675 2194 temporibus

124 2207 448 2268 Cassiodorus
470 2212 661 2269 Romae
681 2212 883 2282 ﬂoruit,
904 2223 959 2270 et
978 2216 1121 2287 apud
1146 2214 1673 2287 Constantinopolim

125 2296 401 2359 Priscianus
426 2303 769 2362 Cesariensis
798 2304 1018 2364 Iuliano
1043 2309 1256 2364 consuli
1286 2309 1487 2366 librum
1512 2325 1674 2367 suum

126 2390 179 2446 de
205 2402 308 2449 arte
329 2397 686 2466 grammatica
706 2399 922 2456 obtulit.

181 2504 256 2561 21.
279 2507 419 2581 (Chr.
449 2510 570 2583 W.)
592 2511 658 2567 A.
692 2510 756 2568 D.
781 2512 907 2569 547.
942 2513 1142 2582 Quinta
1189 2516 1430 2589 synodus
1452 2516 1674 2574 univer-

126 2598 232 2653 salis
262 2600 312 2655 in
344 2601 822 2681 Constantinopoli
853 2616 1184 2681 congregata
1226 2616 1313 2665 est
1339 2608 1444 2665 sub
1478 2607 1678 2681 Vigilio

126 2703 238 2762 papa
266 2703 444 2751 contra
473 2694 829 2754 Theodorum
849 2707 905 2755 et
926 2714 1119 2757 omnes
1140 2701 1433 2759 hereticos.

180 2801 255 2858 23.
279 2804 370 2877 (Η.
404 2808 503 2879 in.)
532 2806 599 2863 A.
630 2807 692 2864 ι).
721 2810 845 2866 549.
871 2810 1036 2868 Facta
1061 2822 1190 2869 sunt
1209 2815 1434 2870 eneenia
1456 2823 1675 2871 sancto-

125 2912 223 2954 rum
255 2903 628 2971 apostolorum
669 2904 1151 2978 Constantinopoli
1192 2922 1380 2963 mense
1408 2906 1595 2974 Junio,
1621 2917 1676 2963 et

126 2992 367 3049 recondita
393 3006 529 3052 sunt
563 2996 793 3071 lypsana
812 2999 1044 3055 Andreae
1063 3008 1119 3056 et
1144 2999 1306 3057 Luca:
1327 3017 1391 3058 ac
1401 2999 1673 3057 Timothei

124 3084 475 3157 apostolorum,
504 3097 565 3145 et
598 3090 821 3146 transiit
850 3089 1039 3147 Menas
1067 3092 1357 3163 episcopus
1392 3108 1517 3148 cum
1541 3108 1673 3149 san-

124 3174 206 3229 ctis
226 3175 473 3250 lypsanis,
512 3181 714 3239 sedens
734 3182 790 3237 in
812 3196 1041 3239 carruca
1060 3183 1408 3254 imperatoris
1433 3201 1599 3240 aurea
1621 3194 1675 3240 et

124 3279 378 3340 gemmata,
399 3282 599 3331 tenens
624 3282 735 3333 tres
756 3276 946 3333 thecas
963 3284 1280 3332 sanctorum
1302 3278 1675 3348 apostolorum

126 3357 167 3411 in
193 3362 399 3433 genibus
425 3367 571 3433 suis,
601 3374 656 3423 et
690 3367 766 3422 ita
796 3368 1089 3424 celebravit
1114 3370 1358 3427 encenia.

180 3475 257 3533 25.
287 3478 429 3551 (Chr.
454 3481 655 3553 ΨΜ.
681 3481 743 3537 D.
770 3483 894 3540 55L
926 3478 1115 3539 Victor
1139 3482 1433 3555 Capuanus
1463 3485 1676 3554 episco-

125 3582 207 3635 pus
230 3568 416 3629 librum
456 3576 533 3630 de
571 3575 775 3645 pascha
806 3575 1073 3641 scribens,
1121 3572 1349 3630 Victorii
1399 3574 1676 3646 redarguit

123 3676 321 3720 errores.
363 3666 800 3736 Theodebertus,
828 3668 975 3725 ﬁlius
997 3666 1438 3741 Theodericiﬁlii
1471 3667 1672 3723 Clodo-

123 3753 209 3820 vei,
231 3757 357 3813 obiit
381 3774 532 3815 anno
562 3761 715 3833 regni
751 3761 837 3817 sui
871 3762 981 3816 14⁸.
1032 3759 1204 3832 Cujus
1238 3761 1383 3817 ﬁlius
1418 3759 1672 3816 Theodo-

122 3842 284 3907 [aldus
316 3850 417 3908 fuit
442 3852 543 3923 (cf.
573 3851 638 3907 G.
666 3852 811 3925 Fr.).

174 3956 253 4014 26.
282 3962 342 4016 A.
369 3961 431 4017 D.
463 3964 594 4020 552.
626 3961 879 4035 Pelagius
902 3979 1038 4036 papa
1062 3963 1189 4018 62“
1224 3962 1362 4019 sedit
1398 3964 1556 4020 annis
1586 3964 1670 4018 ω.

174 4048 251 4105 27.
270 4052 360 4124 (Η.
378 4053 476 4126 m.)
500 4053 569 4109 Α.
598 4052 663 4109 ι).
688 4054 814 4110 555.
845 4053 1195 4112 Terremotus
1218 4055 1478 4114 terribilis
1498 4056 1674 4113 factus

120 4146 187 4193 est
202 4139 666 4215 Constantinopoli
702 4154 755 4201 et
781 4146 836 4200 in
859 4145 1086 4201 urbibus
1116 4146 1545 4218 circumquaque
1578 4163 1675 4218 po-

120 4230 220 4288 sitis
246 4251 336 4305 per
364 4238 483 4293 dies
512 4235 601 4291 40.

146 4324 252 4380 ’29.
285 4327 347 4382 Α.
380 4327 445 4384 D.
480 4328 611 4385 555.
652 4328 919 4398 Apparuit
957 4327 1100 4398 ignis
1126 4328 1180 4382 in
1214 4328 1345 4384 czelo
1369 4327 1525 4398 quasi
1553 4344 1675 4399 spe-

116 4412 211 4469 iies
231 4414 443 4474 lanceae.

175 4504 251 4560 50.
276 4508 336 4563 Α.
367 4506 431 4564 D.
459 4509 616 4566 556.‘

239 4619 329 4676 'D?
355 4620 418 4678 E.
449 4624 671 4679 5—H.
707 4625 834 4680 add.
865 4643 878 4680 :
907 4623 1143 4681 Sanetus
1195 4623 1486 4681 Medardus
1519 4624 1672 4682 obiit.

300 4709 361 4747 ea:
386 4693 566 4766 Sigeb.

175 4798 252 4860 3i.
282 4804 344 4861 Α.
385 4806 451 4863 D.
488 4806 642 4863 557.‘

242 4921 339 5005 ‘D'?
455 4922 566 5005 add
583 4922 961 5005 :Radegundis
992 4923 1201 5005 regina,
1232 4940 1371 5005 uxor
1398 4926 1675 5005 quondam

301 4991 551 5065 Lotharii
572 4993 742 5065 regis,
770 4991 977 5065 mutata
1020 4991 1170 5051 veste
1202 4991 1441 5052 clarcbat
1474 4998 1679 5052 sancti-

303 5065 435 5120 tatis
457 5063 757 5138 nobilitate.
788 5064 907 5138 4—_—
933 5065 1015 5138 ll.
1064 5065 1210 5138 add;
1224 5086 1234 5138 ;
1266 5065 1330 5138 Β.
1359 5083 1404 5120 r.
1445 5083 1498 5121 u.
1526 5084 1579 5138 q.
1614 5066 1674 5121 L.

304 5149 349 5187 r.
379 5134 675 5190 sanctitate
696 5135 898 5190 claruit
931 5134 1042 5189 ¹⁰²⁴.
1068 5150 1133 5189 ea:
1173 5134 1326 5207 Sigeb

171 5243 253 5299 se.
294 5249 356 5301 Α.
393 5247 459 5302 n.
488 5228 663 5304 558."

238 5335 346 5412 ‘DA?
380 5338 443 5394 E.
473 5340 708 5396 4.-11,
741 5341 867 5412 add.
898 5340 1229 5412 gGregorius
1256 5358 1320 5398 ex
1348 5351 1563 5412 pretore
1586 5360 1681 5397 ur-

304 5410 453 5467 bano
481 5412 806 5480 monachus,
843 5411 1030 5468 Rome
1050 5410 1252 5468 ﬂoruit.
1281 5410 1543 5484 ex‘Sigeb.

171 5520 253 5578 55.
280 5522 387 5594 (Cf.
428 5523 494 5579 ϐ.
531 5522 651 5598 Fr.)
692 5526 756 5580 A.
810 5525 1030 5591 0.559.
1066 5525 1501 5594 Theodobaldus,
1532 5526 1676 5582 ﬁlius

114 5610 447 5684 Theoderici,
483 5616 615 5673 obiit
637 5633 781 5674 anno
808 5619 960 5689 regni
990 5617 1063 5672 8°.

1704 4498 1753 4558 D

1855 632 1944 687 '58.
1974 633 2123 706 (Chr.
2152 631 2266 705 W.)
2308 632 2373 687 A.
2401 632 2464 687 l).
2491 631 2615 689 564.
2644 631 2925 688 Iohannes
2948 630 3044 663 ¹⁰²⁵
3068 644 3207 702 papa
3235 628 3365 685 65“-

1785 725 1947 781 annis
1988 725 2075 780 15.
2099 723 2532 782 ——.lustinianus
2571 725 2871 795 imperator
2906 722 3371 779 obiit.-—Lotha.

1786 819 1924 885 rius,
1962 817 2108 874 illius
2156 817 2434 885 Clodovei,
2487 833 2583 874 rex
2626 816 2989 885 Francorum,
3033 816 3169 872 obiit
3222 831 3370 872 anno

1785 908 1938 981 regni
1967 908 2051 965 sui
2074 908 2187 976 51°,
2217 907 2531 978 relinquens
2564 917 2801 979 quatuor
2840 906 2982 964 filios
3018 906 3113 978 (cf.
3146 905 3210 963 C.
3242 905 3367 976 Fr.)

1856 1000 2150 1081 ﬂuensque
2180 1000 2275 1033 ¹⁰²¹⁵
2303 998 2559 1056 Jordanis
2586 1000 2874 1072 episcopus
2897 1000 3173 1057 cronieam
3207 1015 3366 1056 suam

1783 1094 2037 1167 perduxit
2065 1093 2134 1150 ab
2168 1092 2340 1150 Adam
2367 1092 2459 1163 (cf.
2488 1091 2613 1149 Chr.
2641 1091 2753 1164 νγ).
2806 1106 2809 1109 ‘

1856 1186 1952 1256 (II.
1978 1186 2076 1257 m.)
2101 1187 2261 1242 Anno
2283 1184 2571 1243 dominicae
2594 1184 2991 1242 incarnationis
3024 1183 3171 1252 565°,
3203 1181 3367 1241 Urbis

1784 1291 1966 1337 autem
1989 1278 2225 1337 conditae
2251 1278 2547 1335 millesimo
2572 1277 2721 1345 5l6°,
2745 1275 2995 1335 Justinus
3013 1277 3213 1345 minor,
3239 1274 3367 1331 Jus-

1783 1373 1978 1429 tiniani
2010 1386 2202 1443 nepos,
2253 1385 2451 1444 genere
2483 1368 2648 1438 Trax,
2685 1369 2777 1426 διο
2823 1370 2947 1427 loco
2984 1369 3054 1425 ab
3092 1370 3366 1442 Augusto.

1785 1464 2162 1521 monarchiam
2195 1465 2425 1536 accepit,
2471 1475 2525 1520 et
2549 1463 2606 1517 ll
2645 1461 2804 1519 annis
2846 1461 3113 1534 regnavit,
3155 1460 3366 1521 habens

1783 1573 2010 1615 uxorem
2044 1557 2268 1613 nomine
2316 1554 2614 1629 Sophyam,
2648 1570 2812 1626 quam
2861 1554 3147 1611 coronavit
3187 1568 3364 1626 augu-

1784 1662 1946 1721 stam,
1979 1659 2274 1708 coronatus
2297 1659 2352 1706 et
2385 1649 2502 1722 ipse
2529 1648 2598 1705 ab
2624 1645 2878 1705 Euthieio
2904 1646 3236 1718 patriarcha.
3263 1645 3365 1701 Hic

1782 1762 1909 1803 cum
1930 1754 2073 1802 esset
2096 1744 2222 1819 pius
2261 1753 2316 1800 et
2354 1742 2713 1809 orthodoxus,
2756 1737 3041 1796 adornavit
3068 1738 3366 1806 teeclesias,

1780 1857 1920 1914 quas
1966 1838 2311 1895 Justinianus
2353 1835 2662 1903 aediﬁcavit,
2693 1835 2837 1890 'dans
2876 1832 2958 1888 eis
2986 1831 3278 1888 thesauros
3313 1837 3369 1886 et

1777 1949 1998 1991 omnem
2052 1932 2311 1999 reditum,
2360 1930 2620 2001 misitque
2666 1926 2963 1984 Photinum
3012 1924 3366 1990 monachum,

1776 2025 2088 2098 privignum
2104 2023 2342 2079 Bilisarii
2359 2022 2595 2094 patricii,
2608 2019 2746 2077 dans
2763 2020 2811 2076 ei
2832 2028 3159 2093 potestatem
3176 2022 3370 2074 contra

1776 2134 1995 2177 omnem
2014 2133 2307 2190 personam
2331 2126 2385 2173 et
2404 2131 2650 2184 causam,
2666 2122 2726 2171 ut
2745 2113 3060 2187 paciﬁearet
3081 2110 3371 2167 universas

1776 2213 2052 2270 accelesias
2091 2210 2314 2285 Egypti
2362 2219 2417 2266 et
2471 2208 2832 2265 Alexandriae.
2880 2204 3007 2262 Fuit
3057 2211 3262 2271 autem,
3309 2208 3373 2256 ut

1776 2305 1982 2363 dictum
2011 2314 2118 2373 est,
2152 2306 2207 2360 in
2240 2303 2405 2360 inicio
2430 2302 2632 2370 bonus,
2674 2311 2865 2373 postea
2902 2312 3035 2356 vero
3064 2297 3122 2352 in
3145 2309 3367 2352 omnem

1777 2399 2072 2457 avarieiam
2113 2397 2324 2463 incidit,
2356 2394 2534 2452 factus
2573 2402 2856 2464 exemptor
2877 2404 3204 2464 pauperum,
3235 2400 3367 2458 spo-

1777 2492 1938 2549 liator
1984 2501 2322 2558 senatorum,
2364 2488 2575 2544 faciens
2612 2502 2771 2544 areas
2810 2485 3040 2551 ferreas,
3076 2482 3135 2545 in
3166 2480 3370 2553 quibus

1776 2598 2136 2656 quaecumque
2162 2581 2406 2654 rapiebat
2430 2580 2553 2636 auri
2579 2578 2781 2635 talenta
2818 2566 3158 2633 reconderet.
3191 2570 3368 2642 llujus

1777 2692 1923 2733 anno
1952 2685 2144 2733 octavo
2171 2681 2332 2746 rupta
2351 2681 2437 2730 est
2457 2687 2565 2744 pax
2593 2670 2736 2727 inter
2754 2667 3036 2726 Romanos
3063 2672 3119 2724 et
3140 2663 3363 2732 Persas,

1776 2760 1850 2825 eo'
1870 2767 2018 2841 quod
2049 2766 2343 2822 llomerita:
2369 2763 2487 2821 Indi
2523 2763 2849 2837 legationem
2876 2758 3128 2817 miserint
3155 2756 3224 2814 ad
3249 2755 3363 2812 Ro-

1777 2874 1992 2927 manos,
2034 2864 2090 2914 et
2137 2858 2432 2928 imperator
2473 2854 2685 2911 miserit
2721 2851 3002 2908 Iulianum
3041 2847 3365 2921 magistrum

1776 2967 1902 3008 cum
1925 2950 2156 3023 epistola
2192 2948 2261 3006 ad
2284 2947 2544 3004 Aretliam
2584 2961 2766 3018 regem
2794 2943 3074 3001 Indorum.
3107 2940 3213 3010 Qui
3242 2955 3366 2998 sus-

1776 3052 1967 3116 ceptus
1987 3051 2071 3099 est
2089 3058 2215 3100 eum
2236 3039 2436 3114 gaudio
2464 3038 2636 3096 multo
2677 3036 2748 3093 ab
2776 3035 2980 3092 Aretha
3018 3050 3167 3109 rege,
3196 3047 3364 3105 appe-

1701 3148 1743 3207 c
1776 3145 1922 3192 tente
1950 3134 2215 3191 nimirum
2249 3120 2558 3189 amiciciam
2587 3126 2936 3201 imperatoris
2960 3125 3361 3183 Romanorum.

1779 3226 2083 3284 Enarrabat
2109 3234 2294 3281 autem
2332 3223 2478 3283 idem
2503 3221 2756 3278 Julianus
2785 3235 2912 3276 cum
2940 3217 3191 3285 redisset,
3219 3214 3369 3290 quod

1777 3322 1917 3378 idem
1940 3319 2145 3376 Aretha
2165 3335 2284 3386 rex,
2307 3316 2528 3389 quando
2549 3331 2675 3372 eum
2698 3311 2963 3384 suscepit,
2990 3309 3172 3368 nudus
3196 3315 3368 3377 esset,

1777 3416 1986 3471 habens
2010 3414 2064 3469 in
2086 3412 2290 3469 lumbis
2318 3411 2626 3469 cincturam
2647 3416 2702 3465 et
2720 3406 2866 3462 linea
2882 3403 3206 3461 vestimenta
3229 3417 3368 3458 auro

1776 3516 2050 3576 contexta,
2082 3507 2231 3563 circa
2277 3514 2525 3561 ventrem
2572 3518 2704 3558 vero
2734 3500 2991 3572 portabat
3046 3496 3367 3552 indumenta

1776 3599 1970 3667 scissa,
2007 3596 2321 3671 margaritis
2346 3593 2612 3669 preciosis
2633 3600 2905 3659 conserta,
2927 3588 3137 3644 habens
3159 3585 3215 3645 in
3236 3585 3365 3640 bra-

1775 3689 1914 3745 chiis
1948 3688 2149 3761 quinos
2172 3686 2410 3744 circulos
2438 3696 2493 3743 et
2526 3700 2723 3742 aureas
2753 3682 2999 3739 armillas
3025 3680 3082 3737 in
3111 3676 3367 3735 manibus

1777 3778 1913 3847 suis,
1943 3780 1998 3835 in
2021 3779 2199 3851 capite
2224 3786 2406 3835 autem
2428 3792 2668 3849 pannum
2696 3780 3054 3847 gemmatum,
3078 3768 3366 3826 habentem

1775 3888 1843 3926 ex
1884 3880 2119 3943 utroque
2146 3871 2443 3943 ligamento
2480 3869 2686 3940 plectas
2739 3874 2998 3937 quatuor,
3024 3874 3080 3919 et
3122 3863 3177 3919 in
3226 3861 3367 3918 collo

1777 3971 2027 4033 torquem
2057 3956 2317 4027 aureum;
2354 3969 2410 4016 et
2446 3958 2625 4015 stabat
2648 3973 2811 4029 super
2840 3965 3075 4027 quatuor
3106 3952 3367 4025 elephan-

1776 4060 1879 4119 tcs,
1923 4059 2132 4106 stantes
2165 4060 2219 4106 et
2250 4048 2516 4106 habentes
2542 4047 2736 4119 iugum
2789 4057 2845 4102 et
2870 4055 3022 4102 rotas
3050 4052 3284 4116 quatuor
3313 4051 3368 4097 et

1777 4159 1940 4214 super
1968 4158 2026 4198 se
2070 4130 2295 4196 currum
2336 4141 2615 4196 excelsum
2655 4138 2892 4193 velatum
2936 4137 3132 4209 pctalis
3157 4134 3365 4201 aureis,

1778 4245 2043 4306 stansque
2072 4233 2187 4305 ipse
2217 4233 2470 4306 desuper,
2499 4229 2705 4287 ferebat
2727 4238 2944 4286 scutum
2978 4226 3365 4300 parvissimum

1777 4331 2104 4387 deauratum
2126 4334 2180 4383 et
2197 4326 2335 4383 duas
2355 4322 2631 4381 lanceolas
2657 4337 2885 4388 aureas;
2921 4322 3224 4377 etsenatus
3244 4319 3366 4393 ejus

1780 4422 1961 4479 omnis
1985 4427 2103 4493 erat
2138 4435 2263 4475 cum
2301 4417 2488 4487 armis,
2523 4425 2782 4473 canentes
2819 4411 3218 4472 modulationes
3243 4428 3366 4484 mu-

1780 4514 1943 4571 sicas.
1987 4512 2336 4568 Introductus
2388 4525 2518 4582 ergo
2558 4510 2770 4582 legatus
2817 4505 3211 4574 Romanorum,
3239 4521 3365 4562 cum

1779 4607 2085 4674 adorasset,
2116 4604 2301 4677 iussus
2335 4611 2419 4660 est
2466 4602 2534 4658 ab
2563 4618 2629 4659 eo
2675 4601 2812 4674 erigi
2852 4608 2907 4657 et
2935 4598 3131 4655 adduci
3182 4598 3249 4654 ad
3283 4613 3360 4654 se.

1778 4699 1914 4756 Cum
1945 4707 2127 4754 autem
2163 4696 2465 4767 accepisset
2508 4693 2856 4767 imperatoris
2885 4707 3122 4759 sacram,
3150 4690 3366 4747 oscula-

1778 4800 1868 4848 tus
1898 4800 1982 4847 est
2036 4789 2400 4861 signaculum,
2437 4787 2585 4859 quod
2635 4785 2870 4842 habebat
2899 4783 3243 4855 imperatoris
3273 4798 3365 4853 pe-

1778 4882 2119 4949 ctusculum;
2178 4881 2449 4952 susceptis
2504 4888 2685 4935 autem
2728 4888 2782 4934 et
2802 4877 2983 4944 donis,
3029 4875 3250 4949 gavisus
3283 4884 3368 4930 est

1779 4976 1953 5033 valde.
1985 4975 2156 5030 Porro
2185 4990 2310 5029 cum
2348 4974 2570 5047 legisset
2599 4972 2908 5044 epistolam,
2940 4970 3168 5038 invenit,
3211 4978 3271 5024 ut
3307 4983 3368 5025 se

1779 5076 2018 5123 armaret
2064 5075 2256 5122 contra
2305 5081 2488 5138 regem
2532 5063 2823 5120 Persarum
2878 5070 2935 5118 et
2964 5061 3084 5133 ejus
3138 5076 3367 5134 regnum

1780 5168 2017 5215 vastaret
2071 5156 2228 5225 Quod
2269 5158 2520 5229 protinus
2556 5155 2702 5224 fecit,
2729 5166 3031 5226 tenerisque
3079 5162 3244 5226 caput
3272 5151 3368 5209 Ju—

1779 5252 1933 5319 liani,
1986 5251 2135 5305 dedit
2168 5249 2218 5304 ei
2268 5249 2419 5321 pacis
2465 5249 2737 5315 osculum,
2773 5246 3090 5319 dimisitque
3135 5262 3262 5303 eum
3310 5246 3365 5301 in

1782 5357 1978 5412 magna
2005 5340 2371 5396 benivolentia
2403 5341 2703 5412 multisque
2738 5341 3080 5398 muneribus.

1854 5431 1934 5504 (P.
2060 5450 2118 5499 ιι,
2156 5433 2206 5499 l,
2241 5431 2387 5504 sqq.)
2419 5430 2516 5487 llis
2562 5436 2899 5506 temporibus
2930 5433 3151 5502 Narses,
3184 5440 3366 5490 cal-tu-

1778 5524 1949 5580 larius
1972 5524 2244 5595 quondam
2276 5524 2625 5595 imperatoris
2647 5523 2964 5594 Iustiniani,
2984 5524 3078 5583 sed
3102 5542 3203 5597 pro
3225 5525 3367 5581 bono

1777 5622 2010 5677 servicio
2045 5619 2220 5678 factus
2249 5619 2536 5695 patricius,
2570 5619 2806 5679 Totilam
2836 5637 3021 5695 regem
3038 5619 3364 5687 Gothorum,

1388 5710 1620 5767 VARl/E
1658 5712 2061 5770 LECTIONES.

177 5797 261 5831 "”
283 5816 330 5855 c.
366 5817 412 5855 ς.
574 5804 665 5835 ¹⁰²⁸
684 5803 962 5860 Johannes
981 5836 1050 5847 -—-
1072 5804 1154 5858 l3.
1178 5812 1227 5858 et
1262 5802 1555 5884 [lucusque
1573 5804 1824 5862 -—Adam
1847 5808 2031 5863 desunt
2058 5808 2154 5873 El,
