3880 6308
461 298 563 354 787

1648 292 2050 351 EKKEIIARDI
2099 301 2566 360 UllAUGIENSIS

3629 302 3719 362 κε

458 417 856 472 auxiliantibus
879 414 1277 486 Longobardis,
1301 413 1677 468 Romanorum
1704 421 1833 467 tunc
1860 411 2052 467 amicis
2074 417 2115 472 Α
2142 414 2346 483 Grecis,
2377 416 2467 469 ubi
2505 415 2708 469 Νανδεε,
2741 421 3007 468 castram;
3038 414 3264 484 impera:
3302 422 3357 468 ει
3384 430 3480 468 ποι
3514 417 3722 471 unum

460 506 557 561 sed
590 506 770 562 adhuc
815 505 869 562 in
909 505 1189 561 Panndnia
1219 503 1436 575 positis,
1475 502 1694 570 occidit,
1727 513 2054 574 gentemque
2143 510 2353 578 premit,
2393 519 2441 562 et
2483 517 2662 562 noster
2698 507 3071 562 sanctissimus
3116 508 3361 578 princeps
3409 508 3508 561 hoc
3550 511 3722 564 nescit.

461 597 770 667 Cpthorum
792 599 858 654 de
879 598 1029 654 Italia
1053 597 1454 655 exterminavit.
1486 596 1634 652 Idem
1662 597 1828 652 etiam
1853 595 2056 653 Narses
2143 599 2250 653 Aut
2273 599 2440 653 libera
2465 615 2558 652 nos
2595 599 2659 653 de
2688 616 2850 654 manu
2879 599 3016 670 ejus,
3048 608 3142 654 aut
3175 609 3314 655 certe
3330 600 3607 655 civitatem
3631 600 3727 655 Ro-

463 694 836 750 Buccellinum
865 695 1060 751 ducem
1089 693 1454 760 Francorum,
1487 708 1518 748 a
1561 690 1900 748 Theoderico
1930 707 2057 763 rege
2158 708 2357 745 sanam
2391 701 2440 746 et
2487 700 2687 746 nosmet
2733 692 2874 762 ipsos
2909 691 3149 763 gentibus
3173 693 3473 747 trademus.
3503 693 3729 748 Audiens

461 785 696 842 missum
717 786 785 843 ad
811 785 1202 842 devastandam
1224 783 1456 850 Italiam,
1483 782 1703 850 occidit,
1725 791 1778 838 et
1799 781 2046 838 Sindoab

461 875 595 932 dum
631 893 813 949 regem
846 876 1210 945 Brendorum,
1243 876 1335 947 qui
1367 885 1706 932 remanserat
1732 874 1801 931 de
1831 889 2046 946 genera-

453 969 613 1022 'tione
650 963 1000 1033 Herulorum,
1030 981 1171 1038 quos
1208 968 1493 1022 Udoaccar
1517 965 1676 1021 duxit
1710 964 1768 1020 in
1808 964 2042 1033 Italiam,

463 1055 839 1128 apprehendit,
886 1065 941 1112 et
981 1056 1037 1111 in
1076 1058 1188 1112 alta
1212 1056 1367 1113 trabe
1415 1055 1719 1127 suspendit,
1763 1062 2046 1125 totamque

462 1148 674 1204 Italiam
709 1150 778 1206 ah
820 1150 1071 1207 hostibus
1099 1151 1324 1206 liberam
1359 1149 1610 1206 reddidit.
1641 1147 1774 1204 Erat
1793 1148 1944 1204 enim
1961 1149 2045 1204 vir

461 1241 922 1313 sapientissimus,
961 1243 1016 1298 in
1058 1243 1162 1300 ﬁde
1204 1242 1408 1300 Christi
1451 1241 1777 1310 catholicus,
1814 1240 1871 1296 in
1903 1257 2042 1312 pau-

459 1351 619 1405 peres
647 1335 852 1408 largus,
880 1347 1232 1408 recuperator
1255 1335 1648 1402 :ecclesiarum,
1678 1335 1734 1389 in
1762 1334 1962 1406 vigiliis
1990 1342 2046 1390 et

456 1427 800 1485 orationibus
829 1429 1109 1497 assiduus,
1141 1430 1197 1484 in
1229 1437 1445 1484 tantum
1468 1435 1527 1483 ut
1553 1425 1837 1482 victoriam
1867 1425 2043 1496 magis

455 1519 730 1575 obtineret
774 1521 1026 1578 oratione
1069 1537 1236 1592 quam
1264 1521 1454 1576 armis.
1498 1517 1674 1590 Hujus
1706 1518 2044 1589 temporibus

455 1609 600 1666 facta
627 1620 712 1667 est
739 1628 937 1683 magna
967 1613 1274 1669 mortalitas
1306 1613 1362 1668 in
1393 1611 1567 1678 Italia,
1594 1610 1862 1681 incipiens
1890 1627 1922 1666 a
1952 1609 2044 1664 Li-

454 1702 635 1772 guria,
675 1703 752 1758 ita
794 1713 855 1758 ut
886 1720 1025 1774 pene
1054 1704 1440 1761 destitueretur
1464 1703 1868 1760 habitatoribus
1895 1711 2043 1758 terra

2146 782 2250 838 hoc
2273 780 2502 851 Narses,
2548 782 2779 854 scripsit
2802 781 2871 837 ad
2911 793 3237 855 augustum,
3257 782 3458 839 dicens
3483 803 3497 837 :
3524 782 3585 838 Si
3604 786 3729 840 uie

2146 870 2246 940 [cci
2266 870 2684 938 cumRomanis,
2722 871 2860 927 male
2889 872 3177 928 inveniam.
3217 871 3326 929 Sed
3363 882 3637 945 augustas
3661 875 3730 930 ira

2145 971 2328 1018 motus
2360 962 2624 1019 adversus
2667 961 2974 1030 Narsetem,
3020 963 3340 1036 Longinum
3385 966 3580 1021 statim
3611 981 3724 1036 pre-

2145 1051 2347 1110 fectum
2372 1054 2522 1110 misit
2552 1054 2607 1109 in
2632 1052 2875 1123 Italiam,
2893 1055 2990 1126 qui
3013 1056 3195 1112 locum
3227 1055 3486 1113 Narsetis
3523 1067 3731 1114 teneret.

2147 1143 2366 1218 Sophya
2413 1163 2631 1218 quoque
2666 1157 2904 1218 augusta
2937 1148 3078 1205 inter
3123 1150 3230 1204 alia
3275 1150 3452 1206 verba
3486 1149 3733 1207 Romanis

2144 1238 2226 1293 sic
2264 1238 2483 1308 scripsit
2506 1239 2574 1294 de
2602 1255 2668 1294 eo
2692 1257 2710 1293 :
2733 1238 2939 1294 Ponam
2973 1241 3127 1295 illum
3159 1251 3470 1295 castratum
3517 1244 3575 1296 in
3607 1245 3733 1313 geni—

2145 1331 2226 1384 cio
2267 1329 2380 1398 ¹⁰¹⁶,
2425 1341 2482 1385 ut
2509 1347 2821 1402 perpensum
2855 1332 2968 1402 ﬁlet
3018 1333 3202 1389 lanam
3247 1351 3372 1388 cum
3401 1334 3623 1405 puellis.
3664 1335 3732 1390 Ad

2143 1421 2262 1478 haec
2285 1421 2487 1479 Narses
2506 1423 2821 1494 respondit:
2844 1422 3028 1480 Talem
3048 1426 3218 1482 eidem
3243 1427 3438 1480 ordiar
3463 1427 3644 1494 telam,
3665 1439 3732 1492 ut,

2143 1515 2398 1586 quamdiu
2445 1516 2636 1570 vixerit
2674 1516 2793 1588 ipsa
2846 1515 3082 1590 Sophga,
3132 1535 3240 1573 non
3285 1519 3468 1590 possit
3504 1519 3735 1590 deponere

2143 1624 2286 1663 eam.
2315 1607 2382 1663 Et
2406 1608 2536 1680 quia
2582 1609 2766 1665 timuit
2806 1610 2990 1666 redire
3024 1611 3601 1682 Constantinopolim,
3623 1627 3734 1667 cen-

2144 1699 2271 1755 tulit
2317 1715 2377 1756 se
2421 1698 2730 1772 Neapolim,
2764 1712 2818 1759 et
2847 1704 3231 1774 presentaliter
3271 1705 3494 1775 legatos
3528 1721 3655 1760 suos
3678 1706 3738 1761 ad

457 1763 569 1850 illa.
599 1793 743 1851 Inter
766 1763 1160 1853 haec-mortuus
1187 1806 1270 1854 est
1289 1796 1658 1864 Justinianus,
1690 1805 1744 1851 et
1774 1796 2040 1852 successit
2070 1763 2114 1822 Β
2141 1763 2743 1862 ιοηεοὶιπὰοέωίεὶι,
2793 1763 3000 1865 eo-sqle
3043 1795 3101 1849 in
3145 1763 3366 1850 Italiam
3422 1795 3733 1862 introduxit.

454 1883 727 1943 Justinus.
786 1885 988 1946 Narses
1045 1898 1227 1946 autem
1277 1889 1542 1961 patricius
1599 1905 1749 1957 cum,
1785 1899 2040 1960 superata

457 1986 618 2047 gente
647 1979 970 2047 Gothorum,
1013 1981 1222 2038 Italiam
1258 1998 1490 2038 securus
1515 1982 1630 2053 jam
1675 1990 1902 2050 teneret,
1936 1982 2044 2038 Ro-

459 2070 606 2126 mani
640 2087 734 2142 per
765 2073 1024 2128 invidiam
1063 2075 1476 2130 accusationem
1515 2075 1780 2131 adversus
1801 2089 1928 2130 eum
1959 2073 2045 2130 di-

459 2171 720 2219 rexerunt
767 2162 986 2220 Iustino
1036 2174 1274 2236 augusto
1319 2175 1374 2222 et
1421 2164 1660 2236 Sephite,
1713 2183 1874 2222 uxori
1905 2167 2053 2236 ejus,

457 2251 701 2312 dicentes
735 2275 748 2311 :
781 2255 973 2311 Melius
1013 2268 1148 2312 esset
1206 2258 1353 2312 nobis
1403 2259 1597 2313 servire
1651 2257 1834 2314 Gothis
1892 2276 2053 2332 quam

2143 1882 2316 1956 Cujus
2345 1885 2438 1917 ‘°"
2467 1885 2646 1958 gentis
2671 1887 2966 1944 adventum
3008 1888 3066 1942 in
3108 1887 3323 1944 Italiam
3358 1896 3421 1944 et
3456 1890 3732 1945 habitatio-

2145 1992 2272 2032 nem
2300 1976 2422 2048 ejus
2445 1977 2498 2032 in
2529 1993 2594 2033 ea
2625 1995 2804 2050 usque
2828 1981 2886 2035 in
2917 1996 3144 2050 presens
3168 1989 3231 2036 ut
3256 1983 3521 2052 apertius
3551 1983 3734 2038 descri-

2145 2068 2363 2136 bamus,
2389 2070 2457 2126 de
2485 2071 2699 2142 origine
2725 2071 2846 2142 ejus
2877 2088 3179 2145 regumque
3209 2075 3365 2132 illius
3395 2078 3735 2133 successione

2151 2160 2335 2233 aliqua
2366 2161 2457 2217 hic
2482 2162 2714 2234 carptim
2742 2163 3075 2221 inseramus.

1503 2395 1916 2458 HYSTORIA
1960 2395 2708 2460 LONGOBARDORUM.

531 2514 614 2586 (P.
646 2512 709 2570 ι).
758 2532 796 2583 ι,
848 2516 899 2584 l,
949 2517 1098 2588 sqq.)
1135 2517 1590 2588 Septentrionalis
1616 2519 1795 2591 plaga,
1842 2529 2050 2590 quanto

457 2608 677 2680 longius
696 2617 781 2664 est
799 2609 869 2664 ab
897 2610 1094 2666 ardore
1124 2609 1258 2666 solis
1286 2617 1341 2666 et
1371 2609 1567 2681 frigida
1596 2610 1664 2666 d‘e
1689 2610 1928 2666 assiduis
1959 2610 2046 2665 ni-

456 2700 641 2768 vihus,
676 2709 830 2757 tanto
857 2701 1109 2759 saniores
1137 2703 1392 2758 homines
1435 2717 1652 2774 semper
1686 2703 1851 2760 habet
1895 2711 1947 2759 et
1985 2719 2051 2759 eo

458 2799 637 2870 aptior
663 2798 836 2855 estad
861 2799 1303 2872 multiplicandas
1324 2808 1532 2872 gentes.
1549 2798 1704 2856 Unde
1722 2799 1876 2868 ﬁt,ut
1900 2809 2050 2855 tanta

459 2889 756 2946 multitudo
781 2891 1113 2962 populorum
1146 2891 1202 2947 in
1227 2907 1291 2947 ea
1323 2899 1478 2963 parte
1518 2900 1798 2961 nascatur,
1828 2907 1951 2964 quae
1977 2891 2050 2947 ibi

460 2985 644 3042 vivere
676 3001 788 3041 non
824 2984 1022 3057 possit,
1053 2986 1149 3042 sed
1197 2985 1254 3040 in
1296 2994 1510 3057 partem
1560 2985 1922 3042 meridianam
1961 2985 2052 3040 alii

459 3077 649 3148 precio
671 3078 996 3146 vendantur,
1021 3078 1115 3134 alii
1136 3085 1330 3149 sponte
1349 3077 1716 3150 egrediantur.
1741 3075 1863 3145 Qua
1882 3077 1948 3133 de
1974 3093 2051 3144 re,

462 3179 524 3226 ut
546 3169 602 3225 in
628 3170 872 3243 hystoria
901 3170 1206 3228 Gothorum
1253 3170 1460 3226 dictum
1502 3179 1608 3239 est,
1645 3171 1830 3227 multae
1867 3180 2056 3244 gentes

461 3278 532 3318 ex
577 3262 783 3319 eisdem
827 3263 1076 3334 partibus
1104 3261 1380 3331 exierunt,
1403 3262 1588 3330 Gothi,
1616 3263 1854 3334 Gepidze,
1888 3261 2053 3335 Rugi,

464 3348 742 3420 Wandali,
788 3350 996 3420 Heruli,
1043 3350 1367 3423 Turcili'ngi,
1417 3349 1582 3418 Huni,
1613 3353 1787 3423 quiet
1825 3352 2054 3423 Avares,

463 3441 720 3498 similiter
762 3453 818 3499 et
865 3443 1082 3512 Winili,
1108 3443 1202 3515 qui
1248 3451 1304 3500 et
1349 3441 1717 3514 Longobardi.
1748 3443 1844 3501 Est
1875 3445 2058 3517 itaque

463 3533 645 3590 insula
680 3535 929 3606 quaedam
968 3535 1024 3591 in
1070 3536 1320 3607 partibus
1348 3536 1790 3606 septentrionalis
1811 3538 2052 3604 occeani,

463 3625 611 3682 dicta
634 3624 1013 3682 Scandanavia
1044 3627 1134 3682 vel
1155 3624 1410 3694 Scanzia,
1441 3641 1584 3698 quae,
1632 3635 1692 3683 ut
1720 3627 1946 3698 quidam
1973 3628 2058 3684 di-

464 3727 620 3786 cunt,
653 3734 763 3774 non
795 3726 880 3775 est
909 3719 964 3774 in
1011 3733 1218 3776 oceano
1243 3719 1441 3790 posita,
1493 3718 1592 3774 sed
1627 3728 1848 3791 propter
1875 3709 2055 3790 plani-

465 3810 607 3867 ciem
633 3810 758 3882 ejus
777 3811 937 3867 undae
959 3811 1130 3867 maris
1165 3819 1517 3868 exestuantes
1544 3811 1890 3867 circumdant
1909 3827 2051 3867 eam.

465 3901 528 3959 In
557 3904 661 3959 hac
688 3918 819 3974 ergo
847 3904 977 3959 dum
1011 3904 1218 3961 multus
1241 3903 1476 3976 populus
1499 3903 1854 3972 excrevisset,
1887 3903 1962 3959 ita
1997 3913 2058 3960 ut

469 3995 525 4050 in
550 3996 612 4052 ea
645 3995 894 4051 habitare
919 4011 1029 4052 non
1061 4003 1267 4066 posset,
1305 3995 1536 4051 consilio
1568 3994 1663 4026 ¹⁰¹⁸
1685 3994 1840 4059 inito,
1871 3994 2056 4050 multi-

468 4088 601 4144 tudo
640 4088 730 4144 illa
758 4089 939 4144 omnis
960 4089 1014 4143 in
1055 4096 1166 4144 tres
1191 4096 1374 4160 partes
1399 4096 1484 4144 est
1516 4087 1713 4154 divisa,
1745 4086 2053 4159 quesitum-

466 4197 574 4253 que
603 4190 688 4238 est
715 4199 811 4253 per
853 4182 1019 4238 sortis
1058 4181 1472 4249 divinationem,
1519 4195 1644 4252 quae
1669 4196 1800 4252 pars
1833 4196 1899 4236 ex
1947 4180 2055 4236 illis
2084 4203 2136 4266 ι)

466 4274 700 4344 patriam
733 4275 1041 4346 relinquere
1086 4289 1362 4346 novasque
1410 4273 1568 4331 sedes
1617 4273 1839 4329 deberet
1865 4272 2058 4343 exqui-

467 4382 609 4432 rere.
639 4365 812 4438 Igitur
840 4367 932 4422 illa
959 4383 1109 4438 pars,
1146 4383 1311 4439 quam
1356 4382 1478 4424 sors
1515 4365 1743 4438 jubebat
1774 4365 1946 4432 exire,
1969 4380 2058 4419 or-

465 4458 680 4515 dinavit
698 4474 864 4530 super
899 4475 958 4515 se
978 4459 1146 4516 duces
1171 4457 1370 4516 fratres
1393 4459 1553 4526 duos,
1578 4457 1704 4514 lbor
1726 4465 1782 4512 et
1804 4455 2057 4523 Aionem,

466 4558 628 4607 tetate
644 4549 877 4621 juvenes
899 4560 954 4607 et
973 4566 1199 4622 corpore
1219 4551 1344 4607 aliis
1367 4550 1604 4623 majores
1626 4559 1683 4606 et
1707 4549 2056 4618 valentiores,

467 4660 708 4716 quorum
747 4653 921 4701 mater
963 4645 1235 4702 Gambara
1273 4655 1390 4702 erat
1415 4645 1818 4716 sapientissima
1851 4653 1907 4701 et
1934 4660 2061 4700 con-

468 4737 702 4796 siliatrix
728 4738 958 4810 optima,
983 4738 1050 4794 de
1082 4737 1240 4810 cujus
1269 4739 1560 4809 prudentia
1603 4755 1857 4812 magnam
1889 4739 2061 4795 confi-

469 4831 711 4888 dentiam
730 4847 925 4888 omnes
947 4831 1238 4887 habebant.
1264 4829 1591 4888 Osculantes
1615 4829 1784 4902 igitur
1809 4839 2062 4902 parentes

470 4931 527 4978 et
565 4923 795 4992 amicos,
819 4924 899 4980 ire
947 4932 1250 4995 coeperunt,
1273 4923 1666 4994 venientesque
1703 4923 2060 4994 inregionem

475 5013 820 5088 Scoringam,
869 5016 1180 5088 aliquantus
1210 5031 1386 5071 annos
1411 5015 1486 5070 ibi
1509 5016 1786 5071 sederunt.
1831 5015 1926 5070 Illo
1956 5015 2061 5070 ita-

464 5123 584 5180 que
626 5117 869 5179 tempore
915 5109 1105 5165 Ambri
1151 5117 1207 5164 et
1235 5109 1384 5176 Assi,
1443 5108 1610 5165 duces
1644 5108 2067 5174 Wandalorum,

474 5199 691 5257 fortiter
711 5202 1030 5271 premebant
1057 5200 1266 5258 vicinas
1287 5201 1389 5257 sibi
1422 5201 1695 5273 regiones,
1722 5210 1777 5256 et
1801 5217 1926 5256 cum
1949 5201 2062 5270 jam

475 5291 845 5364 gloriarentur
877 5291 944 5346 de
985 5291 1172 5348 multis
1203 5291 1472 5360 victoriis,
1521 5292 1920 5349 mandaverunt
1942 5291 2062 5346 Wi-

403 5409 427 5469 ις
477 5383 628 5440 nulis
656 5385 770 5451 ¹⁰⁸⁹,
801 5383 895 5454 qui
924 5393 977 5439 et
999 5383 1369 5454 Longobardi,
1403 5395 1463 5441 ut
1484 5393 1580 5442 aut
1605 5385 1812 5441 tributa
1835 5385 1941 5441 illis
1967 5385 2066 5441 da-

475 5485 619 5546 rent,
662 5485 760 5533 aut
810 5477 879 5532 ad
912 5493 1152 5549 pugnam
1201 5493 1262 5534 se
1289 5487 1661 5550 prepararent.
1690 5477 1846 5535 Tunc
1871 5477 1994 5535 lbor
2011 5488 2066 5534 et

2151 2520 2255 2575 Aio
2290 2535 2388 2590 per
2411 2519 2706 2576 consilium
2730 2519 2923 2577 matris
2945 2536 3059 2578 suae
3078 2523 3372 2581 G’ambarae
3400 2525 3732 2596 deﬁnierunt,

2153 2611 2350 2668 melius
2386 2611 2489 2668 sibi
2517 2627 2660 2680 esse,
2689 2622 2785 2669 aut
2811 2615 3104 2687 pugnando
3130 2617 3270 2672 mori
3307 2627 3412 2675 aut
3463 2636 3564 2692 per
3603 2637 3729 2677 ama

2151 2701 2387 2770 defendi,
2418 2719 2584 2773 quam
2615 2704 2836 2762 tributis
2865 2707 3096 2778 turpiter
3123 2709 3286 2765 subdi
3321 2753 3337 2778 ,
3371 2713 3730 2784 miseruntque

2155 2794 2360 2865 legatos
2412 2793 2720 2863 Waudalis,
2769 2812 2830 2853 se
2876 2807 3100 2868 paratos
3137 2815 3261 2856 esse
3290 2802 3361 2857 ad
3397 2805 3731 2876 pugnandum

2157 2886 2331 2957 magis
2359 2902 2525 2956 quam
2554 2887 2620 2942 ad
2651 2889 3016 2946 serviendum.
3036 2891 3352 2950 Commisso
3384 2912 3527 2952 vero
3553 2896 3731 2968 pra-lio,

2156 2977 2346 3033 Winili
2376 2978 2469 3014 ¹⁰³⁰
2497 2994 2598 3050 pro
2627 2980 2896 3038 libertatis
2936 2983 3107 3055 gloria
3156 2983 3380 3041 fortiter
3430 2997 3732 3060 pugnantes,

2155 3065 2441 3122 victoriam
2483 3067 2812 3138 habuerunt,
2865 3071 2962 3127 sed
3002 3081 3192 3143 postea
3237 3072 3456 3131 famem
3507 3093 3734 3150 magnam

2157 3156 2306 3226 passi
2351 3157 2408 3212 in
2435 3158 2624 3214 eadem
2654 3161 2938 3231 provincia
2969 3163 3258 3237 Scoringa,
3289 3168 3460 3224 valde
3491 3169 3733 3224 humiliati

2158 3261 2304 3306 sunt.
2337 3249 2415 3306 De
2460 3267 2570 3322 qua
2617 3262 2902 3322 exeuntes,
2953 3266 3222 3312 venerunt
3263 3258 3320 3312 in
3383 3259 3730 3334 Mauringali,

2158 3342 2391 3414 indeque
2419 3343 2548 3399 item
2578 3344 2634 3400 in
2663 3344 3033 3402 Godolandam
3064 3349 3440 3420 provinciam,
3472 3364 3527 3408 et
3553 3352 3624 3410 ibi
3646 3354 3732 3408 ali-

2158 3451 2364 3513 quanto
2396 3451 2636 3514 tempore
2676 3454 2963 3502 steterunt.
3001 3445 3233 3503 Mortuis
3281 3449 3506 3508 interea
3549 3450 3660 3508 Iber
3687 3467 3733 3506 Ci

2156 3533 2330 3591 Aione
2373 3535 2631 3605 ducibus,
2679 3536 3028 3609 Longobardi
3069 3538 3184 3610 jam
3243 3540 3510 3598 nolentes
3562 3542 3737 3597 habere

2157 3627 2326 3684 duces
2353 3644 2517 3700 super
2543 3644 2623 3697 se,
2667 3628 3068 3702 Agelmundum
3115 3647 3303 3702 regem
3353 3634 3467 3689 sibi
3521 3634 3728 3706 primum

2157 3719 2563 3774 constituerunt
2609 3721 2676 3774 ad
2731 3720 3148 3776 similitudinem
3203 3723 3450 3778 aliarum
3494 3726 3730 3796 gentium,

2157 3810 2253 3880 qui
2281 3811 2529 3882 regnavit
2556 3827 2720 3883 super
2765 3828 2862 3869 eos
2905 3813 3066 3869 annis
3093 3815 3184 3870 55.
3219 3814 3351 3871 Fuit
3378 3826 3574 3873 autem
3601 3817 3722 3888 Agel-

2159 3902 2399 3958 mundus
2445 3902 2591 3959 ﬁlius
2636 3902 2848 3971 Aionis,
2877 3905 2946 3960 de
2973 3903 3611 3978 gente'I‘huringorum,
3638 3923 3730 3978 qn:

2158 4009 2292 4065 gens
2322 3994 2466 4065 apud
2494 4010 2591 4052 eos
2620 3995 2816 4052 melior
2843 4005 2899 4051 et
2941 3995 3136 4053 fortior
3164 4013 3291 4053 esse
3319 3999 3628 4055 dicebatur.
3654 3996 3728 4052 llis

2159 4086 2493 4156 temporibus
2529 4087 2778 4158 quazdam
2809 4090 3070 4145 meretrix
3115 4089 3172 4144 in
3201 4106 3317 4146 uno
3354 4103 3524 4162 partu
3555 4102 3732 4163 septem

2160 4175 2304 4232 filios
2331 4177 2630 4248 generavit,
2662 4178 2919 4250 ultraque
2944 4179 3178 4236 bestiam
3208 4182 3480 4250 crudelis,
3514 4184 3568 4238 in
3596 4181 3730 4254 pisci-

2160 4286 2286 4325 nam
2335 4285 2430 4326 eos
2470 4270 2715 4341 jactavit.
2767 4271 2943 4338 Quam
2982 4272 3250 4343 piscinam
3293 4291 3425 4330 cum
3482 4277 3730 4347 predicws

2158 4361 2532 4434 Agelmundus
2588 4362 2724 4419 forte
2779 4364 3105 4434 preteriret,
3160 4366 3356 4422 videns
3416 4368 3729 4430 infantulos,

2159 4454 2354 4522 doluit,
2389 4456 2713 4527 hastamque
2742 4457 2992 4524 mittens,
3017 4472 3116 4512 eos
3145 4457 3256 4514 huc
3295 4459 3544 4531 illucque
3570 4460 3726 4516 volvit.

2160 4548 2404 4615 Quorum
2453 4565 2599 4606 unus
2641 4566 2767 4606 cum
2823 4551 3277 4622 apprehendisset
3325 4554 3548 4611 hastam
3589 4556 3726 4626 rqis,

2161 4642 2537 4699 misericordia
2567 4653 2750 4699 motus
2781 4659 2898 4711 rex,
2937 4645 3137 4700 levavit
3183 4661 3310 4700 eum
3352 4647 3428 4703 de
3477 4663 3630 4719 aqua,
3655 4646 3724 4699 di-

2161 4752 2292 4792 cens
2327 4754 2338 4789 :
2375 4735 2514 4802 Quia
2551 4736 2652 4791 iste
2700 4749 2922 4807 magnus
2953 4737 3167 4807 futurus
3217 4749 3319 4793 est.
3353 4738 3424 4795 Et
3453 4757 3576 4796 cum
3602 4736 3725 4795 omni

2162 4830 2343 4887 studio
2371 4829 2518 4886 dedit
2543 4845 2672 4885 eum
2699 4829 2769 4884 ad
2798 4829 3172 4885 nutriendum.
3225 4830 3294 4887 Et
3338 4834 3477 4903 quia
3522 4850 3638 4889 eum
3672 4829 3724 4884 de

2161 4921 2374 4992 piscina
2403 4921 2620 4990 levavit,
2649 4936 2953 4992 eorumque
2979 4922 3165 4993 lingua
3191 4939 3335 4993 aqua
3366 4925 3516 4980 lama
3534 4926 3723 4986 dicitur,

2162 5011 2414 5068 Lamisso
2459 5012 2510 5068 ei
2553 5028 2754 5068 nomen
2794 5013 3077 5083 imposuit.
3128 5011 3233 5080 Qui
3282 5029 3416 5069 cum
3465 5017 3722 5077 crevisset,

2163 5103 2342 5161 factus
2365 5114 2450 5161 est
2477 5104 2817 5161 fortissimus
2839 5113 3112 5177 pugnatur
3129 5114 3184 5160 et
3211 5105 3666 5175 sapientissimus,
3683 5113 3726 5156 et

2163 5206 2288 5268 post
2314 5197 2716 5268 Agelmundum
2753 5197 2870 5268 ipse
2897 5197 3163 5269 regnavit.
3186 5196 3462 5254 Defuncto
3491 5208 3608 5270 post
3631 5199 3724 5252 hac

2165 5289 2486 5347 Lamissone
2530 5305 2657 5363 rege
2710 5289 2977 5356 secundo,
3005 5290 3208 5346 tercius
3245 5293 3499 5363 regnavit
3527 5291 3720 5346 Lethes.

2165 5384 2269 5452 Qui
2325 5400 2454 5440 cum
2499 5393 2755 5456 regnaret
2782 5383 2944 5440 annis
2972 5382 3063 5450 ιο,
3093 5383 3267 5438 lilium
3297 5398 3464 5438 suum
3493 5382 3723 5439 Childeoc

2165 5484 2424 5548 quartum
2468 5492 2648 5547 regem
2698 5475 2952 5547 reliquit;
2983 5483 3042 5530 ct
3065 5474 3171 5532 hoc
3195 5473 3478 5543 defuncto,
3509 5472 3720 5546 regnavit

1765 5568 1996 5624 VABIIE
2037 5567 2436 5625 LECTIONES.

555 5663 649 5694 '°"’
671 5662 738 5718 de
761 5660 1085 5735 genetioglb.

483 5734 572 5766 ¹⁰²ε⁵
599 5736 674 5789 ita
710 5731 784 5790 ις
836 5734 926 5766 ¹⁶³⁰
956 5731 1014 5791 ili
1037 5748 1062 5786 ε
1092 5747 1228 5786 (σιτ.
1262 5733 1309 5788 l.

1187 5660 1278 5734 “’7
1315 5659 1543 5734 Sequens
1575 5660 1794 5716 historia
1822 5661 1962 5715 deest
1991 5659 2085 5715 El.
2127 5661 2390 5716 omittitur
2411 5659 2570 5714 etiam
2600 5659 2652 5715 ’5.

2769 5658 2862 5693 ¹⁰¹⁸
2887 5667 3008 5714 ante
3037 5672 3086 5727 c,
3119 5657 3428 5715 vocabulum
3455 5671 3641 5713 erasum
3665 5652 3699 5707 Ι.

2582 5832 2619 5844 ,ο
2659 5828 2705 5842 0--
2731 5827 2779 5842 οἱ·
2798 5831 2813 5842 r
