3880 6308
89 364 168 423 789
894 356 1263 418 GHRONICA.
1303 394 1377 404 —
1410 358 1801 419 CHRONICON
1837 361 2296 421 UNIVERSALE.

3184 368 3287 424 790

83 477 278 538 Godeac.
317 470 432 541 Quo
472 478 706 540 mortua,
756 470 902 529 ﬁlius
947 473 1070 544 ejus
1116 472 1327 545 Calpho
1354 474 1603 545 regnavit
1631 475 1676 537 Α
1703 474 1834 530 dum
1862 475 2088 532 brachia
2109 475 2543 544 extenderent,c,
2561 475 2790 532 ndeliter
2818 476 2887 533 ab
2915 444 3177 535 hostibus
3195 495 3305 541 cc-.

81 578 249 629 sextus.
295 565 359 623 Et
398 565 503 622 ista
547 574 788 633 mortuo,
838 565 1089 637 regnavit
1133 566 1400 637 septimus
1429 563 1599 621 Tado.

81 663 182 718 Post
202 661 305 715 haec
329 657 526 730 egressi
552 655 898 730 Langobardi
940 657 1007 714 de
1038 657 1315 730 Rugilant,
1345 674 1468 730 qua:
1495 657 1603 713 La-

78 756 170 811 tino
189 750 386 829 eloquio
433 748 712 821 [iugorum
740 748 918 820 patria
965 748 1189 816 dicitur,
1220 748 1606 805 habitaverunt

74 849 119 903 in
141 844 315 917 apertis
341 841 565 913 campis,
595 840 690 913 qui
728 856 982 897 sermone
1009 840 1300 898 barbarico
1328 839 1605 912 appellan-

74 949 144 995 tur
163 936 260 993 felt.
290 933 347 991 ln
374 949 483 1007 qua
508 934 631 990 loco
672 933 804 990 dum
844 948 942 1005 per
980 942 1091 990 tres
1135 948 1313 990 annos
1356 933 1602 990 habitas-

70 1039 182 1097 seut,
208 1044 375 1100 pugna
402 1027 641 1085 surrexit
669 1026 813 1083 inter
841 1024 1122 1083 Tadonem
1170 1035 1225 1083 et
1269 1025 1604 1083 Ruodolfum

72 1139 215 1196 regem
256 1120 598 1187 Hcruiorum,
632 1119 727 1191 qui
756 1118 912 1191 prius
939 1119 1104 1177 amici
1132 1117 1385 1189 fuerunt;
1416 1128 1470 1176 et
1496 1119 1605 1176 hoc

70 1216 149 1272 fuit
170 1200 375 1284 malum,
417 1212 561 1270 unde
590 1214 648 1269 in
675 1228 773 1270 eos
806 1211 1077 1270 discordia
1125 1212 1368 1270 intravit.
1412 1211 1605 1268 Frater

70 1306 273 1364 linadolﬁ
295 1304 435 1379 regis
454 1321 556 1378 pro
583 1320 751 1363 causa
772 1306 925 1377 pacis
953 1305 1021 1362 ad
1046 1304 1326 1362 Tadonem
1355 1313 1600 1375 venerat,

67 1409 108 1456 et
127 1413 230 1453 cum
255 1397 319 1454 ad
344 1412 498 1455 suam
528 1396 763 1469 patriam
792 1397 989 1454 reverti
1009 1397 1193 1466 vellet,
1223 1408 1351 1454 ante
1378 1398 1601 1454 domum

68 1489 384 1558 llumetrude,
412 1488 540 1546 ﬁlia:
569 1488 736 1562 regis,
785 1488 1027 1546 transiit.
1074 1488 1173 1546 llla
1199 1505 1331 1547 vero
1360 1506 1487 1547 cum
1516 1490 1600 1547 vi-

65 1582 183 1637 deret
203 1582 391 1646 multos
417 1580 571 1639 viros
597 1581 812 1639 nobiles
840 1580 921 1638 ire
950 1597 1078 1639 cum
1105 1597 1193 1650 eo,
1223 1582 1599 1657 interrogavit,

48 1670 163 1742 quis
185 1680 333 1741 esset,
361 1672 680 1744 dictumque
719 1681 805 1729 est
844 1671 946 1742 illi,
975 1674 1123 1746 quod
1151 1673 1322 1731 frater
1350 1674 1600 1733 Ruodolﬁ

68 1764 178 1836 tegis
201 1764 397 1823 fuisset.
427 1764 588 1822 Tunc
615 1766 713 1823 illa
740 1765 893 1824 misit
918 1768 1179 1840 puellam,
1209 1784 1334 1840 qua:
1358 1784 1486 1825 eum
1514 1769 1599 1824 in-

67 1858 236 1928 vitaret,
255 1867 312 1915 ut
335 1857 658 1932 dignaretur
676 1875 802 1918 cum
824 1877 891 1918 ea
918 1860 1124 1918 bibere.
1140 1860 1246 1930 Qui
1276 1870 1336 1918 ut
1363 1861 1470 1918 hoc
1497 1877 1599 1918 au-

67 1950 186 2019 divit,
204 1967 315 2007 eum
344 1952 582 2025 simplici
612 1954 780 2011 corde
808 1955 979 2013 venit.
1013 1953 1122 2013 Sed
1161 1955 1288 2027 quia
1326 1955 1602 2013 modicam

69 2051 286 2100 staturam
311 2044 568 2115 habebat,
594 2048 777 2119 puella
805 2048 1041 2120 superba
1068 2056 1124 2105 et
1153 2048 1392 2121 gloriosa
1420 2048 1602 2121 despi-

68 2136 207 2193 ciebat
228 2153 343 2194 eum
365 2148 418 2195 et
443 2139 751 2197 deridebat.
784 2139 880 2197 llle
907 2149 1091 2197 autem
1137 2141 1299 2197 talem
1337 2156 1602 2198 verecun-

68 2228 182 2285 diam
216 2247 317 2289 non
355 2233 678 2302 sustinens,
721 2234 959 2306 amplius
998 2250 1121 2291 eam
1164 2235 1464 2307 injuriavit.
1506 2234 1601 2291 Illa

71 2332 169 2374 vero
197 2335 409 2379 accensa
436 2322 523 2379 ira
552 2321 812 2392 feminea,
868 2324 1096 2393 malum,
1128 2325 1274 2396 quod
1315 2324 1371 2380 in
1421 2334 1602 2383 mente

70 2423 357 2485 conceperat,
405 2416 723 2489 complevit.
763 2416 950 2473 Finxit
984 2417 1131 2474 enim
1174 2433 1235 2475 se
1263 2435 1358 2491 per
1385 2419 1601 2491 patien-

71 2501 172 2558 tiam
202 2506 361 2564 laetam
402 2523 553 2577 esse,
600 2516 657 2565 et
700 2508 942 2566 invitans
990 2526 1119 2567 eum
1160 2510 1230 2567 ad
1278 2494 1598 2582 sedendum,

70 2594 168 2651 fecit
185 2613 295 2655 cum
322 2599 376 2655 in
404 2601 500 2657 tali
534 2601 658 2658 loco
694 2602 905 2670 sedere,
934 2602 1031 2660 ubi
1061 2602 1304 2661 fenestra
1333 2614 1451 2660 erat
1476 2614 1603 2676 post

67 2689 247 2747 dorsum
294 2692 428 2766 ejus,
473 2703 536 2751 et
582 2709 653 2751 ne
681 2693 770 2751 ille
798 2694 1040 2766 aliquam
1070 2696 1442 2769 suspicionem
1471 2698 1602 2754 mali

70 2791 216 2851 posset
237 2784 446 2854 habere,
474 2803 727 2859 pannum
764 2787 1240 2859 preciasissimnm
1267 2799 1393 2847 ante
1422 2789 1603 2849 fenes-

71 2880 178 2931 tram
199 2875 348 2947 jussit
380 2879 628 2948 tendere,
661 2879 909 2950 dixitque
935 2881 1121 2953 pueris
1152 2882 1290 2950 suis,
1322 2892 1384 2939 ut
1411 2883 1466 2938 itt
1493 2900 1602 2955 qua

71 2965 174 3024 liora
195 2967 403 3027 diceret:
422 2970 615 3040 Misce,
665 2972 745 3027 illi
767 2986 896 3028 eum
930 2989 962 3029 a
990 2973 1155 3031 darsa
1184 2975 1392 3033 lanceis
1421 2985 1603 3035 trans-

71 3058 279 3119 forarent.
334 3062 542 3137 Sicque
593 3063 799 3122 factum
837 3075 941 3122 est.
983 3065 1142 3136 Quod
1168 3084 1294 3125 cum
1327 3068 1602 3128 Ruodolfo

1704 566 2357 641 debantur.Longobardi
2386 567 2571 640 itaque
2586 569 2825 627 victores
2854 568 3289 643 eﬁ‘ecti,predam
3327 596 3331 601 ·

1705 672 1958 731 magnam
1989 659 2131 716 inter
2159 674 2220 716 se
2246 660 2582 729 diviserunt;
2614 660 2764 718 Tado
2793 677 2921 718 vero
2955 645 3221 720 vexillum.
3234 673 3290 720 et

1704 751 1914 822 galeam
1943 751 2195 808 Ruodolﬁ
2225 752 2370 825 regis
2398 753 2630 824 accepit,
2660 770 2827 826 quam
2856 763 3046 826 postea
3076 771 3292 826 semper

1706 842 1762 898 in
1789 842 1932 899 bella
1958 844 2214 915 portavit.
2246 843 2326 899 Ex
2354 844 2449 901 illo
2476 854 2722 916 tempore
2764 843 3091 902 Herulornm
3112 845 3290 903 virtus

1705 935 1787 992 sic
1835 935 2119 993 humiliata
2147 945 2254 1006 est,
2285 945 2349 993 ut
2392 951 2556 1009 super
2592 952 2651 993 se
2695 953 2877 1009 regem
2914 936 3149 1010 amplius
3176 954 3287 994 non
3379 976 3385 985 .

1704 1027 1996 1097 haberent;
2044 1028 2394 1101 Langobardi
2438 1043 2567 1085 vero
2612 1045 2680 1086 ex
2723 1028 2830 1086 ltoc
2876 1030 3076 1088 divites
3125 1029 3283 1098 facti,

1704 1129 1990 1193 coeperunt
2033 1120 2102 1178 de
2145 1120 2369 1194 propria
2417 1121 2698 1177 voluntate
2734 1137 2945 1194 pugnas
2979 1131 3213 1193 querere
3234 1132 3288 1178 et

1703 1211 1934 1284 gloriam
1975 1211 2343 1284 virtutemque
2377 1227 2536 1270 suam
2569 1211 2772 1285 ubique
2808 1213 3118 1269 extendere.
3158 1212 3290 1270 Post

1703 1302 1823 1361 haec
1870 1301 2022 1361 Tado
2049 1304 2115 1362 de
2143 1319 2245 1361 sua
2273 1303 2505 1361 victoria
2531 1319 2644 1359 non
2672 1303 2907 1360 multum
2933 1304 3146 1363 laetatus
3173 1314 3287 1373 est;

1704 1412 1833 1453 nam
1860 1396 2023 1454 irruit
2050 1413 2216 1470 super
2253 1411 2380 1454 eum
2407 1394 2641 1465 Wacba,
2670 1395 2817 1453 ﬁlius
2856 1395 3045 1453 fratris
3073 1396 3161 1453 sui
3183 1396 3290 1453 Zu-

1702 1490 1960 1560 ehilonis,
1981 1499 2037 1547 et
2078 1490 2280 1548 accidit
2326 1505 2475 1547 eum.
2523 1486 2681 1546 Tunc
2716 1485 2976 1562 Hildegis,
3008 1487 3154 1546 ﬁlius
3182 1486 3289 1544 Ta-

1702 1582 1884 1653 donis,
1914 1583 2175 1655 pugnavit
2201 1582 2466 1640 adversus
2492 1580 2857 1651 Wachonem,
2881 1582 2978 1640 sed
3004 1581 3137 1639 vicit
3162 1598 3288 1638 eum

1704 1674 1935 1732 Waeho.
1973 1673 2080 1743 Qui
2122 1673 2263 1747 fugit
2281 1674 2349 1731 ad
2382 1673 2646 1745 Gepidos,
2686 1681 2741 1730 et
2767 1672 2845 1730 ibi
2899 1681 3153 1731 mortuus
3180 1682 3286 1730 est.

1703 1768 1811 1825 Pro
1838 1785 1948 1842 qua
1977 1783 2145 1825 causa
2171 1767 2519 1840 Langobardi
2549 1783 2678 1824 cum
2713 1765 2937 1839 Gepidis
2965 1783 3033 1824 ex
3060 1783 3126 1823 ea
3156 1775 3293 1822 tem-

1702 1878 1836 1936 pore
1891 1860 2164 1918 inimicias
2217 1859 2547 1917 habuerunt.
2593 1858 2795 1917 Habuit
2850 1868 3033 1916 autem
3080 1857 3294 1915 Waclto

1703 1972 1904 2014 uxores
1926 1964 2059 2024 tres,
2083 1953 2317 2027 primam
2347 1952 2754 2026 Ranigundam,
2778 1953 2945 2009 tiliam
2976 1953 3120 2025 regis
3142 1951 3295 2007 Thu-

1704 2051 1987 2124 ringorum
2004 2067 2019 2118 ;
2042 2047 2238 2107 deinde
2261 2047 2388 2104 tulit
2403 2045 2805 2119 Austrigasam,
2831 2045 2997 2101 ﬁliam
3029 2044 3173 2116 regis
3185 2042 3293 2100 Ge-

1703 2144 1980 2216 pidarum,
2012 2143 2080 2200 de
2103 2157 2215 2215 qua
2261 2140 2390 2199 fecit
2429 2140 2569 2197 duas
2603 2139 2745 2197 ﬁlias
2778 2158 2791 2194 :
2823 2154 3022 2196 nomen
3051 2138 3148 2194 uni
3185 2135 3296 2192 Wi-

1704 2234 1973 2307 selgarda,
1997 2249 2165 2307 quam
2200 2231 2610 2290 Theodebertus
2655 2247 2753 2288 rex
2787 2228 3128 2286 Francorum
3170 2227 3296 2286 tulit

1704 2342 1956 2397 uxorem,
1996 2326 2165 2383 altera
2203 2326 2351 2383 dicta
2398 2334 2484 2383 est
2529 2322 2868 2393 Walterada,
2899 2339 3067 2396 quam
3095 2322 3292 2378 iterum

1705 2420 1830 2477 tulit
1865 2435 2094 2477 uxorem
2148 2418 2535 2476 Chusabaldus
2576 2433 2673 2475 rex
2722 2416 3086 2485 Francorum,
3124 2433 3293 2488 quam

1703 2514 1832 2571 odio
1859 2513 2091 2582 habens,
2120 2512 2269 2569 dedit
2295 2511 2393 2568 uni
2420 2510 2489 2567 de
2518 2511 2658 2578 suis,
2687 2509 2783 2581 qui
2811 2509 3097 2566 dicebatur
3125 2507 3290 2564 Cari-

1702 2607 1850 2677 bald,
1879 2606 1936 2663 in
1964 2605 2304 2678 conjugium.
2329 2602 2585 2660 Terciam
2614 2618 2840 2659 uxorem
2862 2601 3058 2657 habuit
3078 2598 3294 2655 Wacho

1705 2699 2005 2771 Salingam,
2042 2697 2214 2754 ﬁliam
2267 2695 2414 2768 regis
2464 2691 2821 2760 Herulorum,
2860 2692 2926 2747 de
2967 2707 3077 2762 qua
3130 2697 3295 2744 natus

1702 2800 1788 2848 est
1818 2788 2107 2856 Waltbari,
2135 2788 2232 2860 qui
2255 2797 2411 2860 patre
2437 2795 2660 2843 mortuo
2694 2799 2860 2855 super
2898 2780 3293 2854 Langobardos

1701 2880 1952 2953 regnavit
1974 2886 2220 2936 octavus.
2245 2876 2341 2935 Isti
2365 2892 2558 2935 omnes
2578 2873 2783 2947 Litingi
2812 2872 3054 2938 fuerunt,
3072 2871 3140 2927 de
3157 2886 3297 2943 qua-

1702 2972 1830 3029 dam
1880 2972 2071 3043 stirpe,
2118 2986 2242 3042 quae
2288 2968 2638 3028 nobilissima
2685 2965 2969 3023 dicebatur
2996 2962 3141 3035 apud
3172 2977 3290 3017 eos.

1703 3063 1973 3121 Waltbari
2013 3062 2265 3135 regnavit
2310 3060 2473 3117 annis
2520 3060 2574 3128 7,
2626 3071 2681 3116 et
2732 3065 2988 3114 mortuus
3030 3062 3135 3112 est.
3166 3053 3299 3111 Post

69 3152 154 3224 regi
177 3156 469 3214 nunciatum
512 3166 683 3227 esset,
713 3158 883 3216 nimis
930 3158 1106 3217 iratus
1133 3161 1199 3217 de
1225 3169 1338 3217 tam
1385 3161 1601 3221 funesta
1629 3176 1675 3239 ο
1705 3171 1870 3228 quem
1898 3154 2146 3228 regnat!“
2170 3167 2353 3210 1101108
2382 3151 2621 3220 Αυάοὶῐι,
2648 3151 2744 3223 qui
2769 3158 2897 3223 post
2916 3164 3029 3205 ηοιι
3059 3147 3299 3204 mnuum

70 3255 203 3304 morte
226 3248 398 3308 fratris
418 3251 788 3326 sui,disrupit
806 3256 1005 3326 pacem
1019 3270 1204 3325 ,quam
1229 3270 1355 3312 cum
1378 3255 1604 3314 Tadone

70 3351 164 3410 rege
186 3341 374 3413 habuit,
410 3355 465 3402 et
512 3345 567 3401 ei
605 3361 845 3419 pugnam
892 3340 1110 3403 indixit.
1150 3346 1399 3421 Cumque
1428 3352 1605 3408 venis-

69 3441 160 3487 sent
196 3437 352 3494 amba:
393 3449 583 3511 partes
636 3439 690 3495 in
740 3455 995 3513 campum
1047 3449 1316 3512 apertum,
1371 3441 1611 3500 Buodolf

68 3537 170 3580 suos
190 3530 449 3588 mandavit
475 3531 552 3588 ad
581 3547 845 3605 pugnam,
877 3532 995 3604 ipse
1021 3549 1154 3588 vero
1183 3533 1237 3588 in
1270 3535 1507 3591 tentorio
1528 3552 1610 3593 se-

68 3613 483 3691 dens,jocabatur
524 3624 595 3680 ad
647 3624 912 3693 tabulam,
948 3640 1059 3681 non
1097 3625 1356 3683 dubitans
1400 3627 1608 3699 aliquid

66 3706 118 3764 de
138 3726 219 3768 sua
243 3714 479 3773 victoria.
500 3716 654 3773 Gens
681 3716 827 3773 enim
840 3715 1167 3775 [ferularum
1199 3708 1432 3776 multum
1448 3720 1609 3778 docta

66 3809 156 3857 erat
177 3809 455 3879 pugnandi,
503 3818 563 3864 et
603 3817 664 3865 ut
710 3809 859 3867 leves
895 3820 1079 3868 essent
1120 3811 1187 3868 ad
1229 3813 1605 3885 pugnandum,

65 3903 217 3952 omnes
234 3899 357 3955 nudi
380 3900 726 3973 pugnabant,
758 3901 1107 3959 solummodo
1136 3904 1373 3959 verenda
1401 3919 1604 3979 corpo-

69 3983 126 4040 ris
147 3991 362 4049 inentbra
388 3980 792 4066 coaperientes.
837 3993 948 4051 Rex
973 4010 1105 4051 vero
1137 3995 1514 4053 indubitanter
1542 3997 1611 4052 de

67 4074 310 4140 virtutibus
333 4099 531 4142 eorum
559 4084 865 4153 conﬁdens,
883 4101 1134 4154 securus,
1159 4096 1221 4143 ut
1247 4086 1510 4155 diximus,
1541 4088 1610 4144 ad

68 4168 264 4230 tabulam
282 4176 786 4248 jocabatur,unum
815 4187 999 4235 tamen
1028 4180 1097 4237 de
1126 4181 1245 4237 suis
1273 4182 1329 4237 in
1351 4183 1609 4239 arborem

63 4259 194 4326 iussit
214 4271 526 4338 ascendere,
539 4271 637 4343 qui
659 4270 709 4328 ei
736 4271 1025 4328 victoriam
1049 4287 1277 4328 suarum
1300 4273 1609 4344 nunciaret,

69 4357 344 4419 P'omittens
375 4362 450 4431 ei,
495 4376 560 4419 se
606 4372 774 4435 caput
815 4362 937 4436 ejus
965 4364 1268 4433 abscidere,
1298 4366 1346 4422 si
1375 4365 1610 4426 Herulos

67 4457 169 4504 suos
209 4454 489 4512 nunciaret
519 4453 728 4528 fugere.
762 4454 870 4513 Sed
899 4456 989 4514 ille
1015 4473 1143 4514 cum
1169 4458 1380 4515 videret
1404 4473 1502 4516 eos
1529 4458 1611 4515 fu-

1707 3259 1923 3326 tempus
1951 3246 2348 3321 Langobardos
2384 3246 2442 3301 in
2468 3244 2812 3300 Pannoniam
2840 3240 3164 3299 introduxit.
3195 3238 3298 3296 Hic

1707 3344 1900 3400 habuit
1947 3356 2175 3399 uxorem
2205 3338 2588 3407 Rodelindam,
2619 3352 2743 3410 quae
2769 3336 2982 3408 peperit
3021 3334 3074 3391 ei
3118 3333 3298 3390 ﬁlium

1706 3435 1928 3504 Alboin,
1977 3433 2074 3506 qui
2121 3432 2224 3488 fuit
2272 3430 2430 3489 fortis
2457 3439 2514 3488 et
2544 3439 2765 3487 astutus
2793 3429 2848 3484 in
2875 3427 3156 3484 omnibus.
3189 3424 3298 3482 Gc-

1707 3527 1851 3599 pidis
1873 3527 2041 3599 igitur
2058 3540 2185 3582 cum
2207 3522 2590 3598 Longobardis
2612 3522 2789 3578 rixam
2815 3519 3166 3586 facientibus,
3197 3535 3300 3589 pu-

1709 3637 1872 3693 gnam
1904 3620 2009 3677 sibi
2036 3619 2213 3677 ambte
2239 3626 2426 3690 partes
2447 3623 2760 3688 preparant.
2785 3612 3095 3670 Commisso
3112 3611 3302 3682 itaque

1710 3712 1903 3786 prelio,
1937 3716 2070 3769 dum
2119 3711 2295 3767 ambae
2324 3716 2507 3782 partes
2552 3705 2767 3764 fortiter
2804 3710 3113 3778 pugnarent
3146 3710 3201 3758 et
3239 3702 3298 3756 in

1710 3807 1920 3862 nullam
1941 3813 2152 3877 partem
2203 3812 2355 3876 terga
2383 3808 2682 3867 verterent,
2723 3797 2952 3871 contigit
2992 3802 3054 3851 ut
3084 3793 3140 3849 in
3174 3792 3295 3864 ipsa

1710 3913 1893 3972 pugna
1920 3895 2139 3963 Alboin,
2167 3894 2315 3951 ﬁlius
2342 3892 2583 3959 Audoin,
2613 3899 2668 3947 et
2688 3885 3116 3952 Thurismodus,
3146 3881 3294 3938 ﬁlius

1711 3987 2031 4047 Thurisindi
2046 3985 2568 4058 regis‘Gepidorum,
2593 3982 2700 4040 sibi
2715 3980 2950 4037 invicem
2975 3976 3293 4052 obviarent;

1712 4090 1808 4147 sed
1831 4087 2026 4146 Alboin
2048 4084 2480 4141 Thurismodum
2505 4091 2661 4154 spata
2685 4078 3021 4153 percutiens,
3050 4077 3119 4134 de
3143 4088 3291 4147 equo

1710 4174 1933 4252 dejecit;
1979 4186 2035 4236 et
2079 4177 2161 4235 sic
2202 4183 2457 4232 mortuus
2501 4182 2603 4230 est.
2655 4169 2848 4243 Gepidi
2886 4185 3020 4225 vero
3050 4167 3305 4223 videntes.

1710 4272 1885 4329 ﬁlium
1906 4271 2050 4344 regis
2078 4277 2382 4336 mortuum,
2419 4267 2478 4323 in
2512 4282 2624 4339 qua
2653 4279 2908 4337 magnam
2939 4259 3214 4318 habebant
3235 4259 3307 4313 ιιι

1709 4358 1963 4433 duciam,
2016 4363 2204 4421 statim
2246 4361 2537 4435 fugerunt;
2587 4356 2937 4430 Langobardi
2979 4362 3163 4411 autem
3211 4365 3301 4407 se-

1711 4465 1942 4529 quentes
1962 4456 2085 4513 illas
2114 4454 2330 4512 fortiter
2357 4459 2631 4519 sternunt,
2680 4447 2976 4519 multisque
3002 4462 3069 4503 ex
3103 4445 3184 4502 eis
3205 4456 3301 4501 oc-

68 4550 165 4605 Bere
185 4551 234 4598 et
256 4543 648 4619 Langobardos
677 4545 894 4604 fortiter
921 4548 1149 4617 instare,
1181 4548 1554 4622 interrogatus
1581 4568 1614 4607 a
1648 4542 1693 4598 D
1717 4546 1868 4615 cisis,
1898 4546 1967 4602 ad
1993 4545 2168 4619 spolia
2211 4551 2524 4601 recurrunt.
2565 4541 2748 4598 Finita
2782 4537 3034 4604 victoria,
3082 4535 3299 4607 Longo-

64 4644 179 4703 rege,
204 4639 326 4708 quid
365 4639 561 4698 Heruli
602 4639 864 4710 facerent,
907 4642 1193 4714 respondit
1222 4661 1236 4698 :
1270 4642 1481 4716 Optime
1516 4663 1612 4718 pu-

63 4736 210 4790 Wnt.
235 4728 341 4789 Nec
370 4748 544 4792 ausus
577 4732 684 4790 fuit
709 4742 870 4791 antea
910 4734 1095 4792 dicere
1118 4735 1325 4793 malum
1354 4738 1502 4810 quod
1524 4739 1611 4795 vi-

60 4813 208 4889 debat,
247 4839 410 4895 quam
452 4841 650 4884 omnes
692 4822 882 4883 Heruli
921 4835 1074 4898 terga
1114 4828 1419 4885 vertebant.
1453 4829 1611 4888 Tune

60 4914 272 4976 quamvis
296 4919 449 4975 tarde
490 4933 681 4993 vocem
731 4918 936 4986 emisit,
963 4918 1195 4977 dicens:
1235 4919 1325 4977 Va:
1348 4922 1467 4990 tibi,
1499 4923 1605 4976 mi-

57 5014 151 5056 sera
194 5003 426 5075 Herolia,
458 5009 559 5065 Dei
588 5007 816 5065 caelestis
862 5010 948 5065 ira
978 5026 1250 5081 percussa.
1302 5009 1609 5069 Ruodolfus

57 5106 163 5151 vero
194 5098 295 5156 hoc
329 5103 583 5171 audiens,
613 5111 925 5161 commotus
963 5104 1042 5160 ait
1067 5122 1081 5159 :
1104 5101 1363 5159 Forsitan
1416 5103 1615 5160 Heruli

57 5188 139 5241 mei
164 5190 382 5263 fugiunt.
427 5193 525 5251 Ille
550 5195 691 5252 dixit
722 5214 737 5251 :
771 5194 889 5251 Hoc
924 5213 1031 5252 non
1066 5213 1183 5269 ego,
1221 5213 1314 5252 sea
1364 5208 1445 5264 tu,
1495 5212 1608 5264 rex,

56 5276 233 5337 dixisti.
265 5283 442 5355 Tunc,
472 5296 534 5344 ut
562 5286 617 5343 in
668 5287 868 5345 talibus
896 5287 1017 5344 ﬁeri
1058 5288 1217 5355 solet,
1263 5303 1359 5343 rex
1402 5287 1519 5358 ipse
1556 5295 1613 5343 et

56 5383 218 5433 omnes
243 5378 336 5450 qui
361 5395 493 5437 cum
519 5395 586 5439 eo
613 5390 772 5437 erant
815 5380 1044 5450 turbati,
1086 5380 1219 5451 quid
1266 5386 1492 5451 agerent
1519 5393 1613 5434 ne-

57 5464 291 5525 sciebant.
321 5470 671 5545 Longobardi
692 5487 825 5529 vero
852 5470 1322 5542 supervenientes,
1348 5484 1532 5541 regem
1559 5476 1617 5525 et

58 5565 221 5614 omnes
245 5559 337 5631 qui
362 5576 494 5618 cum
512 5578 578 5619 eo
596 5576 754 5619 erant
780 5560 1461 5619 occiderunt.llerulorum
1485 5576 1615 5617 vero

58 5648 301 5708 exercitus
327 5652 461 5708 dum
491 5653 598 5711 huc
623 5661 681 5711 et
708 5653 837 5709 illuc
866 5652 1095 5725 fugeret,
1116 5661 1267 5709 tanta
1283 5653 1365 5708 ira
1393 5652 1460 5708 de
1482 5652 1615 5708 caelo

59 5750 201 5809 super
240 5758 332 5803 eos
372 5746 542 5815 venit,
572 5754 634 5804 ut
670 5745 897 5802 frutices
933 5744 1135 5802 virides
1183 5745 1241 5801 in
1283 5760 1480 5817 campo
1529 5745 1614 5801 vi-

56 5828 245 5905 dentes,
276 5854 449 5911 aquas
477 5854 594 5897 esse
619 5848 894 5915 putarent,
920 5848 971 5899 et
994 5839 1124 5898 dum
1147 5839 1304 5915 quasi
1336 5840 1403 5901 ad
1425 5849 1617 5899 natan-

1717 4638 1873 4696 bardi
1901 4637 1970 4694 ad
1996 4654 2096 4695 sua
2138 4637 2259 4694 loca
2290 4653 2419 4694 cum
2458 4636 2721 4703 redirent,
2755 4638 3084 4704 rogaverunt
3117 4641 3305 4698 regem.

1715 4732 1953 4800 Audoin,
1980 4738 2041 4786 ut
2070 4732 2243 4787 ﬁlium
2280 4745 2445 4787 suum
2479 4728 2677 4785 Albain
2714 4740 2903 4784 secum
2942 4723 3012 4780 ad
3048 4736 3300 4778 mensam

1715 4822 2053 4893 permitteret
2097 4821 2287 4879 sedere
2305 4829 2360 4877 et
2403 4820 2691 4891 prandere,
2715 4833 2782 4874 eo
2836 4814 2985 4887 quod
3030 4826 3126 4885 per
3170 4827 3298 4866 eunt

1714 4913 2003 4969 victoriam
2062 4911 2370 4980 haberent,
2440 4917 2503 4966 ut
2557 4909 2704 4965 sicut
2758 4906 2901 4978 patri
2959 4918 3062 4962 suo
3116 4900 3303 4960 socius

1714 5003 1819 5061 fuit
1864 5005 1918 5060 in
1945 5004 2220 5076 periculo,
2253 5004 2328 5059 ita
2352 5010 2497 5060 esset
2524 5010 2578 5058 et
2607 5002 2664 5057 in
2695 4998 2965 5057 convivio.
3003 4994 3110 5051 Sed
3139 5000 3301 5066 pater

1709 5096 1831 5169 ejus
1851 5096 2071 5153 Audoin
2099 5095 2384 5168 respondit
2409 5095 2493 5151 eis
2519 5113 2533 5150 :
2568 5092 2684 5148 Hoc
2713 5093 2885 5162 facere
2916 5104 3017 5144 non
3049 5101 3262 5159 passum
3284 5126 3300 5151 ,

1708 5200 1768 5247 ut
1796 5206 2040 5261 rumpam
2063 5190 2410 5244 constitutam
2439 5187 2603 5259 legem
2625 5183 2793 5258 gentis
2820 5190 3037 5237 nostra.
3080 5176 3180 5233 Vos
3205 5176 3307 5231 sci-

1712 5284 1815 5349 tis,
1863 5281 2025 5336 tatem
2080 5278 2513 5336 consuetudinem
2565 5275 2709 5348 apud
2751 5290 2842 5329 nos
2875 5288 3019 5340 esse,
3055 5279 3111 5324 ut
3153 5266 3302 5339 ﬁlius

1712 5373 1849 5445 regis
1879 5389 2001 5426 cum
2035 5380 2188 5443 patre
2213 5386 2309 5425 sua
2333 5377 2456 5424 ante
2486 5383 2590 5422 non
2618 5364 2907 5437 prandeat,
2938 5375 3098 5434 quam
3121 5357 3185 5411 ab
3206 5372 3301 5410 cx-

1719 5475 1899 5521 traneo
1956 5480 2073 5537 rege
2121 5479 2275 5518 arma
2312 5460 2554 5531 recipiat.
2581 5456 2779 5514 Alboin
2808 5464 2870 5510 ut
2895 5455 3002 5509 hoc
3028 5447 3239 5506 audivit
3269 5463 3302 5501 a

1717 5565 1871 5631 patre
1896 5599 1910 5625 ,
1939 5556 2064 5612 tulit
2106 5570 2292 5611 secum
2319 5552 2388 5608 40
2410 5552 2641 5623 juvenes
2659 5592 2675 5617 ,
2705 5558 2760 5605 et
2784 5544 3019 5619 perrexit
3046 5541 3116 5597 ad
3142 5538 3299 5594 Tltu~

1716 5650 1987 5708 risindum
2033 5663 2243 5720 regem,
2274 5661 2396 5701 cum
2429 5658 2541 5715 quo
2578 5649 2735 5698 antea
2767 5635 3062 5711 pugnavit,
3109 5641 3164 5689 et
3207 5642 3308 5698 pro

1721 5760 1831 5817 qua
1870 5758 2035 5800 causa
2070 5740 2340 5806 venisset,
2382 5737 2432 5792 ei
2477 5733 2755 5791 indicavit.
2792 5730 2906 5787 Rex
2938 5738 3121 5788 autem
3162 5729 3302 5784 bene

1724 5836 1971 5912 suscepit
2013 5849 2169 5912 eum,
2205 5840 2257 5894 ct
2292 5827 2541 5893 invitavit
2591 5825 2658 5886 ad
2693 5821 2979 5898 prandium
3001 5864 3016 5895 ,
3071 5819 3310 5895 fecitque
