3880 6308
601 271 700 328 791

1785 286 2184 347 EKKEllARDI
2224 293 2695 355 URAUGIENSIS
3652 321 3715 380 79!

599 400 733 442 eum
765 386 956 445 sedere
975 390 1047 447 ad
1073 387 1351 449 dexteram
1381 409 1537 451 suam
1558 439 1573 464 ,
1604 397 1697 453 ubi
1726 399 1874 455 ﬁlius
1899 402 2020 472 ejus
2043 402 2194 459 'I‘bu-
2221 414 2269 473 Α
2298 408 2522 465 nomine
2549 412 2696 484 regis
2732 412 2817 468 sui
2851 414 3060 470 Avaz'es
3090 424 3212 472 sunt
3239 419 3480 492 appellati;
3501 425 3715 492 deindein;

598 477 882 537 rismodus
903 483 1093 539 sedere
1125 487 1442 556 consuevit,
1481 503 1646 560 quem
1672 490 1870 548 Alboin
1897 493 2186 552 interfecit.

597 569 899 645 Postquam
948 583 1131 634 autem
1157 578 1274 649 jam
1300 580 1409 636 laati
1453 579 1582 639 facti
1623 594 1793 654 sunt,
1825 586 2197 646 'l'burisindus

596 678 695 720 rex
742 665 931 723 videns
985 669 1393 729 interfectorem
1444 674 1542 730 ﬁlii
1599 677 1686 733 sui
1733 679 1923 736 sedere
1965 682 2023 738 in
2068 684 2191 738 loco

594 757 748 829 ejus,
777 758 887 815 alta
918 762 1085 818 traxit
1118 764 1355 836 suspiria
1374 809 1389 835 ,
1423 778 1478 825 et
1520 769 1771 829 dolorem
1810 789 1974 846 quem
2001 776 2193 834 habuit

592 848 652 903 in
681 850 846 907 corde
878 854 1122 924 aperuit,
1154 857 1343 915 dicens
1376 879 1392 916 :
1421 861 1686 920 Amabilis
1719 875 1801 922 est
1836 868 1996 924 michi
2039 870 2188 926 locus

591 944 694 996 iste
711 985 725 1010 ,
753 944 847 999 sed
868 962 1095 1017 persona
1115 992 1130 1017 ,
1173 967 1293 1022 qua:
1321 953 1398 1007 ibi
1420 955 1597 1025 sedet,
1623 958 1852 1015 multum
1877 961 2038 1017 michi
2062 979 2188 1034 gra-

592 1036 671 1089 vis
697 1045 777 1091 est
806 1037 877 1092 ad
911 1040 1213 1099 videndum.
1249 1043 1404 1103 Tunc
1438 1048 1575 1105 alter
1610 1051 1761 1107 ﬁlius
1786 1053 1933 1126 regis
1958 1055 2188 1113 audiens

593 1144 878 1187 sermones
927 1134 1101 1203 patris
1123 1177 1139 1202 ,
1189 1137 1270 1193 ira
1318 1154 1621 1200 succensus
1650 1153 1767 1212 est,
1790 1153 1846 1202 et
1872 1144 2190 1218 Langobar-

592 1221 694 1277 dos
730 1222 897 1279 nimis
935 1225 1201 1298 injuriare
1238 1232 1437 1302 cmpit,
1464 1244 1519 1291 et
1563 1236 1692 1307 quia
1737 1236 1997 1296 fasciolas
2030 1240 2184 1297 albas

591 1306 867 1370 habebant
902 1316 955 1373 in
980 1321 1265 1390 cruribus,
1296 1306 1719 1396 deridebateos,
1743 1330 1930 1388 dicens
1959 1351 1974 1388 :
2003 1332 2188 1389 Tibias.

591 1403 745 1462 albas
780 1407 985 1465 habetis
1012 1429 1176 1484 usque
1206 1416 1276 1470 ad
1302 1419 1487 1488 pedes,
1516 1430 1567 1475 et
1590 1422 1791 1479 similes
1820 1426 1949 1481 estis
1964 1426 2181 1496 jumen-

592 1499 664 1553 tis
686 1501 853 1559 variis
888 1513 938 1559 et
965 1505 1124 1576 [tetas
1148 1509 1492 1580 facientibus.
1520 1513 1675 1571 Tunc
1699 1532 1843 1574 unus
1881 1518 1948 1575 de
1968 1518 2187 1593 Longo-

588 1590 781 1649 bardis
817 1594 898 1654 sic
932 1596 1011 1652 illi
1049 1603 1333 1672 respondit
1364 1623 1377 1660 :
1403 1603 1572 1678 Perge
1605 1608 1663 1663 in
1691 1626 1936 1681 campum
1964 1614 2053 1684 qui
2091 1590 2184 1669 uo-

592 1694 751 1739 catur
790 1686 992 1759 Asfett,
1025 1702 1079 1748 et
1117 1693 1194 1750 ibi
1237 1695 1352 1753 sine
1391 1699 1552 1755 dubio
1591 1717 1898 1775 cognoscere
1947 1708 2179 1776 poteris,

591 1872 855 1938 quomodo
888 1890 1107 1945 possunt
1138 1880 1457 1950 calcitrare;
1493 1886 1569 1941 ibi
1614 1889 1755 1942 enim
1787 1890 2017 1947 invenies
2060 1910 2183 1949 ossa

593 1961 785 2028 fratris
828 1968 906 2021 tui
933 1970 1202 2041 dispersa,
1237 1978 1390 2046 quasi
1420 1978 1484 2032 de
1516 1979 1609 2034 vili
1637 1980 1880 2051 jumcnte
1917 1985 1972 2039 in
1996 1986 2182 2043 mediis

590 2057 784 2141 pratis.
810 2057 997 2132 Gepidi
1026 2063 1142 2122 hate
1179 2068 1497 2139 audientes,
1538 2083 1597 2128 et
1618 2074 2013 2145 turpitudinem
2060 2087 2185 2135 tan-

593 2155 705 2204 tam
743 2166 853 2206 non
889 2155 1243 2226 sustinentes,
1296 2161 1461 2219 nimis
1503 2164 1628 2222 irati
1677 2176 1839 2236 sunt,
1875 2180 1930 2226 et
1965 2172 2033 2228 de
2067 2169 2191 2228 tani

591 2242 883 2301 manifesta
924 2246 1128 2319 injuria
1176 2267 1237 2308 sc
1275 2252 1551 2313 vindicare
1585 2259 1891 2322 voluerunt.
1942 2261 2183 2321 Econtra

593 2331 939 2430 Longobardi
970 2341 1038 2397 ad
1069 2358 1307 2415 pugnam
1341 2362 1400 2403 se
1422 2363 1779 2421 preparantes
1802 2396 1819 2422 ,
1851 2371 2044 2414 omnes
2082 2374 2180 2430 ap-

590 2422 997 2492 preltenderunt
1037 2431 1265 2502 gladios.
1310 2435 1421 2493 Rex
1458 2456 1585 2497 vero
1627 2458 1860 2516 surgens
1884 2462 1915 2502 a
1953 2463 2176 2515 mensa,

589 2516 647 2572 in
684 2520 923 2577 medium
969 2524 1187 2583 illorum
1220 2545 1280 2585 se
1332 2532 1511 2601 misit,
1543 2546 1597 2591 et
1652 2554 1786 2594 suos
1808 2540 1875 2596 ab
1903 2541 1983 2597 ira
2023 2558 2181 2599 com-

587 2612 802 2680 pescuit
822 2655 838 2681 ,
860 2613 1090 2685 jurans,
1114 2635 1172 2675 se
1196 2620 1350 2677 illum
1387 2626 1637 2684 occidere
1662 2671 1677 2694 ,
1707 2629 1803 2701 qui
1839 2631 2052 2702 primus
2079 2649 2180 2688 au-

584 2704 742 2762 deret
764 2722 1002 2780 pugnant
1035 2715 1396 2775 committere.
1426 2719 1570 2778 Dixit
1595 2723 1742 2779 enim
1783 2745 1795 2780 :
1829 2725 1952 2782 Non
1978 2739 2055 2784 est
2081 2730 2180 2785 illa

585 2800 813 2856 rictoria
837 2819 869 2856 a
896 2802 1004 2859 Deo
1027 2806 1260 2880 placita,
1296 2829 1413 2866 cum
1434 2816 1553 2886 quis
1577 2816 1630 2871 in
1650 2818 1807 2873 domo
1833 2823 2051 2892 propria
2073 2822 2179 2878 ini-

586 2894 784 2949 micum
806 2912 961 2952 suum
993 2900 1046 2954 in
1069 2918 1198 2970 pace
1221 2919 1518 2978 susceptum
1541 2912 1816 2968 occiderit.
1850 2912 1915 2970 Et
1936 2915 2017 2972 sic
2048 2932 2178 2987 pace

585 2986 731 3043 inter
749 3003 846 3046 eos
875 2989 1052 3060 facta,
1091 2996 1285 3054 iterum
1318 3000 1409 3056 leti
1436 3004 1748 3065 convivium
1773 3007 1980 3065 ineunt.
2005 3009 2175 3066 Com-

586 3080 732 3148 pleto
755 3084 1023 3155 convivio,
1049 3088 1420 3152 Thurisindus
1447 3112 1538 3152 rex
1568 3099 1764 3157 tollens
1788 3116 1942 3158 arma
1973 3102 2068 3158 ﬁlii
2088 3104 2175 3159 sui

2293 498 2360 553 ad
2395 504 2747 572 pugnandum
2770 520 2896 562 eum
2926 505 3166 579 Gepidis.
3189 509 3287 566 Sed
3305 527 3415 569 cum
3435 515 3580 588 (lepidi
3597 537 3713 584 contra

2293 591 2488 648 Alhoin
2525 596 2844 669 pergerent,
2896 599 3106 657 Avares
3152 604 3325 660 statim
3352 607 3402 663 in
3425 618 3714 675 tetrantorum

2292 686 2656 759 intraverunt,
2685 691 2831 748 sicut
2852 709 2980 750 cum
3012 694 3208 752 Alboin
3221 699 3717 767 constituet-antliam

2291 792 2459 835 causa
2500 795 2628 837 cum
2672 782 2847 840 tristis
2886 786 3123 843 nuncius
3170 790 3366 846 veniret
3402 794 3460 849 ad
3486 794 3713 857 Chunimun

2291 869 2421 925 dum
2443 914 2461 940 ,
2496 871 2586 929 ille
2628 874 2799 932 nimis
2835 876 3104 946 aﬁlictus,
3143 881 3455 953 crepitet-are
3478 902 3579 945 suos
3600 894 3716 964 apti»

2292 977 2444 1018 mum
2474 980 2600 1022 cum
2636 965 3021 1040 Longobardis
3043 984 3337 1044 pugnarent
3357 986 3405 1032 et
3430 988 3578 1048 postea
3601 986 3647 1039 ad
3664 986 3715 1043 dc-
3780 1016 3781 1053 ξ

2291 1051 2577 1124 pellendos
2614 1057 2824 1116 Avares
2863 1062 3204 1132 repedarent.
3254 1064 3381 1123 Inito
3414 1079 3559 1127 autem
3579 1077 3717 1145 pralh.

2289 1143 2489 1202 Alboin
2530 1148 2734 1206 occidit
2775 1150 3263 1222 Chunimundum,
3312 1168 3363 1213 ct
3401 1160 3459 1216 de
3492 1143 3621 1233 capite
3650 1169 3718 1234 ei...
3780 1188 3781 1234 γ

2289 1247 2478 1307 postea
2514 1239 2646 1297 fecit
2680 1246 2983 1317 scyphum,
3033 1247 3130 1319 qui
3177 1248 3363 1305 dicitur
3380 1254 3717 1325 apudeossala,

2290 1330 2433 1401 apud
2474 1330 2701 1391 Latinos
2748 1343 2936 1406 patera
2959 1379 2975 1405 ,
3023 1346 3079 1394 et
3110 1338 3275 1396 ﬁliam
3307 1342 3414 1412 ejus
3442 1342 3717 1403 Romulidae
3780 1336 3781 1412 l

2289 1435 2416 1474 cum
2459 1437 2658 1494 magna
2691 1425 3047 1485 multitudine
3089 1428 3328 1486 virorum
3360 1448 3418 1489 ac
3440 1434 3653 1492 mulierum
3667 1454 3715 1493 se.

2287 1528 2413 1567 cum
2440 1514 2667 1572 abduxit
2696 1518 2988 1589 captivam.
3023 1520 3216 1594 Gepidi
3241 1523 3379 1580 enim
3397 1526 3468 1582 sic
3485 1536 3584 1583 sunt
3604 1528 3717 1595 deleti.
3780 1526 3781 1529 “

2286 1612 2349 1659 ut
2368 1604 2437 1660 ab
2469 1604 2562 1660 illo
2599 1615 2840 1679 tempore
2856 1609 2975 1682 jam
3000 1611 3069 1667 dc
3102 1613 3219 1670 suis
3239 1629 3407 1686 regem
3430 1631 3522 1673 non
3542 1617 3717 1674 baberent
3780 1610 3781 1685 ἢ

2287 1692 2357 1751 Ut
2380 1706 2564 1753 autem
2595 1709 2812 1758 mortua
2841 1710 2926 1758 est
2960 1701 3317 1761 Glothsuinda
3344 1708 3532 1780 regina,
3554 1709 3707 1766 ﬁliiﬁlii
3780 1708 3781 1775 ἢ

590 1777 774 1845 quales
802 1791 924 1836 sunt
956 1783 1048 1839 isti
1076 1802 1205 1857 quos
1240 1797 1301 1843 tu
1308 1789 1569 1860 jumentis
1599 1794 1801 1850 similes
1825 1812 1937 1852 esse
1957 1798 2175 1869 dixisti,

2286 1788 2453 1844 tharii
2477 1832 2492 1856 ,
2534 1788 2731 1847 Alboin
2767 1794 2835 1849 ad
2867 1793 3150 1852 interitum
3198 1813 3372 1865 suum,
3404 1777 3458 1855 ut
3480 1777 3524 1854 in
3546 1803 3707 1872 saluati
3780 1808 3781 1859 ξ

2284 1882 2389 1938 bus
2411 1883 2642 1954 dicetur,
2657 1885 2812 1943 duxit
2836 1886 3247 1947 Rosemundam
3268 1907 3489 1962 uxorem,
3507 1894 3625 1950 ﬁliam
3636 1894 3712 1950 Chi
3780 1884 3781 1962 ᾗ

2284 1974 2558 2033 nimundi.

2355 2066 2503 2125 Inter
2549 2070 2666 2126 haec
2713 2068 3061 2130 Justinianus
3096 2074 3346 2148 princeps
3372 2086 3576 2135 mortuus
3606 2086 3717 2145 est,u

2283 2159 2532 2219 Justinus
2560 2163 2740 2220 minor
2770 2166 3037 2222 successit
3059 2168 3110 2224 ei
3146 2169 3219 2225 ad
3239 2170 3502 2242 regendam
3521 2169 3715 2227 (low

2284 2252 2550 2324 nopolim.
2579 2256 2738 2326 Apud
2772 2273 2935 2328 quem
2956 2301 2972 2327 ,
2998 2269 3058 2316 ut
3086 2277 3255 2332 supra
3281 2263 3514 2339 scriptum
3531 2273 3609 2329 est.
3627 2279 3717 2319 accr-

2284 2353 2437 2402 satus
2472 2344 2674 2404 Narscs
2702 2348 3000 2420 patricius,
3030 2368 3200 2424 quem
3248 2354 3365 2411 loco
3390 2354 3580 2411 Bilisarii
3600 2356 3643 2410 ad
3664 2356 3715 2410 de

2281 2436 2587 2494 fcnsionem
2636 2438 2805 2496 Italiae
2863 2443 3013 2499 misit
3065 2444 3359 2517 imperator
3394 2446 3715 2514 Justinianus,h
3780 2496 3781 2499 η

2280 2529 2576 2587 vindictam
2602 2531 2815 2604 injuria:
2837 2550 2950 2590 sua:
2972 2536 3125 2592 misit
3150 2538 3356 2610 legatos
3380 2540 3440 2594 ad
3465 2526 3717 2611 Longohrios

2281 2625 2490 2681 amicos
2521 2641 2674 2694 suos,
2700 2626 2891 2684 dicens
2922 2648 2934 2683 :
2961 2627 3237 2685 Dimittite
3259 2641 3572 2702 paupertatem
3591 2631 3717 2684 Pun-

2281 2717 2416 2784 πίω,
2444 2726 2494 2771 et
2522 2717 2689 2771 venite
2720 2716 2790 2771 ad
2831 2717 3062 2788 fertilem
3104 2717 3361 2789 Italiam,
3391 2720 3582 2776 omnibus
3599 2719 3716 2771 divitiis

2276 2811 2509 2881 plenam.
2548 2809 2617 2866 Et
2648 2820 2706 2867 ut
2746 2812 2963 2869 animos
3010 2827 3209 2869 eorum
3259 2815 3475 2886 amplius
3498 2810 3716 2870 incitatus!

2278 2903 2628 2972 veniendum,
2649 2904 2891 2961 misiteis
2904 2905 2972 2961 de
2991 2906 3253 2963 omnibus
3273 2908 3528 2980 generibus
3540 2918 3715 2977 pomorum
3780 2916 3781 2980 ᾖ

2276 3008 2332 3054 et
2362 2997 2623 3070 quicquid
2656 2993 2975 3054 delectabile
3006 3006 3227 3071 poterat
3249 3000 3522 3072 excogitare
3537 2999 3587 3054 de
3601 2994 3718 3052 divtis

2280 3104 2455 3151 terrae.
2516 3093 2864 3166 Longohardi
2895 3094 3013 3149 hmc
3051 3094 3374 3164 audientes,
3401 3103 3716 3168 gratanteraccr
3780 3093 3781 3163 γ

586 3170 977 3246 'I'hurismodi,
1014 3182 1237 3239 tradidit
1264 3200 1328 3241 ea
1353 3186 1579 3255 Alboin,
1609 3199 1665 3247 et
1703 3191 1914 3248 salvum
1940 3193 2091 3250 illum
2121 3195 2177 3251 in
2205 3172 2247 3229 δ
2281 3196 2476 3259 verum
2498 3195 2552 3242 91
2576 3187 2814 3258 qualiter
2844 3187 2988 3241 irem
3020 3197 3457 3258 βῖθβδηνθτυυί·
3489 3182 3718 3240 E‘wmm’

587 3281 726 3335 pace
748 3267 979 3326 dimisit.
1004 3272 1200 3329 Alhoin
1228 3293 1357 3333 vero
1382 3294 1637 3337 reversus
1661 3283 1727 3337 ad
1752 3294 1959 3354 patrem
1992 3302 2175 3355 suum,

588 3359 816 3414 mmviva
850 3362 972 3432 ejus
1002 3364 1182 3423 factus
1209 3378 1311 3424 est.
1339 3368 1404 3425 Et
1425 3370 1556 3426 dum
1581 3373 1647 3429 ad
1672 3390 1918 3432 mensam
1943 3393 2067 3433 cum
2088 3395 2181 3450 pa-

588 3460 673 3506 tre
705 3467 808 3508 suo
839 3455 1081 3527 sederet,
1104 3458 1239 3516 dixit
1266 3461 1339 3516 illi
1364 3464 1549 3521 omnia
1569 3482 1692 3537 qua:
1715 3467 1860 3525 circa
1884 3485 2009 3526 eum
2035 3471 2177 3528 facta

589 3555 751 3614 sunt,
784 3558 842 3606 et
873 3564 1066 3609 omnes
1092 3554 1187 3625 qui
1213 3555 1441 3613 aderant
1465 3559 1857 3628 annuit-antes,
1881 3562 2179 3620 laudabant

588 3638 784 3697 Alboin
809 3657 910 3715 pro
934 3643 1164 3701 audacia
1192 3662 1294 3705 sua
1327 3657 1381 3705 et
1403 3647 1798 3709 'I‘hurisindum
1829 3671 1929 3726 pro
1952 3656 2052 3712 tali
2071 3657 2178 3713 ﬁde

589 3731 850 3789 maxima.

662 3822 759 3881 llis
790 3827 1129 3897 temporibus
1152 3829 1493 3892 Justinianus
1527 3834 1822 3907 imperator
1866 3837 2173 3895 Romanum

588 3918 810 3989 regebat
858 3921 1189 3992 imperium,
1233 3926 1326 3996 qui
1382 3943 1478 3998 per
1526 3928 1836 3986 Bilisarimn
1881 3931 2172 4004 patricium

588 4010 792 4066 multas
825 4012 1083 4071 victorias
1107 4016 1365 4087 perfecit,
1393 4020 1539 4094 leges
1565 4024 1866 4092 renovavit,
1895 4024 2174 4081 :eeclesias

587 4102 881 4171 reparavit,
915 4099 1213 4178 basylieam
1245 4125 1484 4181 quoque,
1517 4128 1682 4184 quam
1707 4113 1788 4169 Ad
1821 4114 2028 4186 Agyam
2071 4114 2174 4170 So-

584 4192 806 4263 phyam,
833 4193 887 4249 id
909 4203 993 4251 est
1019 4207 1264 4255 sanctam
1289 4201 1638 4271 sapientiam,
1662 4205 1969 4273 nominant,
2003 4205 2174 4262 fabri-

582 4283 767 4350 cavit;
806 4285 965 4355 cujus
989 4302 1129 4358 opus
1159 4290 1214 4344 in
1263 4299 1478 4348 tantum
1513 4310 1679 4366 super
1719 4297 1904 4352 omnia
1943 4298 2175 4354 aediﬁcia

582 4375 940 4433 excellentius
961 4381 1273 4449 estimatur,
1302 4394 1361 4440 ut
1394 4386 1449 4441 in
1482 4389 1649 4445 tantis
1675 4398 1942 4446 terrarum
1971 4392 2171 4463 spaciis

580 4464 633 4518 ei
662 4466 842 4523 simile
882 4483 991 4524 non
1026 4471 1355 4531 inveniatur.
1390 4475 1543 4533 Tune
1588 4480 1734 4534 enim
1759 4479 2127 4539 Cassiodorus
2151 4525 2167 4550 ,

579 4552 895 4625 Dionisius,
942 4560 1143 4617 Arator
1199 4562 1387 4621 Roma:
1436 4567 1790 4638 claruerunt,
1852 4571 2169 4630 Priscianus

579 4646 1054 4724 Constantinopoli
1097 4653 1310 4725 ﬂoruit,
1348 4668 1570 4717 sanctus
1594 4677 1812 4734 quoque
1841 4662 2169 4722 Benedictus

580 4740 874 4798 virtutibus
898 4743 1119 4801 effulsit.
1425 4754 1435 4765 '

648 4833 819 4908 Igitur
847 4835 1059 4893 Audoin
1093 4848 1345 4897 mortuus
1374 4851 1485 4911 est,
1510 4853 1565 4899 et
1583 4844 1777 4901 Alboin
1802 4889 1816 4914 ,
1849 4846 1993 4904 ﬁlius
2022 4849 2163 4921 ejus,

576 4941 805 4998 regnum
847 4929 1074 5000 accepit.
1122 4928 1380 4998 Quicum
1418 4944 1562 4991 esset
1596 4937 2072 4996 nmninatissimus
2110 4950 2165 4997 et

575 5018 733 5077 fortis
785 5021 1053 5091 multum,
1095 5023 1410 5083 Clotharius
1459 5043 1554 5084 rex
1606 5028 1943 5087 Francorum
1994 5032 2163 5090 ﬁliam

573 5124 732 5165 suam
780 5114 1002 5170 nomine
1038 5114 1420 5174 Clotsuindam
1465 5120 1612 5176 dedit
1646 5122 1694 5177 ei
1737 5122 2160 5196 iuconjugium,

571 5205 639 5259 de
676 5220 783 5276 qua
830 5204 955 5262 fecit
995 5225 1161 5266 unam
1189 5220 1403 5268 tantum
1437 5214 1602 5271 ﬁliam
1643 5218 1864 5273 nomine
1897 5218 2162 5275 Albsuin-

570 5296 718 5353 dam.
746 5295 955 5355 Interea
989 5312 1239 5359 mortuus
1282 5314 1370 5361 est
1401 5305 1766 5365 'I’hurisindus
1797 5325 1889 5366 rex
1922 5310 2159 5383 Gepida-

570 5402 724 5453 rum,
769 5396 827 5446 et
860 5390 1067 5461 accepit
1120 5408 1346 5465 regnum
1397 5394 1840 5456 Chunimundus.
1886 5401 1991 5470 Qui
2035 5418 2162 5460 cum

570 5476 730 5533 vellet
776 5478 1056 5536 vindicare
1102 5481 1335 5553 injurias
1372 5484 1739 5557 Gepidorum,
1784 5491 1931 5563 rupit
1974 5508 2164 5563 pacem

570 5584 698 5624 eum
745 5569 1158 5644 Longobardis,
1204 5585 1260 5631 et
1305 5577 1429 5648 plus
1477 5581 1681 5636 amavit
1713 5599 1955 5656 pugnam
1996 5602 2161 5656 quam

569 5676 780 5729 pacem.
815 5663 1013 5725 Alboiu
1048 5684 1178 5724 vero
1209 5668 1336 5727 fecit
1359 5686 1548 5743 pacem
1576 5674 1791 5731 ﬁrmam
1816 5693 1940 5733 cum
1965 5677 2160 5734 Avari-

569 5752 700 5823 bus,
734 5757 827 5827 qui
860 5759 1099 5829 primum
1129 5761 1273 5820 Huni
1300 5767 1636 5840 vocabantur
1726 5771 1818 5827 sed
1859 5780 2049 5843 postea
2094 5774 2160 5833 de

2280 3281 2422 3353 apud
2469 3279 2677 3335 Italiam
2726 3288 3099 3350 apparuerunt
3149 3280 3305 3352 signa
3348 3281 3399 3335 in
3438 3273 3717 3343 calamitas

2278 3373 2450 3446 igneae
2478 3374 2646 3441 acies,
2670 3374 2995 3446 sanguinem
3019 3375 3325 3431 humanum
3348 3419 3364 3442 ,
3386 3374 3468 3446 qui
3489 3380 3625 3444 postea
3639 3365 3717 3421 05°“

2279 3482 2375 3523 sus
2406 3477 2520 3535 est,
2558 3468 2952 3541 signiﬁcantes.
2977 3468 3181 3525 Alboin
3227 3470 3388 3542 igitur
3407 3467 3535 3540 petiit
3556 3461 3716 3519 auxilium

2277 3561 2346 3616 ab
2398 3561 2638 3633 antiquis
2688 3561 2999 3619 Saxonibus
3041 3564 3243 3620 amicis
3270 3563 3382 3619 suis
3404 3605 3417 3629 ,
3443 3568 3494 3616 ut
3526 3556 3716 3628 spiciam
3780 3556 3781 3633 ξ

2275 3655 2484 3711 Italiam
2509 3656 2738 3711 intraret
2758 3672 2883 3711 cum
2916 3656 3126 3713 multis.
3156 3656 3262 3713 Cui
3287 3656 3507 3711 Saxones
3524 3650 3611 3721 plus
3624 3658 3716 3716 qm

2276 3762 2402 3803 eum
2437 3746 2616 3802 20000
2640 3747 2818 3818 juncti
2850 3756 3015 3814 sunt,
3048 3755 3105 3803 et
3132 3747 3423 3804 secundum
3448 3744 3545 3815 ejus
3564 3738 3717 3794 voluntt-

2276 3848 2384 3893 tem
2416 3854 2541 3893 cum
2578 3838 2842 3895 uxoribus
2865 3847 2922 3894 et
2953 3839 3081 3895 ﬁliis
3119 3839 3334 3896 Italiam
3366 3853 3475 3895 cum
3497 3850 3549 3890 eo
3572 3832 3717 3886 intra”
3780 3832 3781 3896 ἔ

2275 3939 2423 3986 runt.
2464 3929 2523 3986 In
2568 3930 2687 4001 ipso
2726 3939 2972 4001 tempore
3012 3931 3215 3987 Alboin
3266 3927 3565 3987 Pannoniam
3596 3915 3720 3977 bime“

2275 4020 2449 4079 Ilunis
2487 4023 2680 4079 amicis
2710 4023 2828 4079 suis
2851 4066 2868 4091 ,
2914 4040 2980 4079 ea
3019 4024 3364 4091 conditione,
3392 4030 3446 4077 ut
3473 4019 3512 4075 si
3534 4006 3720 4083 θιὶςυωυ

2275 4112 2653 4187 Longohardis
2690 4116 2889 4171 reverti
2919 4132 3149 4173 necesse
3183 4125 3358 4185 esset,
3387 4107 3719 4202 unusquisqtlel“

2273 4221 2375 4262 sua
2429 4206 2648 4262 rediret.
2704 4205 3102 4264 Habitaverunt
3154 4221 3338 4264 autem
3396 4194 3719 4289 Longohardiln

2273 4297 2557 4355 Pannonia
2583 4316 2681 4370 per
2706 4315 2883 4356 annos
2912 4301 3003 4356 42.
3038 4301 3311 4358 Exierunt
3335 4295 3524 4375 verode
3542 4291 3718 4348 Ριιωοω

2274 4407 2398 4447 cum
2430 4392 2754 4450 mulieribus
2782 4402 2838 4449 et
2868 4392 2995 4449 ﬁliis
3030 4402 3084 4448 et
3108 4410 3237 4450 eum
3260 4392 3496 4449 omnibus
3522 4385 3621 4447 suis,
3640 4390 3720 4432 3”"

2272 4482 2561 4541 dominicm
2611 4485 3006 4542 incarnationis
3044 4486 3174 4554 568,
3202 4485 3480 4542 indictione
3510 4477 3719 4551 prima.“
3780 4477 3781 4545 Ῐ

2272 4576 2452 4649 eundo
2481 4576 2569 4632 die
2594 4586 2718 4648 post
2748 4578 2947 4649 pascha
2974 4621 2989 4644 ,
3017 4580 3168 4649 quod
3198 4586 3438 4634 sanctum
3463 4570 3616 4645 pascha
3647 4574 3718 4614 lunt

2271 4669 2607 4725 celebratum
2638 4679 2721 4726 est
2748 4671 2801 4725 in
2844 4670 2978 4743 ipsis
2999 4669 3262 4727 Kalendis
3306 4667 3505 4740 Aprilis.
3534 4660 3606 4716 llis

2267 4761 2481 4829 diebus,
2510 4762 2714 4833 quibus
2744 4762 3090 4834 Lougobardi
3112 4763 3426 4819 invaserunt
3458 4746 3717 4814 ΙῑλΙίθωοωθπ

2267 4855 2481 4909 tharius
2511 4870 2607 4910 rex
2634 4855 2972 4912 Francorum
2998 4865 3252 4912 mortuus
3270 4864 3370 4923 est,
3392 4849 3561 4908 rt‘licliS
3576 4848 3720 4916 (1⁸⁸³⁸³⁸⁸
3780 4848 3781 4923 Ῐ

2267 4948 2417 5015 ﬁliis,
2452 4946 2765 5016 Ileribcrto,
2796 4948 3180 5017 Cuntrammo,
3217 4946 3508 5018 Helperico,

2271 5036 2331 5093 In
2370 5039 2475 5095 hoc
2527 5048 2770 5110 tempore
2820 5040 3126 5096 Romanam
3183 5030 3647 5114 regebatmeclesiam

2271 5140 2515 5202 sanctus,
2553 5149 2693 5205 papa
2715 5132 2995 5190 Johannes
3009 5175 3025 5200 ,
3048 5112 3357 5212 postquem
3380 5126 3648 5185 Benedictus.

2269 5220 2491 5278 vitalem
2535 5202 2717 5279 autem
2759 5202 3067 5295 Aquileiam
3099 5232 3154 5278 ct
3182 5202 3443 5293 populum
3469 5202 3721 5287 eius”!cM

2271 5315 2467 5371 beatus
2498 5316 2812 5385 patriarcha
2850 5314 3074 5372 Paulus.
3107 5314 3211 5383 Qui
3251 5316 3438 5370 timens
3462 5303 3720 5364 crudelitate!

2270 5405 2754 5479 Langobardorum
2780 5450 2797 5477 ,
2836 5424 2903 5463 ex
2956 5408 3205 5480 Aquileia
3257 5408 3322 5463 ad
3359 5403 3558 5460 insulam
3587 5386 3721 5451 Gradus

2268 5500 2515 5566 secessit,
2541 5510 2594 5556 ct
2620 5516 2838 5557 omnem
2871 5501 3189 5557 thesaurum
3225 5499 3469 5557 (ecclesia:
3489 5505 3580 5549 sum
3605 5489 3718 5555 Po”

2266 5593 2363 5649 vit.
2420 5591 2623 5649 Narses
2651 5594 2836 5665 itaque
2876 5592 2943 5649 de
2978 5592 3279 5664 Campania
3307 5592 3512 5647 Bonnam
3534 5584 3717 5638 mets“-

2265 5695 2389 5755 post
2418 5702 2525 5741 non
2552 5687 2785 5743 multum
2812 5695 3029 5756 tempus
3054 5696 3302 5742 mortuus
3322 5694 3418 5755 est.
3438 5679 3578 5747 Cttjus
3592 5680 3716 5733 000³⁸⁵

2265 5777 2319 5835 in
2355 5790 2538 5838 cantra
2579 5780 2830 5851 plumbea
2856 5796 2982 5837 cum
3014 5779 3269 5837 omnibus
3299 5776 3483 5834 divitiis
3508 5768 3597 5827 suis
3618 5756 3701 5816 ulla
