3880 6308
89 344 170 400 :93
524 318 541 325 ’
949 328 1314 389 canamus.
1355 359 1425 367 —
1460 321 1853 382 CHRONICON
1897 318 2357 378 emensam.

3192 299 3291 356 79-!

90 460 300 516 caverunt
337 458 389 505 et
407 442 935 518 Constantinopolim
971 443 1410 500 transmiserunt.
1446 438 1612 511 Igitur
1638 447 1685 507 Α
1715 436 1901 502 bardi,
1939 436 2170 490 multum
2205 432 2453 487 dolentes
2480 426 2549 482 dc
2577 424 2697 497 ejus
2735 429 2939 487 marte,
2976 399 3297 489 quesierunt

90 547 244 605 Alboin
275 540 486 600 intravit
514 537 795 610 Liguriam
843 535 1141 591 indictione
1193 534 1362 590 tercia
1405 533 1438 588 5
1466 530 1606 586 Νοη.

92 635 341 708 Septemb,
386 640 439 688 et
484 642 587 685 sun
616 641 861 698 tempore
905 624 1169 682 Honorati
1214 620 1611 695 archiepiscopi

89 726 398 785 Mediolanum
426 721 663 788 intravit,
692 719 887 776 deinde
912 727 1124 775 ceteras
1153 716 1390 786 Liguriae
1417 714 1610 770 civita-

90 833 151 877 tes
183 815 528 891 apprehendit.
567 810 791 868 Obsedit
829 819 1014 866 autem
1043 808 1387 864 Ticinensem
1423 806 1613 862 civita-

89 922 189 976 tem,
209 923 318 979 quae
338 920 479 960 nunc
499 903 665 975 Papia
692 901 914 969 dicitur,
942 916 1040 972 per
1059 910 1172 955 tres
1192 914 1387 965 annos,
1412 897 1613 969 quibus

88 998 329 1056 transactis
356 1041 370 1065 ,
402 1005 523 1068 post
568 996 880 1066 aliquantus
920 1008 1137 1048 menses
1183 990 1383 1046 tradita
1432 998 1518 1045 est
1556 988 1613 1042 in

88 1107 245 1147 manus
267 1088 397 1162 ejus.
426 1088 529 1156 Qui
565 1104 692 1144 eum
715 1087 995 1143 introisset
1021 1100 1118 1157 per
1140 1092 1355 1155 portam
1385 1097 1507 1154 qua:
1527 1081 1613 1136 di-

87 1186 198 1240 citur
222 1182 381 1239 sancti
408 1180 693 1247 Johannis,
722 1196 752 1237 a
777 1186 931 1250 parte
956 1177 1207 1244 orientis,
1229 1190 1427 1246 equus,
1451 1187 1616 1244 super

87 1291 215 1347 quem
256 1273 485 1339 sedebat,
526 1272 642 1327 fixit
669 1287 729 1328 se
763 1270 819 1325 in
861 1268 1044 1326 medio
1071 1279 1259 1340 portae.
1284 1265 1459 1333 Quem
1489 1280 1615 1323 cum

88 1368 156 1422 ille
187 1365 416 1422 tunderet
443 1378 570 1420 cum
599 1362 905 1418 calcaribus
929 1370 983 1417 et
1028 1375 1219 1415 omnes
1248 1356 1341 1429 qui
1375 1357 1616 1413 circum-

88 1458 264 1514 stabant
308 1456 557 1512 cederent
603 1451 952 1519 verberibus,
984 1450 1210 1507 omnino
1259 1448 1465 1504 moveri
1505 1462 1616 1502 non

1712 527 2017 586 Helmichin
2044 526 2368 583 interﬁcere.
2409 521 2557 576 Inter
2595 518 2714 573 haec
2747 511 3095 571 Roscmunda
3135 521 3299 568 man’é

1711 623 1862 679 davit
1898 621 2146 693 Longino
2170 617 2411 690 profecto
2443 613 2718 669 Ravennae
2736 653 2750 677 ,
2775 618 2837 664 ut
2865 606 3078 664 concito
3111 603 3295 660 navim

1713 716 1981 780 mitteret,
2011 729 2133 784 qua:
2153 727 2249 767 eos
2271 711 2601 780 deportaret.
2625 703 2800 773 Quam
2830 716 2956 757 cum
2987 699 3078 753 ille
3108 696 3315 752 misis--

1713 817 1829 874 set,
1865 821 1962 878 per
1990 803 2268 861 silentium
2305 800 2485 857 noctis
2524 795 2829 853 llelmicliis
2860 801 2914 847 et
2948 787 3295 847 Rosemuuda

1713 899 1896 956 navim
1919 898 2295 963 intraverunt,
2327 903 2382 949 et
2413 890 2769 948 Alhsuindam
2789 930 2803 954 ,
2836 885 3003 941 tiliam
3029 880 3174 952 regis
3198 876 3294 931 ΑΙ·
3330 862 3337 867 ’

1715 994 1842 1050 boin
1863 1036 1877 1059 ,
1907 1000 1963 1047 et
1990 1005 2207 1046 omnem
2249 988 2570 1043 thesaurum
2613 996 2800 1040 secum
2851 980 3293 1049 deportaverunt.

1716 1086 1997 1157 Longinus
2027 1090 2207 1138 autem
2249 1079 2523 1152 profectus
2555 1075 2731 1133 suasit
2761 1068 3201 1131 Rosemundam',
3237 1070 3300 1119 ut

1716 1174 2024 1232 Helmichin
2058 1172 2330 1229 occideret
2359 1180 2413 1226 et
2444 1185 2502 1241 se
2542 1166 2802 1223 maritum
2844 1162 3134 1232 acciperet.
3167 1156 3300 1225 Quae

1717 1284 1841 1323 cum
1873 1265 2244 1323 consensisset
2276 1306 2292 1331 ,
2338 1261 2574 1334 quadam
2609 1259 2696 1315 die
2733 1258 2863 1312 dum
2891 1251 3189 1310 Helmichis
3231 1249 3300 1304 ad

1710 1348 1971 1417 balneum
2020 1358 2152 1427 iret,
2191 1355 2432 1428 perrexit
2476 1368 2600 1408 cum
2631 1365 2727 1419 eo,
2777 1357 2838 1403 ut
2876 1346 2929 1402 ei
2967 1342 3300 1407 deserviret,

1718 1461 1943 1524 portans
1970 1464 2157 1508 secum
2171 1462 2462 1513 venenum,
2486 1459 2596 1516 quo
2615 1458 2739 1499 cum
2765 1438 3108 1495 interﬁceret.
3135 1433 3303 1489 Cum-

89 1550 429 1651 potuithutus.
455 1545 782 1651 Tunc-unus
806 1560 873 1600 ex
902 1540 1279 1651 Longobardis
1321 1538 1401 1595 sic
1438 1537 1513 1594 ait
1550 1537 1619 1592 ad
1719 1561 1842 1617 que,
1869 1544 1959 1602 ille
1987 1543 2285 1614 de.balneo
2329 1539 2542 1605 exiret,
2578 1533 2821 1606 porrexit
2864 1533 2916 1588 ei
2939 1542 3207 1587 venenum
3243 1523 3303 1580 in

1276 1634 1311 1651 ,ο
1374 1642 1405 1651 γ.
1864 1638 1877 1651 .
2018 1636 2054 1651 ι.
2282 1632 2338 1651 σο
2392 1633 2480 1651 ι--
2531 1629 2719 1651 ιιι---ε-
2788 1639 3034 1651 ...ηηκηκ-
3083 1618 3302 1651 “tinuum

90 1657 230 1712 regem
260 1660 274 1695 :
301 1640 579 1708 Memento,
602 1638 811 1694 domine
839 1652 949 1703 rea,
973 1635 1102 1708 quid
1122 1634 1331 1701 vovisti,
1356 1642 1407 1688 et
1435 1633 1620 1703 frange

1741 1638 1954 1705 ioculo,
2003 1636 2233 1692 dicens:
2277 1632 2338 1688 Si
2384 1633 2482 1685 hoc
2528 1629 2750 1695 biberis,
2788 1639 3036 1696 magnam
3079 1618 3305 1676 salutem

90 1742 172 1786 tam
185 1733 356 1787 durum
380 1741 583 1799 votum,
609 1740 657 1786 et
680 1729 988 1802 ingrediaris
1012 1728 1312 1792 civitatem;
1338 1742 1451 1781 vere
1480 1724 1620 1779 enim

118 1826 126 1836 ι
166 1824 177 1836 ι
207 1824 236 1836 ,ο
538 1821 551 1836 ι
700 1830 710 1836 .
749 1822 761 1834 ο
861 1821 873 1833 ο
913 1820 949 1836 ι.
994 1828 1006 1836 ,
1071 1818 1084 1836 9
1119 1826 1168 1836 ιη
1216 1816 1449 1836 ἱτ--Α----Α
1480 1814 1614 1836 -..Ξ-Α

1745 1729 1844 1785 nde
1869 1729 2104 1783 habebis.
2133 1725 2237 1793 Qui
2263 1740 2387 1781 cum
2410 1724 2621 1779 biberet
2652 1735 2716 1775 ac
2739 1729 3010 1774 venenum
3039 1726 3162 1769 esse
3188 1724 3308 1765 scu—

1749 1823 1761 1835 .
1833 1832 1843 1836 _
2079 1820 2095 1836 .
2197 1832 2246 1836 --
2388 1815 2458 1836 ιε-
2521 1805 2926 1836 η..“.,..........³...ηη
2957 1820 3056 1836 η...
3085 1800 3306 1836 mnuum

91 1824 359 1878 :hristianus
387 1821 614 1893 populus
635 1830 712 1877 est
738 1797 799 1875 in
823 1820 1038 1875 civitate
1065 1818 1189 1873 ista.
1216 1816 1451 1873 Voverat
1473 1814 1618 1871 enim

1741 1823 1879 1890 .iret,
1909 1820 2255 1892 apprehenso
2285 1815 2495 1889 gladio,
2521 1805 2927 1868 Ro'scmundam
2957 1820 3056 1876 per
3084 1800 3309 1873 capillos

1859 1911 1892 1927 ι-
2012 1919 2027 1927 -
2196 1923 2345 1927 ,βμμ
2401 1905 2541 1927 .--ηηι
2579 1907 2915 1927 --.......ι.ιι...ιι
2948 1895 3097 1927 ιιισηη
3121 1891 3309 1927 hilaram

91 1915 246 2018 Allbain
271 1924 456 2018 antea,
480 1913 658 2017 ,ψιοά
693 1913 1012 2018 universum
1046 1910 1306 1982 populum
1353 1908 1624 1964 occideret
1724 1911 1899 1969 tenuit
1923 1891 2032 1980 ,ict
2079 1923 2352 1965 venenum
2396 1905 2544 1977 quod
2579 1907 2921 1958 remanserat
2948 1895 3098 1951 illam
3121 1891 3312 1948 bibere

913 2017 918 2018 ,
1061 2011 1074 2018 -
1131 2001 1171 2018 Λ
1227 2017 1237 2018 κ
1266 2000 1281 2018 ι
1331 2008 1487 2018 ,,.,,_,_
1531 1999 1620 2018 --ιε
1861 2006 1895 2018 ο-
1995 2004 2008 2017 ο
2196 2001 2240 2018 τι
2278 2000 2290 2018 9
2324 1998 2520 2018 O,_IQ-!-
2557 1995 2714 2018 -..ιιι
2760 1990 3039 2018 ..Ληὲιηρηιιε
3075 1996 3288 2018 υηηοπη

92 2007 249 2077 gladia,
269 2006 358 2079 qui
391 2006 494 2062 sibi
526 2021 587 2062 se
608 2005 820 2061 tradere
861 2004 1099 2060 nolebat.
1128 2000 1284 2070 Quod
1308 2008 1496 2056 votum
1529 1999 1624 2054 ubi
1725 2006 1928 2079 ωρςίι,
1964 2004 2156 2075 sicque
2196 2000 2294 2058 Dei
2318 1998 2526 2072 judicio
2554 1995 2718 2051 ambo
2760 1990 3045 2064 perierunt
3075 1996 3307 2040 veneno.

92 2098 281 2169 disrupit
301 2141 314 2165 ,
347 2113 523 2169 equus
555 2113 616 2152 se
647 2096 910 2175 continuo
930 2095 1121 2163 movit,
1149 2102 1204 2149 et
1242 2093 1323 2149 sic
1349 2092 1624 2148 civitatem

94 2190 288 2245 intravit.
324 2188 475 2246 Tunc
504 2189 637 2246 data
668 2203 803 2261 pace
826 2231 842 2256 ,
890 2187 1072 2244 omnis
1116 2185 1352 2258 populus
1388 2185 1457 2240 ad
1498 2198 1627 2239 eum

93 2284 266 2338 tandem
305 2283 549 2341 cucurrit
586 2283 656 2340 ad
685 2281 985 2360 palatium,
1014 2282 1162 2353 quod
1196 2278 1489 2350 aliquando
1532 2293 1628 2333 rex

95 2372 410 2432 Theodericus
442 2366 595 2432 fecit.
637 2374 834 2431 Alboin
855 2374 1023 2447 igitur
1054 2381 1345 2446 postquam
1382 2369 1630 2442 regnavit

95 2467 135 2519 in
159 2465 288 2522 Italia
328 2484 501 2525 annos
533 2477 647 2525 tres
690 2477 745 2524 et
788 2483 1009 2524 menses
1040 2480 1166 2534 sex,
1198 2464 1517 2520 interfectus
1546 2470 1632 2518 est

94 2560 281 2616 coasilio
306 2561 558 2632 conjugis
609 2577 725 2618 sua}
751 2577 851 2633 pro
891 2562 996 2617 hac
1028 2575 1216 2617 causa.
1253 2556 1392 2615 Cum
1421 2558 1634 2614 sederet

95 2650 250 2708 Alboin
275 2655 410 2726 apud
434 2653 761 2711 Ravennam
804 2657 859 2710 in
895 2654 1147 2712 convivio
1173 2662 1227 2710 et
1254 2652 1485 2709 bibisset
1508 2652 1633 2725 plus

96 2762 293 2847 congruo
310 2791 324 2816 ,
345 2749 593 2821 precepit
622 2747 804 2804 afferri
827 2748 1015 2804 vinum
1039 2748 1244 2819 regina:
1268 2745 1635 2802 Rasemunda:

96 2837 137 2892 in
168 2839 365 2897 vasculo
384 2883 399 2908 ,
429 2840 586 2913 quod
623 2840 754 2897 fecit
776 2841 843 2897 de
874 2840 1052 2910 capite
1086 2839 1257 2910 patris
1285 2839 1404 2910 ejus
1426 2837 1655 2894 Οιιιιιιί-·

94 2931 245 2986 mundi
273 2934 410 3005 regis
433 2978 448 3000 ,
477 2934 675 2991 dicens
700 2932 749 2989 ei
770 2975 786 3001 ,
825 2941 885 2988 ut
920 2933 1042 2988 laeta
1088 2931 1298 2988 biberet
1324 2946 1451 2986 eum
1483 2938 1637 3001 patre

96 3038 189 3078 suo.
218 3022 313 3083 Pro
336 3039 441 3098 qua
464 3042 531 3083 re
563 3026 656 3081 illa
686 3025 989 3081 maximum
1024 3024 1340 3095 concipiens
1375 3023 1433 3079 in
1473 3023 1637 3079 corde

94 3113 319 3186 dolorem,
340 3118 634 3193 cogitavit,
659 3119 894 3190 qualiter
940 3119 1199 3174 maritum
1236 3115 1563 3173 interficeret
1585 3124 1640 3171 et

93 3218 261 3278 patrem
281 3212 617 3281 vindicaret,
634 3211 1051 3282 consiliumque
1080 3208 1272 3265 habuit
1301 3223 1401 3280 pro
1428 3208 1532 3263 hac
1578 3223 1637 3263 re

95 3316 190 3356 cum
211 3301 477 3361 Helmiche
494 3303 780 3377 armigero
806 3303 970 3374 regis,
996 3300 1091 3374 qui
1117 3316 1244 3357 cum
1263 3299 1453 3371 regina
1474 3299 1639 3354 unius

93 3405 182 3449 erat
199 3397 374 3455 (etatis.
406 3397 716 3455 Helmicbis
738 3410 869 3452 vero
892 3395 1041 3452 dedit
1067 3392 1118 3450 ei
1142 3394 1454 3459 consilium,
1482 3400 1544 3448 ut
1572 3392 1640 3448 ad

94 3482 205 3579 hanc
231 3489 616 3579 perficiendam
646 3472 954 3545 assumeret
996 3485 1329 3553 Pereacum,
1365 3483 1641 3555 quendam

93 3576 250 3636 fortem
299 3574 502 3651 virum,
541 3581 636 3653 qui
681 3597 806 3637 cum
845 3574 1105 3637 vestiaria
1146 3578 1390 3649 ejusdem
1441 3575 1643 3648 regina:

95 3672 267 3729 solebat
296 3675 560 3732 dormire.
603 3674 705 3730 Cui
727 3689 854 3731 cum
880 3673 975 3728 illa
1003 3687 1162 3728 suam
1189 3669 1528 3725 voluntatem
1555 3667 1642 3722 in-

95 3761 289 3835 dicaret,
319 3776 371 3822 et
393 3767 513 3839 ipse
535 3767 595 3822 in
643 3764 1077 3822 interfectionem
1106 3762 1252 3835 regis
1279 3762 1365 3817 sui
1405 3774 1642 3817 consen-

96 3870 193 3911 sum
214 3874 361 3914 suum
402 3859 722 3932 denegaret,
750 3857 940 3929 regina
967 3857 1024 3911 in
1048 3863 1293 3926 tempore
1323 3853 1501 3909 noctis
1532 3853 1644 3908 cal-

98 3948 258 4007 locavit
277 3969 332 4009 se
358 3953 414 4009 in
441 3954 588 4009 lecto
616 3951 889 4008 vestiariae
923 3965 1067 4017 sure,
1094 3963 1261 4019 quam
1299 3945 1389 4002 ille
1409 3944 1640 4012 amavit,

95 4045 385 4119 veniensque
419 4047 733 4114 Peredeus,
769 4046 1014 4119 reginam
1062 4042 1405 4099 adulteravit.
1439 4039 1557 4108 Qua
1590 4056 1646 4095 rc

96 4137 318 4209 perfecta,
341 4144 509 4215 coepit
536 4144 632 4198 illa
659 4142 839 4198 dicere
861 4139 1101 4197 Peredeo
1132 4159 1144 4194 :
1173 4138 1348 4205 Quam
1372 4154 1451 4192 me
1479 4137 1649 4190 consi-

95 4230 223 4287 deras
271 4238 415 4290 esse?
451 4235 709 4305 Cumque
755 4230 845 4289 ille
880 4232 1193 4288 nominaret
1220 4242 1419 4286 nomen
1457 4227 1648 4284 amica:

97 4337 211 4389 suae,
239 4324 333 4402 illa
354 4325 642 4407 respondit
673 4344 686 4380 :
713 4322 837 4378 Non
870 4332 970 4390 est,
999 4331 1057 4377 ut
1083 4330 1140 4376 tu
1165 4336 1377 4393 speras;
1413 4335 1506 4391 ego
1529 4335 1648 4373 sum

95 4411 409 4472 Rosemunda‘.
443 4416 604 4473 Certe
625 4416 784 4470 talem
821 4430 1041 4468 causam
1078 4413 1231 4467 modo
1255 4410 1456 4482 fecisti,
1482 4419 1571 4476 ut,
1600 4410 1648 4463 si

98 4514 140 4557 tu
162 4524 249 4562 non
271 4510 603 4581 interfeceris
632 4495 846 4577 Alboin,
873 4507 983 4577 ipse
1014 4516 1063 4560 te
1084 4503 1394 4575 interﬁciat.
1427 4501 1533 4569 Qui
1571 4502 1649 4556 in-

1726 2098 2007 2173 Langinus
2044 2113 2178 2154 vero
2225 2094 2498 2168 prefectus
2547 2082 2942 2145 Albsuuindam
2995 2096 3120 2139 cum
3162 2075 3313 2130 omni

1726 2171 1989 2251 thesauro
2010 2192 2163 2248 misit
2174 2184 2709 2256 Constantinopolim
2734 2175 3052 2252 imperatori
3073 2171 3310 2228 Justina.

1730 2282 2074 2356 Langobardi
2105 2288 2286 2336 autem
2323 2292 2535 2343 omnes,
2572 2272 2761 2328 habito
2788 2270 2933 2325 inter
2965 2280 3025 2323 se
3050 2261 3312 2325 consilio,

1730 2353 1978 2432 fecerunt
2012 2389 2196 2447 regem
2247 2372 2416 2442 Clepb
2438 2412 2452 2437 ,
2479 2369 2662 2424 virum
2703 2361 3104 2421 nobilissimum
3137 2353 3312 2428 gentis

1731 2468 2249 2540 Langobardorum,
2277 2465 2332 2519 in
2365 2463 2583 2519 civitate
2604 2455 3003 2514 Ticinensium.
3037 2449 3134 2506 Hic
3167 2447 3314 2504 mul-

1730 2573 1818 2619 tas
1862 2568 2111 2633 potentes
2140 2558 2288 2614 viros
2331 2556 2709 2611 Romanorum
2740 2548 2879 2604 alios
2919 2543 3148 2609 accidit,
3178 2539 3316 2595 alios

1732 2659 1799 2715 de
1833 2656 1986 2712 Italia
2039 2653 2233 2725 ejecit;
2264 2666 2368 2707 nec
2418 2649 2568 2705 enim
2608 2641 2876 2700 Romanis
2934 2637 3030 2693 illo
3071 2642 3341 2704 tempore

1734 2750 1908 2807 virtus
1936 2746 2078 2814 fuit,
2120 2754 2181 2801 ut
2211 2744 2467 2799 resistere
2493 2746 2718 2811 possent
2752 2728 3158 2803 Longobardis,
3189 2724 3318 2795 quia

1734 2854 1788 2900 et
1811 2841 2150 2907 mortalitas,
2179 2852 2301 2909 quae
2332 2835 2435 2891 sub
2453 2831 2680 2887 Narscte
2716 2828 2848 2893 fuit,
2885 2833 2939 2880 et
2968 2822 3172 2886 fames,
3199 2832 3324 2889 qum

1735 2932 1924 3009 postea
1965 2928 2115 2989 venit
2140 2974 2154 3001 ,
2187 2900 2407 2985 omnem
2446 2923 2658 2981 Italiam
2717 2916 3024 2989 dissipavit.
3071 2900 3345 2981 Cumque

1737 3045 1833 3101 per
1876 3042 2043 3083 unum
2068 3038 2274 3080 annum
2297 3029 2351 3076 et
2380 3033 2475 3075 sex
2517 3028 2736 3071 menses
2776 3010 2945 3081 Cleph
2978 3011 3261 3077 regnaret,
3291 3017 3325 3056 a

1741 3121 1979 3193 quodam
2001 3132 2201 3190 puero,
2227 3110 2483 3169 familiari
2526 3123 2655 3173 sua,
2690 3096 2813 3161 eum
2853 3100 3061 3175 gladio,
3092 3094 3238 3167 quod
3268 3094 3326 3151 In

1743 3228 1935 3270 mensa
1971 3211 2039 3267 ad
2071 3204 2400 3277 obsequium
2452 3216 2614 3257 suum
2657 3195 2895 3252 habebat
2919 3236 2934 3260 ,
2969 3189 3187 3247 occisus
3219 3192 3320 3241 cst.

1742 3306 1874 3363 Post
1900 3304 2059 3376 cujus
2087 3307 2320 3357 mortem
2361 3289 2707 3366 Langobardi
2733 3300 2915 3359 regem
2938 3284 3051 3355 jam
3085 3295 3183 3351 per
3222 3287 3323 3332 an-

1743 3416 1846 3455 nos
1872 3397 2060 3456 decem
2095 3410 2205 3449 non
2230 3391 2541 3447 habuerunt
2568 3427 2584 3453 ,
2628 3381 2723 3439 sed
2751 3380 2918 3435 duces
2941 3419 2956 3442 ,
2985 3380 3328 3443 unaquaeque

1743 3492 1935 3549 civitas
1968 3504 2130 3546 suum
2172 3484 2388 3542 ducem.
2440 3476 2521 3533 Ex
2547 3475 2751 3548 quibus
2779 3460 3013 3527 ducibus
3062 3460 3353 3535 aliquanti

1745 3601 1876 3641 cum
1905 3581 2092 3641 miritis
2118 3573 2518 3651 pugnataribus
2561 3566 2765 3625 Callias
2794 3558 3027 3646 ingressi
3052 3600 3068 3627 ,
3118 3551 3341 3630 predati

1746 3689 1913 3743 sunt,
1967 3682 2159 3732 contra
2188 3684 2329 3741 quos
2376 3665 2606 3720 Amatus
2651 3644 2937 3732 patricius,
2979 3649 3075 3722 qui
3108 3654 3227 3704 erat
3260 3644 3361 3701 ex'

1744 3777 1899 3840 parte
1936 3763 2283 3824 Guntrammi
2309 3759 2482 3831 regis,
2522 3767 2751 3811 movens
2780 3747 3112 3810 exercitum,
3139 3740 3216 3815 ab
3247 3738 3332 3793 eis

1745 3862 1965 3917 occisus
1997 3866 2103 3925 est,
2128 3857 2343 3927 ipsique
2389 3865 2514 3907 cum
2551 3846 2721 3903 multa
2743 3841 2909 3914 preda
2938 3834 3141 3893 reversi
3180 3838 3327 3889 sunt.

1747 3952 1958 4020 Quibus
1981 3925 2407 4011 discedentibus,
2430 3956 2525 3998 rex
2547 3937 2786 3994 Ennium
2807 3977 2822 4002 ,
2852 3931 2947 4004 qui
2978 3940 3031 3986 et
3060 3925 3330 3984 Nummu-

1748 4044 1835 4098 lus
1871 4040 2052 4096 dictus
2081 4048 2186 4105 est,
2210 4036 2279 4092 ad
2303 4049 2363 4091 se
2393 4031 2641 4096 vocavit,
2665 4039 2904 4096 eumque
2929 4020 3223 4093 patricium
3251 4014 3326 4071 fe-

1748 4135 1843 4191 cit.
1870 4131 2072 4189 lterum
2108 4124 2457 4200 Langobardi
2492 4124 2832 4177 intraverunt
2866 4114 3131 4180 Galliam;
3157 4109 3334 4164 Num‘

1749 4229 1933 4288 mulus
1957 4233 2138 4282 autem
2158 4222 2395 4293 jungcns
2420 4232 2480 4273 se
2501 4207 3007 4283 Burgundionibus,
3022 4205 3119 4259 ivit
3142 4210 3333 4258 contra
3362 4208 3367 4217 ‘

1748 4335 1869 4387 eos,
1899 4324 1954 4371 et
1980 4289 2329 4370 circumdatis
2353 4321 2451 4362 eos
2476 4301 2722 4367 insidiis,
2756 4296 2963 4354 multos
2983 4309 3052 4349 ex
3081 4292 3164 4348 eis
3189 4289 3336 4345 occi-

1750 4412 1851 4479 dit,
1874 4416 2086 4465 ceteras
2107 4401 2286 4459 redire
2306 4412 2512 4454 vacuas
2541 4392 2737 4464 coegit.

1820 4471 1955 4559 Post
1989 4500 2106 4554 litee
2129 4494 2407 4558 Saxones,
2437 4489 2531 4561 qui
2559 4502 2687 4543 cum
2718 4476 3096 4554 Longabardis
3121 4471 3338 4528 Italiam

95 4599 308 4673 tciligens
334 4605 550 4659 malum
580 4601 727 4672 quod
753 4599 900 4665 fecit,
920 4600 1048 4654 licet
1074 4599 1301 4664 invitus,
1339 4596 1393 4651 in
1418 4567 1647 4651 mortem
1683 4567 1729 4621 θ
1754 4598 2118 4658 intraverunt,
2144 4603 2268 4645 cum
2297 4582 2546 4641 viderent
2568 4572 2963 4649 Langobardos
2984 4580 3214 4640 regnare
3237 4577 3340 4618 nec

95 4693 214 4763 regis
252 4695 553 4752 consensit.
588 4692 744 4748 Tunc
784 4686 1134 4747 Rosemunda
1176 4688 1451 4745 crudelior
1500 4686 1650 4743 omni

94 4783 238 4842 bestia
264 4831 280 4856 ,
302 4806 431 4845 cum
462 4787 667 4844 Albain
696 4785 752 4841 in
793 4783 1025 4840 meridie
1054 4799 1113 4840 se
1153 4797 1349 4838 somno
1371 4781 1612 4837 dedisset
1636 4821 1650 4845 ,

95 4882 302 4951 precepit
332 4898 600 4954 magnum
629 4878 907 4937 silentium
932 4876 987 4931 in
1016 4876 1220 4947 palatia
1239 4875 1353 4930 fieri
1383 4883 1438 4929 et
1468 4872 1653 4928 omnia

93 4984 220 5026 arma
240 4975 361 5030 inde
384 4973 672 5039 subtrahi,
709 4980 765 5027 et
786 4970 1025 5043 gladium
1048 4968 1196 5024 illius
1230 4966 1444 5023 fortiter
1468 4965 1655 5037 ligavit

94 5061 148 5161 ad
166 5074 316 5161 caput
348 5065 561 5133 lectuli,
591 5080 659 5119 ne
682 5071 866 5135 posset
884 5060 1163 5133 cvaginari
1188 5066 1283 5114 aut
1308 5057 1443 5124 tolli,
1470 5058 1658 5128 sicque

94 5152 448 5213 interfectores
467 5157 594 5228 ejus
638 5153 959 5211 introduxit.
1000 5152 1197 5207 Alboin
1226 5165 1356 5206 vero
1388 5148 1661 5206 excitatus

94 5262 118 5298 a
156 5265 367 5318 somno,
412 5262 469 5308 et
512 5250 823 5321 intelligens
866 5248 1071 5304 malum
1115 5246 1262 5317 quod
1309 5242 1657 5321 imminebat,

94 5343 281 5399 concitc
310 5339 543 5400 manuni
568 5344 631 5398 ad
658 5320 926 5414 gladium,
951 5341 1045 5411 qui
1076 5336 1329 5411 alligatus
1350 5320 1500 5403 erat,
1537 5344 1660 5390 ten-

94 5431 266 5503 debat,
312 5432 409 5494 sed
447 5452 567 5491 non
588 5437 774 5491 valens
815 5430 942 5489 eum
987 5432 1309 5507 extrahere,
1359 5428 1658 5487 scabellum

96 5529 539 5596 apprehendebat,
563 5540 618 5584 et
638 5526 974 5599 aliquamdiu
1006 5541 1065 5582 se
1087 5523 1442 5590 defendebat;
1467 5521 1561 5578 sed
1584 5521 1664 5576 illi

99 5623 415 5686 prevalentes
440 5638 574 5679 eum
600 5620 941 5677 occidebant;
962 5612 1263 5672 Helmichis
1299 5626 1479 5670 autem
1515 5614 1663 5670 acci~

103 5710 237 5783 piens
253 5714 662 5772 Roscmundam
679 5715 733 5769 in
751 5728 1001 5779 uxorem,
1028 5708 1345 5775 deccrtavit,
1363 5717 1422 5763 ut
1438 5723 1665 5779 regnum

105 5807 277 5867 Alboin
308 5809 770 5883 apprehenderat,
796 5807 892 5867 sed
926 5820 1037 5863 non
1060 5804 1264 5878 potuit,
1296 5803 1425 5875 quia
1455 5801 1669 5876 Longa-

1757 4690 1863 4762 ipsi
1897 4687 2100 4744 vellent
2139 4681 2243 4738 sub
2280 4678 2367 4734 eis
2388 4675 2602 4739 vivere,
2640 4685 2766 4728 cum
2796 4664 3052 4723 omnibus
3091 4659 3206 4717 suis
3243 4671 3341 4727 per

1756 4749 1989 4840 Calliam
2013 4776 2324 4835 redierunt,
2347 4779 2402 4826 et
2422 4784 2520 4841 per
2551 4762 2883 4836 adjutorium
2916 4752 3172 4828 Sigibcrti
3194 4749 3341 4821 regis

1756 4875 1811 4929 in
1854 4871 2092 4944 patriam
2122 4881 2281 4923 suam
2320 4859 2693 4918 retenderunt.
2736 4853 2858 4922 Qua
2893 4864 3017 4907 cum
3060 4843 3341 4918 pervenis—

1757 4973 1908 5032 sent,
1936 4964 2262 5018 invenerunt
2292 4968 2415 5010 eam
2440 4961 2626 5008 tenere
2656 4946 2866 5003 Suevos
2889 4951 2943 4996 et
2967 4939 3105 4996 alias
3130 4944 3339 5009 gentes.

1760 5062 2187 5118 Insurrexcrunt
2224 5066 2357 5124 ergo
2406 5055 2595 5104 contra
2635 5058 2762 5109 eos,
2811 5047 2866 5094 et
2893 5034 3177 5092 certabant
3218 5029 3346 5085 inde

1760 5153 2030 5225 expellere
2073 5163 2190 5205 eos.
2225 5147 2295 5200 At
2329 5142 2407 5197 illi
2452 5138 2723 5194 dederunt
2765 5133 2847 5188 cis
2879 5128 3102 5186 terciam
3133 5132 3346 5196 partem

1760 5246 2029 5318 regionis,
2064 5242 2309 5298 dicentes
2344 5255 2357 5290 :
2393 5231 2534 5299 Quia
2566 5240 2844 5301 possumus
2887 5218 3235 5277 communiter
3265 5215 3347 5270 vi-

1763 5356 1898 5394 vere.
1939 5333 2252 5390 Saxonibus
2284 5344 2394 5384 non
2423 5319 2923 5383 consentientibus,
2954 5315 3154 5369 iterum
3180 5307 3348 5364 dede-

1764 5440 1896 5488 runt
1924 5429 2005 5485 eis
2032 5424 2194 5482 aliam
2217 5422 2468 5485 terciam,
2508 5425 2569 5471 ut
2600 5413 2707 5485 ipsi
2736 5415 2985 5467 tenerent
3020 5419 3217 5470 unam;
3252 5398 3353 5456 sed

1770 5521 2083 5578 Saxonibus
2120 5515 2271 5571 nullo
2296 5511 2463 5567 modo
2510 5503 3018 5578 acquiescentibus,
3053 5494 3350 5553 commise-

1768 5625 1899 5670 runt
1929 5624 2166 5684 pugnam
2183 5649 2197 5675 ,
2222 5605 2277 5660 in
2299 5620 2409 5674 qua
2439 5601 2506 5656 de
2529 5597 2841 5654 Saxonibus
2867 5592 3014 5649 mille
3040 5588 3111 5644 20
3145 5583 3349 5641 mortui

1771 5677 1947 5772 sunt,-
1968 5677 2035 5758 de
2062 5702 2170 5756 illis
2191 5713 2322 5753 vero
2354 5693 2459 5749 400
2496 5691 2647 5747 milia
2680 5698 2733 5746 et
2765 5687 2864 5755 80,
2889 5685 3075 5754 sicque
3107 5677 3349 5735 Saxones

1772 5808 1976 5859 terram
2006 5811 2164 5856 suam
2189 5791 2561 5851 obtinuerunt.
