3880 6308
500 293 610 349 795

1691 283 2097 344 “m9!
2133 283 2607 343 unum
3675 282 3760 338 796

563 403 693 462 ,ωε
729 412 984 476 ηαξ
1019 403 1337 478 mea
1369 419 1468 461 rex
1499 402 1839 459 Era-earnm
1873 401 2102 459 actim
2130 407 2178 466 Α
2201 399 2324 454 rius
2371 399 2566 456 scribit
2606 400 2662 454 in
2701 398 2928 472 Dialogo
2949 398 3048 472 (cf.
3097 415 3190 466 Ill,
3233 399 3356 471 l9),
3392 409 3448 456 et
3490 402 3764 472 pestilentia

495 507 592 556 ut
633 495 832 553 [aut
865 495 1142 569 Icilii-sici
1196 495 1385 552 fratris
1425 495 1546 562 sui,
1591 503 1649 550 et
1697 510 1925 565 regnum
1977 493 2098 564 ejus

508 590 752 662 suscepit
781 589 928 646 ﬁlius
957 590 1078 662 ejus
1110 589 1447 647 Ilildibcrtus
1472 605 1599 646 cum
1634 588 1953 644 Brunihilde
1982 604 2102 644 ma-

511 691 594 738 tre
629 697 751 738 sua.

581 771 831 828 Justinus
852 786 1071 843 quoque
1104 771 1286 827 minor
1323 787 1449 827 cum
1488 771 1549 825 il
1586 769 1747 826 annis
1783 777 2099 841 regnasset,

508 864 715 920 eisdem
759 865 1096 936 temporibus
1142 864 1308 932 obiit,
1353 872 1409 919 et
1445 862 1739 936 Tyberium
1777 862 2099 918 Constanti-

509 974 640 1013 num
691 972 1070 1014 successorem
1114 957 1356 1027 reliquit.
1389 955 1512 1023 Quo
1538 964 1662 1026 post
1686 970 1862 1011 annos
1892 964 2099 1026 septem

508 1049 798 1116 defuncto,
828 1047 1126 1105 Mauricius
1163 1048 1215 1103 ei
1252 1046 1524 1104 successit
1553 1046 1608 1100 in
1633 1044 1884 1115 imperio.

582 1141 927 1214 Langobardi
953 1156 1080 1197 vero
1100 1157 1226 1197 cum
1251 1155 1348 1212 per
1368 1139 1556 1196 decem
1587 1154 1762 1194 annos
1789 1147 1973 1194 essent
1996 1135 2100 1194 sub

508 1235 773 1302 ducibus,
839 1244 1028 1306 postea
1094 1233 1375 1290 communi
1415 1232 1647 1288 consilio
1698 1232 2101 1289 constituerunt

507 1326 612 1380 sibi
675 1341 859 1398 regem
909 1327 1171 1395 Authari,
1219 1326 1391 1382 tilium
1446 1325 1746 1396 Calphonis
1799 1323 2098 1395 supradicti

506 1415 768 1486 principis
806 1416 902 1487 qui
934 1425 1060 1472 ante
1083 1415 1360 1472 Tadonem
1386 1416 1661 1488 regnavit,
1694 1424 1748 1471 et
1767 1429 1867 1486 pro
1897 1429 2098 1487 magno

506 1508 716 1563 honore
747 1517 1084 1565 vocaverunt
1113 1524 1240 1565 eum
1260 1508 1532 1576 Flavium,
1555 1517 1611 1565 et
1632 1508 1774 1565 istud
1799 1523 2096 1579 prenomcn

507 1608 694 1668 postea
716 1599 770 1654 in
804 1616 907 1656 usu
932 1601 1244 1656 habuerunt
1271 1616 1424 1672 reges
1451 1600 1957 1672 Langobardorum.
1982 1600 2098 1657 Du-

503 1704 599 1745 ces
627 1703 758 1745 vero
782 1692 875 1760 qui
903 1699 1034 1746 tunc
1054 1700 1210 1747 erant
1245 1707 1344 1763 pro
1365 1693 1767 1749 restauratlone
1801 1691 1955 1765 regni
1982 1707 2099 1748 me-

2202 491 2324 559 illa,
2366 507 2467 562 pro
2501 508 2610 562 qua
2643 493 2760 563 ipse
2789 492 2905 564 jam
2941 493 3383 564 archydiaconus
3421 491 3761 564 septiformetn

2200 581 2474 637 laztaniam
2495 583 2779 638 constituit
2815 583 3040 654 ipseque
3073 582 3385 638 Romanum
3417 585 3764 655 pontiﬁcatum

2201 672 2408 728 invitus
2428 673 2656 744 accepit.
2689 671 2822 732 Post
2842 673 2962 729 haec
2986 673 3138 730 misit
3166 672 3399 728 Authari
3433 673 3640 745 legatos
3659 691 3768 732 suos

2200 765 2270 821 ad
2311 765 2669 822 Caribaldum
2714 782 2898 838 regem
2937 766 3357 835 Bavvariorum,
3396 776 3593 838 petens
3625 769 3769 824 ﬁliam

2200 874 2359 914 suam
2391 873 2640 914 uxorem.
2674 857 2780 927 Qui
2812 859 2952 914 bene
2985 859 3196 930 legatos
3233 859 3508 929 suscepit,
3541 868 3598 914 et
3629 859 3770 915 tiliam

2199 967 2360 1008 suam
2382 951 2605 1008 nomine
2631 950 3062 1008 Theodelindam
3083 951 3133 1008 ei
3156 951 3432 1023 promisit.
3478 950 3638 1018 Quod
3662 952 3771 1006 dum

2199 1043 2354 1099 missi
2402 1045 2792 1100 renunciarent
2854 1043 3115 1112 Authari,
3171 1043 3263 1100 ille
3318 1043 3550 1115 cupiens
3616 1044 3776 1099 videre

2200 1152 2458 1208 sponsam
2484 1153 2640 1194 suam
2657 1179 2673 1205 ,
2707 1136 2869 1210 elegit
2893 1151 3083 1194 secum
3109 1151 3318 1208 paucos
3348 1137 3588 1208 juvenes
3617 1136 3776 1191 torus.

2200 1229 2374 1286 simas
2391 1271 2407 1298 ,
2440 1238 2496 1286 et
2525 1245 2700 1285 unum
2731 1227 3114 1285 fidelissimum
3140 1227 3300 1300 quasi
3333 1243 3438 1299 pro
3458 1228 3682 1284 domino
3703 1270 3717 1295 ,
3735 1239 3779 1282 et

2200 1339 2328 1380 cum
2401 1339 2619 1381 summa
2678 1323 3034 1381 festinatione
3079 1322 3320 1395 perrexit
3369 1324 3432 1379 in
3470 1323 3776 1379 Busan-iatn.

2199 1415 2454 1488 Cumque
2473 1423 2684 1473 starent
2703 1415 2759 1471 in
2782 1423 3084 1487 conspectu
3108 1414 3393 1472 Garibaldi
3417 1416 3566 1488 regis
3581 1458 3598 1481 ,
3626 1425 3680 1472 et
3707 1416 3781 1474 ills

2199 1508 2294 1578 qui
2339 1507 2503 1580 quasi
2537 1507 2725 1564 senior
2777 1507 3067 1564 videbatur
3112 1506 3261 1564 dicta
3303 1523 3408 1563 sua
3440 1508 3780 1578 complesset,

2199 1601 2340 1657 dixit
2386 1599 2617 1656 Authari
2659 1601 2729 1656 ad
2783 1615 2967 1672 regem
3005 1618 3021 1655 :
3057 1599 3320 1654 Dominus
3373 1615 3523 1655 meus
3574 1601 3780 1654 Authari

2200 1694 2411 1765 proprie
2455 1709 2550 1765 pro
2595 1694 2704 1748 ista
2735 1709 2899 1748 causa
2947 1708 3028 1747 me
3061 1692 3251 1760 misit,
3290 1701 3351 1746 ut
3384 1692 3600 1747 videant
3634 1693 3778 1761 ﬁlis:

503 1781 762 1836 dietatem
797 1783 1046 1838 omnium
1076 1799 1302 1840 suarum
1335 1784 1771 1840 substantiarum
1808 1785 1864 1840 in
1889 1800 2093 1857 expen-
2123 1786 2167 1848 Β
2195 1795 2453 1854 vestram,
2513 1785 2789 1840 dominam
2847 1793 3120 1850 nostram,
3161 1793 3252 1853 ut,
3291 1784 3474 1856 qualis
3520 1785 3594 1838 sit
3635 1786 3778 1854 [om

501 1874 656 1930 dium
697 1875 774 1930 rei
813 1877 1045 1947 publicae
1073 1879 1368 1947 dederunt,
1413 1889 1474 1936 ut
1508 1890 1693 1948 esset,
1733 1881 1880 1937 unde
1908 1881 2093 1938 vivere

505 1968 777 2038 potuisset
822 1970 939 2040 ipse
969 1987 1095 2039 rex,
1140 1972 1224 2028 vel
1264 1973 1360 2044 qui
1408 1972 1462 2028 in
1493 1973 1726 2030 servicio
1751 1972 1873 2044 ejus
1903 1981 2090 2041 erant,

501 2058 586 2112 vel
611 2058 705 2129 qui
740 2060 809 2115 ad
837 2077 964 2116 eum
991 2063 1302 2120 veniebant.
1342 2062 1458 2121 IIoc
1479 2073 1662 2120 autem
1691 2073 1812 2121 erat
1843 2064 2094 2120 mirabile

501 2149 558 2204 in
590 2166 758 2222 regno
792 2152 1310 2225 Langobardorum,
1347 2156 1495 2227 quod
1525 2156 1707 2212 nullus
1734 2155 1897 2212 alicui
1928 2154 2094 2212 facie-

499 2240 592 2297 bat
619 2242 964 2314 violentiam,
999 2247 1148 2302 nulla
1183 2245 1338 2303 fraus
1367 2247 1445 2303 ibi
1473 2256 1622 2315 erat,
1656 2262 1818 2304 nemo
1851 2247 2091 2318 aliquem

499 2331 702 2403 injuste
736 2337 1082 2407 angariabat,
1108 2353 1218 2394 non
1238 2338 1312 2394 ibi
1337 2339 1580 2396 latrones
1600 2349 1778 2406 erant,
1802 2339 1898 2395 sed
1920 2355 2093 2396 unus-

507 2423 749 2497 quisque
777 2428 868 2482 ubi
897 2429 1114 2485 volebat
1142 2446 1372 2487 securus
1400 2431 1677 2504 pergebat.
1709 2429 1823 2487 Hoc
1846 2439 2091 2501 tempore

496 2515 796 2577 Mauricius
823 2521 1120 2594 imperator
1166 2524 1564 2596 quinquaginta
1599 2524 1752 2580 milia
1786 2524 2089 2580 solidorum

498 2608 660 2666 misit.
693 2609 994 2668 llildiberto
1028 2613 1142 2684 regi
1178 2612 1548 2683 Francorum,
1585 2623 1645 2670 ut
1696 2613 2088 2687 Langobardos

495 2703 564 2760 de
594 2701 744 2760 Italia
770 2691 1089 2776 expelleret;
1107 2705 1229 2774 Quo
1259 2707 1513 2764 veniente
1545 2723 1672 2764 cum
1706 2723 1906 2778 magno
1927 2723 2088 2764 exer-

496 2795 640 2864 citu,
669 2795 1015 2870 Langobardi
1045 2799 1298 2857 civitates
1329 2815 1460 2856 suas
1496 2799 1871 2869 intraverunt,
1905 2810 1959 2856 et
1988 2815 2088 2856 xe-

497 2887 589 2942 nia
625 2886 926 2946 Ilildiberto
957 2890 1072 2962 regi
1103 2890 1401 2958 miserunt,
1433 2906 1736 2963 pacemque
1760 2907 1890 2948 cum
1918 2907 1984 2949 eo
2009 2890 2089 2946 fe-

497 2991 710 3038 cerunt.
744 2982 848 3050 Qui
880 2999 1131 3040 reversus
1165 2992 1253 3040 est
1287 2984 1340 3039 in
1377 2985 1630 3041 Galliam.
1669 2984 1826 3053 Quod
1856 2986 2088 3043 audiens

500 3071 828 3143 Mauricius,
855 3076 1089 3145 solidos,
1117 3093 1257 3148 quos
1285 3078 1336 3134 ei
1360 3093 1460 3149 pro
1482 3078 1844 3150 dissipatione
1869 3079 2087 3154 Longo—

2195 1878 2312 1949 ejus
2335 1920 2350 1946 ,
2395 1879 2595 1950 possim
2625 1878 2843 1933 domino
2875 1894 2991 1933 meo
3017 1894 3135 1933 vere
3165 1878 3448 1932 nunciare.
3475 1875 3585 1944 Qui
3621 1878 3776 1932 stati

2204 1969 2334 2024 fecit
2389 1984 2513 2024 eam
2562 1968 2772 2024 venire.
2817 1967 2955 2035 Qum
3018 1983 3146 2024 cum
3187 1966 3499 2038 placuisset
3539 1968 3776 2030 Authari,

2193 2062 2333 2118 dixit
2363 2062 2431 2118 ad
2467 2076 2652 2133 regem
2685 2079 2699 2117 :
2735 2060 2796 2116 Si
2827 2059 3006 2132 placet
3051 2069 3241 2116 vestra:
3279 2061 3571 2131 potestati,
3612 2063 3672 2115 de
3700 2079 3778 2114 su

2194 2171 2355 2209 manu
2394 2153 2483 2208 det
2520 2152 2914 2221 nobis'bibere,
2942 2151 3081 2207 sicut
3115 2160 3167 2206 et
3204 2151 3430 2222 posthac
3468 2150 3674 2205 debebit
3709 2151 3775 2219 [a-

2193 2262 2327 2301 cere.
2369 2244 2526 2313 Quod
2547 2259 2675 2302 cum
2701 2259 2799 2301 rex
2832 2242 2952 2299 ﬁeri
2973 2242 3266 2314 iussisset,
3298 2242 3393 2298 illa
3428 2242 3632 2297 tollens
3665 2242 3775 2296 cali-

2191 2353 2311 2394 cem
2339 2338 2562 2409 plenum
2594 2352 2779 2406 mero,
2813 2335 2966 2393 dedit
2989 2334 3230 2407 primum
3267 2334 3346 2389 illi
3369 2334 3472 2405 qui
3501 2334 3683 2390 senior
3708 2333 3771 2386 ri-

2191 2431 2448 2499 debatur,
2493 2429 2694 2487 deinde
2726 2429 3046 2502 porrigebat
3079 2428 3345 2497 Authari,
3375 2429 3641 2484 nesciens
3668 2426 3768 2497 quis

2191 2532 2358 2580 esset.
2405 2523 2526 2594 Ipse
2553 2538 2684 2579 vero
2704 2531 3000 2595 postquam
3035 2520 3171 2576 bibit
3195 2529 3250 2576 et
3269 2520 3507 2576 calicem
3531 2518 3772 2581 reddidit.

2191 2615 2412 2670 nemine
2448 2613 2665 2670 vidente
2688 2655 2704 2681 ,
2729 2612 2900 2684 digito
2915 2627 3038 2668 eam
3067 2611 3274 2684 tetigit,
3308 2619 3365 2668 et
3386 2626 3620 2666 manum
3639 2625 3770 2666 sua

2190 2721 2288 2778 per
2326 2705 2522 2762 faciem
2552 2705 2674 2776 ejus
2712 2703 2889 2760 duxit.
2923 2703 3058 2772 Quae
3104 2702 3489 2759 verecundans
3522 2717 3648 2756 cum
3688 2701 3775 2754 bac

2189 2797 2394 2854 nutrici
2425 2813 2540 2854 sua:
2580 2795 2879 2863 indicaret,
2923 2794 3110 2851 nutrix
3137 2793 3429 2866 respondit
3463 2812 3478 2848 :
3507 2791 3572 2848 Si
3611 2809 3699 2848 rex
3735 2803 3773 2845 ct

2191 2906 2414 2961 sponsus
2467 2897 2588 2943 tuus
2619 2904 2724 2942 non
2750 2895 2918 2954 esset,
2971 2895 3020 2942 te
3055 2885 3206 2941 nullo
3245 2885 3404 2939 modo
3437 2894 3651 2954 tangere
3680 2900 3774 2952 pre

2187 2981 2633 3057 sumpsisset.Sed
2647 2992 2938 3050 taceamus,
2952 2998 3044 3037 nec
3054 2981 3242 3035 audiat
3255 2980 3355 3034 hoc
3364 2989 3525 3050 pater
3536 2977 3772 3032 tussttc

2189 3079 2280 3150 qui
2313 3077 2475 3132 talem
2511 3057 2666 3130 habet
2714 3089 3015 3146 personam,
3045 3073 3237 3143 dignus
3277 3082 3356 3126 est
3382 3113 3400 3139 ,
3430 3081 3480 3126 et
3523 3072 3774 3140 imperim

498 3166 796 3222 bardorum
829 3168 1006 3236 dedit,
1042 3179 1286 3240 repetere
1319 3170 1514 3241 cmpit;
1554 3171 1650 3227 sed
1681 3171 1771 3228 ille
1806 3171 1861 3226 in
1889 3171 2094 3230 virtute
2119 3161 2162 3220 C
2194 3170 2383 3225 habere
2427 3179 2478 3225 et
2506 3178 2554 3224 te
2591 3185 2810 3223 uxorem
2845 3167 3055 3222 ducere.
3099 3165 3230 3220 Erat
3260 3164 3413 3220 enim
3443 3162 3676 3219 Authari
3701 3162 3773 3232 jn-

496 3274 598 3312 sua
635 3258 951 3326 conﬁdens,
984 3259 1194 3314 nullum
1225 3259 1276 3314 ei
1314 3276 1642 3330 responsum
1673 3260 1842 3317 dedit.
1877 3259 2090 3319 Interea

499 3348 836 3407 llildibertus
857 3351 1119 3422 pugnavit
1149 3366 1276 3407 cum
1301 3350 1606 3424 Hyspanis,
1638 3361 1694 3408 et
1714 3353 1848 3408 vicit
1875 3369 2001 3421 eos,
2036 3365 2092 3411 et

497 3443 604 3500 ista
646 3440 752 3499 fuit
795 3460 993 3513 causa,
1028 3444 1176 3501 unde
1221 3445 1361 3500 inter
1397 3461 1457 3502 se
1490 3461 1734 3518 pugnare
1774 3457 2086 3518 coeperunt;

501 3535 840 3593 Ilildihertus
895 3553 991 3593 rex
1037 3553 1284 3594 sororem
1330 3555 1487 3594 suam
1527 3539 1750 3596 nomine
1787 3539 2088 3612 lngundem

493 3630 719 3687 dederat
753 3644 981 3686 uxorem
1013 3629 1402 3703 Erminigildo,
1444 3631 1558 3687 ﬁlio
1597 3631 1894 3705 Leovigildi
1942 3635 2088 3707 regis

498 3720 902 3793 llyspanorum.
949 3720 1055 3789 Qui
1107 3721 1490 3794 Ermengildus
1536 3740 1632 3795 per
1657 3725 2086 3795 predicationcm

495 3810 731 3866 Leandri
761 3812 1002 3884 episcopi
1032 3821 1087 3869 et
1106 3829 1203 3884 per
1220 3814 1427 3870 monita
1452 3815 1640 3872 uxoris
1663 3832 1776 3872 sua:
1805 3818 1872 3873 de
1893 3816 2084 3872 Arria-

495 3919 568 3958 na
591 3903 800 3972 heresi,
831 3920 995 3976 quam
1025 3913 1182 3976 pater
1205 3922 1340 3963 suus
1362 3907 1594 3975 colebat,
1621 3906 1690 3962 ad
1715 3907 1874 3963 [idem
1897 3909 2088 3964 catho-

494 3995 658 4053 licam
683 4013 980 4056 conversus
1007 3999 1218 4069 fuerat;
1243 4017 1344 4073 pro
1364 4017 1473 4074 qua
1504 4017 1675 4058 causa
1706 4002 1909 4074 impius
1930 4012 2086 4074 pater

493 4087 615 4158 ejus
641 4088 695 4143 in
718 4089 836 4160 ipsa
865 4090 1159 4148 festivitate
1183 4094 1402 4164 paschae
1435 4109 1561 4150 cum
1594 4094 1778 4150 securi
1802 4110 1931 4150 eum
1960 4110 2087 4166 per-

491 4181 607 4239 cuti
641 4181 827 4253 jussit.
868 4183 1018 4241 Uxor
1059 4202 1190 4242 vero
1232 4185 1380 4244 illius
1415 4185 1630 4259 fugiens
1667 4186 1736 4243 de
1775 4185 2082 4260 IIyspania,

493 4275 667 4331 voluit
689 4277 884 4331 reverti
922 4277 978 4332 in
1000 4279 1236 4349 patriam
1260 4295 1450 4348 suam;
1477 4280 1572 4336 sed
1595 4279 1796 4336 milites
1828 4279 2082 4350 Romani,

490 4370 588 4442 qui
641 4371 696 4424 in
745 4370 854 4428 illis
902 4373 1150 4442 partibus
1188 4384 1377 4442 erant,
1409 4376 1886 4446 apprehenderunt
1931 4377 2082 4434 illam

489 4477 620 4518 cum
654 4460 767 4517 lilio
793 4479 897 4519 suo
924 4465 1182 4534 parvulo,
1214 4473 1270 4521 et
1297 4465 1645 4523 adduxerunt
1673 4467 1822 4524 illam
1853 4468 1911 4524 in
1943 4467 2083 4524 Sici-

489 4555 650 4622 liam,
676 4555 861 4626 ibique
886 4566 1102 4613 mortua
1129 4567 1242 4625 est,
1269 4559 1441 4614 tilium
1462 4575 1593 4616 vero
1615 4561 1736 4633 ejus
1763 4561 2082 4618 direxerunt

488 4645 545 4700 in
589 4646 1127 4718 Constantinopolim
1183 4649 1447 4707 Mauricio
1496 4651 1831 4722 imperatori.
1875 4650 2079 4708 Iterum

487 4738 789 4796 Mauricius
831 4741 1130 4813 imperator
1166 4743 1316 4800 misit
1348 4743 1419 4802 ad
1454 4743 1848 4813 llildibertum,
1877 4760 2079 4818 rogans

488 4833 641 4890 illum
657 4877 672 4902 ,
707 4843 767 4890 ut
792 4836 1093 4892 exercitum
1115 4837 1374 4910 dirigeret
1399 4837 1454 4893 in
1481 4837 1692 4894 Italiam
1715 4848 1907 4897 contra
1928 4839 2076 4895 Lon-

487 4927 778 4998 gobardos.
803 4928 907 4997 Qui
935 4946 1191 5001 sperans,
1220 4933 1370 5003 quod
1403 4947 1561 4989 soror
1590 4949 1690 4990 sua
1717 4935 1899 4990 adhuc
1927 4933 2076 4990 vive-

485 5029 570 5075 ret
597 5030 652 5078 et
685 5021 740 5076 in
765 5021 1240 5096 Constantinopoli
1280 5035 1455 5095 esset,
1479 5027 1670 5083 volens
1701 5042 1826 5084 eam
1860 5027 2076 5084 recolli-

485 5126 642 5182 gere,
695 5116 985 5185 complevit
1025 5119 1361 5174 voluntatem
1408 5119 1786 5191 imperatoris,
1827 5129 1883 5176 et
1925 5119 2077 5176 misit

483 5205 788 5261 exercitum
832 5208 1170 5268 Francorum
1215 5213 1273 5268 in
1319 5212 1561 5282 Italiam;
1602 5215 1698 5271 sed
1728 5211 2075 5285 Longohardi

483 5294 797 5368 frequenter
818 5303 1137 5372 pugnabant
1161 5314 1357 5362 contra
1383 5305 1552 5378 ipsos.
1582 5306 1718 5364 Post
1739 5308 1856 5364 haec
1875 5306 2073 5362 Franci

481 5399 536 5447 et
587 5391 878 5448 Alamanni
923 5393 1099 5451 rixam
1155 5397 1297 5454 inter
1330 5413 1390 5455 se
1427 5398 1720 5468 habentes,
1761 5398 1971 5470 egressi
2007 5397 2075 5454 de

481 5483 636 5539 Italia
653 5525 669 5550 ,
697 5486 981 5542 redierunt
999 5489 1068 5545 ad
1097 5491 1338 5562 propria.
1368 5491 1485 5549 Hoc
1513 5503 1758 5565 tempore
1787 5493 2073 5548 inundatio

479 5593 750 5649 aquarum
784 5579 929 5638 facta
958 5591 1042 5640 est
1084 5583 1141 5638 in
1181 5582 1364 5651 Italia,
1395 5585 1463 5640 de
1493 5601 1601 5656 qua
1643 5586 1838 5642 beatus
1872 5583 2073 5654 Grego-

2190 3265 2346 3321 venis
2379 3262 2784 3335 pulcherrimus
2821 3269 2876 3317 et
2917 3259 3048 3316 boni
3087 3267 3283 3314 status.
3316 3256 3451 3313 Post
3491 3257 3614 3313 haec
3645 3271 3773 3311 com-

2191 3367 2434 3414 meatum
2480 3363 2727 3428 petentes
2774 3371 2806 3411 a
2852 3368 3011 3426 rege,
3061 3361 3426 3424 perrexerunt
3455 3350 3524 3406 ad
3570 3351 3777 3421 patriam

2191 3467 2372 3508 suam.
2423 3449 2654 3505 Authari
2697 3463 2829 3504 vero
2882 3462 3010 3503 cum
3059 3444 3403 3516 pervenisset
3448 3458 3624 3514 prope
3663 3441 3776 3495 ints

2189 3539 2378 3609 Italiae,
2415 3538 2809 3597 comitantibus
2839 3535 3136 3607 aliquantis
3162 3533 3433 3589 Bawariis
3457 3574 3472 3599 ,
3500 3530 3774 3603 appropin-

2189 3633 2380 3704 quavit
2416 3632 2622 3699 arbori,
2657 3645 2783 3702 qua:
2829 3628 3013 3686 stabat
3055 3622 3213 3698 juxta
3246 3625 3421 3694 viam,
3456 3635 3513 3680 et
3542 3623 3777 3680 erexitse

2189 3741 2355 3797 super
2403 3725 2677 3781 caballum
2707 3731 2978 3795 quantum
3002 3720 3203 3792 potuit,
3247 3728 3308 3774 et
3354 3717 3602 3774 securim
3633 3729 3774 3788 quam

2187 3820 2442 3893 portabat
2469 3819 2525 3874 in
2553 3834 2720 3873 manu
2748 3817 2803 3872 in
2841 3819 3018 3886 ipsam
3053 3813 3312 3869 arborem
3355 3811 3590 3883 impegit
3614 3810 3776 3879 ibique

2186 3909 2424 3976 dimisit,
2457 3909 2648 3964 dicens
2687 3927 2700 3963 :
2741 3905 2946 3962 Taliter
2991 3905 3150 3976 ferire
3191 3901 3326 3958 solet
3366 3901 3626 3956 Authari.
3674 3899 3775 3966 Quo

2187 4000 2334 4058 dicto
2361 4001 2749 4056 intellexerunt
2770 3997 3026 4064 Bawarii,
3053 3995 3201 4069 quod
3230 3994 3348 4066 ipse
3374 4005 3524 4050 esset
3545 3991 3773 4048 Authari.

2186 4097 2318 4153 Post
2353 4094 2697 4166 aliquantum
2738 4100 2955 4163 tempus
2983 4089 3347 4146 conturbatus
3381 4098 3469 4144 est
3497 4104 3596 4143 rex
3637 4084 3774 4142 Cari-

2185 4193 2380 4250 baldus
2404 4191 2472 4247 de
2497 4190 2736 4246 adventu
2771 4187 3133 4254 Francorum,
3164 4194 3220 4242 et
3247 4184 3626 4240 Theodelinda
3643 4225 3660 4250 ,
3685 4181 3774 4236 ilia

2184 4287 2326 4358 ejus,
2369 4301 2495 4342 cum
2524 4283 2696 4338 fratre
2726 4296 2850 4348 suo,
2889 4280 3114 4336 nomine
3147 4277 3475 4335 Cundoaldo
3517 4278 3631 4344 “",
3661 4274 3778 4345 fugit

2185 4379 2254 4435 ad
2277 4377 2510 4445 Italiam,
2549 4385 2604 4431 et
2630 4373 2910 4429 mandavit
2939 4387 3145 4444 sponso
3173 4386 3278 4427 suo
3305 4369 3546 4426 Authari
3570 4412 3585 4436 ,
3615 4376 3674 4423 ut
3697 4382 3771 4420 rc-

2185 4471 2327 4526 niret
2344 4469 2561 4526 obviam
2586 4467 2687 4523 eis.
2717 4465 2822 4534 Qui
2849 4465 3073 4538 gavisus
3093 4472 3199 4531 est,
3221 4471 3278 4518 et
3301 4461 3517 4518 faciens
3538 4474 3775 4532 magnam

2184 4561 2619 4634 preparationem
2646 4601 2662 4626 ,
2723 4556 2966 4629 perrexit
3021 4555 3078 4610 in
3126 4569 3387 4626 campum
3438 4554 3537 4625 qui
3588 4551 3772 4608 dicitur

2184 4654 2409 4720 Sardis,
2441 4668 2607 4723 super
2634 4649 2933 4717 Veronam,
2970 4657 3027 4704 et
3053 4646 3300 4718 suscepit
3340 4661 3469 4702 eam
3501 4662 3627 4702 cum
3651 4659 3772 4716 gau-

2180 4748 2292 4805 dio.
2339 4747 2472 4804 Erat
2515 4756 2701 4804 autem
2737 4747 2811 4804 ibi
2854 4757 2988 4804 tunc
3037 4746 3180 4802 inter
3227 4746 3368 4802 alios
3406 4742 3776 4817 Langobardos

2180 4839 2451 4914 Agilolfus
2495 4840 2606 4897 dux
2651 4841 2720 4897 de
2755 4840 2977 4897 civitate
3025 4837 3382 4896 Taurinensi.
3417 4837 3572 4893 Tunc
3611 4836 3776 4892 subito

2183 4934 2544 4990 conturbatus
2569 4942 2654 4992 est
2674 4949 2788 5001 aer,
2811 4941 2869 4989 et
2895 4933 3038 5005 cepit
3058 4941 3254 4990 tonare
3277 4940 3334 4987 et
3358 4945 3654 4987 coruscare
3676 4926 3774 4982 lor-

2181 5027 2348 5096 titer,
2402 5027 2701 5098 statimque
2749 5025 2958 5082 fulmen
3004 5023 3280 5096 percussit
3324 5039 3499 5078 unum
3545 5022 3772 5092 ligna.

2181 5120 2330 5192 quod
2358 5128 2477 5176 erat
2523 5120 2764 5192 positum
2813 5119 2869 5174 in
2905 5119 3129 5176 clusura
3177 5117 3345 5188 regis.
3375 5113 3644 5188 Agilolfus
3686 5127 3774 5165 an-

2180 5223 2291 5269 tem
2318 5210 2511 5266 habuit
2537 5226 2769 5282 puerum
2799 5209 3094 5282 quendam,
3130 5207 3248 5280 qui,
3281 5205 3470 5286 nescio
3498 5221 3595 5276 per
3622 5217 3775 5274 quam

2179 5312 2374 5370 artem,
2399 5301 2707 5375 intelligens
2737 5300 2869 5374 quid
2901 5299 3238 5372 signiﬁcaret
3262 5339 3279 5367 ,
3328 5297 3408 5352 ait
3433 5292 3670 5366 Agilolfo
3697 5305 3772 5343 se-

2177 5404 2326 5453 crete
2365 5414 2378 5450 :
2411 5393 2528 5450 Ista
2577 5395 2798 5462 mulier,
2829 5410 2992 5466 quam
3043 5391 3199 5447 modo
3247 5405 3340 5445 rex
3372 5388 3496 5442 tulit
3541 5399 3770 5444 uxorem.

2178 5498 2294 5561 post
2325 5504 2430 5542 non
2469 5486 2698 5542 multum
2739 5495 2834 5541 tua
2879 5485 3113 5555 conjuna:
3164 5481 3255 5515 '°"
3288 5483 3410 5536 erit.
3455 5478 3561 5546 Qui
3613 5477 3771 5530 iratus

2178 5581 2258 5636 ait
2295 5599 2309 5635 :
2347 5578 2409 5635 Si
2438 5577 2554 5635 alia
2581 5578 2690 5635 vice
2715 5577 2811 5634 hoc
2859 5576 3082 5645 dixeris,
3119 5585 3277 5646 caput
3305 5581 3451 5628 tuam
3480 5569 3768 5625 abscidam.

1763 5673 1995 5731 VARle
2036 5669 2439 5730 LECTIONES.

556 5766 645 5798 ⁸⁰⁸¹
687 5766 741 5822 in
791 5764 906 5822 loco
950 5782 1066 5821 raso
1111 5768 1159 5822 Ι.

1241 5767 1332 5800 ¹⁶⁸²
1375 5766 1603 5844 conjux"
1624 5785 1760 5824 corr.
1812 5764 2052 5838 conjunx
2091 5763 2111 5821 ι
