3880 6320
55 316 132 374 797

899 293 1269 353 (ΒΜΔ.
1305 323 1367 334 -
1409 288 1815 348 manu
1851 288 2320 348 mw.

3155 290 3261 346 798

51 430 125 489 Cui
151 425 240 485 illic
279 417 546 492 respondit
593 435 605 470 :
643 413 831 470 Verum
870 421 969 479 est,
1013 413 1140 484 quia
1185 419 1345 482 caput
1391 426 1564 465 mm
1591 409 1639 467 Α
1665 405 1805 461 riam
1847 407 2080 475 tu,
2103 421 2238 464 α-
2263 419 2467 476 lyn
2505 401 2686 475 μί
2729 401 2806 459 ad
2833 410 3047 459 υ,
3093 417 3261 459 ιιι-

51 519 263 580 aoscidm
290 511 472 584 poteris
489 525 508 574 ;
539 508 627 564 sed
655 515 704 562 et
734 505 830 560 hoc
865 521 1041 560 verum
1063 513 1162 572 est,
1192 504 1320 574 quia
1347 501 1452 556 ista
1487 501 1566 572 fe-

51 617 160 672 mina
186 610 246 666 ad
266 607 354 662 hoc
385 603 518 659 venit
551 601 606 656 in
629 602 788 656 istam
807 598 1063 670 patriam,
1086 605 1146 651 ut
1179 613 1317 652 uxor
1351 604 1443 650 tua
1469 596 1560 650 sit.

49 701 167 771 Quod
203 706 251 754 et
279 703 454 766 postea
488 691 689 746 factum
721 697 824 745 est.
873 685 1083 743 Interea
1124 684 1403 742 mandavit
1447 683 1558 739 Au-

50 793 155 852 diari
191 804 274 844 rex
312 785 468 842 verba
513 782 736 854 paciﬁca
765 780 1129 837 Guntrammo
1160 777 1277 849 regi
1323 776 1566 833 Franco-

50 903 158 951 rum,
179 891 352 954 patruo
374 875 652 951 Hildiberti
685 875 849 946 regis,
875 881 938 928 ut
965 871 1168 928 faceret
1209 885 1401 941 pacem
1437 885 1564 926 cum

48 995 108 1035 eo.
131 975 206 1029 ille
225 985 342 1027 vero
370 984 490 1024 cum
521 966 719 1037 gaudio
742 963 986 1035 suscepit
1009 963 1211 1018 missos
1238 960 1488 1026 Autbari,
1510 969 1565 1016 et

47 1068 197 1126 direxit
219 1079 304 1120 eos
330 1061 394 1117 ad
422 1059 780 1116 Hildibertum
826 1064 1076 1127 nepotem
1119 1070 1280 1110 suum
1299 1095 1315 1121 ,
1339 1062 1400 1109 ut
1431 1069 1562 1124 pro-

48 1171 134 1232 pter
158 1156 458 1212 voluntatem
491 1165 648 1208 suam
693 1157 750 1206 et
793 1147 1086 1205 consilium
1123 1145 1325 1202 faceret
1371 1159 1561 1217 pacem

47 1268 140 1308 cum
164 1243 526 1318 Longobardis.
569 1241 702 1300 Erat
717 1241 864 1298 enim
890 1240 1006 1312 ipse
1045 1237 1438 1295 Guntrammus
1466 1251 1562 1292 rex

47 1341 250 1416 paciﬁcus
286 1345 336 1393 et
361 1335 509 1393 omni
532 1333 778 1390 bonitate
803 1332 1068 1404 preditus.
1097 1329 1238 1386 Cum
1269 1337 1452 1384 autem
1480 1328 1562 1383 le-

48 1436 128 1508 gati
155 1432 401 1489 tardarent
437 1428 492 1484 in
539 1426 792 1494 Francia,
835 1422 1067 1480 Autbari
1118 1422 1262 1494 apud
1309 1420 1560 1477 Ticinum

48 1540 224 1591 veneno,
243 1531 296 1578 ut
319 1520 524 1587 dicunt,
553 1527 806 1575 mortuus
837 1525 942 1583 est,
985 1522 1276 1586 postquam
1316 1513 1563 1585 regnavit

48 1619 166 1673 annis
187 1631 285 1673 sex.
316 1613 616 1684 Statimque
643 1607 987 1682 Longobardi
1029 1607 1299 1662 miserunt
1342 1605 1408 1661 ad
1447 1605 1562 1662 Hil-

49 1710 257 1764 dibertum
281 1721 474 1777 regem,
500 1703 600 1776 qui
625 1704 676 1760 ei
718 1711 952 1758 mortem
973 1698 1204 1756 Autbari
1239 1699 1561 1756 nunciarent

49 1814 87 1858 et
126 1814 281 1871 pacem
328 1797 394 1853 ab
440 1811 508 1852 eo
578 1795 936 1868 postularent.
1002 1793 1154 1861 Quos
1198 1789 1288 1847 ille
1328 1791 1560 1864 benigne

51 1893 263 1962 suscepit,
324 1904 620 1961 pacemque
667 1889 893 1960 petitam
946 1888 1114 1945 dedit.
1176 1886 1386 1960 Regina
1432 1900 1562 1941 vero

51 1983 342 2042 Theodeliuda
370 1982 498 2054 quia
535 1983 784 2054 placebat
808 1981 1206 2054 Longobardis,
1232 1980 1566 2036 dimiserunt

50 2095 134 2134 eam
157 2092 352 2148 regnare
373 2117 388 2144 ,
420 2076 668 2133 dicentes
707 2075 779 2144 ei,
821 2084 881 2131 ut
909 2089 1312 2147 quemcumque
1355 2081 1566 2128 amaret

51 2171 212 2235 virum,
247 2167 445 2224 tolleret
471 2167 730 2222 maritum
755 2207 772 2234 ,
817 2166 980 2223 talem
1015 2175 1196 2222 tamen
1229 2164 1328 2236 qui
1365 2162 1565 2236 dignus

50 2272 153 2319 esset
179 2276 341 2332 regere
367 2265 620 2332 regnum.
645 2258 781 2328 Quae
798 2302 814 2328 ,
844 2258 1032 2315 habito
1058 2257 1291 2315 consilio
1318 2272 1443 2313 cum
1469 2271 1564 2312 sa-

51 2353 294 2424 pienatibus,
335 2353 496 2424 elegit
545 2352 654 2409 sibi
709 2352 969 2408 maritum
1003 2349 1200 2408 ducem
1245 2348 1562 2421 Agiloll‘um,

50 2447 116 2514 qui
137 2454 230 2501 erat
254 2445 331 2501 vir
355 2445 577 2516 sapiens
602 2454 657 2501 et
688 2445 919 2501 bellator
956 2453 1011 2500 et
1038 2459 1135 2515 per
1178 2443 1362 2499 omnia
1405 2449 1566 2513 aptus

49 2537 95 2591 ad
119 2537 426 2608 regnandum.
467 2536 575 2592 Cui
606 2536 790 2592 statim
833 2534 1134 2602 mandavit,
1168 2542 1228 2588 ut
1255 2532 1466 2589 veniret
1496 2532 1565 2588 ad

49 2642 150 2692 eam,
171 2627 367 2698 ipsaque
391 2627 458 2682 ad
481 2626 770 2684 castellum
795 2625 941 2696 quod
974 2623 1310 2680 Laumellum
1339 2629 1566 2679 vocatur

49 2719 226 2788 perrexit
275 2719 322 2775 ei
372 2720 614 2775 obviam.
680 2718 787 2786 Qui
841 2734 966 2774 eum
1010 2717 1154 2772 inter
1199 2731 1260 2773 se
1305 2715 1568 2771 haberent

49 2808 328 2880 colloquium,
362 2809 528 2880 jussit
577 2809 765 2881 regina
807 2807 989 2864 aﬂ'erri
1023 2807 1233 2872 vinum,
1263 2805 1567 2875 bibensque

50 2899 129 2968 ipsa
152 2899 294 2970 prior,
325 2899 469 2957 dedit
497 2900 759 2972 Agilolfo.
786 2899 892 2968 Qui
919 2915 1045 2956 cum
1067 2898 1356 2970 acciperet,
1385 2897 1563 2952 hono-

51 2991 232 3045 rabiliter
260 3007 468 3048 manum
499 2991 626 3062 ejus
659 2991 943 3048 osculatus
975 2999 1080 3046 est.
1118 2988 1251 3057 Quae
1275 2987 1566 3045 subridens

47 3081 130 3135 ait:
160 3079 260 3135 Non
301 3082 442 3136 debet
487 3099 708 3136 manum
760 3097 929 3137 meum
995 3079 1252 3146 osculari,
1292 3081 1419 3152 quia
1473 3096 1565 3134 rex

47 3174 283 3228 dmoritur
327 3191 466 3228 meus
499 3175 632 3229 eris.
682 3173 751 3229 Et
797 3173 878 3230 sic
922 3188 1048 3228 eum
1090 3172 1340 3242 amplexa
1384 3180 1490 3238 est,
1514 3180 1570 3227 et

47 3262 341 3321 nianiiestavit
366 3266 416 3322 ei
439 3265 652 3333 omnia,
695 3281 820 3337 qua:
857 3281 957 3336 per
993 3264 1224 3322 consilia
1260 3264 1568 3335 sapientum

46 3356 93 3411 de
125 3359 476 3428 gubernatione
547 3359 706 3431 regni
769 3367 826 3415 et
875 3357 1081 3429 nuptiis
1133 3357 1252 3414 suis
1317 3356 1567 3412 Ordinata

46 3440 196 3505 esséut.
224 3449 358 3507 inter
402 3452 518 3508 haec
540 3451 690 3506 ﬁunt
718 3450 924 3521 nuptiae
954 3466 1080 3506 cum
1125 3448 1320 3504 lieticia
1347 3464 1566 3520 magna,

45 3550 82 3594 et
113 3540 358 3614 Agiloli'us,
381 3544 474 3616 qui
503 3551 630 3600 erat
657 3550 924 3616 cognatus
951 3543 1098 3616 regis
1125 3541 1378 3609 Authari,
1404 3541 1570 3613 capit

45 3646 217 3703 regnare
256 3634 478 3691 intrante
530 3649 722 3690 mense
767 3631 1108 3700 Novembre;
1162 3641 1350 3704 postea
1382 3641 1568 3688 tamen

43 3727 316 3797 congregatis
340 3727 392 3783 in
418 3743 594 3783 unum
627 3725 1002 3798 Longobardis
1030 3724 1173 3798 apud
1202 3725 1568 3782 Mediolanum

44 3815 82 3868 in
107 3832 260 3874 mense
277 3819 432 3886 Maio,
461 3820 824 3877 conﬁrmatus
845 3827 930 3874 est
950 3819 1003 3874 in
1031 3834 1220 3891 regno.
1244 3818 1414 3890 Igitur
1438 3819 1569 3891 Agi-

42 3908 178 3978 lolius,
199 3911 283 3982 qui
310 3920 362 3968 et
388 3911 527 3986 Agin
579 3911 761 3968 dictus
792 3919 898 3978 est,
925 3911 1246 3968 conﬁrmata
1287 3911 1389 3968 sibi
1418 3911 1567 3982 regia

41 3999 262 4071 dignitate,
302 4005 585 4060 mandavit
630 4003 919 4076 Agnellum
964 4003 1280 4075 episcopum
1327 4001 1396 4058 de
1445 4001 1569 4058 Tri-

39 4092 161 4149 dcnto
191 4097 238 4152 in
263 4097 547 4155 Franciain
577 4115 675 4169 pro
701 4097 808 4154 illis
830 4097 1168 4164 hominibus,
1193 4097 1288 4176 qui
1310 4097 1568 4168 captivati

41 4183 205 4244 luet-aut
232 4207 260 4245 a
287 4190 513 4250 Francis
541 4191 610 4248 de
635 4190 874 4248 castellis
902 4189 1255 4246 Tridentinis.
1293 4189 1399 4257 Qui
1438 4206 1566 4246 cum

39 4277 214 4347 veniret,
241 4279 572 4339 Brunihildis
597 4281 780 4353 regina
810 4281 1014 4338 multos
1051 4296 1119 4337 ex
1146 4281 1228 4337 eis
1255 4281 1441 4353 precio
1464 4297 1567 4338 suo

39 4367 215 4426 redemit
239 4373 387 4445 eique
420 4374 770 4432 reducendos
789 4373 958 4432 dedit.

89 4503 164 4560 llis
181 4507 356 4566 diebus
379 4511 578 4568 beatus
601 4509 899 4582 Gregorius
919 4526 1058 4582 papa
1085 4512 1368 4567 Romanus
1381 4509 1569 4567 Dialo-

38 4613 132 4667 gum
156 4603 371 4674 scripsit,
397 4620 639 4676 eumque
672 4603 1058 4660 Tbeodelindze
1085 4604 1285 4676 reginae
1308 4619 1408 4675 pro
1442 4620 1567 4659 mu-

37 4704 134 4746 nere
167 4695 316 4762 misit,
342 4698 472 4768 quia
511 4697 719 4754 sciebat
757 4712 879 4753 eam
907 4712 1030 4753 esse
1055 4696 1570 4752 cbristianissimam

37 4791 78 4837 et
97 4783 334 4844 timentem
383 4789 583 4847 Deum.
635 4788 738 4846 Per
782 4789 956 4860 ipsam
985 4789 1187 4860 quippe
1224 4788 1397 4844 multa
1429 4789 1574 4844 bona

37 4874 77 4928 in
106 4881 318 4937 ecclesia
346 4881 442 4939 Dei
493 4883 636 4939 facta
683 4891 831 4939 sunt.
878 4880 1014 4937 Nam
1065 4880 1407 4953 Longobardi
1447 4897 1572 4960 eum

37 4966 175 5024 adhuc
210 4963 522 5043 gentilitatis
565 4989 750 5029 errore
794 4981 1128 5039 tenerentur,
1177 4986 1343 5042 prope
1385 4987 1579 5027 omnes

36 5057 315 5121 substantias
360 5065 732 5121 meclesiarum
767 5063 1145 5130 abstulerunt;
1179 5063 1273 5118 sed
1317 5061 1419 5118 ista
1445 5077 1577 5134 sup—

37 5149 238 5216 plicando
269 5165 322 5212 et
361 5157 543 5228 ipsum
585 5173 769 5228 regem
815 5155 884 5211 ad
915 5155 1240 5212 catholicam
1272 5153 1434 5209 ﬁdem
1478 5155 1576 5210 ad-

35 5239 172 5311 duxit,
210 5255 262 5303 et
301 5251 502 5307 multas
551 5249 932 5320 possessiones
997 5247 1260 5304 arcclesiis
1303 5246 1533 5302 contulit
1558 5289 1575 5314 ,

35 5333 270 5408 θνίεεοροε
297 5358 536 5414 quoque,
582 5341 678 5414 qui
725 5349 884 5396 antea
934 5339 1147 5394 nullum
1177 5339 1442 5394 honorem
1477 5338 1578 5394 ha-

37 5424 212 5500 hebant,
243 5434 308 5490 ad
332 5434 611 5508 propriam
645 5416 964 5506 dignitatem
993 5430 1247 5488 restituit.

88 5561 184 5623 Hoc
208 5579 442 5643 tempore
476 5573 760 5632 ordinatus
788 5583 874 5631 est
909 5588 1007 5630 rex
1049 5568 1263 5627 Tassilo
1292 5568 1347 5623 in
1376 5566 1569 5624 Bawa-

38 5655 99 5710 ria
120 5659 180 5714 ab
217 5661 508 5724 Hildibcrto
555 5684 680 5741 rege
712 5667 1048 5724 Francorum
1077 5706 1092 5730 ,
1138 5661 1434 5732 statimque
1475 5661 1574 5717 ivit

39 5761 133 5806 ειιω
177 5758 400 5816 exercitu
450 5761 504 5816 in
553 5761 892 5835 provinciam
940 5758 1280 5828 Sclavorum,
1323 5762 1374 5811 et
1401 5754 1571 5813 victo-

1667 513 1920 554 reversus
1941 510 2046 554 εει.

1737 589 1906 661 Igitur
1949 589 2360 648 dominantibus
2399 605 2495 661 per
2523 603 2740 645 omnem
2780 586 2996 643 Italiam
3043 586 3262 658 lm-

1663 685 1872 752 bardis,
1902 684 2034 740 dum
2069 685 2281 742 veniret
2321 685 2592 757 Agiloll'us
2630 685 2686 740 in
2733 692 2914 755 partes
2957 683 3258 750 Romanas,

1664 776 1860 833 beatus
1887 775 2182 848 Gregorius
2223 777 2292 834 de
2323 777 2558 834 adventu
2595 777 2715 849 ejus
2765 777 2820 831 in
2854 785 3066 834 tantum
3099 777 3260 832 terri-

1664 878 1754 927 tus
1803 877 1908 936 est,
1960 878 2020 924 ut
2065 869 2137 925 ab
2183 869 2522 940 expositione
2574 869 2876 926 Ezechielis
2899 912 2914 938 ,
2967 871 3110 928 sicut
3142 870 3260 941 ipse

1663 969 1916 1029 testatur,
1962 971 2223 1018 cessaret.
2253 961 2433 1033 Caepit
2459 971 2640 1018 autem
2673 961 2990 1034 frequenter
3015 978 3112 1034 per
3137 960 3258 1032 cpi-

1663 1053 1836 1110 stolas
1889 1068 2020 1110 suas
2083 1052 2511 1110 Theodelindam
2571 1055 2817 1126 reginam
2889 1069 3116 1110 monere
3140 1095 3158 1122 ,
3197 1061 3260 1109 ut

1663 1147 1978 1202 hortaretur
2027 1145 2322 1218 Agiloll‘um
2374 1146 2634 1202 maritum
2685 1163 2845 1204 suum
2890 1161 3079 1218 pacem
3127 1163 3255 1204 cum

1664 1235 1930 1292 Romanis
1977 1236 2200 1291 habere.
2233 1234 2392 1303 Quod
2429 1243 2485 1292 et
2513 1235 2718 1292 factum
2757 1245 2862 1294 est.
2915 1236 3068 1292 Unde
3109 1237 3256 1294 idem

1661 1329 1992 1385 venerabilis
2036 1328 2298 1385 sacerdos
2331 1328 2535 1400 gratias
2580 1329 2791 1400 agendo
2817 1369 2834 1397 ,
2879 1329 3140 1400 epistolas
3185 1329 3255 1384 ad

1660 1421 1892 1478 eandem
1919 1421 2166 1494 reginam
2189 1430 2243 1478 et
2268 1420 2336 1476 ad
2353 1421 2531 1492 ipsum
2558 1420 2850 1492 Agilolfum
2873 1438 3051 1493 regem
3075 1432 3257 1478 trans-

1661 1512 1852 1582 misit,
1914 1529 2038 1585 quaa
2091 1512 2149 1568 in
2203 1513 2343 1569 libro
2407 1510 2542 1567 Vitae
2599 1511 2771 1583 ipsius
2820 1513 3036 1584 scripta:
3098 1529 3256 1584 repe-

1659 1604 1897 1662 riuntur.

1732 1695 1848 1753 Hoc
1877 1705 2121 1768 tempore
2144 1695 2478 1754 Hildibertus
2507 1712 2604 1753 rex
2636 1711 2734 1768 per
2755 1712 3044 1765 venenum,
3071 1706 3134 1752 ut
3167 1698 3255 1752 di-

1662 1797 1814 1854 cunt,
1845 1789 2064 1845 OCCiSllS
2105 1797 2190 1845 est
2232 1804 2360 1846 cum
2411 1804 2582 1846 uxore
2613 1803 2750 1857 sua;
2784 1797 3036 1845 mortuus
3077 1798 3162 1845 CSl
3203 1798 3262 1844 θι

1664 1881 2059 1937 Guntrammus
2090 1896 2205 1936 rex.

1733 1970 1894 2027 Circa
1923 1971 2042 2027 haec
2072 1979 2313 2042 tempora
2340 1971 2681 2028 destructum
2710 1981 2795 2028 est
2819 1988 2850 2028 a
2881 1970 3262 2043 Longobardis

1663 2063 2062 2118 monasterium
2119 2063 2296 2120 sancti
2346 2064 2624 2120 Benedicti
2669 2065 2725 2121 in
2771 2074 2957 2122 castro
3000 2065 3256 2122 Cassino.

1663 2153 1833 2211 Nocte
1858 2155 2060 2226 quippe
2081 2156 2210 2212 illuc
2238 2155 2597 2225 intraverunt,
2627 2165 2684 2213 et
2705 2158 2890 2213 omnia
2919 2157 3045 2213 inde
3067 2157 3260 2214 abstu-

1665 2247 1889 2315 lerunt,
1922 2249 2018 2304 sed
2048 2248 2208 2320 juxta
2253 2249 2594 2320 prophetiam
2639 2249 2746 2304 viri
2789 2248 2887 2305 Dei
2929 2250 3140 2306 nullum
3189 2266 3259 2306 ex

1666 2340 1953 2396 monachis
1999 2341 2406 2412 apprehendere
2446 2349 2762 2412 potuerunt.
2806 2340 3084 2414 Fugerunt
3109 2359 3264 2398 nam-

1665 2447 1774 2503 que
1800 2441 1858 2487 et
1892 2440 2164 2487 venerunt
2201 2431 2454 2500 Romam,
2485 2440 2767 2502 portantes
2795 2447 2982 2487 secum
3015 2431 3261 2488 codicem

1666 2533 1869 2580 sanctas
1897 2524 2121 2597 regulaa,
2164 2540 2330 2595 quam
2362 2523 2505 2579 idem
2533 2523 2724 2581 beatus
2751 2532 2907 2595 pater
2932 2523 3260 2594 composuit,

1664 2625 1721 2674 et
1747 2617 1883 2673 alias
1908 2617 2236 2688 scripturas,
2271 2631 2485 2673 necnon
2511 2623 2567 2672 et
2594 2616 2810 2688 pondus
2834 2616 2995 2687 panis
3027 2624 3083 2671 et
3106 2631 3264 2670 men-

1665 2723 1854 2764 suram
1904 2707 2018 2762 vini
2063 2717 2119 2764 et
2158 2707 2419 2780 quicquid
2468 2707 2666 2764 exinde
2714 2707 2905 2764 tollere
2943 2716 3259 2778 potuerunt.

1665 2796 1796 2854 Post
1820 2797 2041 2853 beatum
2084 2812 2324 2868 namque
2350 2795 2708 2853 Benedictum
2741 2797 2882 2852 rexit
2919 2796 3101 2867 ipsum
3135 2811 3262 2850 mo-

1665 2893 1967 2950 nasterium
2026 2892 2452 2959 Constantlnus;
2502 2901 2628 2964 post
2672 2907 2840 2962 quem
2906 2889 3260 2961 Simplicius;

1665 2991 1790 3054 post
1815 2983 1994 3054 ipsum
2027 2971 2253 3050 Vitalis;
2285 2991 2411 3054 post
2433 2983 2581 3038 hunc
2607 2981 2859 3051 Bonitus,
2887 2982 2993 3039 sub
3021 2997 3133 3054 quo
3155 2981 3263 3038 ista

1592 3104 1639 3166 ρ
1667 3072 1967 3166 destructio
1993 3073 2149 3166 facta,
2169 3083 2273 3131 est.

1739 3164 1837 3222 llis
1882 3166 2076 3223 diebus
2132 3165 2260 3223 fecit
2303 3167 2672 3225 Tbeodelinda
2722 3169 2907 3242 regina
2957 3170 3261 3227 iecclesiam

1666 3259 1808 3315 beati
1836 3258 2106 3316 Johannis
2151 3260 2402 3332 baptista:
2444 3261 2501 3317 in
2542 3261 2796 3330 Modicia,
2849 3262 2943 3334 qui
2990 3263 3147 3320 locus
3173 3263 3264 3318 l9:

1666 3353 1906 3409 miliario
1946 3363 2031 3410 est
2072 3369 2104 3409 a
2141 3353 2478 3423 Mediolano;
2509 3364 2565 3410 et
2595 3354 2874 3412 decoravit
2894 3355 3123 3412 eandem
3150 3371 3260 3411 iec-

1665 3448 1889 3504 clesiam
1916 3449 2104 3506 multis
2149 3449 2437 3506 ornatibus
2482 3449 2604 3504 auri
2641 3457 2697 3504 et
2743 3450 2996 3522 argenti,
3032 3459 3088 3505 et
3113 3449 3268 3506 dedit

1667 3540 1742 3597 ibi
1774 3543 1978 3598 multas
2007 3543 2409 3614 possessiones.
2441 3541 2501 3597 ln
2536 3542 2731 3598 eodem
2769 3543 2892 3598 loco
2917 3541 3047 3598 fecit
3082 3557 3264 3613 quon-

1665 3633 1792 3689 dam
1818 3635 2083 3706 palatium
2113 3633 2492 3691 Theodoricus
2523 3650 2621 3690 rex
2645 3633 2974 3701 Gothorum,
3015 3649 3084 3690 eo
3111 3633 3262 3704 quod

1664 3728 1874 3784 aestatis
1900 3737 2146 3798 tempore
2175 3727 2331 3784 locus
2357 3727 2476 3798 ipse
2502 3734 2836 3799 temperatus
2859 3735 2946 3784 est
2971 3736 3027 3783 et
3053 3726 3261 3794 bonus;

1625 3830 1642 3836 ’
1664 3827 1751 3876 est
1782 3821 1928 3876 enim
1953 3819 2169 3876 vicinus
2195 3819 2444 3891 Alpibus.

1738 3909 1894 3967 Tunc
1933 3925 2156 3982 quoque
2193 3920 2356 3966 natus
2394 3919 2479 3967 est
2519 3909 2751 3983 Agiloll‘o
2792 3911 2937 3969 illius
2975 3911 3044 3968 de
3081 3911 3264 3968 Theo-

1665 3999 1882 4056 delinda
1920 4000 2109 4072 regina
2151 3999 2208 4054 in
2245 4000 2449 4071 palatio
2486 4000 2818 4067 Modiciano,
2859 4011 2917 4058 et
2954 4002 3266 4072 baptizatus

1664 4099 1751 4148 est
1810 4091 1924 4160 ibi,
1963 4100 2305 4163 vocatusque
2363 4102 2448 4148 est
2491 4091 2811 4149 Adolandus
2833 4135 2848 4160 ,
2911 4103 2966 4150 et
3022 4094 3267 4164 suscepit

1663 4199 1792 4240 eum
1851 4183 1921 4241 de
1975 4199 2136 4241 sacro
2196 4183 2345 4240 fonte
2405 4183 2723 4252 Secundus,
2783 4201 2977 4243 servus
3037 4185 3132 4241 Dei
3193 4186 3264 4242 de

1667 4274 1946 4331 Tridento.

1739 4365 1926 4438 Usque
1953 4367 2021 4424 ad
2060 4367 2445 4439 baectempora
2485 4366 2703 4423 rebellis
2743 4365 2846 4423 fuit
2886 4366 3264 4440 Longobardis

1596 4456 1645 4518 D
1669 4458 1952 4516 Patavium
2013 4459 2209 4516 civitas
2233 4502 2249 4528 ,
2289 4476 2356 4516 eo
2412 4460 2559 4531 quod
2597 4459 2798 4517 milites
2836 4459 2932 4531 qui
2983 4459 3056 4516 ibi
3104 4467 3266 4515 erant

1670 4552 1972 4611 fortissime
2035 4554 2400 4621 resistebant;
2455 4553 2553 4610 sed
2614 4561 2802 4624 postea
2854 4552 3126 4624 iactantes
3187 4551 3265 4606 ibi

1669 4645 1851 4718 ignem
1893 4646 2258 4703 incendebant
2295 4662 2441 4713 eam,
2481 4655 2536 4701 et
2568 4645 2821 4718 jussione
2863 4645 3008 4717 regis
3045 4643 3261 4716 Agilolﬁ

1669 4755 1862 4798 eversa
1917 4748 2004 4797 est
2060 4756 2236 4811 usque
2292 4740 2362 4796 ad
2423 4747 2654 4807 terram;
2704 4739 2905 4795 milites
2943 4746 3128 4793 tamen
3166 4737 3264 4808 qui

1673 4833 1730 4888 in
1770 4849 1837 4889 ea
1873 4841 2033 4890 erant
2069 4831 2285 4888 dimissi
2325 4841 2457 4888 sunt
2494 4831 2672 4888 redire
2709 4830 3045 4886 Ravennam.

1745 4922 1923 4996 Hujus
1978 4923 2194 4996 Agiloltl
2258 4923 2597 4995 temporibus
2642 4923 2834 4978 beatus
2890 4919 3266 4978 Columbanus

1673 5015 1824 5072 venit
1862 5015 1917 5072 in
1961 5014 2196 5085 Italiam,
2223 5025 2279 5072 et
2308 5014 2437 5072 fecit
2475 5013 2870 5071 monasterium
2910 5011 3060 5082 quod
3099 5025 3265 5066 voca-

1674 5117 1765 5164 tur
1807 5107 2040 5166 Bobium
2080 5108 2136 5162 in
2179 5107 2458 5164 montibus
2496 5105 2711 5163 Cottiis.

1744 5197 1916 5274 Igitur
1962 5199 2270 5272 Agilolfus,
2311 5200 2404 5271 qui
2453 5207 2509 5255 et
2547 5198 2682 5271 Agio
2723 5197 2906 5253 dictus
2943 5203 3066 5260 est,
3108 5203 3265 5266 post—

1671 5309 1840 5364 quam
1879 5293 2125 5366 regnavit
2162 5292 2322 5350 annis
2356 5293 2450 5361 20,
2479 5291 2770 5349 defunctus
2809 5301 2914 5355 est,
2947 5287 3267 5360 relinquens

1673 5383 1728 5439 in
1771 5399 1938 5456 regno
1979 5383 2151 5439 lilium
2191 5400 2353 5439 suum
2398 5383 2740 5440 Adolandum
2799 5382 2978 5437 adhuc
3029 5395 3263 5450 puerum

1671 5491 1798 5532 cum
1836 5485 2011 5532 matre
2050 5491 2150 5532 sua
2205 5475 2594 5532 Theodelinda.
2658 5475 2762 5543 Qui
2823 5491 2950 5530 cum
3010 5486 3265 5546 regnaret

1671 5569 1857 5626 decem
1899 5568 2060 5624 annis
2084 5609 2099 5634 ,
2138 5567 2372 5639 perdidit
2412 5583 2668 5635 sensum,
2715 5576 2771 5624 et
2817 5567 3096 5638 ejecerunt
3137 5581 3263 5622 cum

1673 5659 1740 5716 de
1783 5675 1989 5732 regno.
2035 5667 2092 5715 ct
2131 5659 2186 5715 in
2226 5661 2407 5719 locum
2445 5659 2568 5732 ejus
2607 5659 3011 5715 constituerunt
3047 5655 3261 5712 Arioal-

1674 5756 1800 5816 dum
1845 5755 2139 5827 quendam,
2183 5755 2340 5829 cujus
2382 5753 2659 5830 generatio
2699 5768 2807 5808 non
2843 5760 2925 5807 est
2966 5747 3238 5816 descripta
