3880 6308
581 275 688 332 79$

1757 274 2160 332 EKKEIIARDI
2200 277 2666 335 UBAUGIENSIS

3718 281 3800 334 δῖα

579 391 687 460 Qui
726 400 1015 464 postquam
1055 392 1229 448 tenuit
1269 406 1497 465 regnum
1538 405 1636 462 per
1675 408 1852 449 annos
1890 394 1978 460 η,
2024 409 2171 450 mor—
2201 399 2246 453 Α
2334 396 2631 466 ‘Aripertus
2679 409 2772 449 rex
2821 402 3112 464 postquam
3161 392 3303 462 apud
3351 390 3585 447 Ticinum
3624 392 3855 473 longo-‘1

581 497 713 541 tuus
753 492 877 552 est,
918 492 972 540 et
1019 500 1246 557 regnum
1291 484 1532 555 suscepit
1572 484 1854 554 Ruotheri,
1898 488 1981 542 vir
2019 488 2177 546 fortis

584 591 639 636 et
679 590 970 644 strenuus,
1014 578 1107 634 sed
1151 577 1383 633 Arriana
1423 579 1650 649 perﬁdia
1690 581 2017 637 maculatus.
2066 581 2179 637 IIu-

581 673 674 743 jus
696 671 1031 742 temporibus
1060 686 1199 741 penc
1225 687 1323 742 per
1342 687 1537 728 omnes
1577 672 1827 731 civitates
1867 676 2019 746 regni
2058 676 2179 747 ejus

585 761 698 817 duo
755 771 915 817 erant
970 764 1250 834 episcopi,
1294 778 1440 820 unus
1495 766 1800 824 catholicus
1826 810 1841 835 ,
1884 769 2021 823 alter
2077 769 2180 824 Ar—

585 855 798 911 rianus.
823 854 919 910 Hic
940 852 1206 911 Ruotlieri
1229 871 1324 912 rex
1347 857 1832 929 Longobardorum
1856 861 2003 932 leges
2025 877 2178 916 com-

585 947 791 1019 posuit,
826 955 882 1002 et
910 948 1088 1017 ipsum
1137 947 1380 1004 codicem
1422 950 1661 1005 edictum
1702 952 2008 1022 appellavit.
2051 950 2184 1008 Erat

586 1050 770 1095 autem
806 1040 921 1110 jam
964 1040 1088 1094 77Iul
1130 1058 1311 1098 annus
1355 1058 1424 1098 ex
1462 1059 1574 1115 quo
1628 1043 1973 1117 Langobardi
2012 1061 2180 1103 vene-

586 1141 713 1187 rant
761 1132 816 1186 in
857 1132 1089 1189 Italiam.
1153 1135 1451 1207 Postquam
1508 1153 1637 1194 vero
1698 1138 1938 1195 sedecim
2007 1155 2183 1195 annos

588 1226 838 1295 regnavit
866 1235 923 1281 et
944 1238 1186 1298 quatuor
1211 1245 1457 1297 menses,
1485 1240 1737 1288 mortuus
1780 1240 1885 1300 est,
1921 1242 2182 1306 regnum-'-

584 1333 694 1386 que
734 1318 848 1373 ﬁlio
889 1337 991 1377 suo
1031 1321 1311 1379 Radoaldo
1347 1324 1577 1392 dimisit,
1620 1327 1737 1397 ipse
1778 1336 1960 1382 autem
2002 1329 2185 1400 sepul-

587 1414 677 1462 tus
716 1418 802 1465 est
862 1411 1019 1481 juxta
1079 1414 1386 1470 tecelesiam
1429 1417 1571 1471 beati
1611 1416 1877 1475 Johannis
1911 1420 2179 1490 baptistae.

2278 488 2479 569 bardos
2530 495 2749 541 rexerat
2790 501 2887 556 per
2919 499 3092 541 annos
3125 485 3181 553 9,
3215 494 3462 540 mortuus
3484 492 3580 551 est,
3625 495 3675 541 et
3708 488 3805 542 reli-

2279 560 2404 650 quit
2426 594 2653 650 regnum
2683 580 2858 649 ipsum
2894 577 3113 633 duobus
3141 576 3271 631 ﬁliis
3306 577 3424 632 suis
3456 596 3471 630 :
3496 576 3718 633 Per-litari
3738 582 3805 614 “"

2279 681 2332 726 ct
2366 669 2689 742 Goteperto;
2721 678 2775 726 et
2814 670 3140 741 Gotepertus
3184 669 3276 702 ³⁸³⁷
3301 669 3519 724 sedebat
3558 671 3610 724 in
3634 670 3805 735 Ticina,

2279 763 2527 820 Perhtari
2579 765 2634 819 in
2675 763 3003 819 Mediolano.
3050 762 3296 834 Denique
3344 761 3659 818 facientibus
3688 766 3808 818 mii-

2282 857 2402 928 gnls
2431 857 2769 923 hominibus,
2803 856 3043 912 surrexit
3086 856 3275 911 odium
3311 861 3368 910 et
3410 853 3671 911 discordia
3705 854 3809 910 inter

2282 949 2473 1005 ambos
2503 948 2722 1016 fratres,
2752 950 2806 1004 in
2846 958 3057 1025 tantum
3082 957 3143 1003 ut
3169 948 3309 1004 alter
3335 947 3406 1002 ab
3443 946 3610 1003 altero
3630 962 3809 1018 regum

2281 1043 2471 1099 tollere
2498 1043 2820 1099 decertaret.
2853 1040 2960 1097 Pro
2988 1041 3091 1096 hac
3124 1056 3291 1098 causa
3318 1039 3636 1111 Gotepertus
3661 1040 3813 1096 direxit

2283 1134 2638 1191 Garibaldum
2680 1135 2877 1190 ducem
2926 1131 3328 1189 Taurinensem
3377 1133 3448 1188 ad
3496 1131 3809 1188 Grimoalduu
3854 1131 3855 1211 ξ

2283 1228 2477 1283 ducem
2504 1227 2969 1294 Beneventanum,
3001 1235 3060 1283 ut
3104 1226 3315 1282 veniret
3348 1236 3403 1282 et
3441 1225 3701 1296 adiuvaret
3722 1244 3807 1281 em

2284 1329 2474 1376 contra
2502 1320 2724 1375 fratrem
2773 1305 2935 1376 suum
2957 1362 2971 1387 ,
3011 1321 3337 1391 promittens
3362 1318 3413 1374 ei
3458 1318 3586 1374 dare
3624 1334 3809 1374 sum

2285 1429 2443 1468 suam
2491 1427 2741 1480 uxorem,
2787 1413 2834 1469 si
2864 1427 2991 1468 eum
3036 1413 3337 1483 adiuvaret.
3379 1410 3690 1466 Garibaldus
3719 1426 3811 1464 vero

585 1498 717 1558 Post
757 1504 981 1574 aliquod
1043 1516 1259 1579 tempus
1318 1508 1540 1579 quidam
1605 1511 1770 1568 homo
1811 1530 1910 1584 pro
1946 1515 2185 1591 maligna
2287 1504 2416 1561 Γθοὶῑ
2442 1503 2691 1560 fraudem
2732 1513 2926 1561 contra
2948 1504 3234 1561 dominum
3260 1519 3450 1571 suum.
3479 1502 3807 1573 deditquet‘d'r

585 1595 885 1665 cupiditate
918 1598 1131 1668 aperuit
1173 1601 1520 1671 sepulchrum
1570 1604 1691 1675 ejus
1729 1616 1887 1661 nocte
1912 1648 1927 1674 ,
1971 1616 2024 1662 et
2064 1608 2188 1662 cum
2287 1596 2507 1653 moaldo
2551 1596 2644 1629 ⁸⁵⁸⁸
2670 1597 2987 1663 consilium,
3010 1604 3075 1651 ut
3094 1595 3306 1652 veniret
3332 1603 3386 1651 et
3412 1594 3809 1666 regnumLongo-
3854 1610 3855 1647 1

586 1686 775 1741 omnia
823 1699 1147 1745 ornamenta
1188 1693 1436 1763 corporis
1484 1694 1649 1751 illius.
1700 1696 1963 1768 Apparuit
2002 1709 2183 1753 autem

2295 1688 2608 1755 bardorum,
2632 1687 2780 1758 quod
2811 1687 2973 1744 ambo
3012 1685 3231 1752 fratres,
3262 1685 3359 1757 qui
3383 1692 3545 1740 erant
3566 1683 3807 1739 adclam-
3854 1716 3855 1768 1

589 1777 640 1831 ei
692 1793 792 1846 per
831 1779 1099 1835 visionem
1142 1747 1335 1839 beatus
1369 1783 1668 1853 Iohannes,
1718 1747 1908 1846 dicens
1952 1808 1964 1844 :
2009 1789 2186 1856 Quare
2222 1747 2261 1804 Β
2290 1789 2393 1848 tes,
2417 1747 2784 1852 dissipabaut,
2817 1779 3263 1853 apprehenderat,
3297 1788 3491 1849 utpote
3526 1777 3617 1847 qui
3642 1776 3807 1831 habent

588 1885 752 1922 ausus
798 1886 851 1924 es
900 1879 1112 1943 tangere
1164 1891 1353 1946 corpus
1399 1877 1626 1933 hominis
1677 1880 1878 1936 istius?
1931 1880 2185 1948 Quamvis

2295 1873 2395 1941 iam
2450 1882 2724 1928 maturam
2775 1880 3010 1940 aetatem,
3061 1880 3115 1927 et
3160 1878 3281 1926 erat
3325 1869 3565 1925 consilio
3614 1869 3803 1924 house:

591 1974 695 2012 non
744 1969 880 2015 recte
923 1964 1237 2033 crediderit,
1272 1976 1447 2022 tamen
1489 1986 1544 2024 se
1585 1971 1747 2025 michi
1782 1974 2182 2028 commendarit.

594 2053 735 2116 Quia
760 2054 925 2124 igitur
950 2055 1046 2110 hoc
1067 2057 1240 2127 facere
1263 2063 1672 2132 prcesumpsisti,
1703 2080 1970 2136 nunquam
1999 2068 2187 2121 uniodo

588 2161 707 2199 em
738 2147 1034 2202 ecclesiam
1075 2151 1323 2208 intrabis.
1372 2153 1531 2222 Quod
1573 2165 1628 2211 et
1665 2156 1866 2213 factum
1912 2168 2014 2214 est.
2052 2159 2187 2214 Nam

585 2239 844 2308 quotiens
889 2242 1119 2298 eandem
1147 2246 1450 2302 azcclesiam
1498 2248 1705 2305 intrare
1751 2251 1940 2319 voluit,
1983 2253 2184 2320 subito,

586 2330 749 2399 quasi
795 2331 997 2403 aliquis
1050 2351 1177 2391 cum
1229 2353 1429 2411 magno
1486 2343 1704 2399 cultello
1753 2345 1911 2400 vellet
1957 2362 2081 2402 eum
2132 2349 2188 2404 in

590 2430 781 2491 guttur
825 2422 1012 2501 ferire,
1056 2436 1206 2485 retro
1240 2431 1457 2489 cecidit.
1503 2432 1817 2493 Radoaldus
1861 2438 2028 2510 igitur
2066 2451 2190 2512 post

590 2518 822 2566 mortem
883 2514 1056 2583 patris
1122 2518 1398 2589 accipiens
1456 2537 1727 2594 regnum,
1779 2525 1905 2580 tulit
1961 2543 2190 2584 uxorem

592 2602 952 2676 Guntbirgam
983 2648 999 2674 ,
1041 2608 1210 2666 ﬁliam
1270 2613 1483 2685 Agilolﬁ
1539 2625 1595 2672 et
1634 2616 2036 2678 Theodelindm.
2080 2622 2189 2680 Ista

594 2694 865 2787 Guntbirg
904 2698 1033 2757 fecit
1069 2705 1371 2762 tecclesiam
1422 2710 1598 2765 sancti
1638 2709 1903 2770 Johannis
1943 2715 2193 2787 baptista:

596 2786 653 2841 in
685 2786 963 2848 Ticinensi
1009 2794 1248 2865 civitate,
1278 2799 1420 2855 sicut
1454 2810 1631 2857 mater
1658 2802 1778 2873 ejus
1822 2802 1952 2861 fecit
1977 2786 2033 2861 in
2072 2806 2191 2863 Mo—

594 2877 759 2947 «licia,
791 2892 846 2936 et
871 2882 1151 2942 decoravit
1173 2902 1295 2945 eam
1322 2893 1608 2949 ornatibus
1650 2901 1704 2950 et
1751 2896 1942 2954 ditavit
1976 2898 2192 2970 opibus,

596 2970 651 3026 in
686 2989 796 3043 qua
823 2984 879 3030 et
905 2975 1027 3047 ipsa
1053 2981 1264 3050 sepulta
1305 2991 1408 3039 est.
1434 2983 1562 3041 llaec
1595 2986 1725 3043 dum
1753 3000 2008 3046 accusata
2049 3003 2193 3049 esset

594 3154 865 3225 Carellus,
890 3176 1083 3218 servus
1109 3164 1249 3233 ejus,
1275 3168 1464 3235 petivit
1487 3184 1518 3223 a
1551 3185 1679 3241 rege
1698 3213 1712 3237 ,
1737 3180 1797 3226 ut
1824 3174 1890 3227 ad
1922 3174 2197 3247 singulare

597 3256 877 3306 certamen
898 3269 1141 3324 pugnare
1163 3257 1267 3312 sibi
1293 3257 1482 3316 liceret
1509 3278 1633 3317 cum
1665 3263 1757 3319 illo
1783 3266 1878 3336 qui
1915 3268 2196 3324 dominam

600 3355 760 3395 suam
802 3340 1118 3415 infamavit;
1166 3364 1530 3422 pugnamque
1588 3354 1682 3387 ¹⁰³³
1736 3372 1861 3412 cum
1904 3374 1969 3414 eo
2012 3376 2196 3418 coram

600 3434 752 3488 omni
782 3436 1005 3507 populo,
1051 3455 1176 3496 eum
1209 3446 1536 3514 prostravit,
1579 3448 1767 3520 sicque
1791 3451 1977 3522 regina
2007 3455 2197 3525 pristi-

601 3528 1027 3619 numhonorem
1057 3536 1419 3605 recuperavit.
1452 3537 1567 3594 Rex
1588 3555 1717 3598 vero
1743 3541 2056 3604 Radoaldus
2085 3547 2197 3619 ‘°“,

601 3624 664 3670 ut
697 3618 908 3689 dicunt,
938 3636 1064 3677 cum
1100 3625 1462 3685 adultera‘sset
1488 3645 1715 3686 uxorem
1741 3632 2028 3704 cujusdam
2057 3618 2201 3688 Lané

601 3710 850 3781 gobardi,
894 3715 965 3771 ab
1003 3731 1069 3772 eo
1109 3719 1327 3775 occisus
1364 3729 1468 3789 est,
1511 3738 1636 3778 eum
1665 3724 1780 3795 jam
1821 3718 1927 3796 per
1958 3729 2201 3799 quinque

603 3816 780 3859 annos
808 3812 861 3860 et
904 3816 1109 3879 septem
1138 3809 1256 3867 dies
1283 3823 1583 3885 regnasset.
1623 3812 1725 3871 Cui
1770 3819 2040 3874 successit
2078 3819 2203 3873 Ari-

602 3903 815 3965 pertus,
838 3898 985 3957 ﬁlius
1006 3899 1337 3972 Gundoaldi,
1366 3906 1460 3977 qui
1491 3906 1593 3962 fuit
1625 3905 1794 3964 frater
1819 3908 2204 3966 Theodelindte

603 3987 824 4059 reginae.
879 3990 980 4049 Hic
1018 3994 1151 4053 fecit
1188 4000 1490 4056 aecelesiam
1522 4001 1576 4056 in
1605 4002 1814 4059 honore
1847 4003 2055 4061 domini
2084 4004 2206 4060 Sal-

602 4085 811 4141 vatoris
846 4086 901 4141 in
928 4087 1143 4160 Ticino,
1174 4102 1229 4149 et
1255 4094 1533 4152 decoravit
1566 4112 1687 4153 eam
1712 4098 1882 4153 variis
1907 4114 2203 4155 ornamen-

603 4173 677 4230 tis
708 4175 1009 4251 ditavitque
1039 4185 1379 4243 substantiis.

677 4268 849 4340 Igitur
895 4272 1195 4333 Mauricius
1262 4279 1559 4350 imperator
1617 4290 1908 4352 postquam
1944 4285 2209 4355 regnavit

606 4363 769 4418 annis
811 4364 876 4420 21
928 4382 1054 4422 cum
1094 4369 1222 4426 ﬁliis
1262 4372 1377 4429 suis
1426 4371 1739 4430 Theoiosio
1777 4382 1830 4429 et
1880 4373 2116 4447 Tyberio
2156 4385 2209 4431 et

2288 1964 2445 2022 fortis
2491 1965 2548 2020 in
2597 1965 2818 2021 virtute.
2849 1964 3091 2020 Audiens
3134 1963 3251 2019 bene
3294 1961 3803 2027 GrimOaldus,statiu

2287 2058 2522 2113 elevavit
2568 2057 2816 2113 animum
2883 2072 3046 2113 suum
3107 2056 3177 2112 ad
3225 2052 3609 2126 accipiendum
3648 2066 3803 2122 mm

2288 2149 2794 2222 Longobardorum,
2825 2158 2882 2206 et
2914 2149 3178 2205 ordinans
3220 2146 3395 2203 ﬁlium
3427 2160 3593 2201 suum
3622 2142 3805 2199 Renes!-

2288 2242 2420 2297 dum
2446 2241 2642 2298 ducem
2668 2241 2724 2297 in
2755 2241 3090 2309 Benevento,
3134 2239 3253 2311 ipse
3282 2253 3412 2296 cum
3442 2234 3805 2293 eiectamltits-
3854 2234 3855 2311 ᾗ

2289 2336 2417 2392 dine
2444 2337 2693 2393 virorum
2720 2334 3082 2406 apprehendit
3116 2334 3263 2389 viam
3305 2340 3501 2388 contra
3528 2329 3753 2391 Tisian.
3771 2334 3809 2379 et

2290 2442 2387 2498 per
2420 2422 2613 2484 omnes
2653 2426 2902 2482 civitates
2934 2425 3105 2492 misit,
3137 2432 3193 2479 et
3234 2421 3477 2478 faciebat
3516 2419 3622 2476 sibi
3650 2416 3808 2479 animi.

2291 2530 2353 2576 ut
2408 2536 2640 2592 regnum
2694 2520 2943 2590 accipere
2998 2524 3223 2591 posset;
3274 2514 3696 2572 Trasemundum
3724 2526 3811 2565 vers

2293 2614 2614 2685 Capuanum
2636 2613 2892 2669 comitem
2922 2612 3072 2668 misit
3091 2626 3190 2683 per
3209 2609 3514 2667 Polentiam
3538 2604 3810 2664 et'I’uscias.

2294 2713 2353 2759 ut
2389 2720 2582 2761 omnes
2611 2702 3005 2775 Longobardos
3044 2702 3113 2757 de
3146 2701 3400 2772 partibus
3426 2699 3539 2755 illis
3563 2699 3614 2753 in
3636 2698 3729 2768 eius
3752 2694 3815 2745 ad»

2291 2796 2559 2867 jutorium
2591 2794 2684 2830 ¹⁰³⁸
2709 2795 2983 2849 invitaret.
3010 2791 3169 2860 Quod
3197 2800 3252 2847 et
3280 2790 3431 2859 fecit,
3460 2798 3516 2846 et
3547 2804 3657 2846 eius
3678 2798 3814 2852 ωςεω

2297 2890 2569 2961 adjutorio
2598 2889 2742 2960 apud
2772 2888 3053 2944 Emiliam
3092 2886 3145 2943 ei
3184 2884 3449 2942 occurrit.
3476 2882 3642 2955 Igitur
3661 2878 3813 2936 (him-
3854 2896 3855 2961 ξ

2298 2984 2458 3041 aldus
2514 2999 2639 3040 cum
2675 2982 2913 3039 venisset
2943 2978 3299 3045 Placentiam,
3349 2976 3506 3032 misit
3550 2970 3815 3031 Garibaldll
3854 2970 3855 3045 ἦ

595 3063 738 3155 apud
760 3067 1020 3122 maritum
1045 3085 1228 3139 suum,
1263 3074 1411 3144 quod
1452 3077 1820 3135 commisisset
1841 3080 2191 3152 adulterium,
2223 3093 2266 3155 ρ
2299 3083 2425 3129 ante
2451 3088 2530 3141 se,
2558 3081 2620 3128 ut
2641 3071 2934 3143 δοῑθρθηο
2965 3067 3372 3151 ""ﬁundm‘e‘
3400 3065 3472 3121 de
3490 3066 3611 3137 eius

2296 3159 2542 3219 Audiens
2571 3163 2679 3218 hoc
2727 3161 3075 3232 Gotepertus,
3117 3158 3359 3239 quesivit
3388 3156 3668 3212 consilium
3689 3152 3818 3206 abce-

2296 3255 2419 3312 dem
2465 3252 2760 3310 Garibaldo
2807 3252 2898 3285 ¹⁰“
2942 3252 3141 3321 in'quo
3187 3250 3314 3305 loco
3344 3253 3653 3319 prepararet
3688 3240 3818 3311 hospi.

2266 3415 2269 3418 .
2297 3346 2446 3402 cium
2481 3343 2817 3402 Grimoaldo.
2850 3346 2921 3399 At
2949 3343 3039 3398 ille
3079 3340 3392 3412 respondit,
3418 3339 3639 3410 dignum
3660 3336 3817 3399 esse,“

2299 3438 2686 3506 Grimoaldus,
2731 3438 2829 3509 qui
2876 3452 3043 3493 causa
3090 3435 3237 3490 illius
3279 3440 3510 3488 venerat
3556 3439 3608 3487 et
3648 3438 3815 3485 sorore!

2300 3532 2420 3603 ejus
2487 3531 2736 3603 accipere
2782 3529 3060 3596 debebat,
3111 3525 3424 3598 bospicium
3476 3524 3686 3579 haberet
3722 3519 3816 3571 iam

2300 3624 2585 3694 palatium.
2622 3622 2781 3691 Quod
2825 3622 2900 3678 ita
2943 3620 3146 3676 factum
3186 3627 3291 3675 est.
3320 3616 3607 3673 Predictus
3630 3606 3819 3691 ergoGa-

2301 3714 2567 3783 ribaldus,
2601 3712 2902 3773 seminator
2948 3712 3210 3778 malicite,
3235 3709 3377 3765 dixit
3406 3709 3474 3765 ad
3500 3707 3819 3777 ϐοιεγεῐῒαί
3854 3716 3855 3783 ξ

2305 3814 2529 3882 Quando
2576 3810 2774 3867 veneris
2815 3823 2935 3862 cum
2978 3802 3292 3861 Grimoaldo
3323 3802 3397 3855 ad
3427 3799 3736 3871 colloquium,
3756 3792 3823 3842 la-

2306 3909 2420 3962 beto
2474 3905 2698 3960 loricam
2730 3901 2915 3956 subtus
2944 3898 3335 3962 vestimentum,
3366 3895 3497 3966 quia
3534 3893 3639 3963 ipse
3664 3882 3823 3941 ιεαώ

2304 4000 2427 4055 dere
2463 3990 2657 4070 querit.
2700 3992 2909 4050 Deinde
2943 3991 3081 4047 dixit
3107 3986 3302 4045 eadem
3329 3984 3498 4042 verba
3535 3982 3602 4040 ad
3628 3972 3825 4070 GM

2306 4090 2458 4147 dum.
2477 4067 2738 4157 Cumque
2758 4084 2847 4140 die
2871 4083 3040 4140 altera
3058 4078 3339 4137 venissent
3367 4076 3441 4133 ad
3462 4067 3821 4143 colloquii”.

2306 4181 2499 4238 videns
2546 4177 2917 4245 Grimoaldus,
2967 4172 3117 4246 quod
3164 4171 3499 4242 Gotepertus
3545 4166 3696 4223 lorica
3728 4166 3855 4246 εκεῖ

2310 4275 2563 4342 indutus,
2590 4272 2876 4345 evaginato
2921 4266 3101 4340 gladio
3129 4262 3408 4321 interfecit
3433 4277 3559 4317 eum
3582 4302 3596 4326 ,
3620 4266 3671 4312 et

2310 4385 2538 4439 regnum
2568 4366 2709 4439 ejus.
2742 4363 2988 4420 Habebat
3015 4368 3198 4416 autem
3227 4357 3560 4427 Gotepertus

603 4454 970 4515 Constantino
995 4504 1009 4525 ,
1053 4463 1255 4519 occidit
1311 4465 1429 4523 illos
1481 4467 1657 4525 Focas
1683 4511 1697 4533 ,
1748 4469 1843 4539 qui
1874 4434 1979 4524 fuit
2006 4478 2207 4526 strator
2240 4469 2283 4529 Ι)
2312 4434 2498 4516 "ﬂium
2527 4434 2748 4517 ηοὶῐιίηθ
2779 4456 3191 4527 Βθῧίηρθηυωυ
3214 4465 3381 4523 quem
3410 4448 3671 4539 ι’θΡίεἾίίῗδ

524 4618 529 4623 η
605 4544 778 4602 Prisci
808 4551 1043 4620 patricii,
1075 4564 1130 4609 et
1169 4555 1287 4625 ipse
1328 4559 1596 4629 regnavit.
1641 4559 1746 4628 Qui
1780 4571 2074 4632 postquam
2119 4578 2208 4618 re-

604 4639 795 4705 gnavit
831 4642 994 4698 annis
1019 4643 1078 4710 8,
1108 4643 1412 4716 Heraclius,
1448 4650 1543 4721 qui
1577 4652 1798 4722 regebat
1828 4651 2091 4720 Africam,
2115 4669 2204 4710 re-

609 4727 830 4786 bellavit
857 4733 929 4802 εἰ,
958 4743 1011 4791 et
1035 4739 1262 4795 veniens
1288 4756 1414 4796 cum
1451 4744 1691 4800 exercitu
1714 4787 1728 4813 ,
1756 4742 1957 4801 occidit
1979 4758 2126 4813 eum,
2156 4755 2210 4801 et

609 4824 852 4895 suscepit
876 4825 1188 4898 imperium.
1215 4830 1337 4899 Quo
1358 4843 1480 4905 post
1514 4834 1585 4890 27
1612 4852 1787 4893 annos
1812 4836 1904 4873 ¹⁰³⁸
1927 4835 2208 4905 defuncto,

612 4913 759 4970 t'dius
801 4917 922 4989 ejus
977 4919 1373 4982 Constantinus
1437 4929 1680 4999 suscepit
1740 4930 2067 5002 imperium;
2111 4929 2206 4985 sed

614 5015 742 5076 post
778 5021 1021 5080 quatuor
1064 5030 1287 5074 menses
1331 5034 1431 5089 per
1459 5036 1730 5077 venenum
1764 5022 2069 5089 exstincto,
2097 5019 2207 5077 IIe-

617 5099 918 5171 racleonas,
966 5105 1135 5164 frater
1158 5112 1298 5183 ejus,
1347 5129 1474 5170 cum
1503 5123 1678 5172 matre
1711 5115 1943 5171 Martina
1976 5130 2207 5187 regnum

616 5190 951 5253 invaserunt.
979 5200 1189 5269 Quibus
1237 5222 1367 5263 mox
1418 5209 1679 5281 dejectis,
1725 5208 2019 5278 Constans,
2066 5210 2211 5267 ﬁlius

615 5282 989 5363 Constantini,
1009 5300 1256 5370 regnavit
1279 5303 1439 5358 annis
1467 5302 1556 5358 28.
2114 5298 2121 5305 ’

2310 4554 2430 4625 ejus
2460 4552 2773 4610 nutrierunt
2799 4525 3030 4606 occulte.
3066 4545 3173 4602 Sed
3199 4560 3303 4601 nec
3329 4541 3542 4599 curavit
3560 4525 3825 4619 Crines!“

2310 4606 2439 4708 eum
2467 4643 2744 4717 persequi,
2791 4641 2923 4713 quia
2970 4654 3107 4711 puer
3149 4636 3335 4693 adhuc
3366 4643 3503 4690 erat.
3533 4625 3740 4684 Audiens
3754 4630 3825 4717 ξεῖ
3854 4638 3855 4715 ξ

2313 4704 2423 4799 tem
2453 4704 2850 4809 Perhtari,’qui
2878 4704 3024 4805 apud
3052 4731 3422 4787 Mediolanum
3452 4721 3707 4796 regnabit.
3729 4704 3825 4782 ςὶιλί

2314 4835 2483 4891 frater
2503 4833 2624 4903 ejus
2651 4838 2905 4887 mortuus
2928 4826 3142 4891 fuisset,
3171 4830 3381 4896 quanta
3408 4810 3825 4903 velocitati?mum

2313 4927 2480 5000 fugit,
2505 4898 2559 4980 et
2595 4922 2971 4979 ad‘Cacanum
3001 4932 3188 4989 regem
3211 4916 3455 4970 Avarum
3487 4907 3633 4966 abiit.
3657 4898 3826 5000 Uret“?!
3854 4948 3855 4965 ς

2312 4988 2446 5076 vero
2465 4988 2623 5074 illius
2651 5014 2874 5072 nomine
2907 4988 3274 5067 Rodelindam
3299 5016 3363 5063 et
3401 5000 3673 5077 parvulum
3710 4988 3825 5079 alia?
3854 5014 3855 5071 ᾖ

2314 5110 2538 5167 nomine
2564 5106 2966 5165 Cbunibertum
3002 5101 3094 5132 ²⁰⁵³
3134 5095 3442 5155 transmisit
3475 5080 3773 5148 ϐτίωωὶάυε
3792 5088 3825 5121 υ¹
3854 5120 3855 5139 η

2314 5205 2701 5261 Beneventum.
2733 5197 2865 5253 Post
2906 5196 3022 5250 haec
3062 5192 3339 5263 malignus
3375 5190 3532 5244 homo
3558 5169 3827 5236 «πωπω

2318 5296 2476 5367 cujus
2499 5289 2730 5348 consilio
2761 5287 2878 5342 haec
2904 5282 3091 5339 omnia
3130 5279 3275 5336 facta
3314 5285 3459 5343 sunt,
3476 5287 3583 5328 non
3618 5266 3700 5329 diu
3722 5276 3827 5331 sur?
3854 5310 3855 5367 ἶ

1909 5458 2140 5515 VARIJ'I
2181 5452 2582 5513 LECTIONES.
2652 5448 2657 5456 ’

697 5587 789 5620 ¹⁰³³
828 5586 1019 5658 folium
1075 5589 1215 5643 deest
1273 5591 1329 5643 in
1385 5591 1501 5645 cod.
1552 5591 1597 5645 l.
1680 5591 1772 5624 ¹⁰³⁵
1812 5590 2109 5647 rodoaldus
2158 5590 2242 5644 9".

1000 5660 1087 5692 ηπ

624 5660 890 5729 deinceps.
1000 5660 1087 5692 ¹⁰³⁷
1128 5662 1443 5729 gotebertus
1500 5663 1585 5716 9°.
1642 5662 1726 5716 10.

1128 5662 1443 5732 gotebertus
1500 5663 1585 5716 9ο.
1642 5662 1726 5716 10.
1780 5664 2117 5733 godebcrtus
2157 5661 2208 5714 4.

2260 5668 2309 5713 et
2358 5658 2622 5727 deinceps.

2329 5584 2442 5662 "ff
2464 5583 2622 5640 annis
2651 5583 2702 5638 5.
2727 5580 2876 5662 "ff"
2915 5578 3246 5662 perlitum}.
3279 5582 3333 5662 5:
3371 5566 3827 5662 9ξκΙολ-Ηίίὲί

624 5726 818 5803 “5’s.
852 5730 970 5802 ejus
1000 5731 1052 5789 ὕ.
1130 5726 1225 5765 ῖιδο
1264 5734 1527 5803 gotebert.
1569 5734 1687 5804 jam
1722 5726 1882 5789 etiam
1924 5735 1975 5789 5.
2022 5732 2149 5803 ,¹⁰’⁸¹
2193 5730 2475 5804 geribaldo
2511 5726 2594 5784 9°.
2674 5726 2768 5759 ‘°"
2814 5726 3164 5786 cuuibcrtum
3197 5726 3248 5780 5.
3329 5786 3341 5798 ,

2727 5653 2820 5738 ff"
2858 5640 3133 5738 gignatur)
3162 5650 3505 5738 ii‘grimoldo
3553 5646 3631 5701 ετ.
3674 5646 3823 5699 um
