3880 6320
61 325 138 382 801
944 308 1311 369 CHRONICA.
1355 341 1424 350 ——
1459 306 1855 367 CHRONICON
1891 299 2352 366 UNIVERSALE.

3191 307 3299 366 802

62 441 132 494 liis
153 431 420 507 gaudebat.
453 430 584 486 iurat
612 428 755 484 enim
795 425 850 482 in
875 425 1092 483 civitate
1120 424 1459 480 Taurinense
1485 437 1610 492 par-
1640 425 1684 482 Α
1711 439 1828 476 eum
1867 431 2208 490 concurrunt,
2260 431 2311 477 et
2361 429 2574 491 propter
2622 435 2742 476 eum
2795 420 3018 490 te‘forte
3057 423 3298 478 occidere

61 545 143 585 vus
166 523 372 598 quidam
421 521 809 585 homunculus,
859 528 1020 575 natus
1066 517 1135 572 de
1181 516 1400 587 propria
1450 523 1608 585 gente

60 613 316 686 Goteperti.
356 611 464 668 lste
508 627 634 666 cum
681 610 866 675 sciret,
916 607 1062 679 quod
1110 606 1437 662 Garibaldus
1487 605 1608 676 ipso

60 705 396 767 sacratissimo
423 703 515 759 die
549 703 794 774 paschali
830 709 1094 757 venturus
1121 709 1266 755 esset
1294 698 1362 754 ad
1399 697 1607 753 oratio-

61 819 164 860 nem
189 801 237 855 in
271 797 515 854 acclesia
553 796 700 851 beati
725 793 992 850 Johannis
1031 792 1300 863 baptista,
1352 790 1507 856 abiit,
1556 797 1611 845 et

59 891 269 950 ascendit
295 903 458 959 super
505 886 712 942 fontem
761 900 980 941 sacrum
1009 882 1334 954 baptisterii,
1382 891 1437 937 et
1483 897 1608 937 cum

59 987 250 1043 sinistra
275 996 438 1042 manu
475 978 651 1034 tenuit
676 992 736 1033 se
771 975 840 1032 ad
875 991 1042 1032 unam
1072 973 1484 1039 columnellam,
1515 973 1609 1026 ubi

59 1073 344 1134 Garibaldus
391 1069 626 1126 transire
670 1067 977 1133 debuerat,
1029 1081 1156 1122 cum
1205 1065 1431 1120 dextera
1481 1079 1611 1119 vero

57 1166 364 1238 evaginatum
393 1161 636 1233 gladium
667 1159 771 1216 sub
805 1158 1134 1215 vestimento
1177 1157 1412 1229 tegebat.
1444 1155 1611 1211 Cum-

57 1274 144 1331 que
182 1270 338 1327 prope
384 1269 511 1309 eum
558 1250 886 1308 Garibaldus
928 1250 1192 1316 venisset,
1235 1249 1327 1304 ille
1377 1249 1469 1281 m'
1519 1248 1614 1302 ho-

58 1349 265 1414 muncio,
299 1345 586 1416 evaginato
657 1344 858 1416 gladio,
900 1358 1029 1399 cum
1083 1349 1198 1399 tota
1254 1342 1455 1396 virtute
1503 1355 1611 1411 qua

58 1441 204 1512 putuit
251 1437 520 1508 percussit
568 1451 694 1491 cum
745 1436 800 1490 in
848 1435 1156 1502 cervicem,
1206 1443 1261 1490 et
1309 1434 1614 1504 amputavit

57 1542 192 1603 caput
214 1532 344 1602 ejus.
375 1528 638 1585 Homines
665 1537 846 1583 autem
879 1526 1128 1598 ejusdem
1153 1525 1431 1582 Garibaldi
1473 1525 1614 1580 mul-

59 1638 126 1681 tas
148 1625 211 1680 illi
235 1623 413 1694 plagas
439 1621 722 1687 facientes,
747 1620 814 1676 ad
840 1621 1091 1676 ultimum
1117 1620 1438 1676 occiderunt
1463 1635 1609 1676 eum.

57 1717 143 1784 Qui
184 1714 421 1787 quamvis
471 1713 552 1769 sic
594 1713 821 1784 punitus
869 1724 1118 1770 mortuus
1159 1711 1376 1780 fuisset,
1429 1723 1612 1770 tamen

1709 513 1992 570 habebunt.
2049 514 2144 571 llis
2171 515 2352 570 verbis
2397 513 2744 572 Grimoaldus
2790 514 3065 580 credulus,
3099 515 3302 574 oblitus

1708 615 1792 661 est
1820 607 1965 676 quod
1993 607 2067 662 illi
2093 607 2326 677 juravit,
2350 615 2405 661 et
2433 608 2669 677 qualiter
2695 607 2848 662 illum
2875 607 3150 664 occideret
3173 624 3300 664 cum

1711 698 1828 754 suis
1862 699 2136 754 tractavit.
2189 699 2434 770 Denique
2465 715 2560 769 per
2607 700 2898 756 consilium
2949 700 3101 756 misit
3145 716 3194 757 et
3229 701 3299 758 ad

1710 805 1927 847 ctenam
1951 790 2199 848 diversos
2228 792 2381 848 cibos
2404 801 2460 848 et
2485 792 2750 863 optimum
2781 807 2993 850 merum
3023 809 3089 849 ac
3116 794 3300 852 diver-

1710 897 1803 939 sas
1828 883 2100 954 potiones,
2145 891 2206 938 ut
2249 898 2373 940 eum
2421 899 2518 955 per
2565 892 2782 942 noctem
2835 887 2996 957 quasi
3050 896 3301 942 mortuus

1705 973 1934 1045 jaceret,
1980 975 2152 1030 levius
2201 974 2377 1030 Occidi
2421 988 2624 1046 posset.
2678 975 2786 1032 Sed
2831 992 2958 1032 cum
2988 977 3056 1032 ad
3084 993 3300 1036 caenam

1711 1066 1971 1133 sedisset,
2029 1066 2180 1122 venit
2231 1067 2300 1122 ad
2350 1083 2476 1123 eum
2525 1084 2660 1125 suus
2706 1071 2982 1140 quondam
3032 1070 3298 1134 serviens,

1712 1155 1945 1212 atterens
1971 1157 2020 1211 ei
2047 1156 2230 1212 cibum
2263 1172 2426 1227 quem
2455 1159 2606 1214 misit
2631 1160 2680 1216 ei
2708 1175 2826 1228 rex,
2849 1169 3047 1216 etcum
3077 1162 3288 1231 posuis-

1713 1257 1799 1305 set
1824 1264 1953 1306 eum
1984 1264 2150 1319 super
2175 1263 2446 1316 mensam,
2474 1250 2631 1306 ﬁnxit
2663 1267 2724 1308 se
2763 1253 3000 1309 salutare
3028 1253 3298 1318 Perhtari,

1711 1352 1766 1398 et
1812 1342 2034 1398 mittens
2080 1350 2243 1411 caput
2279 1343 2383 1398 sub
2430 1358 2697 1412 mensam,
2737 1346 2876 1401 clam
2926 1347 3206 1404 nunciavlt
3240 1347 3302 1402 .ci

1713 1434 2006 1491 consilium
2065 1433 2385 1490 Grimoaldi.
2445 1433 2552 1502 Qui
2615 1437 2804 1492 statim
2859 1442 3069 1493 vocavit
3119 1439 3188 1493 ad
3243 1455 3303 1494 se

1713 1526 2030 1596 pincernam
2073 1543 2257 1595 suum,
2288 1527 2641 1598 precepitqnc
2669 1528 2740 1594 ei,
2780 1537 2840 1584 ut
2881 1529 2936 1584 in
2984 1531 3104 1584 ﬁala
3135 1545 3302 1586 aurea

1715 1618 1822 1674 sibi
1875 1619 2148 1686 misceret,
2201 1618 2298 1675 sed
2346 1634 2563 1690 semper
2611 1635 2810 1691 aquam
2865 1621 3037 1675 solam
3077 1623 3130 1675 in
3175 1637 3303 1678 eam

1716 1711 1970 1766 mitteret.
1998 1710 2153 1767 Tune
2195 1712 2351 1768 missi
2397 1712 2546 1783 regis
2573 1713 2836 1784 rogabant
2866 1728 2991 1767 eum
3031 1729 3100 1768 ex
3143 1729 3305 1768 man-

59 1806 277 1876 injuriam
305 1813 357 1859 et
385 1813 618 1859 mortem
645 1803 853 1860 domini
884 1804 972 1859 sui
999 1804 1315 1860 vindicavit.
1339 1804 1612 1860 Grimoal-
1644 1789 1685 1843 Β
1712 1805 1841 1864 dato
1867 1807 2008 1877 ejus,
2057 1816 2119 1861 ut
2163 1807 2320 1863 hctus
2367 1806 2578 1862 biberet
2625 1815 2680 1861 et
2725 1807 2782 1861 in
2831 1807 3040 1862 honore
3091 1805 3302 1861 Grimo—

57 1901 142 1955 dus
185 1906 358 1954 autem
410 1896 770 1952 conﬁrmatus
823 1897 878 1951 in
928 1912 1098 1969 regno
1142 1897 1285 1968 apud
1335 1897 1608 1965 Ticinum,

58 1992 223 2048 occidit
248 1989 664 2056 Chunibertum,
714 1989 885 2044 ﬁlium
915 1988 1190 2060 Gotcperti
1217 1990 1328 2059 1°“,
1371 1999 1428 2047 et
1454 2005 1611 2048 soro-

57 2101 149 2141 rem
175 2083 404 2154 ejusdem
451 2081 727 2138 Gotcberti
779 2081 904 2148 “M,
949 2081 1115 2137 ﬁliam
1147 2082 1405 2154 Ariperti,
1453 2082 1612 2138 duxit

58 2195 266 2234 uxorem.
313 2177 756 2234 Beneventanum
793 2193 925 2234 vero
963 2179 1294 2244 exercitum,
1325 2192 1452 2234 cum
1500 2192 1612 2247 quo

57 2288 250 2344 regnum
295 2270 674 2343 apprehendit,
721 2271 932 2326 remisit
977 2270 1047 2326 ad
1093 2271 1345 2342 propria,
1376 2270 1610 2326 ditatum

58 2365 238 2434 magnis
281 2363 624 2431 muneribus,
654 2363 748 2420 sed
779 2364 1092 2434 aliquantos
1138 2380 1324 2420 secum
1358 2363 1610 2428 retinuit,

57 2457 225 2527 quibus
250 2458 587 2528 largissimas
615 2458 996 2527 possessiones
1031 2457 1322 2514 concessit.
1370 2455 1613 2512 Audiens

58 2558 230 2616 autem,
259 2549 401 2620 quod
427 2548 683 2606 Perhtari
714 2549 769 2602 in
811 2546 1088 2620 Scythiam
1120 2548 1350 2620 fugisset
1389 2558 1443 2604 et
1470 2550 1612 2619 apud

56 2643 296 2697 Cacanum
323 2656 504 2713 regem
535 2639 820 2696 Hunorum
849 2639 1108 2705 stetisset,
1134 2639 1413 2694 mandavit
1437 2639 1612 2694 eidem

55 2736 260 2804 Carano,
289 2735 433 2806 quod
471 2736 520 2790 si
551 2729 802 2789 Perhtari
851 2733 904 2788 in
943 2748 1113 2804 regno
1153 2750 1256 2790 suo
1298 2733 1612 2800 mansisset,

57 2842 214 2896 pacem
238 2843 359 2882 cum
395 2825 778 2897 Longobardis
807 2825 950 2882 sicut
975 2825 1240 2880 hactenus
1276 2825 1476 2880 habere
1505 2840 1614 2880 non

55 2927 230 2987 posset.
268 2918 421 2986 Quod
462 2918 716 2973 Cacanus
769 2927 829 2972 ut
874 2917 1121 2986 audivit,
1151 2916 1401 2972 Perhtari
1429 2915 1566 2980 dixit
1599 2936 1612 2971 :

59 3011 110 3064 In
133 3011 533 3082 qualemcunque
562 3019 766 3080 partem
801 3009 1048 3076 colueris,
1085 3010 1234 3076 vade,
1262 3010 1386 3080 quia
1417 3010 1472 3062 in
1503 3025 1614 3063 meo

58 3121 185 3174 regno
209 3121 304 3156 non
323 3103 522 3174 poteris
547 3113 708 3169 stare,
727 3119 788 3156 ne
810 3112 1022 3173 propter
1044 3111 1092 3156 te
1107 3102 1453 3156 inimicitiam
1472 3099 1613 3155 Lon-

56 3195 374 3266 gobardorum
399 3197 693 3250 incurram.
733 3193 1107 3250 Pcrhtarilnec
1131 3194 1380 3260 audiens,
1415 3194 1614 3264 delegit

57 3291 224 3344 reverti
263 3289 330 3345 ad
378 3287 759 3344 Grimoaldum
787 3329 801 3355 ,
853 3286 982 3358 quia
1013 3285 1297 3351 audierat,
1343 3301 1468 3339 eum
1493 3300 1614 3341 esse

55 3381 620 3437 misericordissimam.
653 3378 791 3434 Cum
819 3394 949 3434 vero
985 3379 1226 3434 venisset
1259 3376 1326 3432 ad
1365 3375 1616 3432 Lauden-

55 3488 148 3526 scm
189 3473 458 3528 civitatem
487 3517 501 3538 ,
554 3472 702 3526 misit
751 3469 1011 3525 Unulfum
1080 3469 1458 3524 ﬁdelissimum
1510 3468 1614 3523 sibi

55 3565 204 3619 virum
241 3564 305 3619 ad
339 3563 738 3630 Grimoaldum,
771 3563 865 3634 qui
905 3578 1065 3617 suum
1104 3562 1153 3616 ei
1194 3561 1479 3617 nunciaret
1515 3559 1614 3614 ad-

56 3667 268 3710 ventum.
333 3654 450 3711 Iloc
525 3655 754 3710 audiens
833 3637 1219 3722 Grimoaldus,
1269 3653 1490 3723 gavisus
1533 3659 1618 3707 est

55 3735 272 3810 nimium,
299 3755 354 3801 et
382 3745 665 3800 mandavit
706 3745 754 3798 ei
794 3743 1180 3814 promittendo,
1211 3743 1358 3815 quod
1406 3745 1617 3800 nullum

54 3839 230 3894 malum
258 3840 515 3904 haberet,
541 3835 585 3894 si
617 3836 684 3891 ad
715 3852 840 3891 eum
875 3836 1102 3891 veniret.
1153 3833 1322 3907 Igitur
1369 3835 1618 3892 Perhtari

55 3931 108 3986 ad
133 3929 497 3988 Grimoaldum
536 3931 839 4002 ingressus,
870 3929 1042 3984 voluit
1070 3943 1129 3984 se
1175 3929 1243 3984 ad
1287 3927 1451 4000 pedes
1499 3928 1619 3999 ejus

52 4023 264 4092 jactare;
313 4025 408 4080 sed
460 4022 810 4080 Grimoaldus
846 4038 955 4080 non
985 4021 1305 4092 permittens
1346 4037 1472 4078 eum
1516 4022 1621 4080 hoc

55 4115 226 4184 facere,
272 4117 502 4172 retinuit
547 4106 680 4172 eum
733 4124 787 4171 et
829 4116 1112 4171 osculatus
1153 4123 1239 4170 est
1273 4130 1422 4171 eum.
1467 4113 1622 4172 Tunc

55 4209 166 4264 dixit
207 4208 455 4265 Perhtari
507 4209 574 4264 ad
619 4207 992 4264 Grimoaldum
1027 4226 1040 4261 :
1080 4205 1270 4262 Servus
1326 4217 1446 4262 tuus
1480 4223 1616 4262 sum.

57 4300 192 4355 Potui
241 4302 458 4374 quidem
501 4301 666 4355 vivere
714 4301 852 4354 inter
882 4316 1140 4371 paganos,
1168 4301 1259 4354 sed
1305 4301 1526 4355 audiens
1574 4309 1623 4354 te

55 4393 532 4447 cluistianissimum
567 4401 616 4447 et
653 4391 1225 4459 misericordissimam,
1252 4409 1346 4464 pro
1376 4401 1465 4447 tuo
1488 4391 1621 4446 bono

1713 1899 1823 1954 aldi
1851 1900 2031 1955 ﬁalam
2080 1909 2247 1956 totam
2269 1909 2638 1956 consumeret.
2670 1900 2764 1956 ille
2783 1917 2850 1956 an
2861 1909 2966 1955 tem
2991 1900 3209 1956 diccbat
3248 1915 3310 1955 se

1715 2005 1840 2046 cum
1867 1991 2066 2062 gaudio
2093 1992 2278 2048 bibere
2311 2001 2592 2064 totamque
2640 1993 2824 2048 ﬁalam
2857 1995 2916 2048 in
2946 1995 3158 2051 honore
3185 1995 3308 2065 ejus

1713 2081 2012 2138 effundere.
2039 2079 2218 2138 Nichil
2243 2091 2429 2138 autem
2469 2083 2689 2140 bibebat
2721 2085 2828 2140 nisi
2859 2101 3078 2157 aquam.
3104 2085 3305 2156 Perge-

1714 2174 1845 2228 bant
1863 2173 2030 2246 igitur
2058 2175 2296 2231 ministri
2325 2176 2491 2247 regis,
2523 2179 2849 2233 nunciantes
2885 2179 2958 2246 ei,
2989 2179 3135 2249 quod
3165 2179 3310 2233 mul—

1713 2273 1828 2322 tum
1861 2267 2051 2322 vinum
2081 2267 2292 2323 biberet
2319 2266 2570 2324 Perhtari
2615 2277 2670 2324 et
2710 2269 2826 2340 jam
2855 2271 3110 2326 ebriosus
3137 2280 3307 2327 esset.

1715 2359 1806 2414 llle
1829 2375 1958 2414 vero
1988 2376 2112 2415 cum
2138 2360 2337 2431 gaudio
2364 2361 2500 2415 dixit
2524 2379 2538 2412 :
2574 2361 2736 2415 Bibat
2757 2361 2849 2416 ille
2867 2363 3106 2418 ebriosus
3131 2362 3307 2428 hodie,

1715 2469 1834 2506 cras
1869 2453 2008 2506 enim
2037 2461 2233 2507 eromet
2260 2453 2444 2508 eadem
2489 2455 2612 2508 vina
2648 2470 2768 2509 cum
2799 2457 3073 2526 sanguine.
3100 2455 3310 2510 Interea

1715 2544 1973 2599 clamavit
2033 2542 2286 2600 Perhtari
2342 2545 2410 2600 ad
2480 2560 2540 2600 se
2595 2544 2855 2622 Unulfum
2927 2548 3308 2603 ﬁdelissimum

1716 2653 1898 2701 suum,
1925 2645 1980 2691 et
2003 2635 2264 2690 indicavit
2291 2636 2340 2690 ei
2367 2637 2514 2707 regis
2540 2637 2876 2694 voluntatem
2903 2648 2960 2695 et
2991 2639 3306 2695 consilium.

1716 2728 1874 2795 Quod
1895 2729 2125 2783 audiens
2174 2727 2431 2794 Unulfus,
2474 2729 2690 2785 vocavit
2743 2746 2973 2800 puerum
3026 2747 3210 2798 suum,
3255 2743 3312 2788 et

1716 2821 1958 2890 precepit
2005 2821 2078 2886 ei,
2117 2829 2180 2876 ut
2224 2820 2428 2876 lectum
2469 2819 2575 2876 sibi
2620 2820 2823 2878 faceret
2851 2823 3009 2893 juxta
3056 2822 3308 2880 Perhtari

1716 2911 1937 2966 lectum.
1963 2910 2132 2967 Cinna
2160 2925 2290 2966 vero
2311 2920 2552 2980 peracta,
2587 2927 2715 2968 cum
2741 2914 2982 2970 misisset
3010 2930 3108 2972 rex
3130 2916 3313 2971 homi.

1716 3017 1816 3059 nes
1857 3019 2007 3071 suos,
2034 3005 2127 3075 qui
2163 3003 2416 3059 Perhtari
2453 3005 2816 3072 custodirent,
2874 3022 2944 3063 ne
2986 3007 3173 3080 fugere
3207 3023 3310 3079 po-

1718 3096 1936 3164 tuisset,
1959 3096 2180 3152 intravit
2200 3095 2452 3152 Perhtari
2493 3098 2548 3152 in
2591 3098 2928 3166 cubiculum,
2953 3101 3045 3156 ubi
3070 3101 3314 3156 dormire

1715 3188 1902 3244 debuit
1947 3203 2074 3246 cum
2132 3187 2335 3244 Unulfo
2388 3197 2442 3245 et
2486 3191 2786 3247 vestarario
2834 3208 2937 3248 suo
2970 3188 3308 3261 ﬁdelissimo,

1716 3281 2108 3352 nunciavitque
2140 3282 2316 3338 eidem
2355 3283 2678 3350 vcstarario,
2708 3284 2854 3354 quod
2902 3285 2972 3340 de
3003 3294 3180 3342 morte
3209 3301 3310 3342 sua

1717 3391 1810 3430 rex
1844 3375 2130 3445 cogitaret,
2157 3383 2212 3430 ct
2239 3375 2315 3430 ait
2339 3395 2350 3429 :
2377 3373 2437 3430 Si
2455 3392 2547 3447 ego
2569 3376 2796 3448 effugere
2827 3386 3068 3448 potuero,
3097 3386 3154 3432 tu
3176 3379 3315 3449 ﬁnge

1716 3466 1976 3537 loquendo
1997 3468 2067 3521 ad
2101 3467 2336 3522 homines
2369 3468 2528 3539 regis,
2550 3472 2690 3540 quod
2711 3485 2804 3540 ego
2827 3469 3092 3525 dormiam
3126 3471 3182 3524 in
3207 3471 3313 3525 isto

1718 3559 1984 3627 cubiculo,
2026 3568 2077 3614 et
2113 3560 2296 3630 forsan
2341 3561 2596 3632 effugiens
2642 3562 2707 3616 de
2741 3563 2984 3618 manibus
3019 3580 3200 3619 eorum
3233 3581 3314 3619 me

1719 3651 1971 3708 liberabo.
2004 3652 2162 3720 Quod
2183 3669 2309 3710 cum
2339 3654 2430 3710 ille
2464 3663 2740 3726 gratanter
2779 3670 2840 3712 se
2877 3655 3150 3712 facturum
3181 3673 3314 3728 pro-

1719 3747 1977 3813 mitteret,
2005 3745 2129 3800 tulit
2159 3743 2398 3802 Unulfus
2434 3747 2720 3803 culcitram
2742 3757 2798 3804 et
2824 3749 3018 3820 pellem
3040 3751 3314 3818 ursinam,

1719 3846 1775 3894 et
1821 3839 2007 3908 posuit
2064 3854 2229 3908 supra
2277 3839 2508 3894 dorsum
2551 3839 2820 3908 Perhtari,
2871 3849 2927 3896 ct
2969 3842 3135 3914 erepit
3189 3858 3314 3898 cum

1720 3931 1879 4002 quasi
1901 3947 2122 3987 servum
2159 3931 2498 3988 rusticanum
2533 3949 2659 3988 cum
2694 3940 2846 3988 vecte
2881 3935 3078 3989 cedere
3104 3943 3158 3990 et
3187 3951 3317 3991 cum

1722 4039 1905 4095 pugno
1933 4024 1988 4078 in
2014 4023 2154 4078 collo
2187 4023 2434 4092 pellendo
2467 4033 2620 4079 extra
2658 4026 2862 4095 regiam
2901 4025 3051 4097 (2‘29)
3078 4027 3310 4097 jactare.

1721 4115 1972 4186 Cumque
2014 4115 2218 4170 milites
2242 4115 2387 4186 regis
2431 4116 2834 4186 interrogarent
2867 4117 2996 4187 quid
3021 4119 3126 4172 hoc
3145 4129 3314 4186 esset,

1725 4207 1960 4265 Unulfus
1985 4208 2156 4263 dixit:
2196 4205 2385 4262 Servus
2427 4208 2528 4262 iste
2553 4209 2856 4262 rusticanus
2897 4211 3020 4279 fecit
3051 4212 3211 4264 michi
3239 4212 3315 4268 le-

1724 4313 1865 4358 ctum
1879 4301 2043 4372 juxta
2067 4300 2258 4355 lectum
2279 4299 2552 4366 Perhtari,
2577 4301 2668 4372 qui
2689 4303 2767 4354 sic
2789 4301 2966 4356 ebrius
2996 4312 3094 4370 est,
3117 4314 3173 4356 ut
3197 4305 3319 4358 dor-

1727 4396 1857 4449 miat
1890 4394 2044 4465 quasi
2067 4395 2140 4447 sit
2179 4403 2438 4447 mortuus.
2484 4391 2598 4448 Hoc
2629 4393 2704 4446 illi
2737 4393 3021 4450 audientes
3047 4403 3101 4450 et
3126 4411 3314 4451 verum

55 4487 234 4540 nomine
262 4485 378 4539 veni
407 4483 477 4538 ad
501 4492 568 4538 te.
602 4482 753 4538 Tunc
777 4499 872 4538 rex
900 4483 1152 4554 promisit
1179 4484 1228 4538 ei
1260 4482 1620 4554 jurejurando
1652 4495 1696 4549 D
1721 4502 1844 4542 esse
1891 4486 2195 4552 credentes,
2245 4485 2352 4540 laeti
2397 4482 2525 4538 facti
2567 4492 2716 4550 sunt,
2763 4493 2817 4540 et
2867 4483 3119 4541 Perhtari
3155 4491 3315 4558 quasi

55 4590 212 4632 coram
248 4576 510 4632 omnibus
535 4575 722 4631 dicens
754 4593 767 4630 :
796 4573 904 4630 Per
921 4592 1037 4630 eum
1062 4576 1152 4646 qui
1185 4592 1264 4629 me
1293 4577 1442 4629 nasci
1468 4576 1615 4646 fecit,

54 4667 452 4738 quandoquidem
481 4661 550 4718 ad
573 4683 740 4719 meam
766 4666 922 4737 [idem
945 4667 1154 4734 venisti,
1185 4665 1390 4721 nullum
1419 4668 1618 4722 malum

54 4757 135 4807 erit
165 4759 274 4814 tibi.
326 4756 393 4812 Et
433 4757 582 4812 dedit
617 4759 668 4813 ei
699 4757 962 4828 Optimam
1006 4757 1230 4814 domum
1254 4801 1269 4824 ,
1315 4760 1621 4831 precipicns

56 4849 152 4904 suis
193 4852 484 4917 ministris,
513 4860 573 4906 ut
601 4852 783 4907 omnia
813 4868 934 4922 qua:
970 4852 1074 4907 sibi
1103 4862 1286 4910 essent
1315 4857 1624 4912 necessaria

55 4956 108 4994 ex
146 4943 356 5011 publico
406 4943 778 5002 abundantius
809 4943 1050 5000 haberet.
1102 4943 1256 5000 Tunc
1303 4944 1623 5002 Ticinenscs

55 5048 222 5089 omnes
255 5045 546 5108 coeperunt
580 5036 648 5091 ad
692 5051 816 5090 eum
877 5053 1202 5092 concurrere
1240 5047 1293 5091 et
1326 5038 1488 5106 quasi
1518 5054 1621 5092 no-

55 5135 152 5179 tum
179 5129 438 5184 salutare.
491 5127 687 5184 Statim
726 5130 1006 5200 maliloqui
1052 5132 1373 5186 accedentes
1405 5132 1474 5187 ad
1502 5133 1623 5190 Gri—

57 5218 330 5288 Iuoaldum,
383 5219 642 5274 dixerunt
685 5220 751 5274 ad
785 5236 910 5274 cum
949 5239 962 5275 :
1012 5220 1134 5274 Nisi
1181 5221 1424 5275 Perhtari
1463 5224 1622 5276 citius

55 5309 286 5364 occideris
323 5353 338 5377 ,
390 5328 608 5381 regnum
663 5328 764 5366 non
806 5311 1050 5377 habebis;
1117 5330 1291 5368 omnes
1355 5316 1496 5368 enim
1549 5318 1618 5369 ad

1723 4595 1940 4636 servum
1984 4579 2324 4636 rusticanum
2369 4579 2520 4634 exire
2567 4579 2914 4636 dimiserunt.
2969 4579 3318 4639 Vestararius

1725 4681 1907 4728 autem
1939 4672 2028 4726 ille
2059 4671 2413 4728 fidelissimus
2453 4671 2507 4726 in
2538 4671 2792 4727 cubiculo
2818 4673 3040 4740 mansit,
3075 4674 3317 4745 illudque

1727 4765 2008 4830 claudens,
2060 4764 2290 4818 firmiter
2339 4763 2636 4818 obseravit.
2686 4763 2842 4831 Quod
2889 4765 3137 4821 videntes
3171 4770 3310 4822 servi

1728 4859 1894 4930 regis,
1918 4857 2122 4913 reversi
2151 4866 2278 4912 sunt
2311 4857 2379 4910 ad
2407 4857 2691 4910 dominum
2737 4873 2918 4912 suum.
2957 4857 3188 4914 Unulfus
3217 4875 3314 4912 au-

1725 4959 1832 5005 tem
1855 4966 1951 5020 per
1978 4949 2162 5006 funem
2183 4949 2440 5020 deposuit
2469 4950 2779 5020 aliquantos
2799 4951 2949 5006 viros
2970 4953 3035 5006 ad
3064 4951 3312 5008 Perhtari

1723 5043 2007 5098 dominum
2032 5057 2216 5108 suum,
2238 5043 2332 5112 qui
2361 5057 2487 5098 cum
2524 5043 2616 5097 illo
2643 5043 2799 5098 irent.
2834 5043 3124 5115 Pergentes
3149 5044 3317 5115 igitur

1724 5135 1887 5190 simul
1917 5134 2102 5206 fugere
2129 5144 2436 5205 eruperunt,
2469 5145 2523 5190 et
2557 5151 2682 5190 cum
2713 5137 3051 5192 invenissent
3072 5138 3315 5194 caballos

1725 5228 1778 5282 in
1791 5236 1967 5298 prato,
1982 5227 2456 5298 apprehenderunt
2472 5244 2588 5294 eos,
2617 5239 2670 5283 ct
2683 5230 3158 5296 caballicavcrunt,
3189 5239 3242 5285 et
3259 5231 3314 5286 in

1725 5335 1788 5376 ea
1823 5330 1984 5376 nocte
2028 5331 2390 5390 pervenerunt
2429 5322 2496 5375 ad
2541 5322 2812 5379 civitatem
2859 5323 3167 5392 Astcnsem,
3217 5325 3314 5378 ubi

1320 5447 1552 5505 VARIIE
1587 5450 1988 5510 LECTIONES.

115 5552 198 5582 “‘3
230 5555 401 5624 pergit
435 5554 488 5606 1.
571 5553 661 5585 ¹⁰δ⁸
701 5554 976 5626 godeperti
1009 5574 1146 5611 corr.
1181 5562 1444 5630 gotcperti
1481 5564 1524 5617 l.

1608 5565 1701 5596 ¹⁰’⁶⁵
1743 5567 1818 5619 ita
1854 5568 1896 5621 ’1.

1561 5699 1788 5756 NOTzE.

110 5781 248 5852 (2'29)
273 5782 312 5837 1.
348 5800 398 5840 e.
445 5785 692 5855 jauuam,
727 5795 786 5843 ut
830 5788 884 5842 in
933 5790 1118 5846 codice
1157 5789 1309 5846 Pauli
1354 5792 1763 5867 Bambergensi,
1796 5813 1905 5867 quo
1934 5798 2066 5855 Elin.
2098 5817 2232 5857 usus
2261 5807 2364 5868 est,
2392 5800 2591 5872 saepius
2617 5801 2831 5873 legitur.
