3880 6308
609 300 716 358 805

1793 293 2192 352 EKKEHARDI
2227 293 2695 352 URAUGIENSIS
3753 307 3818 363 aut

608 427 768 476 erant
787 415 1063 475 verissimi
1085 415 1246 472 amici
1281 413 1374 448 ⁸⁸⁸⁸
1397 411 1678 479 Perhtari,
1708 412 1837 483 quia
1857 413 2048 468 eadem
2071 387 2208 467 civi-
2239 415 2288 473 Α
2316 421 2501 466 utrum
2531 412 2733 468 melius
2769 413 2873 468 sibi
2904 411 3184 470 videretur
3211 412 3266 468 in
3296 412 3496 484 palatio
3522 430 3638 472 esse
3663 431 3719 472 an
3737 434 3816 475 tu

612 519 699 566 tas
747 508 980 566 necdum
1026 507 1242 564 subdita
1281 515 1401 561 erat
1435 503 1790 572 Grimoaldo;
1839 504 2076 575 indeque
2115 503 2207 558 fu-

613 604 765 675 giens
799 602 856 656 in
885 601 1162 658 civitatem
1196 585 1638 663 Tauriniensem,
1684 597 1930 668 pervenit
1959 596 2015 651 in
2036 595 2210 651 Fran-

612 696 755 750 ciam
781 714 796 763 ;
824 696 1014 765 sicque
1035 693 1180 750 Deus
1211 692 1558 762 omnipotens
1581 689 1829 745 Perhtari
1859 689 2206 744 innocentem

610 804 641 842 a
682 797 859 844 morte
898 786 1169 853 liberavit,
1220 795 1275 840 et
1311 783 1687 840 Grimoaldum
1732 798 1804 839 ne
1850 781 2207 838 homicidium

611 879 816 936 faceret
853 878 1184 936 eustodivit.-
1222 876 1282 933 ln
1331 876 1637 932 crastinum
1687 889 1818 930 vero
1858 873 2208 930 Grimoaldus

609 987 858 1043 sperans,
905 971 1053 1042 quod
1097 969 1347 1026 Perhtari
1382 967 1644 1024 dormiret
1691 968 1746 1022 in
1794 966 2036 1038 hospitio
2081 981 2204 1034 suo,

612 1063 764 1119 misit
793 1063 862 1117 ad
890 1078 1017 1117 eum
1059 1061 1310 1117 homines
1344 1060 1439 1130 qui
1489 1074 1616 1114 eum
1657 1059 2027 1124 adducerent;
2054 1065 2110 1112 et
2137 1057 2206 1112 ab

610 1157 803 1212 eodem
837 1156 960 1211 loco
991 1170 1167 1227 usque
1213 1154 1281 1209 ad
1327 1153 1588 1224 palatium
1629 1151 1758 1207 fecit
1785 1138 1932 1207 stare
1955 1150 2208 1206 homines

610 1248 738 1303 hinc
761 1257 816 1303 et
839 1247 1008 1315 illinc,
1043 1263 1112 1302 ne
1151 1261 1250 1316 per
1279 1245 1680 1317 qualecumque
1715 1242 1997 1314 ingenium
2022 1250 2208 1312 posset

607 1339 864 1411 effugere.
893 1338 1142 1410 Cumque
1171 1337 1451 1393 venissent
1474 1335 1629 1391 missi
1661 1351 1691 1390 a
1740 1349 1888 1407 rege,
1921 1338 2207 1405 cmperunt

609 1431 850 1486 clamare
874 1432 942 1487 ad
983 1430 1190 1502 regiam
1219 1429 1314 1484 ubi
1347 1427 1794 1484 vestarariusille
1838 1427 2113 1493 manebat,
2146 1433 2206 1482 ut

608 1524 861 1581 Perhtari
890 1540 920 1578 a
949 1537 1144 1579 somno
1186 1521 1507 1577 excitarent.
1535 1518 1884 1576 Vestararius
1907 1527 2091 1574 autem
2116 1519 2205 1574 ille

608 1616 852 1671 dicebat:
878 1613 1300 1668 Misericordiam
1326 1629 1446 1666 cum
1469 1628 1529 1666 eo
1553 1612 1715 1682 facite
1735 1621 1785 1665 et
1800 1611 2032 1665 dormire
2049 1609 2204 1664 illum

609 1709 917 1780 permittite,
945 1707 1071 1778 quia
1097 1706 1162 1761 de
1209 1706 1298 1759 via
1339 1704 1513 1758 lassus
1561 1713 1719 1758 estet
1761 1703 1934 1758 adhuc
1980 1704 2203 1757 nimium

610 1801 827 1854 dormit.
861 1797 966 1866 Qui
1014 1813 1138 1854 cum
1167 1798 1272 1853 hoc
1315 1797 1428 1868 regi
1476 1796 1883 1864 renunciarent,
1916 1797 2030 1851 ait:
2073 1795 2201 1851 Sero

609 1898 688 1947 sic
709 1892 886 1947 ebrius
927 1892 1049 1962 fuit,
1078 1899 1136 1945 ut
1157 1890 1328 1944 adhuc
1360 1888 1609 1960 evigilare
1638 1905 1742 1942 non
1770 1889 1958 1958 possit.
1998 1887 2200 1943 lterum

611 1985 780 2052 misit,
810 1994 870 2039 ut
905 1982 1255 2040 festinantius
1281 1983 1662 2038 adduceretur.
1689 1979 1794 2048 Qui
1823 1981 2103 2036 venientes
2133 1981 2201 2036 ad

607 2077 832 2146 januam
856 2075 950 2132 ubi
976 2091 1102 2132 eum
1130 2075 1372 2132 dormire
1393 2075 1706 2144 sperabant,
1735 2073 1947 2145 magnis
1973 2073 2201 2130 vocibus

613 2176 674 2222 ut
708 2183 837 2222 eum
880 2159 1185 2223 excitarent
1212 2166 1540 2222 clamabant.
1582 2165 1930 2222 Vestararius
1971 2166 2061 2222 ille
2100 2166 2202 2223 ite-

609 2275 733 2314 rum
759 2275 856 2316 eos
883 2261 1132 2332 regabat,
1155 2267 1214 2313 ut
1233 2274 1358 2313 eum
1388 2257 1788 2328 aliquantulum
1809 2258 2051 2314 dormire
2070 2273 2199 2329 per-

608 2352 904 2408 mitterent.
955 2351 1061 2419 Qui
1109 2351 1232 2406 irati
1276 2351 1567 2405 dixerunt:
1603 2349 1750 2405 Satis
1781 2350 1900 2420 jam
1952 2350 2200 2405 dormivit

607 2445 846 2499 ebriosus
885 2444 1019 2510 ille;
1067 2452 1123 2498 et
1164 2443 1406 2498 calcibus
1434 2442 1758 2513 rumpebant
1784 2443 2002 2522 regias,
2037 2451 2092 2499 et
2114 2444 2196 2499 in-

607 2536 784 2606 gressi
811 2535 1146 2603 cubiculum,
1187 2534 1542 2606 requirebant
1585 2549 1712 2590 eum
1743 2534 1800 2590 in
1823 2535 1986 2603 lecto,
2013 2543 2068 2591 et
2089 2551 2198 2592 non

608 2628 967 2696 invenientes,
984 2628 1394 2699 interrogabant
1421 2627 1807 2694 vestararium,
1834 2627 1967 2699 quid
1993 2627 2197 2684 factum

607 2720 680 2776 sit
725 2720 794 2776 de
826 2720 939 2775 illo.
993 2718 1100 2788 Qui
1151 2735 1278 2775 eum
1328 2717 1536 2791 fugisse
1580 2720 1880 2790 respondit.
1915 2723 2089 2787 Quem
2121 2721 2196 2776 illi

607 2813 1074 2890 apprehendentes
1136 2828 1234 2884 per
1293 2811 1544 2883 capillos,
1611 2811 1849 2868 fustibus
1913 2813 2196 2880 cedebant,

605 2920 865 2976 eumque,
890 2904 1072 2976 ligatis
1093 2913 1217 2977 post
1239 2914 1451 2976 tergum
1480 2904 1755 2971 manibus,
1787 2904 1856 2960 ad
1885 2920 2070 2977 regem
2097 2905 2199 2961 du—

605 2999 823 3067 cebant,
847 2998 1091 3054 dicentes
1119 3016 1132 3053 :
1166 2996 1276 3052 Iste
1295 2998 1458 3068 sapit,
1485 2997 1745 3068 quomodo
1762 2995 2014 3052 Perhtari
2035 2997 2194 3068 fugit,

605 3100 656 3146 et
680 3090 797 3146 ideo
832 3090 1024 3162 dignus
1046 3099 1139 3162 est
1167 3099 1356 3145 morte.
1389 3089 1507 3145 Rex
1538 3099 1720 3146 autem
1761 3091 1899 3146 solvi
1919 3107 2045 3146 eum
2068 3105 2195 3161 pre-
2223 3113 2264 3172 C
2300 3089 2550 3177 limam“
2595 3121 2638 3178 ο

605 3183 770 3253 cepit,
814 3193 868 3238 et
904 3198 1002 3253 per
1049 3182 1319 3249 ordinem,
1368 3181 1606 3253 qualiter
1648 3181 1895 3238 Perhtari
1945 3182 2195 3254 fugisset,

605 3277 820 3331 edicere
847 3275 1032 3345 jussit.
1069 3274 1174 3340 Qui
1196 3274 1381 3329 omnia
1405 3274 1547 3330 sicut
1569 3273 1710 3330 facta
1732 3274 1948 3331 fuerant
1973 3292 2196 3332 enarra-

606 3368 706 3424 vit.
739 3366 894 3421 Tunc
939 3381 1035 3422 rex
1076 3365 1433 3436 interrogavit
1480 3365 1920 3435 circumstantes,
1961 3367 2191 3424 dicens:

609 3458 751 3524 Quid
807 3458 961 3512 homo
1000 3459 1102 3512 iste
1148 3459 1458 3529 promeruit,
1501 3459 1593 3529 qui
1635 3457 1742 3513 tale
1778 3456 1979 3514 malum
2024 3461 2197 3531 fecit?

606 3551 714 3620 Qui
751 3566 946 3607 omnes
997 3551 1418 3622 responderunt,
1464 3551 1606 3606 mala
1646 3561 1822 3608 morte
1865 3552 2018 3608 illum
2051 3554 2193 3609 mori

607 3647 826 3702 debere.
882 3645 996 3701 Rex
1041 3654 1222 3701 autem
1253 3645 1434 3702 dixit:
1478 3645 1586 3701 Per
1634 3647 1788 3702 illum
1809 3649 1899 3719 qui
1941 3664 2022 3703 me
2045 3647 2192 3702 nasci

607 3739 757 3810 fecit,
787 3737 915 3792 bene
939 3737 1087 3793 debet
1109 3738 1262 3792 homo
1297 3739 1396 3794 iste
1417 3738 1626 3808 habere,
1666 3741 1760 3811 qui
1782 3757 1836 3795 se
1855 3757 1949 3811 pro
1978 3741 2191 3794 domino

606 3846 703 3884 suo
726 3831 882 3884 morti
915 3831 1079 3885 voluit
1121 3832 1348 3891 tradere.
1391 3830 1547 3888 Tunc
1590 3833 1830 3904 precepit
1876 3849 2003 3889 eum
2050 3833 2194 3888 inter

607 3937 740 3978 suos
769 3923 1102 3980 vestararios
1138 3939 1281 3992 esse,
1324 3924 1497 3980 multa
1538 3925 1590 3980 ei
1633 3925 1980 3996 promittens,
2007 3925 2055 3981 si
2086 3926 2190 3982 sibi

606 4013 770 4068 talem
827 4013 990 4070 fidem
1037 4023 1296 4085 servaret,
1347 4017 1566 4086 qualem
1624 4016 1874 4073 Perhtari
1931 4018 2186 4074 servavit.

605 4104 810 4162 Deinde
861 4107 1148 4177 requisivit
1197 4124 1312 4176 rex,
1361 4109 1494 4179 quid
1522 4109 1590 4165 de
1633 4106 1836 4164 Unulfo
1862 4107 2068 4165 factum
2094 4110 2185 4167 sit.

605 4196 709 4264 Qui
752 4198 865 4252 ait:
911 4197 978 4252 In
1023 4199 1315 4254 wcclesiam
1352 4201 1526 4255 sancti
1563 4199 1844 4256 Michaelis
1885 4202 2189 4274 archangeli

604 4282 761 4353 fugit.
798 4281 992 4338 Statim
1024 4300 1119 4340 rex
1158 4285 1309 4341 misit
1354 4286 1422 4342 ad
1448 4303 1597 4355 cum,
1628 4288 1952 4358 promittens
1976 4290 2186 4346 nullum

605 4373 809 4428 malum
832 4391 958 4428 eum
991 4376 1328 4442 habiturum,
1359 4385 1568 4432 tantum
1603 4376 1955 4435 festinantius
1978 4381 2188 4438 veniret

2309 501 2592 558 Perhctari
2624 505 2680 559 in
2712 506 3212 578 peregrinationem
3257 507 3354 563 ire.
3383 507 3477 563 llle
3505 519 3672 565 autem
3694 514 3818 569 eadm

2309 595 2472 650 verba
2501 597 2738 665 dicebat,
2777 614 2901 670 quae
2931 608 2986 654 et
3022 597 3299 656 Unnulfus
3325 609 3486 657 antea
3523 602 3727 658 dixerat.
3750 605 3818 661 Bri

2309 693 2492 740 autem
2516 703 2643 742 cum
2690 689 2956 756 audisset,
2985 690 3207 761 gavisus
3252 699 3338 746 est
3366 693 3542 759 valde,
3587 694 3820 752 etlaudavit

2308 777 2470 832 ﬁdem
2513 780 2758 847 illorum,
2781 781 3029 853 dixitque
3054 783 3121 842 ad
3157 782 3463 840 Unnulfum
3489 804 3505 840 :
3531 785 3820 860 Quodam

2307 872 2535 924 volueris
2563 871 2628 925 de
2651 871 2808 926 domo
2832 890 2946 928 mea
2974 874 3120 941 tolle,
3160 875 3396 931 homines
3425 877 3504 931 rel
3543 879 3744 934 caballos
3775 885 3820 936 ut

2307 978 2649 1034 quotcumque
2678 963 2812 1033 alia,
2847 975 2898 1020 et
2921 967 3049 1022 uade
3071 968 3141 1022 ad
3170 969 3446 1024 dominum
3479 979 3625 1024 tuum
3655 973 3744 1026 sine
3756 977 3820 1027 αις-
3856 1043 3857 1046 η

2306 1073 2414 1126 qua
2458 1056 2672 1112 lesione.
2707 1057 2975 1115 Similiter
3020 1061 3158 1116 dixit
3191 1062 3260 1117 ad
3305 1063 3668 1120 vestararium
3707 1065 3819 1120 illum.
3856 1077 3857 1120 i

2306 1145 2387 1200 illi
2415 1155 2597 1202 autem
2649 1148 2892 1205 tulerunt
2932 1152 3119 1206 omnia
3153 1152 3259 1208 sibi
3305 1156 3638 1223 necessaria,
3676 1167 3718 1212 et
3744 1174 3821 1212 cun

2305 1237 2524 1294 licentia
2561 1240 2706 1314 regis
2736 1241 3036 1300 Grimoaldi
3088 1255 3447 1314 perrexerunt
3496 1248 3566 1302 ad
3611 1248 3820 1304 dilectissi-

2305 1345 2458 1386 mum
2505 1331 2792 1387 dominum
2833 1351 2997 1390 suum
3043 1322 3293 1392 Perhtari
3347 1337 3402 1392 in
3434 1347 3622 1408 partes
3653 1339 3819 1395 Franco-

2305 1438 2451 1478 rum.

2375 1531 2491 1590 Hoc
2513 1543 2755 1607 tempore
2780 1535 3129 1619 Dagobertus‘
3143 1541 3374 1612 regnum
3393 1539 3710 1596 Francorum
3727 1553 3818 1596 tm.

2305 1625 2418 1693 bat,
2451 1643 2574 1682 cum
2614 1645 2725 1700 quo
2767 1629 3118 1688 Grimoalilus
3163 1648 3354 1703 pacem
3392 1635 3611 1689 firmam
3643 1634 3812 1688 habri—at.

2305 1713 2615 1772 Romanum
2645 1734 2776 1774 vero
2803 1710 3113 1792 imperium.
3134 1713 3558 1788 Constantinus,
3585 1722 3814 1779 Constanti.-

2304 1809 2470 1876 illius,
2503 1811 2735 1881 accepit,
2775 1819 2830 1866 et
2863 1828 2962 1883 per
2982 1812 3049 1866 17
3080 1813 3169 1845 ⁸⁸⁸⁷
3200 1828 3378 1869 annos
3409 1815 3606 1870 tenuit.
3629 1813 3813 1871 POSHIh'

2303 1900 2652 1959 Grimoaldus
2687 1903 3060 1960 ﬂebotomavit
3101 1921 3161 1962 se
3182 1907 3238 1961 in
3275 1907 3505 1977 palatio,
3541 1915 3598 1963 et
3626 1925 3718 1964 cu
3735 1921 3812 1978 ιω

2302 2009 2500 2049 novem
2523 1995 2641 2051 dies
2669 1996 2830 2052 vellet
2852 1997 3114 2070 sagittarc
3148 1998 3461 2054 columbam
3497 2015 3678 2069 unam,
3697 2000 3811 2054 dism-

2300 2096 2390 2158 pta
2414 2098 2500 2144 est
2527 2105 2662 2144 vena
2691 2091 2758 2146 de
2786 2090 2907 2162 ejus
2951 2091 3200 2160 brachio,
3237 2101 3292 2148 et
3314 2103 3572 2149 mortuus
3593 2103 3684 2150 est.
3701 2092 3811 2147 ilic-i

2300 2178 2500 2246 edicto,
2530 2180 2677 2250 quod
2716 2196 2813 2236 rex
2840 2179 3108 2238 Ruotlieri
3151 2180 3302 2251 fecit,
3342 2184 3632 2255 aliquanta
3659 2184 3810 2254 capith

2300 2272 2582 2326 annexuit.
2627 2271 2756 2328 Fuit
2805 2281 2989 2329 autem
3043 2289 3272 2346 corpore
3316 2277 3600 2333 maximus
3634 2286 3678 2333 et
3708 2276 3796 2329 aud:

2300 2361 2580 2431 cissimus,
2614 2364 2790 2435 capite
2817 2365 2993 2433 calvo,
3018 2366 3188 2422 barba
3222 2365 3407 2439 longa,
3447 2369 3810 2424 consilioetvir-

2299 2461 2419 2510 tute
2445 2455 2678 2526 primus.
2720 2455 2982 2528 Sepultus
3031 2467 3117 2515 est
3157 2459 3213 2513 in
3258 2460 3508 2516 ecclesia
3562 2461 3812 2516 saeuum-

2298 2547 2492 2616 brosii,
2517 2565 2685 2620 quam
2714 2550 2833 2620 ipse
2865 2549 3015 2606 fecit.
3047 2549 3289 2622 Reliquit
3315 2560 3500 2607 autem
3530 2552 3688 2606 tilium
3710 2567 3811 2604 suum

2300 2639 2676 2710 Garibaldum,
2728 2658 2894 2714 quem
2936 2643 3005 2698 de
3056 2643 3168 2698 ﬁlia
3210 2642 3359 2715 regis
3401 2643 3638 2716 Ariperti
3672 2642 3813 2702 habui,

2299 2748 2674 2790 successorem
2739 2736 2912 2808 regni,
2975 2736 3154 2792 adhuc
3215 2751 3472 2808 puerum,
3531 2736 3812 2793 Romoaldum

2298 2841 2428 2882 vero
2475 2827 2647 2882 filium
2697 2843 2860 2884 suum
2905 2829 3022 2900 jam
3065 2829 3122 2884 in
3161 2828 3474 2887 Benevento
3519 2831 3695 2887 ducem
3728 2843 3814 2884 cn-

2298 2917 2493 2974 stituit.

2369 3029 2539 3103 lgitur
2585 3030 2837 3088 Perhtari
2884 3049 3012 3089 cum
3067 3044 3213 3091 esset
3255 3035 3310 3090 in
3361 3034 3617 3102 Francia,
3661 3043 3814 3107 proper

2645 3123 2914 3192 rimoaldi,
2958 3125 3088 3195 quia
3136 3125 3440 3181 finderatus
3468 3136 3706 3181 eratcum
3729 3139 3814 3192 πῖ·

2297 3215 2660 3283 Francorum,
2699 3217 2874 3273 voluit
2923 3217 3110 3289 fugere
3159 3218 3215 3272 in
3252 3217 3615 3274 Britanniam.
3636 3215 3812 3283 Cumque

2297 3310 2608 3380 navigasset
2629 3325 2726 3380 per
2754 3311 3001 3382 pelagus,
3026 3310 3209 3365 subito
3234 3310 3448 3365 audivit
3473 3327 3502 3365 a
3527 3311 3671 3366 litore
3686 3309 3813 3363 ditt:-

2295 3413 2403 3460 tem
2431 3422 2442 3458 :
2480 3402 2540 3458 Si
2565 3403 2816 3459 Perhtari
2849 3414 2927 3458 est
2962 3405 3018 3458 in
3057 3405 3162 3457 ista
3212 3405 3356 3471 navi,
3381 3403 3548 3460 dicite
3581 3402 3674 3470 illi,
3699 3409 3809 3454 ειπ-

2295 3505 2531 3550 vertatur
2557 3496 2613 3548 in
2647 3497 2883 3566 patrium
2919 3513 3095 3563 suam,
3119 3497 3247 3568 quia
3290 3497 3415 3566 jam
3459 3505 3567 3552 tres
3591 3498 3686 3550 dies
3717 3503 3810 3548 ml.

2292 3606 2359 3645 ex
2385 3605 2488 3660 quo
2516 3605 2608 3643 rex
2649 3587 2993 3644 Grimoaldus
3033 3598 3271 3643 mortuus
3310 3599 3411 3645 est.
3445 3589 3601 3657 Quod
3626 3604 3725 3643 cum
3749 3601 3810 3637 an-

2294 3681 2467 3737 disset
2517 3679 2792 3749 Perhtari,
2835 3681 2954 3736 ibat
2991 3696 3160 3752 prope
3193 3681 3347 3747 litus,
3383 3691 3447 3736 ut
3491 3681 3685 3736 videret
3711 3678 3810 3730 illum

2293 3773 2388 3845 qui
2415 3773 2760 3844 loquebatur.
2803 3772 2910 3829 Sed
2956 3789 3081 3829 cum
3120 3773 3398 3829 neminem
3430 3774 3700 3838 inveniret,
3723 3783 3810 3823 con-

2293 3866 2551 3923 sideravit
2577 3867 2723 3938 quod
2765 3867 2989 3938 angelus
3023 3865 3140 3922 haec
3179 3865 3426 3933 diceret;
3478 3866 3814 3934 statimque»

2294 3973 2510 4026 versus,
2543 3959 2692 4014 venit
2733 3957 3009 4026 Ticinum,
3055 3966 3111 4014 et
3136 3957 3344 4014 invenit
3376 3957 3454 4013 ibi
3478 3952 3811 4013 multitudinea

2292 4046 2800 4120 Longohardorum,
2849 4047 2944 4118 qui
2973 4063 3098 4102 eum
3125 4061 3252 4101 cum
3278 4047 3480 4119 gaudio
3505 4049 3812 4114 ausa-wan

2292 4137 2512 4210 Expulit
2530 4149 2712 4195 autem
2729 4138 3080 4195 Garibaldum
3095 4155 3350 4210 puerum,
3367 4138 3540 4194 filium
3561 4132 3811 4192 Grimoaltii.

2291 4229 2360 4285 de
2402 4245 2592 4302 regno,
2641 4238 2697 4285 et
2746 4238 2871 4301 post
2919 4245 3163 4285 mensem
3207 4229 3442 4284 tercium
3493 4227 3814 4284 ordinaverusl

2290 4338 2418 4378 eum
2446 4323 2790 4394 Longobardi
2813 4339 2995 4395 regem
3030 4338 3196 4393 super
3236 4337 3317 4378 se.
3361 4320 3495 4376 Erat
3541 4322 3678 4377 enim
3700 4317 3812 4370 hmo

2284 4416 2469 4486 justus
2494 4415 2625 4472 etin
2646 4415 2853 4470 Christi
2877 4415 2982 4470 ﬁde
3004 4423 3186 4470 rectus
3210 4423 3265 4468 et
3290 4414 3530 4468 nutritor
3555 4422 3810 4484 pauperum-

603 4461 1120 4573 gurg;_9nuyrus
1143 4465 1248 4573 ξιοο
1289 4465 1538 4573 audiens;
1577 4466 1900 4573 ποειεηειιεεετ
1927 4471 1996 4526 ad
2030 4472 2184 4573 We-
2219 4485 2264 4540 υ
2284 4461 3189 4573 iis:gags'ii'sgggasusz
3213 4461 3813 4559 gres-{saxa

602 4553 741 4609 tium
787 4555 956 4621 venit,
1003 4565 1058 4610 et
1098 4557 1166 4612 ad
1213 4557 1378 4628 pedes
1419 4559 1564 4632 regis
1614 4575 1673 4616 se
1719 4563 1968 4632 protinus
2013 4563 2184 4620 misit.

601 4643 777 4712 Quem
811 4661 937 4701 eum
968 4663 1062 4703 rex
1088 4647 1448 4729 interrogaret
1500 4652 1735 4723 qualiter
1764 4653 2012 4711 Perhtari
2045 4656 2184 4712 etfu-

601 4745 769 4806 geret,
797 4737 888 4793 ille
930 4753 1149 4795 omnem
1192 4741 1270 4796 rei
1307 4742 1588 4800 veritatem
1631 4745 1682 4800 ei
1729 4748 1989 4803 narravit.
2032 4747 2188 4806 Tunc

601 4842 699 4882 rex
727 4843 912 4884 coram
948 4830 1208 4887 omnibus
1247 4832 1565 4891 collaudans
1604 4837 1948 4907 prudentiam
1987 4840 2108 4912 ejus
2132 4850 2186 4897 et

601 4922 783 4992 tidem,
815 4924 963 4980 dedit
982 4940 1173 4982 omnes
1193 4927 1411 4984 divitias
1434 4945 1564 4986 suas
1590 4931 1645 4986 in
1665 4932 1812 4989 illius
1834 4941 2182 5006 potestatem,

601 5021 664 5067 ut.
700 5023 846 5070 esset
889 5013 1351 5076 honoratissimus
1396 5019 1453 5076 in
1504 5021 1706 5092 palatio
1740 5040 1861 5080 suo.
1909 5025 2041 5083 Post
2083 5029 2188 5083 ali-

599 5117 835 5178 quantos
864 5109 982 5166 dies
1002 5111 1494 5186 interrogaviteum
1528 5135 1644 5186 rex,
1668 5130 1853 5176 utrum
1875 5137 2064 5179 secum
2089 5134 2186 5181 aut

598 5215 725 5254 cum
764 5199 1047 5258 Perlictari
1091 5204 1351 5264 libentius
1393 5218 1557 5265 esset.
1587 5209 1680 5267 llle
1697 5221 1880 5268 autem
1908 5214 2073 5285 ccepit
2091 5217 2184 5288 ju-

599 5293 773 5350 raudo
815 5295 1018 5366 dicere,
1060 5301 1207 5370 quod
1252 5303 1426 5373 magis
1470 5315 1685 5376 optaret
1733 5323 1858 5362 cum
1899 5307 2182 5368 Perhctari

597 5387 760 5454 mori,
788 5403 955 5459 quani
1001 5392 1330 5466 ubicumque
1356 5397 1409 5451 in
1454 5398 1709 5455 maximis
1736 5399 1948 5458 deliciis
1976 5403 2175 5462 vivere.

597 5480 802 5538 Deinde
854 5485 1069 5541 vocavit
1105 5489 1466 5545 vestararium
1513 5491 1688 5560 illum,
1733 5501 1790 5550 et
1825 5494 1992 5565 jussit
2028 5513 2178 5569 eum,

2290 4597 2649 4654 Rodcliudam
2696 4612 2926 4654 uxorem
2981 4613 3138 4653 suam
3194 4603 3250 4652 et
3299 4595 3652 4654 Cunibertum
3690 4589 3810 4646 Elin!
3856 4577 3857 4584 “

2289 4706 2473 4756 suum,
2501 4705 2641 4760 quos
2709 4688 3060 4745 Grimoaldus
3099 4688 3229 4745 illuc
3271 4687 3474 4744 direxit
3518 4689 3574 4741 in
3623 4681 3809 4741 exiliun-

2287 4780 2420 4837 Post
2440 4780 2556 4836 haec
2576 4781 2720 4836 idem
2746 4780 2992 4836 Perhtari
3020 4779 3148 4836 fecit
3168 4780 3564 4836 monasterium
3597 4778 3650 4832 in
3674 4770 3810 4829 eodm

2286 4871 2410 4926 loco
2451 4870 2596 4926 unde
2646 4871 2799 4942 prius
2830 4871 3063 4944 fugerat,
3113 4879 3168 4926 et
3199 4869 3331 4926 fecit
3375 4871 3503 4926 illud
3544 4865 3751 4924 dedicati
3774 4863 3810 4912 il

2287 4962 2555 5018 honorem
2595 4961 2692 5018 Dei
2734 4972 2790 5018 et
2833 4974 3039 5020 sancta:
3090 4963 3322 5036 virginis
3375 4962 3612 5035 Agathze.
3651 4960 3696 5013 in
3733 4971 3810 5025 ‘l‘l"

2287 5050 2488 5106 multas
2531 5051 2770 5122 virgines
2811 5054 3182 5125 congregavit,
3227 5055 3504 5124 multaque
3546 5055 3807 5106 ornamenta

2285 5152 2340 5200 et
2385 5145 2721 5203 substantias
2768 5147 2844 5203 ibi
2871 5149 3037 5205 dedit.
3081 5149 3232 5208 Fecit
3281 5158 3538 5206 autemet
3569 5162 3693 5202 uxor
3727 5143 3809 5212 eius
3856 5163 3857 5174 ι

2283 5233 2585 5306 Rodclinda
2615 5239 2918 5295 aecclesiam
2956 5241 3013 5296 in
3057 5242 3323 5298 honorem
3352 5251 3550 5300 sanctae
3582 5238 3668 5295 Dei
3702 5234 3811 5306 ἕω*

2284 5326 2438 5384 tricis
2477 5337 2531 5384 et
2552 5327 2793 5401 Virginis
2820 5329 3006 5387 Maria:
3048 5331 3183 5388 foris
3205 5348 3397 5390 muros
3431 5329 3624 5395 Ticini,
3662 5325 3808 5382 inim"

2283 5420 2378 5490 qui
2401 5421 2600 5480 dicitur
2619 5425 2688 5482 ad
2705 5423 2970 5494 Perticas,
2993 5427 3260 5485 decorans
3279 5445 3404 5486 eam
3427 5424 3666 5484 mirificis
3684 5433 3806 5475 om-
3856 5465 3857 5468 η

2283 5514 2504 5570 mentis.
3856 5519 3857 5562 ἓ

1881 5639 2106 5701 VARUE
2147 5646 2548 5710 LECTIONES.
3303 5709 3339 5720 -.
3369 5698 3426 5723 νει.
3476 5701 3484 5708 -

669 5761 760 5794 me
806 5765 950 5819 amgc
1002 5767 1028 5819 ι
1137 5768 1226 5800 ηδτ
1268 5759 1431 5817 XVII.
1480 5777 1618 5821 corr.
1675 5771 1838 5829 XVII.
1884 5775 1931 5829 l.
