3880 6320
109 302 196 360 sos
970 268 1338 349 cultorum.
1379 319 1446 329 -
1480 284 1881 347 CHRONICON
1923 287 2384 346 UNthRSALE.
3231 293 3340 352 εοδ

164 414 310 487 [ginn-
347 403 587 464 Perhtari
616 418 741 462 cum
768 411 1024 476 regnaret
1074 405 1230 461 solus
1266 417 1364 474 per
1391 415 1568 457 annos
1593 399 1645 468 7,
1677 404 1722 460 Α
1750 403 1936 460 missis
1966 402 2187 461 decidit.
2227 416 2392 472 quem
2425 399 2572 455 ﬁlius
2615 398 2844 456 Aldouis
2871 398 3051 458 adhuc
3080 405 3344 473 puerulus

108 513 153 568 in
177 513 344 564 octavo
367 513 506 556 anno
521 494 794 553 ordinavit
811 494 1170 551 Cunibertum
1199 493 1373 549 ﬁlium
1399 506 1561 549 suum
1584 491 1641 546 in
1743 494 1812 551 de
1842 503 1984 551 terra
2012 495 2230 566 collegit
2257 494 2418 565 eique
2467 493 2720 549 reddidit.
2763 491 2868 561 Qui
2910 510 3160 566 sperans,
3190 497 3340 567 quod

107 603 351 672 ηςιιορυι
383 589 578 664 pariter
605 595 916 660 regnarent,
966 595 1022 643 et
1049 593 1413 659 regnaverunt
1439 583 1644 656 pariter
1742 585 1862 656 ipse
1907 602 2042 658 puer
2088 587 2268 643 adhuc
2315 585 2486 642 nichil
2535 569 2891 659 intellegeret,
2941 589 3120 645 dixit:
3173 588 3344 645 Pater
3453 636 3468 645 .

103 709 183 766 per
215 689 386 744 decem
426 689 616 739 annos.
658 679 909 750 Cumque
953 678 1010 733 in
1051 678 1202 734 omni
1250 676 1644 766 tranquillitate
1743 685 1866 731 tuus
1895 675 2088 731 multos
2117 676 2272 732 habet
2298 676 2363 731 de
2388 676 2550 742 istis;
2587 677 2635 731 si
2667 677 2807 732 Deus
2836 677 3080 746 voluerit,
3118 679 3175 734 in
3214 696 3341 750 pro-

105 765 371 854 regnarent,
414 772 647 830 surrexit
695 777 885 824 contra
915 784 1010 825 eos
1061 768 1209 824 ﬁlius
1249 767 1474 834 diaboli,
1513 765 1643 821 Ala-
1741 769 1888 823 mimo
1941 777 2169 840 tempore
2216 769 2378 824 michi
2417 769 2644 824 daturus
2693 779 2772 826 est
2823 788 2930 827 eos.
2983 770 3122 827 Cum
3153 783 3336 828 autem

100 873 199 929 chis
241 859 327 901 ¹⁶⁸³
373 863 608 928 nomine,
650 860 719 918 de
763 857 1067 927 Tridento;
1107 858 1203 915 sed
1247 857 1640 925 Cbunibertus,
1739 859 2005 930 puerulus
2027 860 2096 915 ad
2125 875 2415 931 vesperum
2461 861 2665 917 rediret
2703 862 2950 928 domum,
2982 863 3342 936 interrogavit

102 964 222 1020 ﬁlius
249 958 401 1030 regis,
439 954 670 1026 diligens
703 951 927 1008 Alachis
963 951 1078 1019 ⁸⁸³⁸,
1126 949 1404 1006 revocavit
1435 964 1561 1005 eum
1584 949 1641 1004 in
1740 965 1866 1005 eum
1896 958 2052 1020 pater
2079 966 2236 1018 suus,
2269 951 2316 1007 si
2344 967 2439 1008 rex
2469 953 2677 1024 aliquid
2702 953 2930 1011 dixisset
2951 955 3020 1010 ad
3049 971 3196 1012 eum.
3229 955 3336 1024 Qui

101 1053 293 1129 gratiam
334 1047 500 1121 patris
528 1045 636 1102 sui.
673 1043 813 1116 Sepe
858 1043 1060 1115 quippe
1107 1043 1282 1098 voluit
1309 1058 1406 1098 rex
1433 1041 1641 1097 interﬁ-
1740 1057 1866 1098 cum
1895 1043 2292 1099 einunciasset
2318 1045 2500 1101 omnia
2532 1045 2675 1102 facta
2711 1055 2767 1103 et
2793 1048 2959 1116 dicta,
2989 1049 3175 1105 timuit
3196 1049 3338 1105 Aldo

101 1162 201 1204 cere
238 1141 454 1198 Alachiu
485 1139 577 1172 “"
605 1156 621 1208 ;
650 1138 746 1194 sed
789 1135 1161 1192 Chunibertus
1183 1151 1400 1206 semper
1428 1134 1644 1207 rogavit
1741 1133 1973 1203 fortiter,
2021 1143 2077 1191 et
2121 1136 2324 1192 vadens
2368 1137 2436 1192 ad
2496 1137 2720 1194 fratrem
2775 1155 2937 1196 suum
2967 1140 3333 1210 Grausonem,

99 1255 180 1313 pro
215 1252 290 1304 eo,
328 1249 548 1306 sperans
601 1230 750 1303 quod
801 1231 1098 1301 aliquando
1143 1230 1195 1286 ei
1231 1228 1407 1285 ﬁdelis
1449 1237 1636 1296 esset;
1741 1226 2022 1283 nunciavit
2047 1227 2098 1282 ei
2139 1228 2285 1300 regis
2314 1230 2500 1296 verba,
2544 1231 2839 1309 statuique
2865 1243 3149 1304 cmpcrunt
3169 1236 3334 1292 ambo

101 1334 288 1401 insuper
327 1341 433 1382 non
482 1324 718 1382 cessavit
750 1338 944 1395 rogare
986 1331 1220 1394 patrem,
1279 1330 1341 1377 ut
1386 1321 1540 1388 daret
1587 1322 1638 1377 ei
1733 1321 2019 1376 consiliari
2069 1337 2195 1377 cum
2247 1322 2440 1379 amicis
2467 1322 2583 1378 suis
2609 1323 2678 1380 de
2719 1325 2938 1382 interitu
2969 1329 3133 1399 regis.
3175 1328 3335 1385 Mane

99 1425 316 1480 ducatum
336 1417 546 1474 Brixiae.
579 1415 832 1474 Perhtari
866 1430 998 1472 vero
1031 1415 1170 1471 dixit
1193 1433 1206 1470 :
1229 1415 1314 1468 Ad
1346 1423 1491 1469 tuam
1515 1430 1636 1485 per-
1736 1422 1918 1468 autem
1947 1422 2304 1484 perrexerunt
2339 1415 2408 1469 ad
2459 1414 2746 1485 palatium,
2793 1425 2850 1472 et
2875 1418 2956 1474 sic
3001 1423 3069 1474 ad
3098 1419 3331 1476 Alachin

99 1516 312 1569 amonem
339 1511 434 1564 hoc
453 1525 630 1582 rogus,
652 1515 711 1564 ut
725 1507 851 1565 talis
870 1509 1121 1580 potentia:
1154 1509 1403 1562 uirtutem
1441 1505 1635 1561 Alachi
1734 1501 1903 1558 locuti
1931 1511 2064 1558 sunt
2089 1521 2102 1558 :
2136 1502 2277 1570 Quid
2311 1503 2552 1575 dignaris
2573 1521 2778 1576 semper
2805 1515 2948 1562 stare
2985 1508 3042 1562 in
3076 1511 3290 1565 ciuitate
3310 1513 3336 1566 .’

98 1607 210 1673 ἀειη,
249 1611 303 1658 ιιι
341 1602 504 1674 possit
555 1617 793 1674 regnare,
846 1598 1052 1656 Civitas
1096 1615 1335 1671 namque
1375 1598 1632 1655 Brixiana
1735 1592 1872 1648 Ecce
1895 1603 2008 1649 tota
2036 1595 2227 1650 civitas
2253 1604 2305 1649 et
2333 1595 2606 1651 uniuersus
2645 1596 2869 1668 populus
2901 1598 2998 1652 tibi
3030 1600 3203 1669 ﬁdelis
3231 1611 3332 1668 est,

99 1712 276 1768 semper
299 1694 485 1750 habuit
532 1693 940 1750 multitudinem
979 1692 1047 1749 de
1091 1693 1366 1750 nobilibus
1408 1691 1630 1766 Longo-
1675 1762 1709 1768 _
1733 1695 1785 1741 et
1811 1686 2050 1742 ebriosus
2079 1687 2171 1742 ille
2193 1687 2548 1744 Chunibertus
2579 1690 2636 1744 in
2652 1699 2859 1744 tantum
2887 1691 3202 1746 humiliatus
3231 1704 3331 1760 est,

98 1762 282 1856 hardis;
321 1795 537 1858 propter
563 1785 670 1841 hoc
702 1785 889 1841 timuit
928 1783 1200 1852 Perhtari,
1228 1785 1376 1857 quod
1416 1762 1639 1842 Alaehis
1673 1762 1716 1817 Β
1742 1788 1800 1834 ut
1817 1779 1939 1850 jam
1985 1780 2216 1852 amplius
2259 1782 2508 1836 uirtutem
2549 1782 2787 1854 aliquam
2817 1793 3002 1838 contra
3049 1793 3099 1838 te
3145 1785 3336 1840 habere

98 1880 156 1935 ibi
189 1877 560 1935 dominaretur.
621 1876 922 1950 Postquam
981 1885 1165 1934 autem
1200 1877 1344 1934 idem
1392 1876 1639 1934 Perhtari
1739 1889 1844 1927 non
1861 1874 2049 1944 possit.
2077 1873 2182 1929 Exi
2207 1891 2330 1946 ergo
2359 1875 2424 1930 de
2476 1876 2708 1944 civitate,
2738 1885 2789 1930 et
2833 1877 2964 1930 vade
3009 1877 3066 1930 in
3092 1879 3336 1932 venatio-

98 1970 301 2044 regnavit
343 1986 437 2041 per
479 1985 659 2026 annos
695 1970 782 2038 18,
814 1969 1108 2026 defunctus
1128 1977 1233 2037 est,
1271 1978 1327 2025 et
1343 1969 1503 2042 juxta
1529 1985 1639 2027 πε-
1741 1981 1858 2018 nem
1880 1982 2001 2022 cum
2024 1965 2308 2036 juvenibus
2337 1967 2465 2034 tuis,
2489 1983 2584 2020 nos
2611 1975 2792 2021 autem
2838 1984 2958 2022 cum
3000 1967 3126 2022 aliis
3153 1968 3334 2038 ﬁdeli-

97 2064 300 2132 clesiam,
325 2078 487 2134 quam
516 2062 805 2135 Aripertus
825 2071 980 2134 pater
1003 2062 1124 2134 ejus
1147 2061 1372 2130 fecerat,
1395 2063 1640 2134 sepultus
1740 2056 1836 2112 bus
1877 2059 1981 2113 tuis
2014 2058 2345 2132 defendimus
2374 2059 2471 2114 tibi
2511 2059 2647 2114 hanc
2689 2059 3000 2125 civitatem;
3028 2060 3118 2114 sed
3155 2069 3207 2114 et
3235 2060 3334 2114 hoc

95 2164 174 2212 est.
193 2154 304 2211 Post
327 2164 555 2212 mortem
582 2171 714 2212 vero
753 2155 876 2227 ejus
906 2154 1300 2225 Cbunibertus,
1323 2156 1469 2213 illius
1494 2156 1636 2228 ejus,
1737 2151 2098 2221 promittimus
2134 2151 2250 2220 tibi,
2289 2160 2350 2205 ut
2389 2153 2447 2206 in
2489 2153 2732 2223 proximo
2773 2161 3000 2223 tempore
3037 2150 3194 2224 caput
3221 2153 3330 2207 ini-

94 2247 191 2302 tulit
215 2263 422 2314 uxorem
451 2246 677 2304 nomine
710 2246 1105 2316 Ermelindam,
1129 2247 1197 2304 de
1227 2263 1426 2322 genere
1456 2249 1618 2320 Angli
1739 2243 1864 2296 miri
1887 2243 1966 2297 tui
1995 2241 2306 2299 Cltuniberti
2347 2243 2674 2298 adducamus
2720 2244 2838 2299 tibi.
2877 2243 3102 2301 Alaehis
3146 2253 3329 2300 autem

93 2355 334 2394 saxonum.
365 2339 589 2396 Alachis
618 2354 750 2396 vero
773 2339 976 2397 oblitus
1005 2340 1192 2397 omnia
1227 2341 1392 2409 bona,
1423 2356 1547 2413 qua:
1581 2341 1636 2397 in
1731 2334 1888 2406 juxta
1917 2335 2232 2392 suasionem
2280 2351 2470 2392 eorum
2504 2337 2674 2392 exivit
2700 2337 2769 2393 de
2795 2337 3016 2393 civitate
3052 2337 3107 2392 in
3136 2339 3331 2394 silvam

91 2446 190 2484 eum
229 2427 776 2498 fecit-Cbunibertus,
820 2430 1008 2502 junxit
1059 2446 1120 2488 se
1163 2446 1288 2488 cum
1338 2431 1548 2488 Aldone
1581 2441 1638 2488 et
1735 2423 1806 2480 ad
1854 2425 2163 2480 venandum
2203 2440 2330 2481 cum
2382 2426 2702 2482 hominibus
2750 2428 2885 2483 suis.
2929 2426 3068 2481 Aldo
3120 2444 3250 2484 vero
3277 2439 3333 2485 et

75 2521 330 2577 'Grausone
353 2521 420 2577 de
449 2521 639 2577 Brixia
665 2530 872 2578 etcum
904 2522 1092 2579 multis
1134 2521 1512 2595 Longobardls
1538 2542 1553 2591 ;
1581 2533 1637 2580 et
1735 2516 1950 2573 Grauso
1979 2517 2162 2574 ierunt
2187 2518 2254 2574 ad
2285 2517 2464 2574 lacum
2493 2516 2875 2586 Cumacinum.
2895 2527 2950 2574 et
2977 2519 3210 2589 ingressi
3233 2535 3332 2574 na-

91 2626 190 2666 cum
226 2625 326 2666 non
352 2619 495 2668 esset
536 2611 909 2668 Chunibertus
957 2612 1012 2667 in
1047 2612 1238 2684 Papia,
1273 2613 1518 2671 introivit
1545 2613 1636 2671 ille
1733 2609 1867 2677 vim,
1897 2618 2258 2680 perrexerunt
2285 2609 2352 2666 ad
2383 2625 2565 2682 regem
2587 2610 3008 2677 Chunibertum,
3038 2620 3091 2666 et
3112 2611 3331 2682 jactan-

93 2701 137 2756 in
175 2702 412 2774 palatium
458 2703 606 2775 ejus,
651 2712 708 2760 et
751 2704 1034 2760 rebellavit
1083 2705 1155 2761 ei.
1205 2705 1362 2773 Quod
1406 2707 1635 2764 audiens
1733 2707 1816 2756 tes
1842 2716 1902 2757 se
1929 2701 1998 2756 ad
2039 2701 2206 2774 pedes
2234 2700 2376 2772 ejuS,
2406 2702 2619 2756 veniam
2649 2701 2904 2772 petebant
2946 2701 3014 2758 dc
3041 2701 3148 2757 hoc
3179 2703 3328 2774 Quod

92 2792 431 2864 Cbunibertus,
468 2795 613 2868 fugit
660 2796 802 2852 intra
845 2797 1026 2853 lacum
1067 2796 1319 2854 Lari-ium
1336 2798 1494 2870 juxta
1519 2798 1631 2855 Cu-
1731 2801 1925 2848 contra
1953 2809 2080 2850 eum
2111 2792 2380 2862 fecerunt,
2409 2803 2464 2850 et
2493 2793 2873 2850 indicaverunt
2904 2794 2975 2861 ei,
3015 2795 3176 2865 quale
3204 2811 3328 2850 ma-

91 2903 225 2942 mam.
259 2886 414 2944 Facta
465 2898 554 2944 est
593 2897 777 2944 autem
817 2905 1016 2961 magna
1055 2889 1333 2946 tribulatio
1376 2891 1633 2948 omnibus
1729 2887 1845 2942 lum
1865 2889 1947 2944 eis
1992 2886 2175 2944 facere
2201 2887 2439 2945 voluerit
2476 2887 2701 2943 Alachis
2745 2897 2800 2944 et
2844 2887 3006 2958 quale
3033 2888 3326 2944 consilium

89 2979 163 3047 qui
197 2994 307 3034 eum
349 2980 632 3047 amabant,
663 2980 900 3036 maxime
931 2981 1149 3038 clericis
1194 2990 1252 3038 et
1289 2983 1628 3053 presbiteris,
1729 2979 1980 3036 dederint
2007 2980 2079 3036 ei.
2111 2979 2268 3048 Quod
2297 2980 2528 3036 audiens
2555 2996 2652 3036 rex
2675 2979 3068 3049 Cbunibertus,
3101 2983 3326 3055 gavisus

227 3068 433 3174 alachis
461 3070 596 3126 odio
617 3070 870 3127 habebat.
900 3069 1032 3127 Erat
1057 3081 1240 3128 autem
1271 3072 1362 3129 illo
1383 3083 1629 3146 tempore
1657 3125 1699 3184 C
1729 3082 1816 3130 est
1835 3074 2011 3142 valde,
2035 3083 2090 3130 et
2109 3083 2515 3131 sacramentum
2548 3075 2690 3130 inter
2719 3090 2780 3130 se
2807 3075 3095 3143 dederunt,
3125 3086 3180 3131 et
3210 3085 3325 3132 sta-

87 3157 128 3212 in
149 3157 396 3218 Ticinensi
425 3162 676 3219 :ecclesia
720 3163 1012 3235 episcopus
1052 3165 1276 3222 nomine
1307 3164 1628 3235 Damianus,
1657 3157 1699 3184 ν
1731 3173 1954 3221 tuerunt
1979 3166 2146 3234 diem,
2176 3165 2400 3236 quando
2433 3166 2806 3222 Chnnibertus
2831 3165 3083 3222 Ticinum
3111 3168 3323 3224 veniret

85 3255 604 3312 sanctissimushomo
624 3265 788 3328 atque
813 3257 1274 3328 sapientissimus.
1303 3257 1404 3316 Hic
1420 3258 1628 3328 videns,
1730 3255 1946 3328 ipsique
1970 3273 2098 3313 eum
2127 3258 2183 3312 in
2223 3258 2498 3313 civitatem
2539 3257 2980 3314 intromitterent.
3007 3261 3321 3316 Constituto

84 3346 201 3414 quod
224 3345 433 3404 Alachis
461 3348 693 3405 haberet
728 3349 1012 3420 palatium,
1050 3365 1119 3406 ne
1145 3351 1390 3408 aecclesia
1420 3367 1518 3408 sua
1545 3353 1616 3408 vel

1785 3356 1913 3402 Item
1941 3349 2030 3404 die
2056 3349 2207 3404 venit
2231 3347 2624 3416 Cbunibertus,
2654 3357 2709 3405 ct
2736 3350 2837 3417 illi,
2874 3351 3018 3407 sicut
3046 3353 3317 3424 promise-

84 3432 175 3502 ipse
215 3435 420 3507 aliquod
450 3438 663 3493 malum
709 3446 1006 3509 pateretur,
1056 3439 1208 3496 misit
1251 3440 1318 3495 ad
1347 3457 1474 3497 eum
1502 3458 1629 3498 cum
1728 3450 1872 3506 rant,
1936 3449 2217 3514 gratanter
2277 3457 2403 3498 eum
2462 3453 2844 3513 susceperunt.
2914 3443 3069 3502 Tunc
3127 3460 3323 3504 omnes

81 3522 414 3586 benedictione
445 3530 712 3586 aecclesize
739 3546 854 3588 suae
889 3531 1181 3588 diaconum
1217 3550 1380 3590 suum
1409 3536 1630 3592 nomine
1728 3533 1916 3600 simul,
1945 3533 2236 3606 episcopus
2263 3544 2318 3590 et
2362 3535 2648 3606 presbiteri
2676 3542 2733 3590 et
2758 3535 2964 3604 clerici,
3007 3537 3239 3608 juvenes
3266 3547 3323 3596 et

81 3613 327 3688 Thomam,
357 3623 662 3694 sapientem
701 3623 977 3680 hominem
1006 3633 1063 3680 et
1089 3625 1426 3697 religiosum.
1457 3626 1627 3682 Cum-
1727 3641 1916 3693 senes,
1967 3641 2094 3682 cum
2142 3627 2342 3698 gaudio
2390 3636 2758 3684 cucurrerunt
2797 3629 2866 3684 ad
2903 3645 3060 3698 eum,
3115 3631 3322 3702 gratias

79 3719 165 3775 que
187 3711 490 3768 nunciatum
522 3723 671 3770 esset
714 3714 786 3782 ei,
817 3715 964 3786 quod
999 3716 1208 3773 veniret
1235 3718 1302 3773 ad
1328 3735 1458 3774 eum
1485 3718 1630 3775 Thc-
1726 3726 1952 3790 agentes
1979 3717 2092 3774 Deo
2119 3735 2220 3790 pro
2261 3720 2435 3776 reditu
2465 3720 2607 3791 ejus,
2636 3729 2692 3777 et
2734 3719 2828 3788 alii
2869 3723 3322 3794 amplexabantur

76 3813 174 3857 mas
195 3801 446 3861 diaconus
487 3821 618 3862 cum
667 3806 1044 3864 benedictione
1071 3809 1310 3881 episcopi
1362 3811 1472 3878 sui,
1501 3812 1630 3868 Ala~
1727 3825 1902 3880 genua
1949 3809 2090 3880 ejus,
2119 3819 2176 3866 et
2222 3811 2318 3867 alii
2357 3813 2561 3883 pedes;
2593 3813 2688 3870 sed
2737 3824 2792 3871 et
2819 3815 2910 3872 ille
2955 3831 3099 3887 quos
3145 3817 3321 3888 potuit

76 3888 190 3960 chis,
230 3909 324 3965 pro
369 3911 437 3952 eo
483 3897 639 3969 quod
683 3913 876 3957 omnes
921 3899 1150 3958 clericos
1198 3902 1325 3958 odio
1370 3903 1626 3974 habebat,
1726 3901 2067 3960 familiariter
2114 3905 2395 3961 osculatus
2447 3915 2550 3962 est.
2610 3904 2805 3964 Subito
2860 3917 3044 3963 autem
3082 3909 3320 3966 nuncius

74 3985 314 4043 mandavit
351 3989 424 4057 ei,
487 3990 721 4048 dicens:
753 3989 814 4048 Si
864 3993 1167 4064 femoraﬁa,
1213 3995 1270 4049 id
1312 4004 1391 4050 est
1439 3995 1626 4052 bracas
1725 3992 1922 4049 exinde
1969 3995 2197 4054 veniens
2225 3997 2294 4052 ad
2329 3997 2671 4065 Alaehisum,
2708 4000 2848 4056 dixit
2895 4001 2968 4067 ei,
3004 4001 3152 4071 quod
3179 4001 3319 4058 Aldo

74 4077 263 4132 ntundas
308 4079 484 4150 habet,
524 4083 687 4138 intret
728 4084 796 4138 ad
819 4101 918 4152 me,
961 4085 1046 4139 sin
1091 4095 1287 4153 autem,
1339 4087 1472 4157 foris
1501 4097 1622 4145 stet.
1725 4094 1780 4141 et
1805 4084 2016 4144 Grauso
2042 4102 2154 4144 non
2189 4097 2403 4145 tantum
2437 4098 2604 4161 caput
2638 4090 2980 4158 Chuniberti,
3011 4092 3152 4147 sicut
3189 4109 3316 4163 pro-

72 4163 274 4227 Tliomas
301 4182 486 4231 autem
527 4177 850 4246 respondit:
883 4175 1148 4234 Nunciate
1182 4179 1252 4244 ei,
1282 4180 1408 4250 quia
1430 4181 1626 4235 munda
1725 4177 2009 4246 miserant,
2040 4179 2138 4236 sed
2165 4189 2220 4236 et
2260 4189 2436 4236 totum
2478 4195 2682 4250 corpus
2725 4181 2846 4252 ejus
2879 4183 3238 4239 adduxissent
3261 4193 3318 4239 et

71 4255 312 4324 femoralia
339 4265 555 4332 habeo;
598 4284 723 4322 nam
762 4269 917 4324 hodie
937 4268 1077 4324 latas
1124 4269 1275 4325 indui
1320 4281 1500 4328 vestes.
1533 4272 1626 4330 llle
1726 4266 1782 4323 in
1813 4268 2072 4338 palatium
2122 4270 2424 4343 misissent.
2477 4268 2633 4338 Quod
2674 4269 2767 4325 ille
2810 4270 3060 4338 audiens,
3109 4272 3317 4327 contri-

70 4357 218 4406 autem
239 4358 586 4414 remandavit
610 4360 700 4415 ei:
737 4359 862 4415 Non
889 4362 1009 4416 dico
1045 4362 1110 4416 de
1137 4363 1502 4433 femoralibus,
1533 4366 1624 4420 sed
1726 4370 1903 4417 status
1931 4370 2016 4418 est
2064 4363 2240 4430 valde,
2277 4371 2334 4418 et
2373 4379 2501 4419 cum
2531 4377 2748 4440 magno
2784 4361 2972 4418 furore
3006 4363 3313 4431 discedens,

69 4440 118 4493 de
139 4459 190 4497 eo
213 4449 344 4516 quod
374 4450 525 4505 intra
573 4451 854 4522 femoralia
907 4454 1081 4510 habet.
1113 4454 1196 4510 Ad
1236 4456 1353 4513 hzec
1381 4456 1622 4514 Thomas
1649 4467 1698 4527 ι)
1726 4453 1826 4509 ivit
1851 4469 1949 4526 per
1990 4453 2344 4522 Placentiam,
2392 4464 2449 4512 et
2481 4455 2686 4511 multas
2733 4456 3006 4523 civitates,
3053 4455 3190 4511 alias
3217 4471 3318 4526 per

66 4532 293 4595 diaconus
321 4543 647 4614 respondit:
680 4545 822 4601 Deus
848 4545 991 4601 solus
1019 4556 1188 4618 potest
1228 4549 1292 4603 de
1330 4549 1412 4604 his
1441 4551 1616 4605 causis
1725 4551 2049 4618 blandicias,
2099 4552 2237 4608 alias
2262 4553 2318 4607 vi
2364 4552 2778 4623 apprehendens
2820 4551 3170 4625 congregavit
3193 4566 3314 4606 om-

65 4629 482 4718 :eprehemionem
515 4637 575 4690 in
604 4653 684 4692 me
707 4639 959 4707 inuenire,
983 4639 1073 4695 ille
1099 4650 1277 4696 autem
1300 4659 1402 4696 non
1426 4651 1618 4714 potest.
1725 4661 1824 4702 nes
1845 4661 1986 4717 quos
2011 4645 2206 4717 potuit,
2236 4654 2299 4702 ut
2324 4661 2450 4702 cum
2463 4644 2806 4702 Chuniberto
2830 4654 3114 4718 pugnaret.
3145 4642 3314 4698 Cum-

63 4714 276 4793 Cumque
323 4727 482 4783 illum
542 4729 747 4786 intrare
776 4731 1013 4800 fecisset,
1043 4749 1167 4788 cum
1206 4749 1403 4808 magna
1432 4736 1513 4792 ira
1541 4737 1622 4793 ιο-
1723 4753 1831 4808 que
1857 4714 2232 4795 Chunibcrtus
2272 4745 2495 4794 econtra
2527 4753 2660 4794 suos
2707 4714 3003 4811 colligeret,
3041 4750 3312 4792 convene-

63 4822 196 4871 cutus
217 4827 298 4873 est
322 4821 394 4876 ei.
428 4820 591 4890 Quod
638 4825 920 4882 audientes
964 4841 1158 4884 omnes
1188 4828 1394 4898 clerici,
1425 4831 1622 4888 timue-
1723 4837 1856 4884 runt
1881 4829 1935 4884 in
1965 4844 2161 4901 campo
2188 4830 2284 4901 qui
2322 4830 2631 4886 Coronatus
2659 4829 2883 4897 dicitur,
2924 4828 3107 4899 ibique
3143 4835 3314 4883 stete-

61 4916 166 4960 runt
186 4910 410 4968 nimium
445 4924 735 4986 sperantes
761 4917 908 4988 quod
946 4919 1000 4974 in
1031 4919 1122 4975 illa
1155 4921 1376 4978 civitate
1401 4933 1623 4993 propter
1682 4935 1684 4937 ’
1725 4930 1876 4978 runt.
1893 4921 2043 4978 Misit
2057 4930 2239 4977 autem
2254 4920 2628 4978 Chunibertus
2659 4921 2728 4977 ad
2751 4921 3069 4978 Alachisum
3092 4921 3310 4977 dicens:

60 4997 408 5060 crudelitatem
437 5007 566 5078 ejus
591 5007 772 5065 vivere
817 5025 926 5066 non
955 5019 1198 5082 possent,
1228 5023 1620 5086 cmperuntque
1729 5012 1799 5069 Ut
1833 5014 1960 5086 quid
1977 5016 2115 5086 perit
2151 5023 2301 5070 tanta
2333 5015 2604 5068 hominum
2634 5014 2924 5070 multitudo
2948 5015 2974 5068 .9
3008 5013 3312 5086 Pugnemus

58 5093 239 5148 tantum
277 5095 602 5155 desiderem
649 5109 705 5156 et
750 5117 936 5158 amare
988 5102 1386 5162 Chunibertum
1434 5123 1618 5179 regem
1722 5123 1816 5179 ego
1839 5114 1890 5160 et
1913 5114 1994 5172 tu,
2013 5115 2062 5161 et
2091 5107 2184 5178 qui
2227 5107 2430 5174 uicerit,
2476 5123 2694 5178 regnum
2729 5113 2918 5162 teneat.
2959 5105 3183 5162 Alachis
3211 5120 3314 5162 au-

55 5191 210 5250 suum,
239 5198 512 5256 quantum
559 5191 849 5248 audierunt
879 5195 1110 5252 Alachin
1153 5197 1429 5260 crudelem
1456 5208 1512 5256 et
1533 5216 1624 5258 su-
1729 5206 1844 5254 tem
1888 5197 2081 5254 noluit.
2129 5196 2231 5254 Cui
2261 5198 2397 5254 dixit
2437 5213 2584 5255 unus
2610 5197 2679 5256 de
2722 5199 2924 5270 populo
2951 5213 3074 5266 suo,
3113 5213 3314 5270 genere

52 5272 269 5336 perhum.
303 5278 463 5338 Unde
505 5283 800 5342 crudelitas
824 5286 944 5356 ejus
976 5295 1032 5343 et
1079 5288 1334 5359 superbia
1381 5306 1491 5346 non
1513 5292 1620 5347 du-
1725 5288 1978 5346 Tuscus:
2013 5291 2189 5356 Quare
2223 5306 2324 5346 non
2347 5307 2550 5362 pugnas
2577 5307 2696 5345 cum
2718 5307 2780 5346 eo
2802 5293 2829 5347 .’
2877 5290 2957 5346 Tu
2987 5308 3042 5347 es
3071 5291 3310 5363 fortissi-

53 5365 166 5462 Γίιξςὶξ
191 5384 282 5437 per
310 5381 570 5446 tempora
618 5376 807 5432 multa.
839 5375 1081 5450 Denique
1107 5395 1231 5435 cum
1269 5381 1508 5452 quadam
1528 5383 1618 5439 die
1725 5399 1839 5438 mus
1861 5391 1911 5438 et
1931 5383 2342 5450 audacissimus,
2386 5392 2438 5439 et
2479 5400 2576 5438 cur
2617 5401 2722 5439 non
2749 5386 2864 5440 exis
2896 5402 3020 5440 cum
3053 5384 3308 5451 audacia,

47 5451 226 5514 solidos
255 5478 424 5558 super
463 5473 714 5522 mensam
767 5482 923 5525 suam
969 5451 1306 5538 numeraret,
1335 5489 1480 5530 unus
1509 5481 1616 5530 trc-
1724 5486 2000 5548 utpugncs
2040 5492 2160 5530 cum
2197 5477 2300 5532 eo?
2334 5476 2556 5534 Alachis
2589 5479 2904 5550 respondit:
2956 5477 3307 5536 Clumibertus

1338 5628 1574 5694 ῩΑΒΙᾸΞ
1614 5629 2021 5689 LECTIONES.

101 5727 186 5767 ’³⁸³
205 5736 378 5794 alahis
417 5756 564 5794 corr.
593 5740 797 5798 alachis
844 5743 894 5797 1.
973 5743 1063 5777 ¹⁰δ⁹
1111 5743 1367 5820 alahis'i.
1404 5815 1406 5818 ν
1449 5745 1540 5778 ⁸⁸⁸⁸
1588 5745 1772 5800 alahin
1819 5762 1955 5801 ron.
1990 5747 2206 5804 alachin
2245 5748 2294 5804 1.
2325 5758 2376 5805 et
2399 5751 2476 5808 ita
2498 5750 2760 5820 deinceps.
