3880 6308
547 269 649 327 807

1719 255 2118 315 EKKEIIARDI
2154 254 2624 313 URAUGIENSIS

544 400 786 457 quamvis
834 383 1069 441 ebriosus
1097 380 1190 448 sit,
1244 387 1419 433 tamen
1460 376 1595 431 satis
1642 385 1719 429 est
1767 376 1964 445 fortis;
2016 389 2140 428 nam
2172 375 2215 431 Δ
2243 372 2598 439 Romoaldus,
2623 371 2768 426 filius
2802 370 3124 437 Crimoaldi,
3154 370 3267 427 dux
3300 368 3797 441 Beneventanum,

549 486 778 548 tempore
802 477 973 547 patris
1010 475 1094 530 sui
1121 472 1334 544 quando
1355 487 1565 526 eramus
1593 470 1766 540 pueri,
1794 478 1944 522 erant
1967 469 2023 520 in
2050 483 2146 537 pa-

547 569 683 625 latio
724 584 953 623 verreces
1003 567 1254 637 majores,
1309 572 1359 620 et
1398 562 1752 620 Chunibertus
1805 559 2145 631 apprehendit

548 661 784 730 quemvis
813 640 1031 715 illorum
1050 676 1143 729 per
1182 658 1362 712 lauant
1389 656 1454 710 de
1493 656 1673 722 dorso,
1695 664 1747 710 et
1774 654 2003 725 portarit
2027 669 2147 707 cum

550 769 659 809 una
687 770 870 819 manu,
917 752 1059 823 quod
1097 769 1190 822 ego
1221 750 1394 820 facere
1423 764 1527 803 non
1564 757 1821 818 poteram.
1849 746 2008 814 Quod
2045 761 2146 800 au-

547 845 709 900 diens
737 843 951 901 Tuscus
971 843 1082 910 ille,
1106 842 1244 897 dixit
1268 858 1282 894 :
1315 838 1374 894 Si
1404 849 1462 893 tu
1490 856 1611 893 eum
1648 837 1746 892 illo
1783 853 2017 908 pugnare
2046 853 2151 893 non

454 947 465 955 ‘
546 937 768 1008 poteris,
798 952 891 990 nec
930 951 1009 990 me
1050 933 1282 1015 amplius
1318 934 1375 987 in
1419 931 1750 1001 adjutorium
1791 929 2049 994 habebis;
2095 938 2152 1005 et

551 1030 736 1086 statim
766 1029 958 1086 relicto
981 1042 1071 1094 eo,
1102 1021 1202 1082 ivit
1230 1026 1300 1082 ad
1345 1024 1767 1090 Chunibertum,
1795 1030 1855 1079 et
1884 1020 2151 1079 indicavit

553 1122 605 1179 ei
632 1122 818 1179 omnia
851 1122 987 1178 haec.
1021 1120 1162 1176 Cum
1185 1127 1371 1175 autem
1387 1118 1504 1189 jam
1536 1131 1706 1188 prope
1750 1125 1898 1173 esset
1933 1125 1995 1172 ut
2016 1116 2149 1187 jun-

551 1229 682 1286 gere
710 1230 770 1270 se
798 1214 1062 1269 deberent
1102 1212 1171 1267 ad
1202 1227 1464 1284 pugnam,
1513 1209 1780 1265 diaconus
1804 1208 2028 1280 quidam
2054 1224 2152 1264 no—

556 1307 705 1362 mine
741 1305 907 1373 Seno,
936 1306 1170 1361 multum
1203 1319 1398 1359 amans
1434 1301 1833 1358 Cliunibertum
1868 1309 1925 1357 et
1951 1301 2152 1357 timens

553 1399 704 1471 quod
746 1399 802 1453 in
848 1398 1036 1455 eadem
1083 1412 1267 1467 pugna
1316 1401 1648 1461 moreretur,
1678 1394 1817 1449 dixit
1864 1392 1932 1449 ad
1980 1408 2147 1448 eum:

555 1492 782 1549 Domine
812 1491 885 1544 mi
929 1506 1042 1556 rex,
1075 1489 1245 1543 omnis
1289 1504 1405 1558 spes
1450 1496 1633 1542 nostra
1667 1488 1724 1541 in
1760 1495 1808 1542 te
1835 1496 1952 1552 est;
1997 1487 2047 1541 si
2094 1496 2152 1539 tu

556 1594 798 1639 mortuus
849 1583 1014 1653 fueris
1047 1583 1106 1636 in
1140 1598 1338 1653 pugna,
1370 1597 1548 1635 omnes
1600 1596 1694 1634 nos
1728 1580 1821 1635 ille
1846 1579 2153 1634 crudelissi-

557 1692 675 1730 mus
716 1676 937 1730 Alachis
983 1691 1077 1745 per
1110 1674 1320 1729 diversa
1369 1673 1572 1728 occidet
1602 1681 1883 1728 tormenta.
1929 1671 2151 1727 Placeat

2247 475 2577 536 congregato
2615 464 2880 528 exercitu,
2921 464 3085 534 caapit
3116 479 3439 535 expugnare
3468 464 3799 523 Tarentina

2246 555 2624 623 Brundisium,
2652 548 2707 612 et
2732 566 2903 613 totam
2934 557 3082 613 illam
3113 558 3400 630 regionem
3434 559 3548 615 sibi
3581 560 3798 634 sulijnga.

2247 650 2680 707 vit-Diederada
2714 665 2865 715 vero,
2916 665 3059 705 uxor
3084 649 3227 721 ejus,
3276 650 3409 707 fecit
3448 655 3799 709 monasterium

2250 741 2307 796 in
2342 742 2553 797 honore
2576 742 2752 797 sancti
2781 740 2927 797 Petri
2950 743 3179 812 apostoli
3218 741 3357 799 loris
3388 759 3585 800 muros
3608 745 3800 801 civitatis

2250 831 2662 900 Beneventanaa,
2689 834 2747 888 in
2778 849 2892 904 quo
2943 835 3247 905 puellarum
3289 835 3509 892 Christi
3546 835 3665 892 fecit
3698 854 3800 895 otia-

2250 936 2494 984 ventum.
2539 927 2839 999 Postquam
2875 928 3121 999 regnavit
3167 928 3514 987 Romoaldus
3536 946 3634 1000 per
3666 946 3803 987 annos

2253 1021 2341 1088 16,
2366 1029 2618 1076 mortuus
2642 1029 2747 1085 cst,
2772 1029 2827 1075 ct
2864 1019 3009 1076 lilius
3039 1020 3162 1090 ejus
3192 1019 3554 1077 Grimoaldus
3582 1022 3711 1077 rexit
3728 1020 3803 1078 Bc-

2251 1121 2545 1170 neventum
2569 1129 2667 1184 per
2690 1112 3004 1178 triennium,
3038 1113 3304 1185 duxitque
3332 1128 3569 1170 malem
3603 1114 3805 1187 Wigiﬁa-

2251 1208 2400 1274 dam,
2425 1206 2591 1262 ﬁliam
2615 1206 2761 1279 regis
2783 1205 3054 1275 Perhtari,
3077 1221 3326 1263 sororem
3346 1207 3683 1264 Chnniherti.
3705 1206 3804 1265 Pw

2252 1309 2487 1356 mortem
2511 1299 2812 1355 Crimoaldi
2838 1298 3104 1366 Cisoll'us,
3127 1298 3298 1356 frater
3339 1300 3487 1371 ejus,
3508 1300 3621 1355 dux
3666 1300 3803 1356 factm

2253 1404 2358 1461 est,
2384 1403 2439 1450 ct
2460 1395 2636 1449 tenuit
2674 1394 2936 1449 ducatum
2983 1408 3079 1464 per
3121 1408 3300 1449 annos
3354 1394 3447 1448 l7.
3480 1393 3581 1450 ilic
3617 1410 3803 1451 uxorem

2253 1487 2447 1544 habuit
2476 1485 2865 1568 Winibirgam,
2890 1483 3351 1568 tiliam-Radoaldi
3381 1485 3567 1542 ducis.

2324 1580 2483 1637 Circa
2521 1566 2635 1636 haec
2662 1588 2929 1649 tempora,
2956 1566 3079 1634 cum
3117 1578 3233 1648 jam
3281 1593 3383 1650 per
3427 1578 3633 1634 multos
3669 1593 3804 1634 περς

2254 1673 2649 1730 monasterium
2671 1672 2846 1729 sancti
2879 1671 3158 1727 Benedicti
3178 1672 3235 1726 in
3258 1671 3471 1727 Casino
3498 1682 3676 1728 monte
3696 1684 3799 1728 mi

558 1768 738 1839 itaque
760 1768 857 1822 tibi
897 1767 1180 1822 consilium
1213 1782 1407 1833 meum,
1434 1774 1484 1820 et
1515 1766 1586 1820 da
1608 1765 1740 1820 mihi
1781 1766 1961 1820 omnia
2001 1780 2153 1820 arma
2188 1772 2229 1833 [ι
2254 1768 2598 1835 derelictum,
2627 1775 2897 1822 venerunt
2922 1764 3122 1822 Franci
3156 1766 3226 1821 de
3246 1765 3541 1822 Celmania
3567 1775 3622 1821 et
3642 1765 3707 1820 de
3724 1767 3800 1819 As.

561 1869 679 1927 tua,
701 1868 750 1914 et
779 1874 873 1931 ego
900 1859 1090 1913 cadam
1124 1867 1175 1913 et
1202 1858 1444 1930 pugnabo
1467 1875 1589 1915 cum
1610 1859 1713 1912 isto
1748 1857 2074 1913 adversario.
2093 1857 2152 1913 Si
2252 1862 2384 1918 relia
2406 1861 2462 1916 in
2492 1859 2727 1916 eundem
2752 1858 2955 1923 locum,
2984 1867 3036 1914 et
3062 1858 3194 1914 dum
3216 1873 3275 1914 se
3299 1857 3575 1930 ﬁngerent
3591 1857 3797 1929 imis

560 1969 656 2024 ego
682 1961 921 2006 mortuus
957 1952 1129 2022 fuero,
1154 1960 1211 2005 tu
1245 1951 1582 2021 recuperabis
1616 1967 1838 2005 causam
1868 1962 2058 2016 luant;
2106 1951 2154 2005 si
2251 1954 2445 2010 eodem
2477 1954 2598 2009 loco
2629 1952 2721 2011 ubi
2747 1951 3003 2021 iacebant
3029 1965 3261 2022 corpora
3294 1951 3476 2006 sancti
3496 1950 3798 2007 Benedictid

560 2046 754 2112 vicero,
787 2044 1041 2115 majorem
1070 2045 1192 2099 inde
1221 2044 1433 2099 habebis
1474 2043 1724 2115 gloriam,
1763 2046 1890 2119 quia
1922 2061 2015 2115 per
2041 2062 2155 2100 ser-
2255 2054 2460 2100 sancta:
2492 2040 2869 2109 Scholasticac,
2906 2043 3150 2096 tulerunt
3191 2056 3321 2097 ossa
3356 2056 3559 2097 eorum
3589 2052 3641 2097 et
3662 2052 3800 2112 parts-

561 2153 682 2192 tvum
712 2145 860 2192 tuum
907 2137 1122 2192 habebis
1170 2137 1471 2191 victoriam.
1504 2137 1754 2207 Cumque
1787 2136 2158 2195 Chunibertus

562 2232 670 2288 hoc
695 2230 926 2286 omnino
964 2237 1269 2297 recusaret,
1309 2238 1641 2301 rogaverunt
1685 2243 1813 2284 eum
1857 2230 2158 2286 fidelissimi

563 2322 652 2378 sui
673 2321 772 2394 qui
815 2321 1063 2387 aderant,
1106 2328 1168 2376 ut
1221 2320 1275 2375 ei
1304 2320 1658 2377 consentiret.
1698 2319 1851 2376 Tunc
1893 2321 1983 2376 ille
2028 2336 2161 2378 con-

564 2416 759 2483 sensit,
815 2414 1181 2485 indutumque
1216 2412 1505 2470 diaconem
1547 2413 1804 2470 omnibus
1847 2414 2018 2469 armis
2046 2413 2162 2470 suis

561 2525 665 2582 pro
692 2526 752 2567 se
782 2508 853 2565 ad
874 2523 1115 2580 pugnam
1160 2506 1329 2562 misit.
1360 2506 1611 2577 Cumque
1646 2515 1957 2578 pugnarent
1980 2508 2163 2564 ambae

563 2611 772 2673 partes,
800 2600 1025 2656 Alachis
1066 2614 1285 2670 semper
1314 2599 1649 2666 intendebat,
1682 2599 1775 2654 ubi
1808 2597 1956 2655 Seno
1979 2598 2165 2656 diaco-

564 2710 672 2753 nus
705 2694 910 2762 stabat,
938 2702 1250 2764 putansque
1280 2691 1430 2762 quod
1472 2690 1848 2753 Cltunihertus
1867 2701 2032 2760 esset,
2058 2693 2164 2747 im-

567 2786 988 2860 pugnaviteum
1020 2794 1075 2841 et
1100 2785 1322 2852 occidit,
1363 2791 1420 2840 et
1458 2800 1585 2840 cum
1620 2785 1821 2857 gaudio
1856 2794 2024 2856 caput
2046 2785 2167 2856 eius

566 2881 777 2938 abscidi
816 2879 1079 2951 preeepit,
1126 2878 1427 2949 levansque
1462 2878 1599 2933 illud
1637 2878 1694 2936 in
1743 2878 1921 2945 hasta,
1964 2880 2168 2951 gratias

566 2974 681 3045 egit
724 2972 860 3040 Deo,
909 2972 1060 3043 quod
1100 2970 1503 3027 Chunibertum
1546 2971 1826 3027 occiderit.
1887 2970 1994 3027 Sed
2041 2987 2169 3028 cum

569 3066 845 3123 cassidem
888 3066 957 3121 de
1002 3064 1183 3135 capite
1228 3065 1376 3121 illius
1426 3064 1702 3131 tulissent,
1741 3064 1995 3135 apparuit
2023 3065 2170 3136 quod

2256 2144 2456 2193 verunt
2489 2136 2544 2191 in
2574 2136 2809 2207 patriam
2841 2149 3022 2202 suam,
3058 2135 3151 2190 llbl
3175 2133 3319 2189 facta
3352 2145 3489 2190 sunt
3517 2135 3628 2189 duo
3651 2151 3800 2190 mu—

2259 2227 2444 2293 steria,
2477 2243 2653 2282 unum
2688 2227 2747 2282 in
2771 2226 2983 2282 honore
3028 2227 3202 2282 sancti
3249 2225 3560 2294 Benedicti,
3606 2227 3732 2281 aliud
3764 2227 3799 2279 is

2260 2321 2470 2377 honore
2498 2331 2704 2376 sancta:
2734 2318 3088 2376 Scholasticae
3149 2317 3255 2374 Sed
3297 2335 3407 2374 nos
3433 2330 3640 2375 certum
3672 2319 3801 2374 trefi-

2256 2430 2405 2483 rnus,
2438 2414 2568 2470 illud
2598 2413 2905 2469 venerabile
2942 2427 3026 2476 os.
3071 2412 3253 2467 divina
3301 2427 3525 2484 semper
3572 2412 3800 2466 ruminas

2261 2494 2448 2579 verba,
2495 2521 2553 2568 et
2592 2510 2805 2574 oculos.
2850 2520 3064 2580 semper
3093 2508 3328 2564 czelestia
3363 2509 3638 2576 videntes,
3664 2516 3709 2563 et
3731 2506 3801 2560 alia

2262 2608 2505 2664 membra
2529 2605 2696 2665 illius.
2717 2604 2970 2674 quamvis
2988 2602 3276 2666 dissoluta.
3312 2603 3367 2656 in
3402 2601 3598 2657 eodem
3626 2602 3729 2656 loco
3746 2612 3801 2652 re-

2266 2700 2554 2756 mansisse.
2591 2698 2778 2753 Solum
2807 2696 2951 2751 enim
2974 2710 3175 2765 corpus
3198 2694 3423 2750 Domini
3445 2710 3557 2750 non
3584 2694 3799 2749 Viditch

2228 2866 2231 2867 ν
2266 2795 2599 2866 ruptioncm,
2624 2791 2856 2846 aliorum
2881 2803 3009 2844 vero
3030 2802 3255 2877 corpora
3290 2799 3632 2853 sanctorum,
3660 2801 3803 2858 qum.

2268 2884 2351 2940 vis
2390 2884 2444 2937 in
2484 2890 2686 2937 aitema
2717 2880 2889 2953 gloria
2924 2879 3225 2950 reparanda
3265 2890 3402 2945 sunt,
3437 2888 3621 2935 tamen
3655 2896 3698 2931 ill
3732 2880 3806 2931 est

2269 2976 2454 3034 seculo
2477 2976 2741 3032 dissoluta
2769 2984 2916 3031 sunt.

2342 3069 2482 3123 Dum
2517 3070 2632 3124 hzec
2661 3068 2715 3123 in
2745 3066 2896 3123 Italia
2925 3075 3207 3139 geruntur,
3228 3076 3352 3122 orta
3372 3079 3457 3123 est
3484 3067 3681 3124 heresis
3702 3066 3807 3136 aged

569 3157 805 3215 clericus
835 3166 1001 3215 esset.
1043 3157 1201 3213 Tunc
1234 3157 1458 3213 Alachis
1487 3172 1615 3213 eum
1652 3157 1734 3212 ira
1766 3171 1965 3228 magna
1989 3158 2162 3213 excla-
2197 3136 2241 3200 ο
2272 3158 2827 3230 Constantinopolim,
2863 3136 3028 3229 quam
3063 3159 3449 3214 excitaverunt
3470 3159 3718 3230 Georgius
3738 3174 3808 3227 pa.

569 3252 744 3308 mavit
767 3249 922 3308 :Heu
948 3268 1051 3318 me,
1074 3250 1240 3304 nichil
1263 3251 1508 3319 fecimus,
1540 3249 1753 3320 quando
1774 3250 1912 3304 hanc
1933 3266 2168 3321 pugnam

572 3343 1034 3409 commisimus,in
1078 3359 1185 3414 qua
1226 3342 1480 3396 clericum
1527 3342 1937 3409 occidimus;et
1986 3342 2167 3398 statim

573 3436 686 3492 tale
707 3443 900 3491 votum
935 3434 1106 3502 vovit,
1136 3435 1283 3505 quod
1322 3434 1369 3489 si
1404 3434 1694 3490 victoriam
1730 3435 1798 3490 de
1834 3433 2170 3492 Chuniherto

572 3528 819 3596 haberet,
847 3535 1075 3599 puteum
1104 3543 1279 3583 unum
1311 3527 1379 3582 de
1411 3527 1735 3583 clericorum
1764 3527 2032 3583 testiculis
2067 3528 2170 3583 im-

573 3621 766 3692 pleret.
798 3620 970 3692 Igitur
996 3620 1372 3676 Cbunibertus
1409 3620 1604 3675 videns
1626 3635 1758 3676 suos
1782 3619 2032 3687 deiicere,
2065 3636 2169 3691 pu-

576 3719 756 3770 tantes
783 3713 961 3783 ipsum
984 3719 1264 3769 mortuum
1287 3727 1431 3780 esse,
1455 3712 1698 3767 ostendit
1732 3728 1792 3769 se
1824 3713 1928 3781 eis,
1950 3712 2167 3770 confor-

574 3814 703 3878 tans
732 3820 830 3862 eos
857 3813 914 3861 et
934 3805 1123 3861 dicens
1148 3823 1162 3860 ε
1203 3803 1387 3859 Nolite
1415 3805 1619 3872 timere,
1644 3805 1797 3859 modo
1841 3806 1983 3860 enim
2018 3806 2172 3862 debe-

576 3913 695 3959 mus
718 3897 962 3953 inimicos
1009 3905 1215 3952 nostros
1242 3897 1467 3951 vincere.
1511 3894 1713 3953 lterum
1744 3907 2173 3969 preparaverunt

577 3990 833 4047 seambaa
858 3998 1043 4062 partes
1084 3990 1154 4046 ad
1187 4004 1450 4062 pugnam,
1481 3997 1683 4046 etcum
1733 3991 1824 4024 ¹⁶⁸¹
1850 3992 1965 4064 jam
2001 4008 2171 4064 prope

575 4090 726 4140 esset
779 4091 843 4139 ut
889 4098 951 4139 se
997 4082 1393 4154 coniungerent
1445 4084 1560 4151 ¹⁰⁸¹,
1618 4098 1841 4139 rursum
1893 4085 2173 4142 mandavit

574 4175 950 4233 Chunibertus
974 4176 1043 4232 ad
1071 4176 1392 4233 Alachisum
1426 4177 1614 4233 dicens
1641 4196 1656 4233 :
1684 4176 1794 4232 Cur
1835 4180 1971 4248 perit
1999 4195 2168 4250 popu-

572 4268 1038 4341 lusfPugnemus
1086 4285 1181 4324 nos
1229 4269 1358 4337 duo,
1403 4278 1453 4324 et
1501 4271 1591 4342 qui
1637 4272 1822 4325 vicerit
1868 4272 2172 4327 dominetur

577 4359 725 4415 omni
760 4359 880 4414 huic
906 4359 1118 4431 populo.
1148 4359 1396 4431 Cumque
1422 4359 1677 4416 Alachiso
1702 4361 1789 4416 sui
1811 4361 2060 4418 homines
2087 4362 2170 4418 di-

580 4460 768 4509 cerent
795 4470 808 4507 :
840 4450 1017 4518 Quare
1059 4468 1164 4506 non
1202 4468 1409 4524 pugnas
1436 4469 1558 4508 cum
1585 4453 1690 4508 eo?
1731 4454 1818 4509 ille
1844 4456 2127 4526 respondit
2151 4475 2164 4511 :

584 4544 712 4601 Non
732 4561 947 4615 possum
980 4544 1077 4599 hoc
1106 4544 1299 4615 facere,
1329 4546 1458 4616 quia
1484 4547 1633 4601 vitea
1684 4547 1967 4618 imaginem
1995 4548 2171 4603 sancti

586 4635 904 4692 .Hichahelis
925 4635 1231 4707 archangeli
1257 4637 1396 4692 inter
1414 4636 1595 4692 hastas
1616 4654 1766 4706 suas,
1789 4638 1881 4693 ubi
1904 4640 1954 4693 ei
1967 4639 2170 4710 juratvi.

579 4729 741 4787 Tunc
762 4746 907 4786 unus
932 4745 1001 4786 ex
1022 4730 1131 4785 illis
1151 4729 1290 4785 dixit
1316 4729 1368 4785 ei
1393 4748 1404 4783 :
1436 4729 1663 4801 Propter
1706 4732 1949 4786 timorem
1969 4732 2176 4787 videtur

584 4823 682 4878 tibi
710 4823 849 4894 quod
882 4839 986 4877 non
1005 4830 1106 4889 est,
1134 4831 1185 4877 et
1205 4822 1325 4892 jam
1353 4822 1450 4876 tibi
1495 4822 1708 4876 tardum
1728 4830 1809 4877 est
1854 4822 1951 4876 hoc
1977 4823 2173 4879 dicere.

582 4914 1076 4988 Congredirntibus
1131 4922 1316 4971 autem
1372 4914 1623 4986 utrisque
1670 4916 1919 4985 partibus
1942 4956 1958 4983 ,
2017 4915 2176 4970 multi

586 5008 861 5079 utrimque
908 5007 1260 5075 ceciderunt;
1309 5007 1532 5065 Alachis
1587 5023 1807 5080 quoque
1865 5005 2083 5076 cecidit,
2117 5015 2174 5064 et

585 5099 1293 5172 Chunibertus,adjuvante
1330 5099 1586 5169 Domino,
1628 5102 1915 5158 victoriam
1958 5101 2168 5159 habuit.

587 5186 766 5258 Caput
788 5198 970 5247 autem
989 5192 1212 5247 Alachis
1233 5199 1292 5247 et
1317 5205 1478 5249 crura
1502 5192 1718 5247 abscisa
1741 5199 1888 5257 sunt,
1917 5200 1974 5247 et
1992 5193 2171 5247 solum

590 5293 792 5348 corpus
819 5288 1077 5339 truncum
1105 5282 1391 5339 remansit.
1433 5281 1548 5338 Rex
1575 5296 1703 5337 vero
1724 5296 1851 5338 cum
1888 5282 2090 5354 gaudio
2118 5289 2174 5336 et

589 5372 819 5427 victoria
840 5387 1093 5431 reversus
1121 5383 1208 5429 est
1228 5372 1500 5429 Ticinum.

662 5465 800 5521 Cum
830 5464 934 5520 ista
959 5465 1150 5522 tierent
1173 5466 1317 5539 apud
1340 5465 1727 5539 Langobardos
1762 5478 1913 5525 trans
1940 5468 2167 5537 Padum,

2203 4521 2247 4575 D

2270 3254 2513 3310 triarcha
2542 3251 3188 3323 Constantinopolitanus
3211 3260 3270 3306 et
3300 3250 3613 3307 Maeharins
3643 3261 3689 3305 et
3711 3249 3806 3320 Pyr-

2271 3367 2367 3409 rus
2390 3359 2447 3408 et
2473 3350 2668 3407 Petrus
2706 3358 2763 3405 et
2792 3348 3016 3415 Paulus,
3054 3358 3378 3418 separantes
3410 3347 3464 3401 in
3488 3345 3701 3402 Christo
3725 3343 3805 3397 dei-

2270 3452 2515 3499 tatem'et
2541 3441 2957 3497 humanitatem.
2994 3438 3225 3510 Propter
3253 3454 3424 3510 quam
3462 3455 3677 3495 causam
3704 3434 3809 3490 Coa

2271 3533 2546 3601 stantinus
2574 3532 2872 3603 imperator
2912 3528 3040 3587 fecit
3078 3529 3402 3601 congregari
3446 3536 3662 3584 centum
3693 3526 3807 3596 quia-

2271 3623 2532 3696 qnaginta
2575 3623 2887 3694 episcopos,
2919 3621 3060 3677 inter
3095 3635 3239 3691 quos
3276 3619 3509 3675 fuerunt
3551 3622 3653 3676 duc
3694 3618 3809 3688 Legati

2269 3724 2476 3772 saneta!
2519 3713 2780 3770 Romana:
2822 3711 3083 3768 aecclesia:
3120 3711 3279 3766 missi
3316 3725 3345 3765 a
3384 3726 3524 3782 papa
3563 3709 3806 3782 Agatboee.

2270 3810 2547 3867 Iohannes
2571 3810 2838 3866 diaconus
2866 3816 2921 3864 et
2958 3806 3235 3862 Johanncs
3274 3804 3604 3862 Parmensis
3636 3816 3810 3874 epysro-

2272 3920 2397 3977 pus,
2441 3903 2697 3974 factoque
2736 3902 2968 3959 concilio
2999 3903 3445 3973 dampnaverunt
3472 3900 3697 3957 heresim
3728 3913 3813 3967 prr~

2271 4000 2495 4056 dictam.
2534 3997 2739 4053 Eadem
2775 4012 2907 4052 vero
2936 3998 3070 4052 hora
3099 4004 3263 4051 tanta:
3289 3997 3415 4051 tela:
3450 4007 3747 4050 aranearum
3775 3990 3812 4041 ia

2273 4091 2454 4147 medio
2486 4088 2669 4161 populi
2695 4088 3028 4154 ceciderunt,
3060 4092 3124 4142 ut
3145 4101 3343 4142 omnes
3368 4084 3573 4141 exinde
3601 4083 3813 4138 mirarer-

2272 4190 2381 4238 tur.
2420 4180 2538 4237 Hoc
2563 4189 2746 4236 autem
2773 4178 2905 4235 visae
2932 4188 3061 4234 sunt
3089 4177 3425 4250 significare,
3460 4188 3521 4233 ut
3544 4171 3811 4232 heresisiB-I

2270 4282 2417 4329 esset
2436 4269 2821 4328 exinanienda.
2842 4268 3127 4325 Predictus
3150 4278 3333 4324 autem
3354 4268 3625 4339 Georgius
3636 4266 3811 4339 punir-

2272 4365 2372 4420 cha
2415 4363 2484 4419 ab
2516 4362 2789 4433 episcopis
2832 4360 3168 4416 ammonitus
3208 4370 3264 4416 et
3309 4372 3595 4416 correctus
3625 4367 3715 4421 est.
3748 4354 3811 4407 δῶ

2272 4470 2402 4513 vero
2438 4456 2491 4510 in
2516 4471 2615 4512 sua
2651 4453 2874 4525 perﬁdia
2916 4461 3321 4525 permanentes,
3353 4451 3429 4508 ab
3463 4451 3706 4507 omnibm
3729 4444 3812 4517 φῖ·

2279 4548 2459 4620 scopis
2518 4546 2960 4603 anathematizati
3011 4553 3159 4601 sunt.
3220 4543 3349 4600 Haec
3408 4554 3493 4600 est
3536 4552 3681 4599 sexta

2279 4644 2420 4711 odus
2441 4640 2786 4707 universalis,
2818 4640 2868 4696 id
2899 4646 2983 4695 est
3002 4653 3168 4711 quam
3193 4637 3439 4694 mundus
3462 4637 3730 4692 universa
3760 4645 3817 4683 tr-

2279 4741 2389 4790 net.

2351 4825 2448 4881 llis
2475 4839 2696 4895 quoque
2721 4823 3055 4894 temporibus
3092 4838 3191 4893 per
3221 4832 3475 4878 octavam
3508 4819 3815 4877 indidissem

2279 4917 2513 4990 eclypsis
2542 4917 2685 4971 lunae
2713 4915 2982 4986 apparuit,
3013 4922 3068 4970 et
3097 4916 3341 4970 secundo
3364 4914 3452 4969 die
3475 4911 3720 4968 intrantis
3742 4906 3817 4959 ibi

2276 5010 2509 5083 eclypsis
2536 5009 2669 5066 solis
2707 5007 2849 5063 facta
2884 5017 2967 5063 est
2993 5007 3129 5062 hora
3151 5008 3259 5063 diei
3296 5007 3526 5075 decima,
3571 5023 3633 5061 ac
3669 5003 3813 5059 deﬁnit

2277 5119 2468 5160 mense
2495 5101 2660 5169 Julio,
2696 5102 2943 5172 Augusto
2966 5108 3021 5155 et
3042 5098 3362 5171 Septembre
3402 5098 3700 5154 mortalitas
3736 5111 3805 5149 re}

2277 5210 2382 5269 gna
2410 5193 2555 5250 facta
2578 5203 2681 5250 est.
2724 5193 2878 5249 Tunc
2905 5188 3190 5249 visibiliter
3212 5191 3401 5246 multis
3422 5187 3725 5244 hominibus
3746 5198 3807 5250 ap

2228 5314 2231 5317 ·
2279 5297 2581 5361 paruerunt
2611 5288 2722 5344 duo
2753 5285 2951 5359 angeli,
2984 5300 3128 5341 unus
3175 5284 3354 5339 bonus
3397 5292 3448 5338 et
3488 5282 3633 5337 alter
3662 5276 3803 5332 malls

2279 5383 2623 5439 ambulantes
2643 5397 2737 5452 per
2757 5379 2959 5436 Urbem
2984 5388 3226 5448 tempore
3249 5386 3537 5439 nocturno,
3561 5383 3616 5428 et
3638 5370 3718 5426 ille
3733 5381 3807 5420 m-

2277 5473 2364 5528 lus
2388 5473 2615 5544 angelus
2641 5472 2860 5528 tenebat
2877 5469 3207 5527 venabulum
3252 5468 3304 5522 in
3345 5481 3531 5533 manu,
3553 5474 3607 5519 et
3627 5474 3811 5533 perinﬁ-

1880 5625 2116 5682 VARIE
2156 5625 2561 5685 LECTIONEb.
2580 5580 2581 5583 Ἴ

672 5736 758 5768 ιοσι
791 5738 932 5794 deest
967 5738 1015 5795 ι.
1095 5740 1186 5772 ¹ο⁸¹
1213 5740 1566 5812 cominusﬂet
1594 5742 1644 5797 ¹ι
