3880 6320
94 255 175 313 m
270 257 274 261 ,

988 242 1354 303 canemus.
1385 273 1458 284 -
1488 224 1885 298 επηοκιεοῄ
1920 238 2380 299 emensam.

3200 224 3311 301 s'to

93 375 259 431 sionem
306 364 433 422 boni
485 363 661 437 angeli
704 363 770 420 de
818 378 1163 435 quacumque
1203 362 1366 418 domo
1395 360 1620 432 januam
1654 346 1699 419 Α
1731 358 1953 413 nomine
1987 357 2272 426 Arnulfus,
2302 356 2415 414 Deo
2443 354 2718 425 amabilis,
2767 352 2861 429 qui
2898 356 3089 415 relicto
3131 363 3318 418 seculo
3403 418 3407 422 ,

93 459 397 537 percutit-bat,
426 457 533 513 alia
555 458 642 513 die
665 470 857 511 omnes
881 455 1131 511 homines
1156 454 1224 509 de
1247 452 1435 508 eadem
1460 451 1624 506 domo

95 553 434 613 moriebantur.
469 548 605 604 Post
629 547 744 604 haec
772 547 988 603 cuidam
1019 545 1228 601 homini
1254 545 1400 600 bono
1424 558 1521 614 per
1546 542 1626 597 vi-

95 648 262 705 sionem
294 642 498 698 dictum
529 650 637 706 est,
672 638 817 709 quod
845 638 963 710 ipsa
994 637 1298 693 mortalitas
1341 650 1452 690 non
1499 648 1624 691 ces-

96 742 227 802 saret,
248 732 351 789 nisi
377 730 437 786 in
458 726 706 787 ecclesia
742 728 917 785 sancti
967 725 1112 784 Petri
1145 741 1268 798 quae
1300 725 1500 782 dicitur
1544 722 1626 778 Ad

94 825 269 886 vincula
294 822 636 881 dedicaretur
680 820 853 877 altare
894 818 951 878 in
994 820 1203 876 honore
1241 816 1416 874 sancti
1457 814 1627 872 Seba—

95 916 228 979 stiani
255 915 524 989 martyris.
571 913 695 982 Quo
729 912 898 982 facto,
930 911 1238 968 mortalitas
1269 908 1522 967 cessavit.

149 1012 332 1068 Interea
362 1024 457 1065 rex
476 1006 849 1064 Chunibertus
880 1021 1008 1063 cum
1047 1005 1286 1078 quodam
1313 1002 1633 1060 fidelissimo

96 1117 177 1160 suo
192 1098 491 1159 consiliatus
516 1105 606 1154 est
662 1095 942 1168 quomodo
977 1094 1243 1152 Aldonem
1289 1102 1346 1149 et
1391 1092 1634 1150 Grauso-

96 1210 197 1251 nem
215 1190 488 1249 occideret.
523 1188 778 1259 Cumque
794 1188 865 1245 de
890 1187 996 1244 hac
1015 1202 1075 1243 re
1094 1185 1239 1242 inter
1257 1200 1319 1242 se
1342 1185 1636 1255 loqueren-

95 1295 183 1353 tur,
209 1290 402 1340 stantes
424 1294 595 1352 prope
620 1278 915 1339 fenestram
934 1278 1230 1351 quandam,
1270 1276 1454 1333 subito
1477 1276 1531 1331 in
1551 1272 1635 1331 fe-

95 1385 246 1436 nestra
267 1375 353 1433 illa
375 1386 566 1430 musca
596 1372 862 1430 consedit.
899 1370 1074 1440 Quam
1093 1367 1463 1426 Chnnibertus
1485 1367 1635 1424 occi—

96 1471 203 1527 dere
223 1466 418 1533 volens,
463 1480 592 1521 cum
626 1464 868 1531 cultello,
900 1463 1047 1535 quod
1096 1461 1153 1518 in
1191 1477 1361 1518 manu
1394 1461 1635 1527 tenebat,

94 1559 255 1631 pedem
299 1556 443 1612 illius
485 1562 699 1611 tantum
746 1553 1080 1612 ahscidebat.
1119 1552 1369 1625 Cumque
1409 1550 1546 1608 ΛΙἁο
1584 1561 1640 1609 ει

95 1649 276 1707 Grauso
310 1647 376 1703 ad
415 1648 679 1718 palatium
709 1645 854 1719 regis
882 1645 1167 1703 tenderent
1200 1653 1256 1701 et
1283 1644 1400 1716 jam
1437 1658 1638 1715 appro-

96 1744 405 1814 pinquarent,
446 1739 689 1795 obviavit
714 1739 797 1797 eis
832 1753 980 1795 unus
1005 1738 1171 1795 homo
1192 1737 1328 1809 pede
1358 1745 1634 1803 truncato,

93 1842 137 1890 et
174 1833 292 1889 dixit
328 1831 407 1888 eis
440 1830 590 1902 quod
636 1829 1005 1886 Chunibertus
1056 1844 1153 1884 rex
1176 1827 1338 1883 ‘vellet
1369 1840 1466 1883 eos
1498 1826 1642 1882 occid

94 1922 216 1977 dere.
250 1919 358 1977 Hoc
385 1920 464 1976 illi
485 1918 789 1986 audientes,
817 1918 1075 1990 fugerunt
1104 1917 1161 1973 in
1187 1916 1489 1973 tecclesiam
1516 1931 1643 1972 san-

94 2022 153 2071 cti
176 2013 387 2070 Romani
411 2013 693 2086 martyris,
725 2020 780 2069 et
803 2010 1205 2067 absennderunt
1234 2024 1295 2066 se
1323 2017 1445 2080 post
1468 2008 1643 2065 altare

94 2105 239 2177 ipsius
258 2104 531 2162 tecclesiaz.
568 2103 818 2176 Cumque
853 2103 960 2160 hoc
993 2100 1110 2174 regi
1149 2101 1471 2158 nunciatum
1505 2100 1642 2158 fuis-

95 2205 183 2264 set,
215 2197 385 2252 statim
412 2195 632 2253 vocavit
661 2195 730 2252 ad
758 2209 819 2251 se
854 2194 1008 2251 illum
1037 2193 1416 2251 ﬁdelissimum
1452 2208 1640 2261 suum,

91 2288 167 2344 cui
186 2289 281 2344 hoc
301 2288 399 2347 soli
432 2286 761 2354 crediderat,
792 2294 849 2344 et
877 2285 1016 2342 dixit
1041 2284 1091 2342 ei
1118 2304 1133 2340 τ
1162 2284 1341 2352 Quare
1360 2284 1643 2340 consilium

96 2396 243 2435 mat
279 2380 551 2436 credidisti
592 2380 901 2451 cuicumque
933 2377 1135 2433 homini
1158 2379 1187 2432 .’
1226 2376 1322 2434 Ille
1359 2392 1487 2445 cum
1531 2386 1644 2433 tre-

93 2486 223 2527 more
245 2471 520 2542 respondit
544 2489 559 2526 :
587 2470 815 2525 Domine
839 2470 913 2525 nti
942 2484 1055 2536 rex,
1078 2478 1140 2524 tu
1161 2469 1285 2537 scis,
1318 2469 1465 2541 quia,
1498 2476 1646 2539 post-

92 2579 230 2635 qum
247 2564 402 2618 michi
422 2562 633 2618 loeutus
652 2579 728 2629 es,
755 2578 1023 2634 nunquam
1046 2562 1112 2616 de
1133 2569 1225 2616 tuo
1248 2570 1528 2633 conspectu
1557 2560 1644 2632 fo-

92 2669 170 2708 ras
186 2654 333 2723 exiri,
348 2662 397 2709 et
416 2652 678 2726 quomodo
698 2653 795 2707 hoc
827 2652 993 2707 alicui
1018 2651 1221 2706 homini
1252 2652 1426 2707 dicere
1445 2652 1593 2723 pomi
1621 2652 1648 2707 2

93 2742 229 2800 Tunc
251 2760 342 2801 rex
360 2744 642 2800 mandavit
674 2743 742 2800 ad
776 2742 1041 2799 Aldonem
1084 2749 1141 2798 et
1185 2741 1550 2806 Grausonem,
1586 2751 1648 2798 ut

90 2834 205 2905 quid
226 2835 279 2889 in
297 2834 595 2893 acclesiam
618 2832 903 2907 fugissent.
931 2831 1036 2901 Qui
1060 2834 1485 2905 responderunt:
1507 2833 1651 2900 Quia

89 2928 363 2984 audivimus
376 2929 519 3001 quod
548 2944 642 2983 rea:
664 2943 765 2982 nos
808 2926 1047 2982 occidere
1074 2925 1247 2982 vellet.
1271 2924 1473 2982 Iterum
1498 2942 1652 2982 man-

1726 459 1914 519 postca
1949 450 2239 523 episcopus
2274 449 2453 507 factus
2485 460 2587 507 est.

1797 540 2127 599 Cunibertus
2159 557 2293 599 vero
2331 554 2620 615 postquam
2658 543 2906 617 regnavit
2931 546 3093 601 annis
3123 545 3192 601 l2
3225 562 3321 604 so-

1726 630 1816 687 lus
1847 640 1974 702 post
2009 641 2243 689 mortem
2290 634 2485 704 patris,
2528 643 2780 690 mortuus
2821 642 2926 703 est,
2980 650 3322 710 regnumque

1728 722 1842 779 ﬁlio
1871 738 1971 779 suo
1994 722 2249 795 Lioperto
2268 724 2449 783 adhuc
2468 726 2697 799 parvulo
2721 725 2950 795 dimisit,
2972 728 3062 783 cui
3077 726 3322 801 Aspran—

1727 813 1861 872 dum
1899 812 2080 870 virum
2129 815 2429 887 sapientem
2474 819 2803 875 nutritorem
2846 818 3152 876 constituit.
3189 817 3322 879 Post

1730 917 1856 965 octo
1893 921 2114 963 menses
2153 904 2672 980 Reginpertus-dux
2717 906 3140 967 Taurinensium
3172 911 3327 971 venit

1730 1013 1858 1054 cum
1884 997 2126 1054 exercitu
2172 999 2436 1056 adversus
2475 1000 2823 1072 Asprandum
2865 1009 2921 1057 et
2953 999 3321 1058 Ruotharium

1731 1089 1899 1146 duces
1916 1088 2387 1162 Pergamensium,
2410 1096 2466 1147 et
2490 1106 2742 1164 pugnans
2765 1108 2890 1149 cum
2912 1092 2995 1149 eis
3010 1135 3026 1162 ,
3047 1092 3179 1149 vicit
3203 1107 3325 1161 eos,

1730 1186 1786 1234 et
1809 1178 2166 1250 apprehendit
2209 1193 2471 1251 regnum;
2514 1181 2610 1237 sed
2642 1182 2832 1239 eodem
2877 1197 3024 1239 anno
3069 1170 3324 1240 moribus

1733 1276 1838 1329 est.
1877 1270 2049 1343 Cujus
2070 1271 2216 1329 illius
2244 1271 2528 1343 Aripertus
2552 1270 2751 1329 iterum
2774 1275 3036 1346 pugnavit
3056 1275 3322 1332 adversus

1735 1358 2054 1433 Liopertum
2088 1377 2270 1435 regem
2317 1363 2459 1434 apud
2510 1362 2785 1432 Ticinum,
2826 1374 2877 1420 et
2918 1363 3233 1436 Liopertum
3268 1364 3328 1420 ln

1735 1468 1917 1528 pugna
1945 1453 2132 1511 vivum
2164 1455 2541 1527 apprehendit,
2574 1455 2896 1527 Asprandus
2918 1472 3050 1513 vero
3084 1448 3327 1515 nutritor

1736 1549 1858 1620 ejus
1886 1548 1942 1604 in
1968 1548 2207 1606 insulam
2234 1549 2591 1605 Cumacinam
2618 1547 2777 1621 fugit.
2829 1547 2951 1605 Dux
2982 1540 3165 1606 autem
3186 1548 3333 1606 Roo-

1738 1640 1954 1698 tbarius
2015 1656 2143 1697 cum
2192 1641 2429 1698 redisset
2475 1640 2830 1714 Pergamum,
2872 1640 3181 1712 Aripertus'
3207 1656 3333 1698 cum

1740 1746 1940 1806 magno
1971 1733 2214 1791 exercitu
2234 1734 2450 1791 obsedit
2469 1742 2524 1790 et
2551 1734 2883 1807 expugnavit
2908 1734 3207 1804 civitatem,
3234 1750 3333 1806 ap-

1736 1825 2119 1898 prehensoque
2142 1825 2469 1894 ltuothario,
2500 1823 2631 1882 fecit
2648 1826 2767 1883 radi
2790 1834 2953 1896 caput
2971 1826 3091 1897 ejus
3122 1835 3179 1882 et
3202 1827 3334 1882 bar—

1738 1916 1887 1985 bam,
1911 1926 1967 1973 ει
1985 1916 2228 1973 exiliavit
2268 1932 2417 1985 eum,
2454 1917 2550 1974 ubi
2580 1925 2705 1989 post
2739 1917 3081 1989 aliquantum
3115 1926 3334 1990 tempus

1740 2016 1992 2065 mortuus
2019 2017 2122 2065 est.
2160 2006 2478 2080 Liopertum
2510 2022 2642 2065 vero
2669 2023 2903 2081 puerum
2937 2009 3088 2065 misit
3112 2008 3170 2065 in
3206 2008 3331 2064 bal-

1740 2114 1928 2167 neum,
1952 2107 2009 2155 et
2039 2100 2239 2156 clausit
2267 2100 2495 2171 januam
2523 2116 2689 2172 super
2717 2100 2919 2172 ipsum,
2943 2101 3133 2174 sicque
3160 2101 3338 2157 nimio

1740 2191 1927 2248 calore
1952 2200 2203 2249 mortuus
2229 2202 2333 2249 est.
2382 2182 2389 2189 ’

1814 2284 2099 2358 Aripertus
2127 2294 2311 2343 autem
2350 2301 2477 2343 cum
2510 2301 2740 2345 securus
2764 2288 2880 2360 jam
2914 2297 3188 2361 regnaret,
3234 2304 3336 2360 ap-

1743 2377 2035 2448 prehendit
2059 2375 2470 2449 Sigibrandum,
2498 2377 2671 2434 lilium
2693 2378 2984 2450 Asprandi,
3007 2388 3062 2436 et
3091 2396 3341 2437 excieca-

1743 2470 1824 2527 vit
1844 2484 1972 2526 eum
1994 2479 2050 2527 et
2069 2485 2262 2526 omnes
2289 2479 2545 2542 parentes
2565 2469 2685 2542 ejus
2709 2485 2806 2541 per
2825 2470 3040 2527 diversa
3071 2479 3340 2527 tormenta

1746 2563 1956 2631 aﬂlixit,
1987 2561 2386 2633 Liutprandum
2416 2569 2621 2629 autem,
2667 2559 2838 2616 tilium
2875 2561 2997 2632 ejus
3040 2562 3335 2632 minorem,

1746 2654 1922 2712 tenuit
1948 2654 2006 2710 in
2035 2668 2289 2721 carcere;
2323 2661 2379 2709 et
2405 2652 2533 2724 quia
2561 2651 2742 2709 adhuc
2764 2660 2885 2709 erat
2904 2654 3188 2724 puerulus,
3214 2671 3342 2726 per-

1749 2761 1945 2804 sonam
1964 2745 2084 2816 ejus
2107 2738 2372 2814 despexit,
2402 2752 2455 2799 et
2481 2743 2658 2798 noluit
2677 2743 2727 2799 ei
2763 2742 2942 2800 facere
2962 2744 3184 2816 aliquod
3206 2761 3334 2813 ma-

1748 2838 1884 2904 lum,
1915 2835 2141 2907 insuper
2165 2828 2377 2891 dimisit
2405 2849 2533 2890 eum
2565 2834 2645 2891 ire
2673 2832 2742 2890 ad
2773 2844 2983 2906 patrem
3004 2851 3192 2892 suum.
3229 2835 3343 2908 Igi-

1747 2938 1842 2985 tur
1852 2927 2225 2998 Liutprandus
2246 2925 2399 2983 venit
2418 2927 2486 2982 ad
2508 2934 2720 2998 patrem
2745 2943 2906 2983 suum
2930 2927 2985 2984 in
3008 2910 3349 2998 Bawariatu,’

87 3018 223 3074 davit
251 3018 434 3075 adeas
462 3034 582 3087 rex,
625 3018 970 3114 interrogans
1016 3016 1143 3088 quis
1166 3015 1250 3114 eis
1284 3016 1392 3114 hoc
1418 3016 1649 3072 nuncia~
1678 3052 1723 3114 ε
1751 3033 1864 3090 quo
1901 3016 2166 3114 ipseiam
2187 3016 2394 3072 dudum
2417 3014 2631 3088 fugerat
2657 3017 2890 3073 eundem
2912 3017 3249 3090 Aripertum,
3273 3020 3345 3075 ad

87 3118 180 3176 ret,
202 3119 255 3166 et
270 3110 403 3167 dixit
429 3109 580 3183 quod
613 3107 843 3181 gratiam
897 3122 1054 3165 suam
1083 3122 1197 3163 non
1234 3107 1516 3175 haberent,
1543 3108 1653 3163 nisi
1686 3107 1722 3114 “
1753 3110 1948 3166 ducem
1980 3107 2441 3176 Theodebertum,
2476 3109 2735 3181 stetitque
2772 3122 2896 3166 cum
2926 3124 2993 3166 eo
3032 3126 3131 3182 per
3167 3127 3344 3169 annos

89 3200 187 3258 hoc
213 3202 311 3258 sibi
348 3200 785 3259 manifestarent.
825 3198 982 3259 Tunc
1016 3199 1096 3255 illi
1136 3199 1320 3257 omnia
1352 3214 1476 3272 quae
1509 3198 1654 3257 facta

89 3290 291 3349 fuerant
328 3293 835 3360 manifestaverunt,
883 3293 1126 3350 dicentes
1172 3311 1186 3348 :
1234 3292 1377 3359 Quia
1426 3292 1656 3350 obuiauit

88 3386 227 3440 nobis
247 3402 378 3441 unus
401 3387 558 3441 homo
594 3385 723 3457 pede
759 3394 1006 3440 truncato
1044 3400 1209 3456 usque
1236 3385 1307 3440 ad
1332 3385 1652 3456 geniculum,

85 3483 133 3529 et
156 3478 262 3545 ipse
288 3475 383 3532 hoc
420 3476 575 3532 nobis
617 3476 908 3531 uunciaoit.
952 3474 1108 3532 Tune
1150 3489 1247 3532 rex
1283 3474 1658 3534 Chunibertus

84 3566 353 3639 intellexit,
394 3568 545 3641 quod
586 3582 778 3624 musca
804 3567 900 3625 illa
941 3567 1194 3625 diabolus
1229 3567 1427 3626 fuisset
1457 3577 1513 3625 et
1541 3569 1659 3641 ipse

83 3660 184 3716 hoc
208 3661 286 3718 eis
312 3661 646 3729 nunciasset,
690 3661 987 3732 statimque
1018 3662 1232 3718 vocavit
1256 3677 1353 3719 eos
1382 3663 1451 3718 ad
1483 3678 1566 3732 se,
1602 3674 1659 3721 et

83 3752 308 3810 reddidit
332 3754 416 3812 eis
438 3753 670 3826 gratiam
699 3768 882 3822 suam,
917 3762 973 3811 et
1006 3769 1182 3825 usque.
1209 3755 1278 3811 ad
1300 3763 1533 3811 mortem
1556 3757 1656 3811 ha-

81 3842 195 3901 buit
216 3861 310 3902 eos
336 3846 663 3902 honoratos.

143 3934 289 3992 Inter
306 3938 424 3993 hate
446 3935 843 3993 Constantinus
871 3936 1165 4008 imperator
1187 3944 1438 3993 mortuus
1469 3946 1573 4004 est,
1605 3946 1661 3994 et

77 4027 433 4098 Justinianus,
485 4028 632 4086 illius
675 4029 798 4100 ejus
838 4029 1053 4096 minor,
1083 4029 1258 4087 tenuit
1298 4045 1524 4102 regnum
1563 4045 1663 4102 per

76 4134 255 4176 annos
278 4122 487 4178 decem.
527 4119 734 4177 Contra
781 4120 929 4176 hunc
966 4119 1079 4176 Leo
1113 4120 1336 4190 quidam
1363 4121 1533 4189 venit,
1558 4136 1660 4192 ap-

78 4210 517 4281 prehensumque
548 4223 686 4265 naso
714 4207 1080 4276 detruncavit,
1112 4204 1449 4289 ejiciensque
1477 4208 1546 4266 de
1569 4226 1663 4266 re-

76 4317 203 4372 gno,
232 4304 355 4374 ipse
382 4318 483 4373 per
509 4317 686 4358 annos
712 4309 826 4358 tres
858 4301 1124 4374 regnavit,
1155 4309 1212 4356 et
1238 4300 1388 4356 illum
1418 4301 1473 4356 in
1511 4301 1664 4357 insu-

1753 3201 1808 3257 9.
1850 3191 1972 3268 Quo
1999 3214 2126 3255 cum
2158 3198 2401 3256 venisset
2425 3197 2816 3271 Liutpraudus,
2848 3214 2975 3255 cum
2997 3200 3197 3273 gaudio
3223 3206 3345 3257 maJ

1754 3306 1864 3366 gno
1895 3298 1981 3348 est
2008 3299 2317 3362 susceptus.

1826 3382 1942 3441 Hoc
1975 3394 2221 3457 tempore
2258 3384 2403 3456 apud
2428 3383 2634 3442 Gallias
2684 3383 2741 3440 in
2788 3399 2960 3458 regno
3006 3384 3349 3443 FrancOrum

1755 3477 1861 3535 sub
1900 3477 2124 3535 nomine
2154 3476 2382 3548 majoris
2417 3478 2619 3534 domus
2667 3476 3081 3549 principabatur
3123 3479 3347 3551 Ansgis,

1756 3570 1903 3627 filius
1930 3569 2134 3625 Amulli
2158 3567 2478 3640 supradicti,
2508 3568 2605 3640 qui
2637 3583 2838 3625 nomen
2864 3570 3086 3627 trahere
3130 3570 3351 3627 videtur

1756 3663 1828 3720 ab
1849 3662 2089 3720 Anchisa
2111 3660 2370 3734 Trojano.
2396 3660 2564 3733 Igitur
2591 3669 2883 3732 postquam
2904 3661 3225 3733 Asprandus
3251 3678 3353 3735 per

1757 3770 1954 3812 novem
1976 3770 2152 3811 annos
2173 3754 2377 3811 mansit
2395 3754 2451 3809 in
2471 3753 2741 3821 Bawaria,
2764 3754 2935 3809 movit
2956 3755 3152 3812 exinde
3176 3753 3352 3812 Theo-

1757 3846 2043 3916 depertum
2065 3844 2440 3900 Bawariorum
2461 3844 2678 3911 ducem,
2702 3852 2758 3900 et
2781 3860 2907 3901 cum
2930 3846 3173 3903 exercitu
3203 3847 3355 3904 venit

1758 3936 1815 3993 in
1838 3936 2070 4004 Italiam,
2090 3936 2459 4009 pugnavitque
2478 3951 2606 3991 cum
2628 3936 2904 4006 Ariperto,
2924 3946 2979 3992 et
3002 3936 3202 3997 mortui
3224 3937 3355 3996 sunt

1760 4028 1920 4085 multi
1963 4027 2031 4084 de
2072 4027 2322 4098 partibus
2367 4022 2638 4098 utrisque.
2685 4025 2792 4082 Sed
2841 4030 3094 4099 quamvis
3135 4029 3189 4084 in
3235 4028 3353 4101 ipsa

1760 4135 1944 4194 pugna
1973 4134 2084 4175 nox
2115 4118 2279 4174 linem
2308 4118 2552 4187 fecisset,
2601 4128 2815 4174 certum
2855 4128 2940 4175 est
2982 4130 3163 4176 tamen
3205 4127 3355 4194 quod

1763 4209 1997 4266 Bawarii
2042 4208 2319 4281 ingemat,
2355 4215 2412 4264 et
2441 4207 2729 4281 Aripertus
2761 4224 2889 4265 cum
2922 4210 3152 4267 victoria
3194 4214 3357 4270 rediit

1764 4302 1833 4358 ad
1856 4308 2060 4358 castra.
2097 4299 2201 4368 Qui
2235 4315 2363 4356 cum
2390 4300 2661 4356 noluisset
2686 4314 2908 4357 manere
2942 4302 2999 4357 in
3031 4305 3229 4361 castris
3258 4309 3353 4362 sed

76 4393 180 4448 lam
206 4395 505 4465 quandam
525 4393 786 4449 exiliavit.
819 4392 1022 4449 Iterum
1053 4391 1319 4465 Tyberius
1351 4393 1500 4448 hunc
1532 4392 1669 4449 Leo-
1701 4391 1744 4446 D
1770 4394 1873 4451 iret
1897 4394 1952 4449 in
1981 4390 2256 4459 Ticinum,
2289 4390 2418 4448 fecit
2443 4392 2880 4465 desperationem
2910 4395 3113 4465 populo
3147 4411 3270 4462 suo,
3302 4409 3357 4453 et

74 4499 199 4540 nem
244 4486 314 4542 de
361 4500 533 4558 regno
572 4485 798 4555 expulit,
846 4484 1072 4555 ipseque
1103 4498 1333 4556 regnum
1371 4486 1565 4553 tenuit,
1610 4497 1667 4543 et

71 4575 233 4632 illum
286 4578 341 4633 in
384 4578 695 4634 custodiam
734 4577 935 4648 posuit.
983 4575 1115 4632 Post
1161 4577 1279 4633 hinc
1322 4574 1667 4636 Justinianus

72 4682 308 4739 regnum
333 4684 496 4724 suum
517 4685 615 4741 per
636 4669 969 4740 adjutosium
1006 4668 1272 4725 Tcrebelli
1301 4670 1445 4743 regis
1466 4670 1665 4744 Bulga-

68 4775 193 4814 rum
227 4761 461 4831 recepit,
493 4770 548 4817 et
588 4759 826 4817 Leonem
854 4768 1019 4831 atque
1044 4760 1323 4817 Tiberium
1349 4776 1535 4819 coram
1575 4780 1669 4836 po-

64 4853 201 4921 pqu
226 4853 291 4908 in
314 4853 500 4911 medio
524 4852 676 4909 circo
695 4853 955 4909 decollari
980 4852 1129 4909 fecit.

134 4944 244 5002 His
276 4946 481 5002 diebus
504 4961 598 5001 rex
621 4946 1053 5019 Anglisaxonum
1088 4946 1314 5003 nomine
1337 4946 1668 5019 Cedoaldus,

63 5039 157 5107 qui
186 5038 408 5095 multas
430 5054 642 5110 pugnas
674 5040 729 5093 in
762 5055 861 5094 sua
887 5039 1062 5109 patria
1085 5040 1379 5108 commisit,
1406 5043 1473 5098 ad
1507 5042 1671 5099 Chri-

62 5145 215 5187 stum
250 5145 565 5187 conversus
599 5138 705 5199 est,
754 5138 811 5186 et
853 5128 1084 5186 tendens
1126 5128 1378 5198 Romam,
1421 5134 1569 5189 venit
1604 5136 1672 5191 ad

59 5222 485 5279 Chunibertuui
510 5237 712 5294 regem,
741 5237 773 5277 a
795 5238 907 5294 quo
947 5238 1074 5278 cum
1104 5238 1304 5294 magno
1326 5224 1535 5282 honore
1559 5242 1678 5282 sus-

57 5326 291 5388 ceptus,
332 5315 435 5371 ivit
466 5313 720 5381 Romam,
781 5325 839 5371 et
876 5331 908 5370 a
952 5317 1112 5371 beato
1158 5314 1347 5389 Sergio
1390 5334 1528 5389 papa
1576 5320 1678 5375 ha-~

1771 4487 2101 4544 adversariis
2123 4484 2273 4542 dedit
2290 4482 2598 4545 audaciam.
2647 4485 2946 4557 Postquam
2987 4503 3117 4544 vero
3163 4489 3357 4545 civita-

1771 4585 1880 4632 tem
1908 4574 2133 4631 intravit
2163 4587 2218 4631 et
2247 4575 2423 4631 sensit
2455 4574 2659 4630 iratum
2692 4574 2796 4631 sibi
2826 4589 2948 4632 esse
2975 4579 3235 4648 populum
3259 4572 3367 4649 pro'

1771 4669 1864 4727 tali
1887 4667 2055 4736 facto,
2092 4668 2286 4723 habuit
2315 4666 2633 4736 consilium,
2654 4677 2715 4723 ut
2734 4665 2945 4740 fugeret
2965 4668 3019 4723 in
3048 4669 3359 4739 Franciam,

1772 4769 1828 4818 et
1849 4761 1975 4818 tulit
2000 4760 2068 4817 de
2102 4759 2305 4830 palatio
2334 4774 2532 4816 aurum
2564 4749 2831 4831 quantum
2862 4760 3054 4828 voluit,
3083 4769 3138 4816 et
3169 4762 3357 4817 exivit.

1772 4850 2024 4922 Cumque
2043 4849 2296 4905 Ticinum
2322 4849 2547 4906 fluvium
2572 4852 2836 4907 oneratus
2857 4867 2995 4907 auro
3017 4854 3364 4908 tranet-atare

1772 4945 2054 5011 voluisset,
2084 4943 2381 5000 sull‘ocatus
2409 4943 2479 4998 ab
2511 4957 2675 5013 aqua,
2700 4951 2951 4999 mortuus
2971 4952 3077 4999 est.
3129 4943 3250 5001 Alio
3278 4946 3366 5000 die

1774 5035 2059 5091 inventum
2096 5041 2181 5089 est
2208 5048 2409 5103 corpus
2438 5032 2606 5099 illius,
2638 5040 2694 5087 et
2725 5032 2997 5103 sepultura
3035 5043 3120 5089 est
3144 5034 3211 5113 in
3256 5051 3366 5092 τεε-
3460 5070 3465 5081 ι

1777 5127 1940 5184 clcsia
1964 5125 2169 5182 domini
2197 5118 2514 5180 Salvatoris.
2542 5120 2673 5180 Post
2690 5123 2848 5195 cujus
2869 5134 3098 5181 mortem
3120 5126 3366 5198 Aspran-

1780 5218 1886 5275 dus
1912 5215 2398 5289 Longobardorum
2442 5232 2672 5288 regnum
2721 5217 2916 5285 tenuit,
2946 5228 3000 5273 et
3022 5219 3371 5279 solummodo

1785 5319 1896 5368 tres
1923 5323 2142 5365 menses
2171 5307 2434 5381 regnavit,
2468 5309 2553 5363 vir
2580 5323 2676 5379 per
2700 5309 2885 5364 omnia
2924 5310 3102 5367 bonus
3128 5320 3183 5368 et
3211 5315 3372 5385 cujus

57 5409 345 5481 ptizatus,
378 5405 577 5464 Petrus
614 5407 933 5463 nominatus
968 5416 1074 5475 est,
1121 5416 1177 5463 et
1224 5423 1349 5464 cum
1396 5410 1576 5466 adhuc
1626 5412 1680 5467 in
1784 5401 2065 5472 sapientiae
2090 5399 2253 5470 pauci
2282 5399 2533 5455 homines
2560 5390 2854 5455 assimila'ri
2885 5413 3136 5472 possunt.
3174 5403 3370 5460 Viden-

56 5500 205 5554 albis
236 5505 424 5564 esset,
453 5504 705 5551 mortuus
740 5504 844 5564 est,
878 5496 1012 5551 etin
1042 5497 1288 5552 teeclesia
1337 5500 1511 5554 sancti
1536 5499 1647 5555 Pen

1787 5501 1868 5548 tes
1896 5505 2076 5547 autem
2106 5490 2451 5561 Langobardi
2504 5488 2652 5562 quod
2680 5492 3002 5564 Asprandus
3044 5507 3370 5565 moreretur,

57 5591 362 5661 sepultus.

1787 5582 2034 5642 fecerunt
2069 5583 2176 5640 sibi
2204 5599 2383 5654 regem
2415 5585 2586 5641 lilium
2616 5585 2736 5655 ejus
2766 5584 3182 5657 Liutprandum,
3221 5600 3377 5660 patre

127 5685 263 5742 Hoc
291 5683 471 5738 etiam
498 5690 741 5751 tempore
772 5679 873 5737 fuit
916 5681 971 5737 in
1011 5698 1176 5755 regno
1218 5683 1557 5741 Francorum
1600 5686 1717 5741 vir“
1785 5681 1965 5738 adhuc
1991 5669 2222 5734 vivente.

424 5777 704 5840 ΡΑτιιοι..
739 5778 943 5842 CLIV.

2828 5742 2907 5803 '26
