3880 6308
574 267 676 323 8H

1747 257 2146 318 EKKEHARDI
2184 254 2538 315 URAUGIEN
2547 256 2651 313 SIS

3741 254 3829 312 812

645 377 997 454 Phylippicus
1031 385 1212 432 autem
1250 372 1621 432 Iustinianum
1650 373 2034 445 imperatorem
2062 389 2160 428 oc-
2189 377 2236 436 Α
2265 372 2580 439 Barcctum;
2613 374 2851 445 itemque
2878 373 2934 428 in
2962 371 3174 428 Alonua
3218 370 3349 428 villa
3396 371 3617 444 propria
3664 386 3828 426 mona-

575 471 729 538 cldit,
760 484 1096 543 regnumque
1129 467 1249 539 ejus
1277 482 1374 538 per
1399 482 1606 522 annum
1633 474 1688 520 et
1715 481 1810 520 sex
1838 482 2056 521 menses
2085 474 2165 522 te-

573 563 730 630 nuit;
760 560 1000 618 surrexit
1023 560 1170 615 enim
1201 567 1394 616 contra
1429 573 1556 615 eum
1595 558 1946 626 Anastasius,
1982 559 2078 630 qui
2111 569 2165 614 et

573 653 893 710 Arthemius
919 652 1098 708 dictus
1125 661 1229 718 est,
1259 659 1314 706 et
1341 649 1502 721 ejecit
1541 665 1668 705 eum
1704 651 1772 724 de
1809 665 1979 722 regno
2026 665 2164 706 ocu-

574 743 768 813 losque
795 741 914 812 ejus
940 756 1228 814 erumpere
1258 739 1403 797 fecit.
1455 739 1781 797 Anastasius
1817 749 1999 797 autem
2037 756 2164 796 cum

575 834 816 891 mitteret
843 849 1010 890 naves
1049 833 1104 889 in
1140 818 1531 889 Alexandriam
1573 843 1761 890 contra
1809 831 2163 904 Sarracenos,

574 925 906 983 divertentes
959 926 1163 981 milites
1217 925 1742 997 Constantinopolim
1791 927 2168 998 exquisierunt

576 999 970 1086 Theodosium,
1016 1017 1385 1074 orthodoxum
1435 1017 1644 1084 virum,
1693 1026 1748 1073 et
1791 1017 2021 1074 invitum
2067 1034 2166 1089 per

573 1113 890 1169 violentiam
945 1120 1250 1183 posuerunt
1304 1111 1359 1166 in
1416 1127 1666 1184 regnum.
1727 1110 1928 1168 Exiens
1980 1121 2164 1168 autem

573 1203 718 1259 idem
747 1201 1091 1259 Theodosius
1116 1203 1182 1258 de
1213 1201 1688 1272 Constantinopoli
1717 1203 1770 1256 in
1799 1201 2041 1270 Niceam,
2063 1219 2166 1273 pu-

573 1292 760 1366 gnavit
785 1303 977 1350 contra
1011 1292 1378 1360 Anastasium,
1410 1301 1467 1349 et
1491 1292 1622 1349 vicit
1648 1309 1798 1361 eum,
1837 1293 2068 1365 tulitque
2095 1295 2164 1350 ab

573 1400 642 1441 eo
677 1394 1104 1453 sacramentum,
1141 1395 1196 1441 et
1229 1401 1355 1441 eum
1405 1385 1666 1441 clericum
1716 1385 1833 1441 ﬁeri
1874 1385 2063 1457 jussit,
2110 1395 2167 1443 et

575 1487 766 1548 postea
814 1477 1175 1548 presbiterum
1228 1478 1471 1533 ordinari
1519 1476 1666 1532 fecit.
1719 1477 1935 1534 Mortuo
1981 1487 2165 1535 autem

573 1568 881 1625 Theodosio
915 1577 1041 1640 post
1069 1585 1274 1625 annum
1304 1585 1505 1638 unum,
1537 1568 1647 1626 Leo
1676 1567 1854 1627 factus
1881 1579 1965 1627 est
1993 1570 2166 1643 impe-

573 1670 744 1717 rator.

643 1752 800 1824 Apud
831 1768 1059 1824 regnum
1097 1752 1434 1810 Francorum
1472 1753 1563 1809 illo
1603 1754 1658 1810 in
1696 1764 1939 1826 tempore
1974 1755 2160 1829 Pippi-

571 1861 679 1900 nus
714 1845 979 1916 regnavit,
1030 1846 1123 1916 qui
1179 1845 1284 1901 fuit
1330 1845 1564 1901 nimium
1611 1848 1790 1903 audax
1842 1864 2165 1920 semperque

572 1936 642 1991 ab
671 1937 921 1992 hostibus
947 1937 1229 1993 victoriam
1261 1938 1469 1994 habuit.
1529 1937 1629 1995 Hic
1657 1939 1847 1995 habuit
1874 1941 2036 2007 lilios,
2067 1940 2163 1997 sed

575 2043 642 2082 ex
673 2029 752 2084 eis
783 2027 1014 2086 Karolus
1042 2030 1282 2102 optimus
1304 2029 1502 2099 extitit,
1525 2030 1618 2102 qui
1639 2039 1764 2102 post
1783 2047 1909 2087 eum
1934 2047 2164 2106 regnum

574 2120 804 2190 accepit.
1995 2187 2000 2190 _

640 2210 802 2267 Circa
830 2213 948 2269 haec
975 2220 1220 2284 tempora
1247 2223 1611 2285 compunctus
1638 2215 1822 2272 divino
1849 2230 2036 2284 amore
2057 2215 2164 2274 Pa-

571 2311 768 2358 tronax
795 2303 862 2360 de
897 2303 1080 2360 Brixia
1117 2306 1266 2360 venit
1303 2305 1558 2375 Romam,
1595 2316 1651 2363 et
1684 2324 1780 2378 per
1827 2309 2164 2366 exhortatio-

573 2409 698 2449 nem
731 2395 823 2426 ¹⁰⁸³
853 2395 994 2450 beati
1035 2394 1304 2469 Gregorii,
1335 2405 1463 2454 tunc
1490 2399 1756 2470 temporis
1793 2415 1966 2471 papae,
2017 2401 2166 2456 venit

570 2485 630 2540 iu
667 2484 958 2542 Cassinum
996 2497 1263 2556 castrum,
1303 2489 1575 2561 coepitque
1615 2491 1690 2546 ibi
1739 2491 1986 2550 habitare
2033 2509 2161 2549 cum

571 2577 914 2648 simplicibus
941 2578 1278 2646 hominibus,
1303 2580 1398 2651 qui
1430 2590 1561 2637 tunc
1588 2580 1664 2636 ibi
1693 2583 2022 2640 residebant.
2055 2583 2160 2652 Qui

568 2669 764 2726 deinde
812 2670 1048 2726 eundem
1085 2672 1449 2728 venerabilem
1486 2672 1666 2728 virum
1698 2672 2053 2731 Petronacem
2082 2675 2163 2733 fe-

570 2770 764 2817 cerunt
798 2761 902 2816 sibi
939 2762 1232 2818 seniorem.
1283 2763 1582 2836 Coeperunt
1627 2773 1811 2821 autem
1858 2767 2042 2823 statim
2091 2769 2161 2824 ad

569 2868 697 2909 eum
727 2869 1054 2910 concurrere
1082 2854 1241 2912 multi
1268 2855 1372 2910 viri
1402 2856 1632 2925 nobiles,
1662 2866 1717 2913 et
1745 2857 2040 2929 adjuvante
2076 2860 2162 2916 di-

567 2944 697 3000 vina
725 2934 920 3018 gratia,
948 2961 1048 3016 pro
1077 2946 1286 3002 meritis
1323 2946 1466 3002 beati
1513 2947 1686 3018 patris
1728 2948 2025 3016 Benedicti,
2075 2966 2162 3006 re-

2265 465 2492 522 stcrium
2529 465 2659 521 fecit
2685 466 2740 520 in
2770 465 2979 521 honore
3025 464 3201 520 sancti
3245 464 3526 520 Anastasii
3577 463 3828 534 martyris.

2266 557 2528 613 Similiter
2556 557 2684 614 fecit
2709 559 3014 614 ecclesiam
3043 557 3252 613 domini
3293 555 3599 613 Salvatoris
3624 559 3675 612 in
3706 557 3829 627 pala-

2263 649 2341 704 tio
2369 663 2492 716 suo,
2523 657 2578 705 et
2604 649 2876 706 ordinavit
2913 649 2987 704 ibi
3016 649 3332 706 sacerdotes
3368 657 3424 704 et
3459 649 3707 714 clericos,
3757 649 3829 718 qui

2264 741 2485 798 cottidie
2511 743 2693 798 divina
2715 742 2889 799 cilicia
2910 743 2986 798 ibi
3008 743 3372 810 celebrarent,
3400 745 3551 814 quod
3575 760 3829 816 nunquam

2264 834 2357 889 alii
2394 849 2547 905 reges
2591 843 2718 889 ante
2763 835 2944 904 ipsum
2996 835 3327 892 habuerunt.
3382 833 3683 906 Postquam
3726 852 3830 893 vero

2264 925 2510 995 regnavit
2536 939 2634 995 per
2660 939 2836 981 annos
2856 925 2917 978 51
2950 932 3006 981 et
3033 940 3250 982 menses
3281 925 3333 991 7,
3365 935 3625 982 mortuus
3645 934 3744 991 est,
3765 944 3827 982 sc-

2263 1017 2557 1088 pultusque
2585 1025 2670 1074 est
2706 1018 2759 1072 in
2790 1018 3035 1074 :ecclesia
3074 1018 3251 1074 sancti
3296 1018 3530 1074 Adriani
3582 1021 3826 1089 martyri,

2264 1109 2358 1165 ubi
2387 1117 2441 1164 et
2471 1118 2622 1179 pater
2649 1109 2767 1180 ejus
2801 1111 3049 1182 sepultus
3073 1119 3176 1167 est.
3227 1110 3358 1166 Fuit
3403 1119 3596 1167 autem
3645 1113 3828 1181 sapias

2263 1209 2318 1256 et
2345 1199 2523 1268 fortis,
2555 1211 2769 1258 amator
2796 1203 2968 1273 pacis,
2998 1203 3351 1274 culpantibus
3380 1203 3724 1266 misericors,
3759 1219 3825 1255 ca—

2265 1299 2404 1357 stus,
2439 1291 2782 1349 orationibus
2812 1301 2866 1348 et
2904 1293 3105 1364 vigiliis
3148 1293 3387 1361 deditus,
3439 1294 3500 1348 in
3547 1294 3827 1348 elemosinis

2265 1381 2482 1453 largus;
2520 1382 2730 1439 litteras
2765 1400 2876 1439 non
2913 1385 3083 1451 novit,
3132 1383 3228 1440 sed
3277 1393 3464 1439 tamen
3515 1384 3601 1439 sic
3649 1384 3826 1454 sapiens

2263 1472 2388 1542 fuit,
2418 1484 2478 1531 ut
2503 1476 2860 1548 phylosophis
2888 1477 3298 1533 assimulaudus
3328 1477 3419 1532 sit.

2334 1565 2629 1638 Hucusque
2655 1569 2723 1624 de
2750 1567 3237 1642 Langobardorum
3265 1569 3447 1641 gentis
3476 1569 3696 1642 origine
3719 1571 3824 1640 ejus-

2265 1672 2373 1728 que
2416 1657 2472 1712 in
2513 1657 2723 1714 Italiam
2765 1659 3107 1732 ingressione
3148 1677 3454 1734 regumque
3487 1663 3616 1733 ejus
3644 1678 3823 1718 succiso

2265 1749 2421 1804 sione
2467 1749 2698 1806 strictim
2740 1750 3128 1823 descripsisse,
3187 1755 3596 1824 imperatorum
3650 1772 3822 1826 quoque

2265 1841 2639 1898 Romanorum
2669 1842 2887 1900 interim
2914 1848 3259 1916 regnantium
3282 1848 3509 1902 nomina
3541 1857 3600 1902 et
3621 1857 3820 1917 tempora

2263 1935 2500 1992 breviter
2529 1936 2771 2008 tetigisse
2799 1937 3054 2005 suiiiciat,
3083 1955 3229 1994 nunc
3256 1938 3326 1994 ad
3353 1949 3533 2009 cepta
3579 1941 3736 1996 seriei
3761 1941 3818 1994 di-

2265 2027 2586 2100 gestioncm,
2609 2028 2755 2085 unde
2774 2030 3059 2102 paululum
3081 2030 3314 2103 digressi
3336 2047 3562 2098 sumus,
3573 2032 3820 2102 desaiptio

2261 2121 2468 2178 redeat.

2335 2212 2433 2285 (Η.
2479 2213 2575 2285 m.)
2627 2211 2880 2272 Justinus
2922 2214 3218 2287 imperator
3260 2215 3566 2289 Tyberium
3608 2220 3816 2274 comitem

2262 2307 2643 2363 excubitorum
2679 2307 2784 2363 sibi
2821 2307 2993 2364 ﬁlium
3022 2307 3252 2375 faciens,
3284 2324 3538 2365 cesarem
3576 2311 3818 2381 appellavit

2261 2405 2318 2451 et
2339 2410 2718 2452 consessorem
2743 2412 2906 2452 suum
2934 2397 3236 2453 constituit.
3276 2397 3409 2454 Erat
3438 2399 3731 2470 imperator
3747 2417 3814 2470 pe-

2262 2486 2426 2542 dibus
2449 2501 2596 2558 eger,
2630 2494 2685 2541 et
2713 2502 2810 2557 per
2837 2487 2943 2542 hoc
2967 2489 3142 2558 magis
3167 2487 3224 2542 in
3256 2487 3460 2544 lectulo
3489 2489 3687 2558 iacuit.
3723 2489 3814 2544 Post

2264 2579 2381 2654 haec
2416 2579 2744 2648 inﬁrmatus,
2789 2581 2882 2637 sed
2912 2591 3034 2652 post
3074 2582 3357 2652 paululum
3394 2598 3429 2637 a
3469 2583 3730 2655 languore
3756 2584 3815 2636 di-

2263 2673 2489 2740 missus,
2520 2674 2844 2729 convocavit
2877 2683 2989 2729 tam
3019 2673 3294 2730 Euticium
3325 2675 3649 2746 pontiﬁcem
3680 2687 3725 2731 et
3751 2692 3815 2730 se-

2262 2772 2475 2829 natum,
2499 2780 2664 2834 quam
2696 2781 2890 2821 omnes
2911 2765 3226 2822 sacerdotes
3257 2775 3312 2821 et
3333 2767 3512 2831 cives,
3547 2777 3607 2823 et
3630 2768 3816 2823 aridum

2262 2871 2466 2912 caesare
2493 2855 2748 2928 Tyberio,
2781 2858 2962 2928 palam
2993 2858 3252 2913 omnibus
3277 2860 3584 2929 appellavit
3601 2876 3710 2916 eu
3733 2860 3812 2912 in-

2261 2959 2590 3019 peratorem,
2622 2949 2710 3006 his
2745 2950 3095 3006 sermonibus
3130 2967 3268 3006 usus
3303 2970 3316 3006 :
3355 2951 3498 3006 Ecce
3537 2951 3678 3006 Deus
3701 2953 3815 3004 iam.

570 3036 782 3106 paravit
809 3037 991 3108 priora
1019 3037 1350 3106 habitacula,
1380 3039 1679 3110 vivensque
1726 3056 1851 3096 cum
1902 3043 2160 3098 omnibus
2187 3066 2228 3123 ο
2261 3041 2387 3111 fecit
2425 3042 2544 3108 tibi,
2580 3041 2717 3096 hunc
2753 3042 2994 3096 habitum
3041 3042 3183 3098 Deus
3230 3043 3330 3097 tibi
3378 3045 3556 3109 dedit,
3597 3060 3692 3098 nos
3726 3058 3809 3112 ego.

569 3129 675 3186 sub
700 3129 831 3200 jugo
869 3137 1072 3185 sanctae
1119 3131 1320 3202 regula:
1367 3131 1668 3187 secundum
1718 3133 1965 3189 ordinem
2014 3135 2159 3190 beati

568 3219 866 3289 Benedicti,
915 3230 1166 3276 sanctum
1214 3221 1348 3278 illud
1394 3224 1787 3280 monasterium
1835 3226 1904 3281 ad
1952 3226 2157 3282 bonum

568 3313 899 3382 perduxerat
927 3321 1151 3368 statum.
1182 3311 1322 3369 Huic
1349 3315 1646 3370 venerabili
1673 3316 1792 3372 viro
1828 3318 1999 3373 multa
2030 3317 2159 3376 fecit

569 3404 840 3475 adjutoria
869 3404 1100 3461 dilectus
1128 3403 1240 3462 Deo
1269 3405 1564 3463 Zacharias
1601 3423 1761 3480 papa,
1801 3409 1940 3466 dans
1987 3409 2038 3466 ei
2085 3411 2156 3465 li-

567 3496 700 3552 bros
729 3504 932 3554 sancta:
959 3497 1243 3569 scripturae
1269 3507 1324 3554 et
1351 3499 1455 3555 alia
1486 3515 1610 3570 quae
1635 3501 1702 3556 ad
1731 3501 2022 3558 utilitatem
2048 3519 2158 3558 mo-

570 3588 798 3644 nasterii
826 3588 1118 3659 pertinent,
1152 3589 1375 3662 insuper
1401 3599 1456 3646 et
1481 3593 1746 3663 regulam,
1779 3609 1943 3664 quam
1965 3594 2157 3651 beatus

567 3685 724 3748 pater
751 3677 1073 3736 Benedictus
1101 3681 1356 3738 manibus
1384 3683 1502 3739 suis
1530 3684 1768 3754 scripsit.
1825 3686 1910 3741 Ab
1937 3687 2030 3743 illo
2057 3704 2165 3744 au--

568 3776 682 3825 tem
711 3778 978 3841 tempore,
1007 3787 1074 3828 ex
1103 3788 1213 3844 quo
1243 3774 1397 3830 locus
1425 3775 1516 3830 ille
1550 3776 1864 3833 destructus
1909 3789 2012 3846 est,
2059 3797 2156 3837 us-

569 3875 677 3931 que
704 3861 771 3917 ad
795 3861 912 3932 jam
940 3863 1144 3920 dictum
1183 3866 1434 3923 abbatem
1472 3866 1853 3939 Petronacem,
1901 3873 2155 3944 completi

566 3951 788 4008 fuerunt
817 3965 1035 4011 centum
1061 3965 1115 4012 et
1141 3957 1328 4013 decem
1355 3958 1508 4014 anni.

635 4040 694 4098 ln
733 4041 983 4113 Francia,
1023 4055 1241 4103 mortuo
1280 4047 1531 4120 Pippino,
1573 4049 1718 4106 [ilius
1745 4051 1866 4122 ejus
1898 4052 2152 4124 Karolus,

565 4135 816 4203 quamvis
843 4151 943 4206 per
984 4138 1184 4193 multas
1230 4154 1462 4210 pugnas,
1503 4140 1629 4195 tulit
1674 4142 2039 4214 principatum
2086 4146 2156 4203 de

562 4232 832 4295 potestate
885 4225 1210 4296 Reginl'ridi.
1269 4228 1412 4285 Inter
1467 4231 1584 4287 haec
1637 4231 2006 4304 Liutprandus
2056 4254 2154 4294 rex

562 4318 794 4374 audiens
823 4320 969 4390 quod
1026 4319 1315 4378 Sarraceni
1351 4323 1778 4394 depredarentur
1821 4327 2150 4399 Sardiniam,

561 4407 709 4464 dedit
734 4425 994 4480 magnum
1024 4412 1290 4482 precium,
1321 4424 1376 4470 et
1403 4415 1554 4472 misit
1591 4416 1647 4472 in
1685 4416 2016 4489 Sardiniam,
2070 4421 2152 4478 fe-
2186 4410 2229 4466 ι)
2254 4436 2368 4474 cere
2390 4419 2586 4476 oblitus
2610 4438 2728 4475 sum
2751 4422 2807 4476 in
2825 4438 2917 4476 cor
2945 4432 3094 4477 tuum
3117 4425 3315 4478 mittat.
3359 4423 3491 4480 Haec
3520 4442 3646 4481 cum
3665 4425 3812 4490 loqur

561 4499 744 4571 citque
794 4501 920 4574 inde
957 4502 1152 4558 adduci
1193 4519 1318 4560 ossa
1356 4507 1531 4563 sancti
1568 4508 1858 4580 Augustini
1889 4513 2152 4585 episcopi,

560 4600 616 4647 et
642 4592 828 4662 posuit
856 4593 944 4648 illa
975 4594 1275 4650 honorifice
1303 4596 1359 4651 in
1390 4596 1602 4656 Ticino.

632 4682 765 4738 Post
814 4683 931 4739 inec
969 4683 1203 4742 Karolus
1253 4702 1347 4742 rex
1396 4687 1730 4748 Francorum
1779 4693 1928 4750 misit
1975 4695 2160 4768 Pippi-

558 4792 692 4831 num
718 4775 888 4832 [ilium
919 4793 1080 4833 suum
1111 4778 1178 4832 ad
1206 4777 1603 4856 Liutprandum
1633 4800 1836 4858 regem,
1867 4796 1929 4842 ut
1959 4789 2152 4844 tonde-

557 4877 644 4923 ret
681 4869 908 4940 capillos
933 4869 1053 4939 ejus
1081 4878 1136 4924 et
1163 4869 1366 4926 faceret
1392 4887 1518 4928 eum
1559 4875 1665 4930 sibi
1697 4877 1892 4933 exinde
1928 4895 2154 4950 compa-

557 4968 729 5026 trcm;
761 4961 907 5032 quod
937 4962 1026 5016 ille
1054 4961 1203 5030 fecit,
1234 4979 1574 5037 puerumque
1603 4983 1729 5023 cum
1767 4968 1929 5027 donis
1966 4972 2153 5029 multis

559 5050 626 5104 ad
655 5059 865 5121 patrem
895 5051 1128 5108 remisit.

626 5138 796 5211 Igitur
829 5141 1199 5214 Liutprandus
1227 5161 1322 5202 rex
1360 5149 1561 5204 multas
1595 5151 1869 5208 ecclesias
1898 5169 1996 5224 per
2023 5155 2143 5213 loca

555 5231 772 5287 diversa
813 5235 1141 5292 construxit.
1191 5237 1342 5294 Fecit
1377 5239 1523 5296 enim
1562 5245 1956 5301 monasterium
1997 5247 2142 5304 beati

552 5321 701 5379 Petri
729 5326 958 5396 apostoli
988 5326 1122 5384 loris
1149 5344 1339 5387 muros
1365 5329 1671 5405 Ticinensis
1699 5335 1934 5393 civitatis
1951 5379 1968 5404 ,
1996 5339 2141 5408 quod

553 5414 758 5470 dicitur
783 5415 850 5471 ad
879 5416 1085 5473 Caelum
1123 5435 1374 5490 aureum,
1403 5431 1459 5479 et
1485 5439 1706 5482 sursum
1738 5426 1794 5483 in
1821 5428 2050 5500 Alpibus
2087 5430 2142 5486 in

551 5508 773 5580 propria
804 5524 902 5567 sua
941 5510 1068 5567 villa
1114 5510 1244 5570 fecit
1288 5517 1705 5588 monasterium,
1751 5521 1899 5592 quod
1943 5522 2146 5579 dicitur

1857 5612 2092 5671 VARIA’I
2133 5615 2431 5675 LECTION
2441 5621 2545 5677 ES.

1444 5701 1534 5734 ’⁸⁸⁵
1554 5702 1697 5758 deest
1746 5704 1793 5759 Ι.
1850 5705 1902 5760 4.
1984 5707 2075 5740 ⁸⁸⁸⁵
2119 5719 2239 5780 post
2281 5713 2484 5782 supplet
2535 5715 2582 5770 l.

553 5694 646 5728 ιου
669 5704 722 5751 et
754 5710 806 5766 p.
838 5710 887 5751 e.
919 5695 974 5748 in
1006 5694 1120 5750 loco
1156 5713 1277 5752 raso
1312 5699 1361 5752 l.

2263 3131 2482 3188 Honora
2503 3132 2679 3201 illum,
2703 3142 2762 3188 ut
2789 3144 2846 3188 tu
2873 3151 3073 3206 quoque
3100 3134 3376 3190 hortareris
3407 3138 3476 3189 ab
3506 3136 3634 3200 illa;
3659 3137 3814 3188 tamen

2260 3233 2484 3280 matrem
2514 3234 2683 3294 tuam,
2711 3242 2832 3297 qua:
2858 3225 3146 3297 aliquando
3176 3227 3274 3281 tibi
3309 3228 3539 3281 domina
3578 3229 3709 3298 fuit;
3739 3242 3809 3277 ιθ-

2257 3317 2349 3384 sti,
2377 3318 2516 3388 quod
2541 3319 2773 3388 primum
2801 3319 2966 3388 fueris
2994 3318 3108 3388 ejus
3136 3335 3339 3385 servus,
3380 3337 3525 3374 nam:
3572 3331 3728 3374 autem
3761 3317 3811 3384 βο

2257 3408 2382 3464 lius.
2443 3408 2526 3464 Ne
2568 3410 2850 3481 gratuleris
2879 3412 2934 3465 in
2961 3411 3340 3484 sanguinibus,
3377 3429 3474 3466 nec
3510 3411 3809 3466 emunita

2257 3501 2566 3568 homicidio,
2599 3518 2661 3556 ne
2690 3502 2890 3556 malum
2924 3519 3020 3574 pro
3059 3502 3200 3556 malo
3241 3503 3456 3570 reddas,
3509 3521 3576 3558 ne
3613 3505 3663 3558 in
3703 3501 3810 3555 uelo

2257 3594 2562 3649 inimicicite
2592 3594 2751 3648 michi
2779 3595 2973 3649 similis
3001 3595 3280 3664 efficiaris;
3309 3612 3414 3649 non
3443 3596 3608 3650 elevet
3634 3605 3678 3648 te
3701 3595 3808 3646 uii-

2259 3694 2342 3741 tus
2371 3686 2456 3741 hic
2485 3687 2928 3758 quemadmodum
2956 3704 3073 3753 me;
3101 3689 3180 3742 sic
3209 3689 3424 3744 attende
3453 3691 3689 3743 omnibus
3706 3688 3810 3740 sint

2258 3776 2391 3840 tibi;
2419 3777 2553 3830 scito
2581 3778 2699 3847 quis
2731 3778 2918 3848 fueris,
2951 3794 3014 3832 nc
3041 3779 3314 3849 superbius
3332 3821 3349 3845 ,
3378 3787 3427 3833 et
3459 3797 3567 3832 mm
3592 3778 3806 3848 peccabis.

2260 3865 2451 3922 Omnes
2479 3868 2572 3921 isti
2607 3866 2710 3938 ﬁlii
2752 3869 2830 3923 tui
2876 3878 3000 3923 sunt
3035 3879 3085 3924 et
3128 3871 3286 3932 servi.
3337 3870 3432 3924 hos
3484 3888 3604 3925 cum
3645 3870 3812 3926 rideo.

2255 3976 2432 4015 omnes
2460 3960 2551 4031 qui
2578 3971 2702 4015 sunt
2731 3963 2806 4017 rei
2827 3962 3059 4033 publica:
3077 3964 3240 4018 uides.
3282 3962 3412 4020 Haec
3439 3981 3572 4020 cum
3600 3966 3808 4020 dixisset.

2253 4059 2310 4108 et
2335 4050 2478 4108 facta
2505 4053 2750 4109 oratione
2771 4070 2803 4108 a
2827 4055 3161 4126 patriarcha,
3184 4071 3310 4111 cum
3333 4056 3608 4112 dixissent
3627 4069 3808 4111 omnes:

2253 4141 2440 4208 Amen,
2490 4143 2689 4198 cecidit
2727 4160 2902 4200 caesar
2927 4144 2995 4200 ad
3027 4145 3195 4215 pedes
3226 4146 3600 4217 imperatoris,
3634 4158 3685 4201 et
3705 4147 3814 4198 dixit

2252 4233 2304 4290 ei
2335 4253 2347 4289 :
2386 4233 2446 4290 Si
2469 4236 2567 4302 vis,
2602 4253 2750 4300 sum;
2784 4237 2830 4291 si
2867 4238 2966 4306 vis,
2994 4255 3097 4292 non
3121 4255 3260 4293 sum.
3298 4237 3368 4294 Et
3392 4240 3684 4310 imper-aur
3718 4239 3804 4291 ait:
3849 4233 3857 4320 J

2254 4326 2417 4395 Deus,
2448 4329 2538 4399 qui
2561 4329 2686 4398 fecit
2709 4329 2897 4384 cretum
2918 4339 2969 4385 et
2998 4340 3216 4391 terram.
3255 4332 3366 4402 ipse
3399 4334 3583 4386 omnia
3611 4349 3717 4403 qu
3745 4330 3808 4379 di-

2251 4522 2407 4569 retur
2438 4514 2752 4585 imperator,
2780 4516 3023 4586 replebat
3053 4516 3295 4572 lacrimis
3327 4525 3507 4572 totum
3535 4517 3800 4586 adlegi“

2257 4605 2388 4662 Post
2418 4607 2536 4662 inec
2563 4605 2813 4663 Justinus
2841 4623 2987 4662 anno
3033 4608 3094 4663 11
3134 4609 3289 4681 regni
3330 4609 3418 4664 sui
3450 4620 3692 4665 mutuus
3723 4614 3805 4666 est.

2258 4698 2450 4754 relicto
2484 4697 2718 4770 Tyberio
2755 4714 3096 4756 successore.

2251 4789 2395 4844 Anni
2423 4791 2516 4822 ¹⁰⁸δ
2538 4789 2758 4845 Justini.

2322 4882 2374 4935 1.
2413 4879 2562 4952 (Chr.
2589 4881 2703 4952 W.)
2733 4881 2920 4938 Primo
2950 4892 3133 4940 autem
3169 4901 3318 4940 anno
3355 4883 3579 4951 Justini,
3625 4885 3712 4955 qui
3744 4891 3814 4942 est.

2248 4990 2426 5030 annus
2455 4973 2745 5031 dominicae
2768 4975 3164 5034 incarnationis
3187 4977 3378 5046 565'",
3399 4977 3644 5033 Armenii
3670 4973 3807 5030 sesci—
3847 5043 3849 5046 ι

2247 5064 2406 5134 piunt
2431 5065 2614 5122 ﬁdem.

2320 5155 2374 5210 5.
2407 5155 2504 5227 (Η.
2535 5158 2632 5228 m.)
2666 5157 2733 5213 A.
2771 5158 2834 5214 Ι).
2863 5159 2988 5216 567.
3033 5158 3240 5231 Sophia
3267 5172 3513 5233 augusta,
3551 5156 3802 5214 30085355
3843 5205 3847 5233 ,-

2248 5250 2497 5316 notariis,
2538 5249 2738 5308 deferri
2775 5253 2868 5285 “”
2908 5253 3076 5324 jussit
3112 5254 3397 5309 cautiones
3437 5252 3737 5308 debitorum
3761 5256 3832 5326 ιιι¹

2246 5341 2460 5409 breves,
2488 5353 2543 5399 et
2565 5344 2771 5400 dimisit
2793 5346 2876 5402 eis
2899 5347 3106 5402 omnia.
3144 5345 3294 5418 (Chr.
3329 5346 3438 5416 W.)
3459 5345 3663 5400 Eodem
3685 5353 3801 5396 anno
3829 5339 3847 5418 1

2240 5395 2460 5491 Nais;
2482 5395 2770 5506 salit};
2787 5395 3261 5512 ﬁnisﬁnis?“
3278 5395 3496 5496 ἐξέίᾶίῖ
3505 5395 3798 5504 ὤσειεν
3829 5395 3845 5512 Ὗ

2239 5525 2519 5598 dispersit.

3857 4077 3859 4159 l

3849 4223 3857 4363 ι

3849 4411 3855 4567 l

3849 4589 3853 4771 ι

3849 4821 3851 4975 |

3840 5219 3847 5381 Ι

3840 5395 3845 5585 1
