3880 6308
75 315 148 371 8,5
911 297 1280 355 CHRONICA.
1321 329 1391 338 --
1427 296 1823 357 CliRONlCON
1865 301 2321 362 UNIVERSALE.

3132 313 3238 368 8H

116 425 154 479 ι.
188 423 238 476 Δ.
277 418 331 473 Ι).
368 414 483 472 568.
535 411 879 484 Longobardi
917 411 1129 467 Italiam
1174 420 1451 482 petentes,
1491 412 1556 466 de
1586 414 1627 470 A
1659 413 1992 484 impcrialem
2041 435 2136 488 per
2182 419 2252 474 50
2293 421 2409 476 dies
2443 419 2836 493 jocundaretur
2868 441 2992 480 cum
3028 427 3143 481 suis
3169 426 3237 479 ad

65 513 275 571 Pannonia
297 507 479 581 egressi
505 514 636 562 sunt
674 505 767 576 (cf.
805 504 865 560 P.
904 505 1016 576 D.).

110 609 148 662 6.
168 605 219 659 Α.
241 603 296 657 D.
319 600 432 656 5-70.
475 598 854 670 'Longobardi
895 597 1260 654 Mediolanum
1307 597 1549 652 intrave-

63 709 173 813 mm:
198 788 266 842 Μ
285 786 340 841 Ε.
362 786 480 840 etin
509 785 611 856 ﬁne
639 785 766 839 anni
791 785 991 856 5—H
1028 785 1121 818 ¹⁹⁸⁸
1140 785 1342 840 addunt
1368 800 1386 839 :
1410 782 1550 840 Sau-

209 869 314 915 ctus
336 855 592 913 Vedastus
620 856 776 912 obiit.
811 857 884 928 cf.
909 855 1084 928 Sigeo.

102 975 139 1030 7.
159 975 210 1029 A.
229 973 282 1028 Ι).
310 972 399 1028 571
426 975 463 1026 ⁹.

154 1067 256 1121 'D?
284 1065 338 1119 Ε.
369 1066 401 1120 4
419 1095 488 1104 -
513 1065 572 1120 Η
605 1065 809 1136 addunt
837 1080 855 1118 :
887 1063 1184 1136 Gregorius
1212 1061 1548 1136 Turonensis

201 1138 466 1208 episcopus
497 1137 556 1191 in
595 1137 686 1169 ‘°"
727 1135 900 1192 Gallia
930 1134 1118 1191 claret.
1150 1137 1222 1206 cf.
1261 1134 1436 1206 Sigeo.

98 1254 160 1308 ll.
186 1252 312 1324 (Chr.
342 1251 449 1323 W.)
470 1250 536 1306 A.
568 1249 631 1305 D.
659 1251 784 1306 575.
813 1249 1371 1321 Justinusimperator
1386 1248 1542 1304 obiit.

63 1347 216 1413 juidam
243 1345 470 1401 scribunt
500 1342 582 1414 (P.
621 1342 685 1398 D.
723 1359 806 1410 ιιι,
844 1343 954 1414 ii),
1001 1343 1148 1413 quod
1198 1342 1254 1396 in
1304 1340 1546 1398 heresim

64 1441 315 1508 ’elagianam
337 1435 603 1502 inciderit,
629 1444 684 1492 et
705 1435 826 1492 ideo
848 1435 1000 1506 justo
1026 1433 1119 1491 Dei
1144 1433 1354 1506 judicio
1378 1448 1544 1491 sensu

64 1529 209 1593 erdito,
233 1543 345 1583 cum
367 1527 602 1583 amentia
630 1526 795 1582 vitam
825 1525 1077 1582 ﬁniverit.

63 1620 140 1673 tnui
170 1617 378 1691 Tyberii.

87 1708 158 1776 (Η.
185 1710 267 1780 m.)
290 1710 440 1766 Anno
463 1709 754 1766 dominicae
780 1707 1174 1765 incarnationis
1202 1707 1350 1777 576°,
1376 1707 1542 1764 Urbis

1652 507 2004 578 vindemiam,
2032 510 2247 584 Sopliya
2273 511 2643 570 Iustinianum
2661 517 2802 572 clam
2825 521 3057 587 vocavit,
3083 540 3238 580 eum-

1651 615 1757 669 que
1782 599 1836 654 in
1864 618 2090 672 regnum
2116 605 2412 661 sublimare
2433 608 2686 678 quesivit.
2730 607 2846 666 Hoc
2867 612 3095 670 audiens
3126 615 3235 689 Ty-

1650 688 1854 757 berius,
1887 689 2208 749 festinanter
2256 695 2785 769 Constantinopolim
2822 702 3003 769 rediit,
3041 688 3232 776 appre-

1649 779 1989 854 hensamque
2019 783 2317 860 Sophyam,
2343 790 2598 847 omnibus
2626 791 2742 848 suis
2769 793 2932 850 rebus
2960 810 3079 851 eam
3110 813 3238 869 spo-

1649 875 1819 945 liavit,
1852 879 2130 938 dimittens
2157 883 2207 938 ei
2243 892 2451 940 tantum
2480 887 2625 943 unde
2665 889 2888 958 viveret,
2938 903 2992 948 et
3039 895 3238 954 tollens

1648 983 1841 1026 omnes
1883 985 2084 1042 pueros
2121 974 2261 1045 ejus,
2303 977 2371 1033 de
2413 980 2529 1036 suis
2559 981 2810 1039 fidelibus
2845 985 3028 1054 posuit
3063 988 3157 1059 qui
3185 990 3237 1045 ei

1648 1063 1936 1130 servirent,
1989 1065 2296 1137 precipiens
2323 1079 2383 1126 ut
2413 1072 2597 1128 nullus
2625 1088 2690 1129 ex
2730 1075 2816 1131 his
2851 1077 2944 1148 qui
2989 1078 3038 1134 ei
3078 1089 3237 1137 antea

1647 1154 1954 1212 serviebant
1982 1157 2049 1212 ad
2079 1173 2203 1214 eam
2229 1161 2529 1219 accederet.
2567 1163 2934 1224 Justinianum
2972 1186 3104 1226 vero
3142 1189 3236 1230 so—
3276 1225 3284 1230 .

1645 1243 1714 1302 lis
1747 1247 1929 1303 verbis
1963 1248 2283 1320 corripiens,
2329 1251 2384 1306 in
2415 1261 2628 1310 tantum
2655 1271 2777 1311 eum
2806 1267 2996 1327 p~stea
3024 1259 3235 1328 dilexit,

1645 1345 1706 1392 ut
1729 1337 1894 1393 filiam
1929 1356 2086 1396 suam
2110 1341 2222 1398 {ilio
2249 1343 2370 1414 ejus
2393 1346 2734 1415 promitteret
2767 1333 3101 1422 rursumque
3123 1352 3238 1412 tilio

1645 1444 1747 1484 sua
1776 1429 1942 1486 filiam
1966 1432 2086 1503 ejus
2117 1443 2424 1505 expeteret;
2464 1437 2558 1493 sed
2596 1444 2782 1494 nescio
2817 1457 2925 1511 qua
2954 1443 3018 1497 de
3047 1459 3105 1499 re
3132 1444 3239 1503 hoc

1643 1520 1714 1575 ad
1737 1521 1987 1578 eil‘ectom
2022 1539 2131 1580 non
2173 1526 2439 1596 pervenit.
2488 1525 2571 1598 (Ρ.
2614 1527 2677 1584 D.
2711 1519 2750 1584 Ι.
2791 1530 2855 1602 ι.)
2908 1530 3007 1588 Hic
3055 1533 3239 1606 itaque

1642 1613 1773 1683 quia
1819 1615 2022 1672 multas
2069 1618 2399 1676 elemosinas
2442 1621 2665 1678 cottidie
2704 1623 2853 1690 fecit,
2907 1627 3140 1680 multum
3185 1627 3238 1684 ei

1643 1702 1788 1760 Deus
1820 1720 2013 1762 aurum
2041 1707 2454 1766 demonstravit.
2509 1710 2607 1784 (Η.
2642 1712 2739 1789 in.)
2775 1712 3021 1780 Quadam
3052 1705 3239 1789 itaque

63 1818 127 1855 ero
143 1802 340 1858 condita:
360 1802 649 1859 millesimo
673 1802 823 1870 327°,
847 1799 1540 1874 TyberiusConstantinus,
1575 1783 1619 1840 Β
1643 1796 1730 1853 die
1755 1797 2110 1856 deambulans
2136 1817 2233 1872 per
2253 1783 2539 1872 palatium,
2570 1787 2704 1859 vidit
2723 1783 2784 1859 in
2811 1806 3121 1876 pavimento

63 1909 176 1950 enare
197 1893 378 1962 Thrax,
410 1896 502 1952 55°
531 1896 652 1952 loco
682 1897 752 1951 ab
785 1896 1033 1967 Augusto
1075 1894 1365 1967 imperium
1404 1895 1545 1951 acci-

63 1987 160 2053 iens,
202 1996 474 2044 coronatus
516 1995 604 2044 est
642 1987 713 2042 ab
744 1986 956 2043 Euticio
985 1987 1316 2058 patriarcha,
1355 2003 1544 2059 regna-

63 2077 162 2146 itque
181 2077 320 2134 annis
353 2077 401 2132 7.
450 2077 559 2144 Qui
594 2077 819 2132 mittens
857 2076 1086 2133 adduxit
1115 2092 1346 2133 uxorem
1381 2092 1542 2134 suam

63 2168 322 2235 nastasiam,
347 2177 402 2224 et
425 2168 714 2224 coronavit
736 2183 879 2223 eam.
924 2167 1058 2235 Quae
1082 2184 1208 2224 cum
1242 2184 1541 2224 coronare-

63 2273 105 2322 tr,
129 2259 397 2315 clamabant
416 2269 604 2331 partes
627 2280 640 2315 :
665 2259 980 2327 Anastasio,
1015 2267 1071 2314 tu
1099 2261 1301 2316 vincas.
1326 2278 1328 2280 '
1356 2259 1539 2329 Salva,

65 2351 210 2416 omine,
236 2368 352 2421 quos
363 2352 586 2422 jussisti
611 2353 890 2422 imperare.
921 2350 1035 2409 Hoc
1054 2352 1282 2408 audiens
1301 2351 1540 2424 Sopbya,

63 2441 565 2511 erustini,'animo
619 2444 872 2514 perculsa
910 2453 1026 2511 est;
1071 2444 1348 2501 nesciebat
1394 2443 1541 2499 enim

64 2534 130 2588 10d
159 2535 356 2592 haberet
384 2551 640 2604 uxorem,
677 2537 1003 2609 volebatque
1041 2537 1159 2608 ipsa
1197 2538 1402 2593 nubere
1435 2537 1542 2609 Ty-

64 2629 134 2683 δύο
156 2640 200 2685 et
223 2647 534 2702 permanere
553 2641 804 2707 augusta.
855 2632 1090 2701 Quidam
1135 2649 1266 2688 vero
1289 2633 1543 2688 dicebant

64 2723 145 2788 rod,
165 2725 356 2782 vivente
379 2725 628 2793 Justino,
662 2725 969 2782 adamicata
1010 2725 1174 2781 fuerit
1211 2723 1466 2798 Tyberio,
1490 2732 1544 2780 et

63 2827 104 2867 sa
137 2819 439 2884 persuaserit
472 2818 717 2887 Justino,
765 2812 828 2874 ut
868 2833 996 2874 eum
1041 2832 1300 2874 caesarem
1341 2815 1548 2873 faceret

63 2901 87 2956 l.
113 2903 161 2958 P.
185 2905 239 2961 D.
271 2925 347 2976 ιιι,
378 2909 458 2981 2).
518 2908 626 2977 Qui
673 2925 800 2965 cum
847 2910 1028 2965 adhuc
1067 2908 1284 2964 vivente
1323 2906 1543 2963 Justino

64 3006 201 3052 cesset
238 3001 452 3070 palatio,
489 3011 548 3057 et
584 3011 644 3058 ut
682 3016 807 3057 vere
844 2999 1182 3058 cliristianus
1216 3001 1541 3056 thesaurum

63 3087 210 3157 ultum,
238 3107 392 3164 quem
413 3093 670 3150 Justinus
712 3094 855 3149 male
897 3092 1247 3166 congregavit
1275 3092 1540 3163 pejusque
1568 3129 1609 3188 Ο

85 3178 242 3239 ferreis
272 3186 449 3242 archis
486 3185 757 3256 reposuit,
795 3185 1129 3255 pauperibus
1165 3184 1537 3251 distribueret,

63 3268 180 3340 iphya
221 3285 444 3344 augusta
522 3273 863 3346 frequentius
913 3290 1040 3330 eum
1077 3274 1410 3345 increpavit,
1458 3274 1542 3328 di-

63 3361 295 3427 nszQuod
321 3382 412 3437 ego
440 3383 540 3438 per
575 3367 770 3420 multos
807 3382 974 3421 annos
1016 3367 1347 3437 congregari,
1391 3375 1446 3420 tu
1485 3366 1541 3419 in

63 3451 166 3506 idico
201 3465 417 3527 tempore
461 3459 739 3529 expendis.
795 3457 896 3514 Cui
949 3459 1038 3514 ille
1077 3459 1191 3513 ait:
1221 3457 1442 3529 Conﬁdo
1483 3459 1540 3512 in

63 3546 200 3613 uuino,
227 3551 344 3620 quia
371 3552 604 3622 pecunia
632 3567 736 3605 non
763 3551 931 3606 deerit
957 3552 1086 3620 ﬁsco
1117 3550 1302 3622 regali,
1335 3560 1542 3604 tantum

63 3650 202 3702 κριτάς
227 3638 546 3695 elemosinas
573 3641 860 3710 accipiant,
892 3649 943 3695 et
964 3640 1160 3710 captivi
1189 3640 1538 3696 redimantur.

63 3736 79 3776 ε
122 3741 230 3781 cum
275 3728 620 3800 imperialem
669 3744 931 3785 coronam
990 3737 1316 3800 accepturus
1363 3739 1539 3796 esset,

63 3832 185 3888 nque
199 3821 347 3891 juxta
369 3811 830 3880 consuetudinem
852 3822 906 3876 in
932 3821 1246 3893 spectaculo
1267 3822 1422 3890 circi,
1447 3822 1540 3877 ubi

63 3925 120 3978 ;es
149 3917 384 3972 coronari
425 3915 701 3982 solebant,
740 3915 977 3986 p0pulus
1013 3922 1376 3986 exspectaret,
1419 3914 1543 3985 qui-

64 4015 93 4053 n
125 4002 406 4062 adversarii
447 4006 685 4063 insidias
713 4006 763 4061 ei
792 4013 1144 4076 paraverunt,
1185 4015 1240 4061 et
1279 4005 1543 4061 Justinia-

63 4106 117 4156 In,
145 4105 384 4165 nepotem
414 4092 644 4163 lostini,
685 4095 740 4151 in
782 4095 1072 4167 imperium
1114 4096 1412 4151 sublimare
1439 4111 1540 4150 vo-

66 4195 184 4242 runt.
229 4189 320 4247 Ille
348 4201 543 4248 autem
573 4191 729 4270 prius
753 4191 871 4246 loca
899 4199 1088 4247 sancta
1123 4192 1540 4262 perambulavit,

63 4285 140 4332 itea
164 4297 360 4340 vocans
387 4285 459 4340 ad
486 4301 551 4340 se
571 4283 883 4355 pontificem
914 4284 1066 4339 urbis
1089 4283 1384 4350 Euticium,
1415 4299 1541 4339 cum

63 4371 256 4430 «solibus
278 4385 332 4431 et
353 4375 619 4447 prefectis
641 4376 947 4447 ceterisque
974 4376 1260 4431 honoratis
1277 4377 1541 4446 palatium

1643 1897 1807 1957 tram,
1837 1889 1893 1945 in
1921 1907 2030 1962 qua
2066 1891 2338 1962 sculptum
2376 1901 2495 1947 erat
2533 1903 2736 1950 sancta:
2776 1897 2958 1952 crucis
2992 1898 3235 1970 signum.

1643 1981 1712 2038 Et
1749 1982 1862 2039 ait:
1891 1983 2058 2039 Cruce
2103 1983 2320 2040 Domini
2361 1986 2558 2056 frontes
2593 1995 2642 2040 et
2680 1996 2894 2057 pectora
2939 2000 3122 2045 nostra
3162 1991 3241 2045 si-

1643 2095 1806 2150 gnare
1831 2078 2098 2147 debemus,
2123 2089 2173 2134 et
2191 2097 2307 2135 ecce
2328 2080 2422 2135 sub
2444 2082 2663 2151 pedibus
2688 2083 2886 2138 nostris
2907 2101 3026 2139 eam
3053 2085 3236 2141 calca-

1642 2187 1783 2238 mus,
1813 2171 2050 2242 ctjussit
2076 2188 2197 2228 eam
2227 2172 2452 2230 auferri.
2497 2172 2630 2242 Quae
2659 2192 2786 2232 cum
2822 2176 3117 2247 levaretur,
3151 2179 3240 2236 in-

1642 2274 1916 2320 venerunt
1950 2265 2116 2320 aliam
2152 2265 2319 2322 simili
2350 2267 2515 2325 modo
2551 2268 2842 2340 signatam.
2895 2269 3145 2343 Cumque
3177 2282 3235 2330 et

1643 2354 1785 2410 hanc
1805 2355 2078 2411 sublevari
2102 2356 2382 2427 jussisset,
2407 2359 2660 2429 apparuit
2688 2361 2877 2418 tercia.
2921 2360 3075 2428 Hanc
3097 2379 3238 2434 quo-

1642 2459 1750 2515 que
1776 2461 1899 2500 cum
1925 2446 2218 2514 levassent,
2243 2447 2569 2503 invenerunt
2591 2450 2713 2519 plus
2733 2465 2899 2520 quam
2930 2451 3079 2506 mille
3105 2467 3235 2506 cen-

1644 2535 1852 2590 tenaria
1889 2535 2033 2590 auri.
2079 2534 2198 2603 Quo
2235 2536 2472 2605 sublato,
2505 2537 2737 2592 multum
2767 2540 3104 2610 pauperibus
3134 2541 3241 2596 lar-

1642 2629 1791 2700 gitus
1831 2638 1913 2683 est
1951 2643 2015 2684 ex
2056 2642 2142 2684 eo.

1713 2718 1915 2777 Narses
1941 2735 2161 2791 quoque
2180 2719 2445 2790 patricius
2481 2737 2734 2793 magnam
2767 2721 2992 2778 domum
3016 2723 3231 2794 habuit,

1643 2813 1700 2868 in
1735 2829 1844 2885 qua
1869 2813 2165 2870 cisternam
2193 2812 2422 2880 faciens,
2453 2814 2686 2868 uitiltum
2730 2830 2926 2869 aurum
2949 2824 3004 2870 et
3039 2832 3235 2888 argen-

1645 2913 1758 2959 tum
1809 2907 1864 2960 in
1917 2921 1981 2960 ea
2029 2905 2308 2973 recondit,
2362 2906 2618 2962 occidens
2675 2923 2871 2964 omnes
2933 2907 3099 2978 hujus
3153 2910 3236 2964 rei

1643 2997 1896 3052 conscios
1944 3006 2126 3068 preter
2178 3013 2365 3053 senem
2419 3014 2612 3066 unum,
2655 3014 2687 3053 a
2722 3014 2833 3070 quo
2859 2999 3233 3070 juramentum

1644 3090 1908 3160 exigens,
1961 3089 2145 3144 omnia
2201 3089 2250 3145 ei
2310 3090 2731 3145 commendavit.
2785 3089 3000 3146 Mortuo
3051 3100 3232 3147 autem

1641 3180 1890 3245 Narsete,
1924 3182 2204 3253 predictus
2247 3197 2412 3236 senex
2443 3182 2512 3257 ad
2553 3181 2849 3254 Tyberium
2885 3183 3062 3250 venit,
3090 3192 3146 3238 et
3168 3183 3235 3239 de

1641 3273 1829 3338 eadem
1850 3274 2079 3348 pecunia
2103 3274 2153 3330 ei
2177 3273 2453 3330 indicavit.
2479 3261 2582 3341 Qui
2607 3275 2830 3345 gavisus
2857 3275 3008 3330 misit
3033 3290 3236 3346 pueros

1642 3380 1774 3421 suos
1818 3381 1946 3420 cum
1998 3380 2095 3432 eo,
2141 3365 2235 3436 qui
2290 3365 2602 3436 aperientes
2647 3365 2971 3432 cisternam,
3026 3375 3235 3424 tantam

1643 3457 1930 3528 pecuniam
1978 3457 2330 3520 invenerunt,
2365 3467 2424 3512 ut
2469 3474 2567 3528 per
2606 3458 2812 3513 multos
2856 3459 2974 3514 dies
3011 3458 3101 3513 vix
3136 3474 3237 3530 po-

1641 3551 1841 3607 tuisset
1899 3550 2196 3620 deportari.
2243 3549 2420 3617 Quam
2475 3566 2628 3607 more
2671 3567 2776 3607 suo
2830 3565 2967 3622 pene
3014 3567 3236 3612 omnem

1642 3644 1976 3716 pauperibus
2021 3643 2284 3715 er0gavit.
2339 3642 2456 3710 Hie,
2500 3660 2624 3699 cum
2676 3644 3020 3714 temporibus
3057 3644 3234 3702 Bene-

1642 3735 1774 3792 dicti
1809 3735 1986 3807 papm,
2016 3735 2363 3790 vastantibus
2403 3734 2588 3791 omnia
2628 3733 3028 3806 Longobardis,
3061 3735 3236 3792 Roma

1643 3825 1816 3883 fame'
1843 3829 2152 3892 laboraret,
2195 3827 2368 3881 multa
2413 3826 2562 3881 milia
2607 3827 2918 3881 modiorum
2975 3827 3238 3885 frumenti

1642 3919 1875 3975 navibus
1922 3919 1992 3972 ab
2045 3917 2284 3990 Egypto
2331 3917 2614 3989 dirigens,
2665 3933 2789 3973 eam
2844 3919 3238 3978 misericordia
3285 3976 3290 3982 .

1643 4012 1826 4068 studio
1858 4011 2135 4065 relevavit.

1714 4101 1911 4157 Tercio
1963 4102 2130 4172 hujus
2189 4115 2338 4156 anno
2391 4115 2485 4169 rex
2546 4098 2841 4156 Persarum
2886 4103 3238 4172 congregavit

1642 4193 1946 4250 exercitum
1981 4195 2268 4265 copiosum
2293 4201 2485 4248 contra
2507 4207 2666 4258 eum,
2697 4193 2790 4248 sed
2818 4193 3021 4248 missus
3063 4194 3132 4258 ab
3167 4209 3236 4249 eo

1642 4288 1918 4344 exercitus
1967 4288 2108 4344 duce
2156 4286 2423 4342 Mauricio
2449 4285 2647 4341 Persas
2687 4287 2836 4354 vicit,
2869 4302 3235 4356 reversusque

1643 4377 1942 4436 Mauricius
1977 4395 2104 4435 cum
2150 4379 2401 4443 victoria,
2454 4379 2754 4435 honorifice
2784 4395 2815 4433 a
2867 4377 3102 4449 Tyberio
3149 4385 3237 4435 est

64 4468 194 4535 "avit,
241 4481 296 4527 et
342 4472 591 4528 induens
635 4487 695 4528 se
739 4485 980 4542 purpura
1022 4483 1396 4539 coronamque
1439 4468 1541 4524 sibi
1577 4476 1620 4532 Ι)
1647 4473 2210 4544 susceptus,dataque
2239 4473 2344 4528 sibi
2369 4473 2478 4528 filia
2506 4471 3227 4543 impcratorisConstantina

63 4560 248 4628 ionens,
281 4563 430 4618 sedit
467 4577 638 4632 super
669 4563 853 4617 sedem
903 4561 1261 4631 imperialem,
1311 4569 1366 4616 et
1413 4576 1540 4616 eum

63 4652 159 4718 guis
185 4653 442 4710 laudibus
471 4655 532 4709 in
553 4643 724 4724 gleria
747 4653 899 4725 regni
923 4638 1008 4709 est
1029 4652 1404 4709 confirmatus.
1439 4653 1538 4723 (Il.

97 4738 238 4805 Quod
271 4744 531 4800 videntes
578 4743 698 4814 ejus
742 4743 1063 4811 adversarii,
1111 4760 1308 4816 magna
1345 4743 1544 4800 confu-

64 4847 103 4887 ie
131 4845 254 4892 sunt
296 4837 573 4909 cooperti.
620 4837 965 4893 Justinianus
1003 4853 1134 4893 vero
1181 4848 1305 4909 post
1338 4853 1544 4908 paucos

63 4939 71 4976 ι
101 4929 335 4997 veniens,
374 4931 618 5001 projccit
657 4946 716 4987 se
745 4931 813 4987 ad
842 4931 1008 5002 pedes
1044 4930 1186 5001 ejus,
1219 4940 1273 4986 et
1317 4940 1376 4986 ut
1411 4947 1540 5002 gra-

64 5018 217 5086 iejus
247 5021 509 5087 haberet,
535 5020 851 5092 quindecim
898 5022 1211 5077 eentenaria
1249 5023 1369 5077 auri
1394 5023 1544 5078 dedit

74 5104 172 5175 lllc,
202 5119 262 5166 ut
290 5127 521 5185 semper
548 5111 650 5167 fuit
673 5112 905 5182 patiens,
947 5113 1189 5183 suscepit
1223 5128 1348 5168 eum
1381 5114 1538 5180 bene,

64 5198 204 5270 itque
239 5219 373 5260 eum
417 5205 478 5258 in
523 5204 729 5274 palatio
767 5219 984 5275 semper
1023 5219 1263 5260 manere.
1323 5203 1541 5278 Sophya

63 5304 175 5358 que,
199 5294 507 5351 immemor
531 5296 916 5366 promissionis
936 5311 1102 5366 quam
1137 5297 1432 5367 aliquando
1459 5295 1541 5352 fe—

71 5382 375 5456 tTyberio,
413 5388 705 5458 temptavit
730 5389 781 5444 ei
827 5387 1074 5444 fraudem
1117 5389 1382 5462 ingerere.
1435 5389 1544 5444 Ex-

63 5476 101 5523 te
125 5473 272 5529 enim
311 5475 414 5531 illo
440 5475 516 5530 ad
543 5475 749 5544 viilam,
788 5485 850 5533 ut
890 5476 1046 5547 juxta
1090 5477 1544 5534 censuetudinem

1647 4580 1814 4637 gener
1840 4565 1963 4636 ejus
2008 4574 2095 4620 est
2137 4563 2382 4620 effectus.
2425 4564 2688 4620 Similiter
2719 4575 2772 4620 et
2798 4564 3072 4620 Germano
3107 4579 3236 4635 pre-

1643 4661 1751 4716 tori
1772 4661 1957 4732 junxit
1981 4659 2149 4716 tiliam
2179 4675 2337 4716 suam
2359 4659 2608 4727 Charito,
2637 4667 2934 4730 utrumque
2973 4671 3235 4714 caasarem

1644 4769 1906 4916 mysi).
1946 4843 2035 4911 Ill,
2083 4843 2197 4915 i5.)
2235 4843 2317 4898 Ad
2367 4843 2516 4898 hunc
2567 4842 2861 4914 Tyberium
2912 4839 3236 4910 llelpericus

1645 4953 1739 4993 rex
1766 4936 2103 4993 Francorum
2131 4935 2330 4990 missos
2364 4948 2497 4989 suos
2523 4931 2750 4998 direxit,
2783 4942 2836 4988 et
2883 4931 3055 4986 multa
3092 4931 3236 4986 dona

1643 5023 1876 5093 accepit,
1899 5032 1954 5077 et
1977 5037 2178 5078 aureos
2207 5021 2365 5087 tales,
2379 5022 2615 5091 quarum
2635 5035 2780 5075 unus
2801 5019 3010 5075 solidus
3038 5018 3236 5074 libram

1645 5115 1916 5186 pensavit,
1939 5123 1994 5168 et
2017 5113 2290 5168 habebant
2312 5127 2379 5168 ex
2413 5127 2523 5166 una
2551 5121 2706 5182 parte
2735 5111 2966 5182 ﬁguram
2997 5110 3239 5180 impera-

1642 5203 1778 5259 toris
1806 5211 1861 5258 et
1908 5218 2003 5273 per
2051 5218 2244 5274 gyrum
2286 5202 2551 5272 scriptum
2607 5220 2621 5255 :
2657 5200 2866 5272 Tyberii
2897 5199 3238 5257 Constantini

1644 5295 1882 5366 perpetui
1908 5294 2162 5364 Augusti,
2198 5309 2265 5348 ex
2302 5295 2474 5349 altera
2501 5301 2657 5364 parte
2694 5309 2939 5362 currum,
2975 5301 3030 5348 et
3057 5293 3220 5348 homi-

1645 5402 1770 5442 nem
1801 5401 1969 5456 super
1991 5400 2117 5440 eum
2143 5385 2236 5456 qui
2273 5385 2518 5440 minabat
2543 5385 2719 5453 illum,
2744 5394 2799 5443 et
2844 5385 2917 5442 ibi
2961 5394 3081 5442 erat
3128 5384 3238 5441 cir—

1646 5478 2045 5548 cumscriptum
2072 5497 2084 5535 :
2130 5475 2316 5533 Gloria
2337 5476 2716 5536 Romanorum.

1233 5635 1468 5694 VARIE
1511 5635 1914 5696 LECTIONES.

63 5737 103 5773 ³⁸
142 5744 341 5804 desunt
394 5755 579 5804 tamen
614 5749 699 5806 9°.
783 5749 872 5782 ¹⁰δ⁷
920 5749 976 5806 in
1020 5768 1070 5824 g.
1115 5751 1304 5806 desunt
1351 5750 1562 5806 4—H.
