3880 6308
564 274 669 329 815

1733 271 2133 329 EKKEHARDI
2170 273 2631 335 URAUGIENSIS

3708 277 3789 332 816

642 384 741 444 tlis
763 386 1103 458 temporibus
1132 384 1326 442 beatus
1353 364 1671 457 Gregorius,
1700 393 1834 440 tunc
1882 387 2156 442 archidia-
2184 395 2231 454 Α
2261 390 2351 459 rit,
2373 401 2429 448 et
2457 392 2845 463 imperatorem
2868 391 3048 463 gladio
3065 390 3401 446 moriturum
3431 392 3675 449 omnibus
3697 409 3795 465 pro-

570 494 767 547 conus,
792 495 919 535 cum
950 477 1142 534 fuisset
1165 493 1197 533 a
1218 476 1438 550 Pelagio
1459 494 1597 548 papa
1624 477 2157 550 Constantinopolim

573 572 799 638 missus,
822 571 1143 643 rogantibus
1164 569 1426 627 fratribus
1453 585 1639 626 secum
1664 573 2156 639 commorantibus,

573 660 917 734 max’imeque
927 663 1177 719 Leandre
1196 661 1545 745 Hispaniensi
1567 663 1847 735 episcopo,
1870 664 1964 734 qui
1992 665 2157 720 etiam

574 764 705 812 tunc
761 755 1025 827 temporis
1064 755 1195 812 illuc
1257 755 1461 813 missus
1514 754 1729 821 fuerat,
1782 755 2010 811 moralia
2059 754 2162 812 Job

572 848 833 920 scripsit,
869 860 926 905 et
968 847 1281 905 Euthicium
1314 848 1561 920 ejusdem
1603 847 1758 904 urbis
1810 847 2159 922 episcopum,

572 947 827 1010 prasente
868 937 1103 1012 Tyberio
1146 948 1410 1011 augusto,
1461 939 1517 993 in
1575 938 1680 994 ﬁde
1740 927 2163 996 resurrectionis

571 1047 788 1088 errasse
810 1032 1049 1088 convicit
1072 1031 1164 1102 (cf.
1218 1030 1395 1086 Vitam
1427 1029 1582 1103 Greg.
1606 1038 1661 1086 ct
1693 1028 1921 1101 Bson).

645 1120 732 1191 (P.
772 1120 837 1176 Ι).
887 1119 983 1188 111,
1027 1120 1140 1191 15.)
1191 1119 1460 1193 Tyberius
1510 1128 1690 1174 autem
1741 1133 1866 1173 cum
1912 1125 2166 1189 regnaret

577 1215 737 1271 annis
789 1214 856 1283 ’1,
909 1223 964 1270 et
1007 1213 1317 1269 infirmatus
1365 1219 1599 1267 mortem
1656 1210 1761 1267 sibi
1797 1210 2162 1281 propinquam

575 1305 823 1373 sentiret,
853 1320 979 1361 cum
1026 1304 1260 1361 consilio
1293 1301 1526 1374 Sopltyze
1553 1310 1800 1374 augusta:
1840 1300 2164 1357 Mauricium

576 1413 839 1469 generum
891 1413 1086 1465 suum,
1131 1409 1331 1469 genere
1359 1395 1731 1467 Capadocum,
1767 1394 1836 1450 ad
1876 1391 2166 1464 imperium

577 1491 762 1563 elegit,
788 1490 949 1561 eique
996 1490 1363 1561 principatum
1410 1489 1581 1556 dedit,
1625 1488 1853 1544 dicens:
1898 1486 1966 1541 In
1999 1498 2168 1543 mente

580 1581 732 1649 Itabe,
752 1591 818 1637 ut
854 1581 1225 1636 rectitudinem
1260 1590 1309 1636 et
1322 1581 1604 1651 justiciam
1630 1596 1832 1651 semper
1859 1596 2023 1634 ames.
2053 1579 2168 1637 Hoc

580 1682 875 1743 postquam
902 1673 1059 1740 dixit,
1091 1674 1158 1730 de
1185 1674 1289 1729 hac
1309 1673 1433 1729 luce
1459 1672 1731 1745 migravit.
1766 1671 1939 1739 Quem
1975 1688 2168 1729 omnes

2260 476 2559 540 nunciavit.
2596 484 2775 563 (low.
2815 483 2939 539 Vita
2961 482 3152 555 Greg.,
3177 501 3254 551 tv,
3285 484 3343 551 3,
3372 492 3431 539 et
3457 482 3533 538 Η.
3556 485 3644 554 tu.)
3678 485 3797 553 Quod

2259 574 2558 634 Mauricius
2577 586 2638 633 ut
2658 578 2886 647 audivit,
2909 593 2941 633 a
2964 577 3254 650 tyrannide
3277 576 3550 648 Gregorio
3572 577 3798 637 inferenda

2260 680 2435 727 semet
2460 670 2751 739 continuit,
2791 680 2847 727 et
2885 686 3143 727 reversus
3170 670 3229 725 in
3268 683 3335 725 se
3376 656 3654 741 cogitavit,
3691 672 3800 742 quod

2263 762 2435 820 Deum
2459 764 2626 820 lateat
2653 763 2840 830 nichil,
2875 763 2975 819 sed
3017 761 3210 817 reddat
3253 759 3526 817 omnibus
3554 762 3799 815 secundum

2262 872 2428 929 opera
2451 872 2664 923 eorum,
2715 870 3118 928 recognoscens
3143 853 3315 909 etiam
3343 867 3657 918 excessum,
3682 870 3800 923 quem

2264 950 2319 1005 in
2368 949 2734 1021 captivatione
2779 948 3080 1004 multorum
3125 944 3338 1001 fecerat
3372 972 3452 984 -—
3496 944 3666 999 multa
3696 945 3803 998 eain

2261 1040 2405 1113 bella
2427 1040 2484 1095 in
2512 1039 2746 1096 diversis
2780 1038 2973 1094 mundi
3000 1037 3250 1109 partibus
3270 1051 3374 1107 per
3407 1034 3660 1090 diversos
3683 1033 3807 1089 dies

2265 1147 2400 1188 suos
2422 1140 2745 1188 exercuerat
2778 1162 2851 1172 —
2886 1129 3143 1201 expedire
3181 1128 3291 1184 sibi
3337 1125 3639 1197 judicavit,
3672 1126 3715 1179 in
3736 1126 3809 1180 hac

2265 1225 2378 1280 vita
2405 1224 2651 1296 recipere
2670 1238 2774 1295 pro
2804 1232 3051 1295 peccato,
3072 1228 3261 1277 etnon
3307 1220 3365 1274 in
3398 1220 3619 1284 futura,
3647 1233 3808 1287 ωιιιρο»

2265 1317 2511 1388 sitasque
2539 1316 2744 1387 scripto
2778 1330 2972 1387 preces
2988 1314 3165 1370 eidem
3188 1310 3465 1384 Gregorio
3493 1319 3551 1367 et
3571 1310 3637 1365 ad
3668 1325 3809 1364 omnes

2266 1408 2663 1482 patriarcbales
2705 1407 2863 1464 sedes
2910 1413 2968 1462 et
2996 1406 3064 1461 ad
3095 1419 3290 1460 omnes
3333 1402 3600 1459 civitates
3647 1410 3694 1455 et
3728 1415 3809 1454 no-

2269 1499 2508 1557 nasteria
2532 1498 2817 1555 civitatum
2860 1496 2978 1554 sive
3021 1494 3383 1552 solitudinum
3427 1506 3565 1548 cum
3613 1490 3751 1547 cereis
3774 1500 3812 1543 et

2269 1591 2709 1649 tltimiamatibus
2768 1599 2824 1645 et
2867 1588 3118 1660 pecuniis
3172 1585 3530 1652 transmisit,
3572 1593 3629 1639 et
3665 1594 3713 1638 ut
3745 1599 3812 1652 po

2268 1685 2510 1757 peccatis
2549 1682 2669 1740 suis
2694 1681 3096 1738 intercederent
3121 1677 3492 1750 supplicavit,
3515 1676 3627 1732 hoc

584 1765 772 1835 populi
810 1766 1042 1820 multum
1074 1766 1406 1838 planxerunt
1450 1781 1552 1836 pro
1583 1765 1826 1821 bonitate
1871 1764 2013 1837 ejus.
2044 1763 2172 1820 Fuit

2284 1795 2425 1835 mum
2452 1779 2773 1850 deprecans,
2798 1784 2858 1829 ut
2888 1773 2978 1830 bic
3004 1781 3060 1828 et
3080 1788 3190 1827 non
3220 1771 3275 1825 in
3304 1769 3503 1826 futuro
3530 1784 3655 1838 qua:
3672 1764 3813 1822 mersit

584 1856 733 1915 enim
758 1874 988 1915 summa:
1008 1859 1293 1926 bonitatis,
1326 1860 1392 1915 ad
1424 1860 1753 1917 elemosinas
1780 1870 2088 1931 promptus,
2116 1860 2171 1916 in

582 1949 806 2020 judiciis
833 1951 1035 2022 justus,
1083 1952 1139 2006 in
1178 1951 1510 2007 discretione
1559 1952 1932 2020 cautissimus,
1964 1954 2174 2008 nullum

588 2041 945 2114 despiciebat,
983 2044 1077 2100 sed
1110 2059 1303 2100 omnes
1351 2060 1478 2100 cum
1524 2044 1667 2100 bona
1696 2044 1975 2101 voluntate
2000 2045 2177 2101 susci-

588 2134 802 2206 piebat,
833 2143 889 2192 et
931 2137 1061 2210 quia
1105 2136 1373 2192 dilexerat
1410 2152 1625 2205 omnes,
1673 2136 1743 2192 ab
1787 2136 2046 2194 omnibus
2089 2136 2174 2193 di-

589 2226 768 2282 lectus
801 2237 904 2282 est.

593 2319 738 2376 Anni
762 2322 854 2355 ²⁰⁸⁸
877 2321 1117 2396 Tyberii.

2273 1873 2560 1944 reciperet.
2584 1868 2835 1939 Cumque
2854 1867 2961 1922 hoc
2979 1874 3035 1921 et
3062 1865 3177 1936 ipse
3204 1861 3604 1919 vehementius
3624 1875 3703 1930 per
3719 1868 3802 1912 tea

2272 1981 2409 2038 pora
2438 1964 2611 2020 multa
2641 1960 2890 2018 lacrimis
2918 1958 3247 2030 postularet,
3275 1953 3527 2026 quadam
3550 1962 3700 2007 nocte
3722 1950 3805 2004 dar-

2275 2058 2474 2124 miens,
2505 2056 2639 2112 vidit
2668 2055 2724 2110 in
2762 2052 2888 2109 visu
2918 2050 3063 2123 apud
3098 2062 3310 2107 aeneam
3339 2044 3540 2118 palatii
3570 2054 3749 2116 ponam
3774 2056 3811 2093 se

2274 2166 2461 2208 coram
2517 2147 2718 2220 populo
2777 2146 2954 2201 multo
3001 2141 3229 2214 imagini
3297 2138 3519 2196 domini
3582 2133 3814 2192 Salamis

2276 2245 2556 2310 assistere,
2584 2249 2641 2298 et
2668 2254 2858 2296 vocem
2888 2235 3189 2294 terribilem
3217 2249 3287 2289 ex
3321 2231 3525 2288 eadem
3553 2228 3755 2300 imagine
3774 2240 3813 2279 se

2276 2336 2488 2403 audire,
2514 2334 2783 2390 dicentem
2811 2350 2824 2385 :
2848 2329 2986 2385 Date
3009 2326 3361 2383 Mauricium.
3388 2322 3460 2378 Et
3475 2329 3814 2378 tenentesem

666 2412 838 2486 cuius
886 2430 1031 2471 anno
1061 2415 1242 2487 Primo
1274 2415 1570 2471 thesaurus
1617 2429 1851 2487 magnus
1883 2414 1986 2471 ειη)
2028 2415 2180 2485 Ρεινί·
2272 2428 2605 2501 iudiciorum
2653 2423 2917 2489 ministri,
2963 2428 3274 2493 posuerunt
3317 2432 3452 2472 eum
3487 2414 3638 2487 apud
3663 2426 3812 2484 μηθ’

597 2515 785 2563 mento
814 2507 1004 2578 palatii
1034 2516 1089 2563 et
1116 2508 1171 2562 in
1199 2507 1364 2564 domo
1402 2505 1648 2565 Narsetis
1670 2506 1887 2579 patricii
1926 2506 2181 2562 inventus
2276 2535 2432 2577 reum
2475 2516 2800 2574 umbilicum
2849 2513 2945 2586 qui
2990 2514 3104 2569 ίιιίο
3149 2520 3290 2567 erat,
3350 2508 3460 2565 cui
3515 2507 3697 2564 eadem
3745 2516 3815 2553 tu:

492 2589 499 2595 ’
596 2607 703 2666 est,
730 2606 792 2654 ut
823 2612 987 2670 supra
1022 2598 1229 2655 dictum
1260 2607 1365 2654 est.

664 2693 720 2745 Ξ.
758 2690 825 2744 Α.
865 2688 928 2744 D.
972 2689 1096 2746 577.
1138 2688 1466 2746 Benedictus
1517 2702 1657 2760 papa
1707 2688 1836 2745 64M
1889 2688 2032 2745 sedit
2079 2703 2181 2743 an-

595 2781 684 2838 nis
722 2781 777 2838 4.
811 2784 831 2805 ‘

746 2880 765 2901 ·
790 2875 897 2930 D.?
924 2873 987 2930 E.
1017 2875 1256 2930 addunt:
1290 2874 1375 2931 Ab
1401 2877 1508 2931 hoc
1531 2870 1829 2946 Gregorius
1859 2905 1929 2915 —
1956 2875 2181 2946 ordinae

811 2947 986 3018 tus.‘
1011 2947 1202 3018 ——_H.
1227 2946 1469 3018 addunt:
1502 2947 1586 3018 Ab
1632 2945 1739 3007 Hoc
1760 2946 2062 3018 Gregorius
2116 2945 2185 3018 ad

809 3016 1203 3144 pregjcsandum
1247 3017 1439 3089 Anglis
1484 3016 1689 3074 missus
1730 3026 1836 3074 est.
1874 3014 1949 3071 'ea:
2006 3014 2180 3088 Sigeo.

613 3224 617 3230 .
674 3182 730 3236 5.
773 3178 868 3253 (cf.
900 3179 963 3235 G.
999 3178 1123 3251 Fr.)
1156 3178 1224 3234 A.
1263 3178 1329 3234 D.
1370 3178 1498 3236 578.
1536 3177 1861 3250 Sigibertus,
1889 3176 2035 3235 ﬁlius
2080 3178 2187 3234 Lo—

606 3274 793 3341 tbarii,
832 3273 1154 3330 interfectus
1182 3281 1268 3330 est
1299 3288 1445 3328 anno
1464 3272 1618 3344 regni
1638 3272 1725 3327 sui
1758 3272 1846 3327 11.

679 3365 735 3420 6.
770 3365 837 3419 Α.
875 3363 939 3429 D.
978 3364 1104 3427 581.
1144 3363 1398 3436 Pelagius
1420 3380 1561 3435 papa
1578 3364 1707 3420 65‘"
1732 3363 1874 3420 sedit
1901 3379 2078 3421 annos
2099 3364 2187 3432 10,

512 3496 518 3502 ι
609 3472 832 3513 menses
852 3456 908 3512 2.

623 3607 630 3613 ,
678 3550 735 3606 7.
774 3548 927 3623 (Cltr.
957 3548 1072 3621 W.)
1103 3548 1172 3605 A.
1214 3547 1279 3604 D.
1321 3548 1445 3605 582.
1496 3546 1762 3621 Tyberius
1795 3546 2192 3605 Constantinus

609 3640 764 3703 obiit.

682 3731 784 3806 (Η.
821 3732 918 3804 nt.)
955 3733 1117 3788 Anno
1162 3731 1450 3789 dominica
1494 3731 1888 3789 incarnationis
1930 3733 2080 3802 585°,
2124 3732 2195 3789 ab

611 3821 761 3880 Urbe
801 3822 1023 3880 condita
1075 3822 1366 3880 millesimo
1422 3823 1575 3892 554°,
1625 3822 1952 3891 Mauricius,
1998 3840 2195 3896 genere

610 3914 961 3987 Capadocus,
996 3914 1089 3972 56°
1120 3916 1244 3972 loco
1290 3916 1361 3972 ab
1390 3914 1658 3987 Augusto,
1680 3916 1893 3988 primus
1910 3931 1979 3972 ex
2003 3931 2197 3986 genere

612 4008 934 4077 Grecorum,
955 4010 1184 4081 adeptus
1227 4018 1314 4067 est
1358 4010 1671 4081 imperium,
1705 4008 2060 4082 regnavitque
2097 4026 2198 4064 an-

613 4099 704 4157 nis
729 4100 820 4156 21.
860 4099 962 4157 llic
982 4101 1224 4157 secundo
1245 4100 1461 4173 imperii
1488 4100 1576 4157 sui
1610 4117 1758 4157 anno
1792 4102 1988 4158 consul
2008 4101 2195 4172 appel-

611 4192 757 4250 latus
780 4201 885 4260 est,
914 4202 970 4249 et
988 4193 1192 4249 multos
1215 4192 1504 4250 thesauros
1522 4191 1654 4249 Urbi
1676 4192 1920 4249 donavit.
1942 4192 2199 4248 Provexit

611 4296 797 4343 autem
852 4284 1232 4358 Phylippicum
1277 4278 1551 4357 quendam
1598 4294 1871 4357 pretorem
1926 4283 2194 4352 Orientis,

612 4381 705 4438 cui
732 4389 788 4436 et
813 4380 981 4437 tiliam
1030 4394 1189 4436 suam
1230 4378 1489 4436 Gordiam
1538 4393 1767 4434 uxorem
1805 4378 1975 4445 dedit,
2028 4392 2193 4449 quem

2210 3098 2255 3158 εἰ

2280 2611 2576 2669 caracteris
2597 2609 2673 2666 ait
2704 2628 2717 2664 :
2753 2607 2853 2663 Ubi
2890 2608 2967 2663 vis
3005 2606 3223 2661 reddam
3249 2603 3347 2657 tibi
3374 2594 3818 2671 malaque-me

2280 2709 2366 2763 hic
2394 2722 2465 2761 an
2494 2705 2550 2759 in
2584 2703 2766 2774 futuro
2804 2700 3020 2757 seculo?
3061 2698 3249 2756 Atille
3284 2695 3613 2768 respondit:
3650 2692 3819 2745 Amator

2281 2799 2583 2867 hominum,
2635 2797 2847 2852 domine
2876 2803 2927 2850 et
2954 2791 3127 2863 judex
3151 2789 3332 2861 juste,
3377 2787 3464 2840 hic
3504 2785 3661 2839 michi
3686 2782 3819 2853 prtia

2281 2908 2440 2963 quant
2468 2892 2527 2945 in
2566 2890 2749 2961 futuro
2790 2886 3050 2950 retribue;
3076 2892 3137 2939 et
3170 2880 3343 2952 jussit
3367 2879 3559 2935 divina
3584 2893 3681 2932 vox
3712 2870 3820 2929 tradi

2284 2982 2608 3038 Mauricium
2648 2990 2703 3037 ct
2733 2976 3153 3036 Constantinam
3184 2986 3423 3029 uxorem
3463 2969 3590 3037 ejus
3631 2977 3678 3022 et
3711 2964 3819 3020 ibes

2285 3084 2341 3130 et
2367 3089 2585 3131 omnem
2616 3074 3002 3144 cognationem
3044 3066 3221 3137 ipsius
3260 3063 3424 3119 Focae
3462 3061 3640 3117 militi.
3678 3058 3811 3127 Erigi-

2289 3168 2409 3224 lans
2444 3182 2575 3238 ergo
2602 3163 2903 3220 Mauricius
2943 3159 3156 3216 vocavit
3195 3172 3325 3213 eum
3355 3156 3453 3227 qui
3508 3163 3629 3210 ante
3666 3167 3717 3206 se
3747 3149 3821 3179 ”"

2288 3260 2617 3326 dormiebat,
2645 3255 2904 3326 misitque
2940 3253 3032 3285 ¹⁰⁶⁰
3059 3260 3114 3307 et
3142 3249 3363 3306 vocavit
3408 3247 3478 3302 ad
3508 3262 3566 3302 se
3599 3240 3821 3315 Phylippic

2290 3366 2418 3408 cum
2461 3362 2722 3421 generum
2759 3359 2955 3410 suum,
3007 3355 3171 3413 quem
3218 3338 3433 3395 dudum
3474 3334 3824 3406 suspicabatur

2289 3442 2428 3499 velle
2458 3440 2563 3496 sibi
2591 3453 2819 3511 regnum
2850 3435 3154 3505 subripere.
3179 3431 3253 3486 At
3283 3431 3377 3485 ille
3413 3445 3518 3501 pro
3543 3424 3823 3496 suspiciant

2292 3534 2534 3606 predicta
2562 3547 2620 3589 se
2647 3529 2985 3602 perdendum
3025 3524 3356 3596 conjiciens,
3390 3522 3655 3578 advocata:
3690 3517 3747 3570 ad
3780 3528 3824 3567 se

2293 3625 2513 3689 Gordiae
2551 3623 2714 3680 uxori
2754 3635 2890 3687 suae,
2937 3627 3205 3689 tanquam
3247 3616 3394 3671 ultra
3435 3629 3499 3670 se
3533 3610 3821 3668 nonrisnrs.

2293 3720 2415 3783 vale
2439 3717 2596 3785 dixit,
2619 3720 3076 3783 sacramentoque
3094 3706 3515 3765 communionis
3540 3712 3755 3773 accepto.
3774 3700 3825 3751 ad

2293 3810 2554 3883 palatium
2570 3808 2739 3875 venit,
2751 3814 2807 3862 et
2826 3803 3139 3861 cubiculum
3170 3798 3525 3872 imperatoris
3552 3793 3823 3868 ingrediens.

2295 3904 2364 3961 ad
2403 3904 2570 3976 pedes
2595 3900 2717 3973 ejus
2760 3897 3014 3971 procidit.
3044 3894 3149 3952 Cui
3204 3907 3509 3964 assurgens
3564 3891 3827 3959 imperata.

2296 3998 2364 4053 ad
2386 3997 2552 4068 pedes
2573 3995 2694 4066 ejus
2715 3990 3108 4050 nichilominus
3130 3986 3378 4053 corruit,
3399 3985 3620 4041 dicens:
3648 3979 3829 4050 15mm

2296 4089 2478 4157 michi,
2512 4088 2783 4159 deprecor,
2810 4091 3024 4157 propter
3058 4080 3267 4147 Deum,
3299 4078 3429 4150 quia
3465 4074 3653 4147 peccati
3678 4072 3730 4124 in
3768 4079 3830 4127 tr;

2298 4197 2435 4239 nunc
2459 4180 2599 4235 enim
2628 4177 2918 4233 certissime
2941 4190 3083 4240 novt,
3108 4171 3251 4244 quod
3298 4163 3752 4239 nichil.peceemis
3784 4160 3825 4209 in

2297 4290 2397 4329 me.
2444 4271 2505 4329 Si
2534 4287 2689 4344 quem
2721 4284 2839 4324 vero
2887 4267 3030 4322 scias
3070 4266 3130 4319 in
3176 4262 3481 4335 agminibus
3521 4257 3717 4317 nostris.
3754 4252 3825 4319 ςπί

2297 4365 2465 4422 soleat
2496 4364 2671 4419 Focas
2705 4359 2992 4427 nominari,
3024 4356 3191 4411 dicito
3227 4355 3415 4410 michi.
3460 4345 3823 4416 EtPhilipﬁIIS

612 4482 797 4533 tamen
822 4480 1010 4542 postea
1035 4470 1195 4543 quasi
1214 4471 1368 4543 regni
1393 4479 1777 4541 usurpatorem
1797 4469 2197 4540 susspiciosum
2229 4442 2273 4498 D
2297 4460 2393 4518 diu
2420 4474 2607 4516 secum
2632 4455 2960 4527 recogitans.
2986 4450 3162 4508 ἀίκίῐε
3192 4446 3372 4504 Unum
3389 4448 3469 4543 ξίε
3492 4453 3699 4499 "om"

614 4540 839 4621 habuit;
875 4563 1035 4633 (Vita
1054 4540 1249 4635 τινες.)
1283 4540 1467 4634 ilujus
1488 4540 1830 4632 temporibus
1867 4562 1989 4632 ipso
2035 4559 2198 4617 anni-
2297 4553 2389 4625 qui
2417 4567 2582 4622 nuper
2604 4549 2669 4605 ab
2691 4547 2925 4604 exercitu
2959 4551 3278 4635 procurator
3298 4540 3525 4611 positus,
3546 4545 3625 4590 tuo

614 4662 784 4724 tento,
816 4656 1008 4713 beatus
1030 4655 1324 4727 Gregorius
1343 4655 1413 4712 ad
1443 4654 1677 4727 gradum
1704 4652 1936 4717 Romani
1981 4653 2204 4725 pontifi-

612 4758 771 4806 catus
809 4756 1100 4818 provectus
1126 4757 1244 4815 est,
1289 4747 1448 4818 cujus
1495 4746 1669 4802 ﬁlium
1715 4746 1860 4802 idem
1903 4745 2202 4818 Gregorius

611 4848 777 4902 antea
815 4839 884 4895 de
915 4838 1241 4909 baptismate
1272 4838 1546 4910 suscepit;
1583 4848 1772 4909 postea
1828 4847 2009 4895 tamen
2055 4839 2196 4894 idem

617 4931 918 4989 Mauricius
937 4929 1199 5002 Gregorio
1226 4946 1380 5002 papae
1408 4930 1803 4987 infestissimus
1823 4940 1962 4989 erat.
1992 4929 2201 5001 Magna:

616 5024 819 5096 quippe
845 5022 1098 5079 avariciaa
1124 5032 1179 5079 et
1217 5023 1505 5094 rapacitati
1551 5023 1768 5079 deditus
1790 5031 1928 5088 erat,
1963 5036 2066 5093 pro
2090 5037 2201 5092 qua

619 5131 679 5171 re
706 5112 1006 5186 Gregorius
1053 5124 1321 5186 quantum
1362 5114 1543 5185 potuit
1589 5129 1717 5168 eum
1751 5111 2102 5182 corripiebat.
2135 5109 2204 5165 Et

617 5207 749 5279 quia
770 5206 1153 5278 imperatorem
1178 5222 1290 5263 non
1313 5207 1625 5271 verebatur,
1656 5205 1725 5261 ad
1754 5203 2115 5259 exercendam
2147 5201 2203 5256 in

616 5317 745 5358 eum
797 5298 1143 5372 tyrannidem
1190 5300 1411 5371 prodire
1454 5298 1750 5355 nitebatur.
1799 5295 1897 5368 (11.
1947 5294 2046 5365 m.)
2097 5293 2206 5349 Sed

616 5393 811 5449 eodem
852 5406 1019 5457 anno,
1052 5391 1149 5462 qui
1180 5391 1285 5447 fuit
1313 5391 1527 5462 imperii
1551 5391 1637 5446 sui
1668 5390 1818 5456 l9“,
1852 5387 1936 5442 vir
1983 5386 2205 5458 quidam

618 5485 948 5543 monachico
993 5486 1217 5542 indutus
1244 5485 1457 5550 habitu,
1483 5493 1695 5555 spatam
1734 5482 1958 5537 dextera
1992 5488 2207 5543 tenens,

619 5596 650 5636 a
672 5578 794 5636 foro
823 5593 998 5653 usque
1020 5579 1086 5634 ad
1119 5592 1327 5633 aeneam
1351 5576 1669 5649 gladiatoris
1711 5583 1948 5631 statuam
1986 5572 2207 5627 discur-

2298 4618 2503 4700 dicebat
2539 4641 2780 4713 imperio.
2805 4639 2944 4695 Cum
2981 4643 3169 4692 autem
3216 4633 3518 4703 imperator
3541 4618 3825 4699 quercu“?

2299 4736 2421 4807 ejus
2445 4736 2728 4806 qualitate,
2753 4730 3092 4802 Philippicas
3112 4727 3189 4783 ait
3214 4744 3228 4782 :
3254 4724 3355 4799 Est
3379 4723 3581 4796 φιὶὀια
3787 4722 3827 4760 (ι

2301 4827 2635 4894 temerarius,
2677 4833 2912 4879 attamen
2954 4819 3195 4874 timidus.
3242 4815 3401 4871 Tunc
3444 4807 3821 4868 Mauricitstii‘
3858 4888 3859 4891 η

2304 4921 2362 4976 Si
2407 4930 2485 4976 est
2533 4917 2776 4983 timidus,
2805 4914 3042 4986 profecto
3091 4919 3142 4965 et
3191 4907 3502 4969 homicida;
3538 4911 3589 4957 et

2301 5012 2606 5084 Philippico
2654 4983 2932 5067 somnium
2977 5003 3126 5075 quod
3173 5001 3332 5057 vidit.
3364 5000 3533 5055 Porro
3578 4997 3707 5087 nocte.
3750 4983 3859 5036 i313

2302 5105 2419 5159 visa
2448 5110 2533 5158 est
2572 5100 2729 5156 stella
2775 5112 2899 5168 qua:
2944 5095 3149 5151 dicitur
3193 5100 3429 5148 cometa.
3470 5088 3527 5142 ιιι
3573 5088 3859 5173 σθω,

2304 5209 2436 5253 vero
2484 5191 2634 5251 venit
2659 5186 3080 5260 Magistrianus,
3102 5197 3270 5255 quem
3304 5180 3453 5236 misit
3477 5176 3540 5233 ad
3561 5174 3825 5229 nam.
3858 5188 3859 5249 Ῑ

2307 5287 2490 5344 ferens
2518 5285 2588 5340 ab
2620 5283 2702 5339 eis
2740 5276 3059 5351 hujusmodi
3087 5288 3414 5346 responsum
3445 5288 3462 5326 :
3488 5268 3629 5329 Deut,
3651 5266 3829 5321 W3

2309 5377 2615 5451 pamitentia
2645 5384 2758 5442 tua,
2787 5371 3018 5429 salvubit
3044 5369 3283 5423 quintam
3324 5374 3493 5426 tuam,
3533 5368 3578 5413 et
3724 5357 3831 5447 ἔξω
3858 5356 3859 5415 1

2310 5439 2466 5531 domo
2497 5479 2592 5525 tua
2619 5470 2676 5524 in
2706 5439 2923 5522 numero
2950 5470 3257 5518 sanctorum
3276 5467 3325 5513 te
3353 5453 3637 5511 constituet;
3656 5439 3713 5495 δ
3738 5439 3859 5531 ξ

2312 5565 2458 5637 perio
2489 5578 2606 5617 vero
2635 5576 2753 5615 cum
2782 5555 3076 5630 ignominia
3105 5561 3157 5608 et
3182 5549 3478 5606 discrimine
3495 5536 3708 5597 disceda-
3742 5526 3829 5577 Ηά

1911 5663 2163 5727 νΔΒΙΑΕη
2184 5648 2588 5715 LECTIONES.

696 5746 791 5780 ¹⁰⁸³
831 5744 977 5800 deest
1008 5745 1056 5798 1.
1132 5741 1224 5776 ¹⁰⁹⁹
1252 5750 1368 5813 post
1405 5741 1555 5795 addit
1588 5740 1637 5794 1.
1718 5739 1809 5772 ¹⁰⁶⁰
1849 5726 2009 5792 misit
2032 5750 2168 5787 corr.
2204 5729 2462 5800 misitque
2498 5726 2547 5779 1.
