3880 6320
101 418 189 473 817

982 405 1345 466 αηιιοΝιοΑ.
1363 370 1366 371 ί
1386 441 1458 453 -
1493 407 1890 467 cunemcou
1927 385 2389 470 UNIVERSALE.

3227 423 3335 477 818

101 530 290 594 auditis,
319 524 612 581 Mauricius
657 523 979 596 glorificavit
1033 521 1205 578 Deum
1245 525 1562 596 magniﬁce,
1594 536 1648 580 et
1678 533 1724 591 Α
1753 527 2000 582 ctoribus
2018 528 2346 600 Augustino,
2375 526 2596 596 Mellito,
2615 526 2865 584 Iohanne
2905 530 3138 601 aliisque
3161 533 3338 602 pluri-

100 620 438 698 ptenitcntiam
489 617 707 690 quidem
763 615 958 684 tenuit,
991 615 1087 672 sed
1141 616 1392 672 avariciaa
1439 617 1644 672 malum

99 719 214 774 adeo
238 729 338 769 non
366 711 606 782 reliquit,
636 719 699 766 ut
725 709 1030 765 exercitum
1083 708 1138 763 in
1161 708 1487 778 periculosis
1513 709 1648 764 locis

98 811 307 866 hiemare
331 813 384 860 et
410 803 618 860 victum
646 801 716 858 ab
745 801 1022 857 extraneis
1066 799 1284 871 juberet
1335 815 1458 856 cum
1500 801 1648 872 peri-

95 901 199 956 culo
225 912 462 969 querere,
495 911 564 951 ne
591 895 847 950 videlicet
875 893 1133 948 alimenta
1169 891 1387 963 publica
1427 893 1650 947 deberet

93 994 159 1047 cis
189 989 508 1045 ministrare.
540 985 700 1054 Quod
749 984 981 1041 audiens
1036 981 1330 1044 exercitus.
1389 981 1446 1037 in
1501 981 1648 1037 sedi-

95 1085 273 1140 rionem
325 1080 684 1147 convertitur,
738 1077 1147 1147 exaltatumque
1203 1091 1369 1146 super
1397 1075 1645 1147 clypeum

92 1159 262 1229 Focam
301 1171 678 1227 centurionem
729 1167 1055 1225 acclamavit
1102 1167 1424 1222 exarchum.
1479 1164 1646 1222 Com-

92 1277 216 1322 moto
240 1274 413 1319 autem
444 1263 599 1335 gravi
633 1262 873 1318 tumultu
893 1260 1406 1330 Constantinopoli,
1435 1258 1644 1315 Mauri-

91 1361 189 1415 cius
213 1366 408 1412 mutata
429 1365 582 1413 veste
610 1371 736 1412 cum
765 1369 939 1411 uxore
963 1363 1019 1410 et
1047 1353 1174 1409 ﬁliis
1215 1362 1384 1409 noctu
1425 1353 1646 1409 dromo-

92 1468 195 1507 nem
220 1449 549 1516 conscendit,
580 1457 636 1504 et
663 1447 878 1520 fugiens
906 1447 1050 1518 apud
1080 1444 1342 1501 Sanctum
1371 1444 1644 1501 Antomon

90 1543 229 1598 venit.
257 1542 321 1596 At
346 1540 521 1596 Focas
549 1555 678 1596 cum
701 1540 947 1596 exercitu
975 1539 1031 1594 in
1059 1539 1354 1609 septimum
1387 1539 1638 1606 veniens,

91 1638 350 1706 imperator
375 1632 640 1701 efﬁcitur;
673 1649 705 1688 a
741 1649 852 1704 quo
892 1630 1195 1687 Mauricius
1219 1647 1348 1688 cum
1377 1645 1549 1687 uxore
1577 1645 1643 1686 ac

29 1741 38 1750 '
91 1731 197 1786 filiis
221 1743 376 1798 penes
404 1725 770 1783 Calcedonem
809 1725 1015 1781 missus
1061 1725 1384 1780 decollatur.
1435 1723 1640 1780 Verum

89 1820 349 1876 Mauricius
376 1820 647 1890 patienter
693 1817 1071 1874 infelicitatem
1126 1817 1422 1885 sustinuit,
1467 1817 1639 1874 Deum

88 1916 134 1969 in
190 1913 432 1969 omnibus
495 1912 792 1979 invocans,
847 1920 902 1967 et
964 1910 1160 1966 crebro
1225 1910 1638 1982 pronuncians:
1677 1909 1718 1966 Β

87 2007 247 2061 Justus
269 2023 340 2072 es,
374 2005 621 2073 Domine,
645 2013 695 2060 et
738 2017 940 2059 rectum
965 2002 1236 2074 judicium
1276 2012 1445 2057 tuum.
1476 2002 1644 2056 Aiunt

88 2107 244 2152 autem
270 2097 512 2168 quidam,
543 2096 690 2168 quod
722 2112 788 2151 eo
843 2094 1028 2151 occiso
1059 2094 1146 2149 lac
1191 2109 1316 2150 cum
1375 2092 1644 2164 sanguine

85 2190 288 2256 ﬂuxerit,
319 2189 394 2244 ita
425 2197 484 2243 ut
515 2204 709 2244 omnes
736 2186 1090 2257 inspicientes
1117 2184 1235 2240 dire
1276 2184 1645 2239 lamentaren-

86 2291 175 2335 tur.
205 2278 288 2335 Sic
307 2296 437 2351 ergo
468 2279 767 2349 imperator
794 2277 960 2332 etiam
976 2285 1187 2332 naturae
1206 2275 1420 2346 legibus
1447 2274 1646 2331 celsior

85 2371 250 2437 factus,
269 2371 430 2426 vitam
460 2368 1021 2426 commutavit.Porro
1048 2384 1113 2424 ex
1141 2367 1233 2424 illo
1261 2376 1504 2438 tempore
1532 2382 1641 2421 non

81 2464 336 2518 defuerunt
354 2462 602 2517 Romano
624 2462 852 2533 imperio
868 2461 1029 2516 variae
1043 2475 1107 2515 ac
1119 2461 1364 2532 ingentes
1374 2472 1638 2514 erumna:-

143 2557 186 2611 1.
223 2555 364 2626 (Chr.
392 2555 506 2626 ιν.)
544 2555 611 2610 Α.
654 2553 718 2610 1).
757 2553 881 2610 586.
925 2551 1236 2624 Levigildus
1269 2567 1365 2606 rex
1394 2550 1639 2622 Wisigo-

83 2649 268 2702 tharum
315 2647 583 2704 Arrianus
628 2645 1088 2717 Herminigildum
1137 2644 1312 2699 filium
1355 2659 1517 2699 suum
1569 2643 1640 2699 ob

79 2742 215 2794 tidem
262 2741 611 2808 catholicam,
644 2755 810 2811 quam
836 2755 867 2794 a
902 2737 1154 2794 Leandro
1200 2736 1461 2808 episcopo
1509 2751 1638 2807 per-

79 2833 230 2901 cepit,
286 2833 340 2906 in
395 2843 586 2889 saneta
650 2832 926 2887 dominica
986 2832 1205 2902 paschae
1263 2831 1444 2885 securi
1511 2825 1642 2883 fecit

77 2923 246 2978 occidi.
279 2922 492 2994 (ΒευΑ.)
535 2923 863 2995 llilpericus,
897 2922 1043 2978 [ilius
1084 2921 1354 2988 Lotharii,
1391 2937 1538 2977 unus
1565 2935 1633 2976 ex

76 3023 301 3082 quatuor,
333 3015 490 3080 obiit,
519 3031 664 3070 anno
681 3015 777 3070 24°
805 3014 959 3086 regni
987 3014 1073 3068 sui
1102 3011 1195 3085 (cf.
1229 3013 1292 3068 ϐ.
1325 3011 1471 3084 Fr.).

134 3109 180 3161 6.
214 3108 275 3163 Α.
315 3107 378 3162 D.
418 3107 546 3164 588.
580 3107 896 3174 Lotharius,
920 3105 1176 3186 llilpcrici
1211 3105 1378 3175 filius,
1407 3119 1639 3178 regnare

79 3199 236 3269 cu‘pit.
1296 3211 1302 3216 ’

131 3294 177 3347 9.
214 3296 275 3347 Α.
312 3291 374 3348 D.
417 3293 542 3348 591.
587 3291 884 3363 Gregorius
902 3291 1116 3362 primus
1147 3305 1285 3362 papa
1321 3288 1451 3345 66"
1479 3287 1630 3344 ordi-

73 3393 230 3451 natur,
280 3385 586 3456 sedensque
633 3385 794 3440 annis
840 3384 928 3451 15,
984 3399 1158 3438 mens.
1198 3381 1263 3447 6,
1295 3379 1487 3436 diebus
1530 3379 1627 3448 10,

73 3477 297 3547 migravit
325 3478 358 3532 4
409 3476 537 3534 ldus
582 3475 740 3532 Mart.
789 3491 936 3531 anno
975 3473 1217 3532 secundo
1245 3471 1406 3529 Focae
1452 3477 1625 3544 impc-

72 3566 264 3622 ratoris.

133 3657 208 3710 l5.
245 3655 393 3728 (Chr.
431 3655 518 3711 W.
551 3687 622 3696 —
651 3655 845 3726 Buna.)
886 3657 952 3710 A.
993 3653 1057 3709 D.
1103 3653 1227 3710 595.
1266 3655 1286 3676 ⁶
1329 3651 1628 3725 Gregorius

69 3748 286 3817 pontifex
320 3748 590 3821 synodum
620 3748 1002 3819 episcoporum
1021 3746 1093 3801 24
1124 3760 1461 3816 congregans
1483 3741 1626 3815 apud

71 3841 306 3897 Sanctum
334 3841 578 3908 Petrum,
599 3842 666 3897 de
695 3840 1023 3897 necessariis
1067 3840 1329 3895 :ccclcsiaa
1357 3838 1622 3895 decernit.

189 3939 208 3958 ⁹
242 3935 318 3989 D?
355 3935 417 3989 E.
459 3935 708 3988 addunt:
746 3932 805 3987 In
847 3931 999 3987 Italia
1036 3962 1106 3970 —
1139 3931 1441 4002 Pelagium.
1485 3929 1624 3986 Gre-

256 4005 650 4087 goriushlevita
699 4003 1070 4087 septiformem
1112 4002 1183 4058 ob
1225 4001 1625 4087 hocletani'am

255 4070 520 4143 instituit,
565 4084 621 4130 et
653 4070 818 4145 paulo
865 4083 992 4145 post
1027 4089 1183 4145 papa
1229 4070 1627 4145 emcitur._llic

253 4146 478 4202 inter—
500 4141 739 4200 recitari.
771 4161 838 4200 ea:
866 4141 1069 4215 'Sigebl
1116 4141 1183 4198 ἀ.
1239 4143 1365 4198 591.
1420 4141 1546 4199 592.
1573 4152 1624 4200 et

249 4227 471 4289 pergunt
502 4233 520 4271 :
555 4215 654 4272 Hic
681 4217 847 4271 etiam
878 4215 1173 4287 synodum.
1204 4222 1305 4268 etc.

124 4308 202 4364 M.
239 4309 305 4363 Α.
346 4309 411 4363 1).
452 4308 579 4365 596.
606 4306 903 4380 Gregorius
933 4305 1086 4361 misit
1105 4304 1474 4377 Augustinum
1500 4319 1624 4376 prc-

62 4401 226 4458 dicare
254 4403 345 4434 ¹⁶⁶¹
373 4402 587 4474 Anglis.

122 4493 198 4549 l5.
237 4495 305 4548 A.
345 4493 412 4549 D.
450 4493 576 4550 597.
617 4492 1011 4550 Guntrammus
1034 4506 1152 4557 rex,
1185 4490 1329 4546 filius
1353 4488 1621 4556 Lotharii,

61 4586 198 4654 obiit,
229 4603 377 4642 anno
407 4586 564 4658 regni
590 4587 703 4654 35°,
730 4585 939 4640 habens
967 4584 1060 4616 ¹⁰⁶¹
1089 4583 1233 4638 ﬁlios
1263 4583 1404 4639 duos
1439 4581 1620 4638 Theo-

59 4678 322 4734 debertum
345 4687 401 4735 et
434 4679 834 4736 Theodericum
858 4676 951 4749 (cf.
985 4675 1049 4732 (ὲ.
1085 4674 1230 4746 Fr.).

120 4769 197 4824 17.
229 4772 297 4826 Α.
324 4769 388 4825 D.
423 4771 550 4827 599.
584 4768 947 4836 Hildibertus,
986 4766 1134 4823 illius
1173 4764 1428 4838 Sigibcrti
1497 4780 1622 4822 cum

59 4872 294 4932 regnaret
313 4862 476 4918 annis
505 4862 597 4930 20,
627 4862 783 4918 obiit.

123 4952 196 5008 13.
235 4954 305 5007 Α.
347 4953 412 5008 D.
451 4952 577 5008 600.
612 4956 632 4975 ‘

187 5071 209 5093 ‘
236 5067 324 5121 D?
355 5066 418 5122 E.
459 5067 494 5123 5
530 5097 599 5107 —
637 5066 724 5119 11.
765 5063 1010 5118 addunt:
1051 5061 1288 5118 Sanetus
1336 5059 1480 5116 Goar
1530 5074 1622 5116 ve—

248 5139 410 5208 niens
469 5153 536 5195 ex
589 5135 917 5208 Aquitania,
977 5133 1148 5190 claret
1201 5133 1258 5187 in
1312 5132 1505 5187 Gallia.
1557 5145 1621 5184 ex

247 5207 428 5281 Sigeb.

117 5301 195 5357 19.
235 5301 304 5355 Α.
346 5300 411 5356 ι).
453 5299 578 5355 601.
614 5303 634 5322 ⁴

180 5397 197 5414 ‘
228 5392 313 5517 DS
451 5391 654 5446 addunt
681 5406 698 5444 :
733 5398 1026 5445 Lontentio
1053 5417 1122 5428 —
1147 5395 1325 5442 morte
1366 5385 1522 5441 obiit.
1551 5399 1615 5439 ex

291 5480 372 5517 tae
412 5504 425 5517 .

109 5555 195 5610 21.
230 5480 532 5626 (:fo’l‘i’.)
567 5553 632 5610 A.
672 5553 737 5608 D.
767 5551 892 5607 603.
933 5549 1250 5623 Gregorius,
1286 5549 1473 5606 missis
1527 5550 1622 5606 do-

1750 619 1874 686 bus,
1898 618 2105 691 Anglos
2137 620 2205 676 ad
2235 621 2515 676 Christum
2539 623 2826 677 convertit.
2859 621 3069 678 Tunica
3095 623 3336 692 Domini,

1750 727 1915 781 super
1966 727 2131 782 quam
2171 713 2376 768 milites
2407 723 2610 768 sortem
2661 714 2952 782 miserunt,
2997 717 3052 770 in
3090 717 3338 788 Zaphath

1748 801 1943 872 procul
1967 802 2036 856 ab
2066 801 2406 860 Hierusalem
2449 804 2504 858 in
2533 821 2660 859 arca
2706 820 3013 861 marmorea
3043 809 3335 877 reperitur,

1748 907 1915 962 quam
1944 891 2242 964 Gregorius
2263 896 2640 952 Anthiocenus
2667 897 2958 968 episc0pus
2997 907 3053 954 et
3092 899 3337 955 Thomas

1751 983 2272 1042 Hierosolimitanus
2310 997 2363 1043 et
2385 987 2666 1045 Iohannes
2694 988 3337 1061 Constantinopolitanus

1747 1093 1874 1134 cum
1908 1078 2033 1133 aliis
2081 1079 2269 1134 multis
2306 1080 2598 1150 episcopis,
2634 1080 2778 1136 facto
2811 1082 3066 1137 triduano
3092 1083 3326 1153 jejunio,

1746 1169 1939 1226 ordine
1967 1169 2206 1240 pedestri
2232 1168 2649 1226 llicrosolimam
2689 1172 2744 1226 in
2784 1173 2901 1244 ipsa
2932 1175 3098 1228 archa
3125 1175 3327 1245 perdu-

1747 1272 1965 1330 centes,
2016 1262 2072 1318 in
2123 1262 2390 1330 azcclesia,
2431 1263 2524 1318 ubi
2579 1280 2716 1319 crux
2763 1264 2978 1320 Domini
3031 1267 3321 1332 adoratur,

1746 1365 2067 1428 posuerunt.
2105 1355 2401 1411 Mauricius
2447 1372 2641 1426 pennas
2685 1359 2950 1413 scelerum
2977 1374 3232 1422 suorum,
3266 1369 3327 1412 ut

1746 1446 1862 1516 ipse
1891 1445 2087 1513 oravit,
2120 1446 2176 1501 in
2206 1445 2310 1502 hac
2333 1446 2444 1502 vita
2494 1447 2834 1518 persolvens,
2863 1464 2893 1502 a
2925 1447 3068 1504 Foca
3097 1449 3326 1519 turpiter

1743 1539 2068 1594 decollatur.

1742 1651 1886 1706 Anni
1924 1651 2098 1708 Foeaa.

1815 1765 1866 1820 1.
1909 1769 2069 1822 Anno
2096 1764 2386 1822 dominicae
2433 1765 2830 1823 incarnationis
2866 1766 3017 1832 604°.
3041 1767 3210 1837 Urbis
3231 1783 3331 1826 au-

1746 1866 1854 1914 tem
1889 1859 2121 1914 condita:
2146 1857 2442 1914 millesimo
2465 1859 2613 1915 555³.
2659 1857 2832 1915 Focas
2864 1860 3110 1930 quidam,
3137 1859 3330 1928 Prisci,

1746 1961 1806 2006 ut
1831 1950 2094 2023 aiunt(P.
2128 1951 2192 2006 Ι).
2243 1968 2318 2019 iv,
2359 1951 2484 2023 27),
2534 1951 2751 2021 patricii
2786 1953 3064 2022 quondam
3107 1961 3331 2017 strator,

1743 2052 1870 2114 post
1898 2044 1968 2099 ad
2018 2044 2271 2100 militiam
2319 2053 2630 2114 provectus,
2661 2045 2857 2101 deinde
2885 2059 2916 2098 a
2950 2043 3154 2115 populo
3200 2061 3333 2115 pro-

1743 2145 1966 2192 curator
2014 2136 2228 2204 factus,
2263 2137 2332 2192 ad
2382 2136 2637 2192 ultimum
2695 2153 2846 2204 vero,
2884 2138 3100 2192 vivente
3151 2137 3333 2192 adhuc

1742 2227 2007 2285 Mauricio
2066 2229 2425 2299 imperatore,
2482 2229 2552 2284 ab
2607 2230 2851 2286 exercitu
2910 2230 2979 2285 ad
3037 2230 3328 2300 imperium

1739 2322 1967 2388 electus,
1996 2322 2087 2377 57°
2116 2323 2237 2377 loco
2277 2322 2347 2376 ab
2373 2321 2644 2393 Augusto,
2680 2321 2968 2392 imperium
3021 2322 3242 2390 invasit,
3276 2331 3332 2377 et

1739 2422 1865 2469 octo
1910 2413 2002 2446 ⁸⁸⁵³
2035 2414 2196 2469 annis
2228 2414 2494 2484 regnavit,
2522 2414 2732 2469 habens
2783 2429 3007 2470 uxorem
3042 2413 3327 2470 Leontiam

1739 2505 1983 2560 nomine.
2017 2505 2234 2577 (Βευλ.)
2258 2505 2434 2576 Hujus
2459 2521 2604 2562 anno
2631 2505 2689 2560 2°
2719 2507 2910 2562 beatus
2938 2522 3076 2577 papa
3116 2505 3326 2577 Grego-

1738 2597 1857 2652 rius
1898 2597 2153 2668 migravit
2185 2597 2253 2652 ad
2297 2596 2608 2664 Dominum,
2649 2608 2702 2654 et
2745 2597 3074 2653 Sabinianus
3123 2614 3224 2668 pro
3259 2613 3328 2656 eo

1737 2689 1956 2761 eligitur
2003 2691 2072 2746 ad
2128 2690 2545 2761 pontiﬁcatum;
2595 2699 2720 2761 post
2769 2708 2934 2762 quem
2975 2691 3323 2758 Bonifacius,

1739 2785 1899 2854 cujus
1949 2793 2141 2855 rogatu
2193 2783 2368 2840 Focas
2413 2784 2696 2839 constituit
2747 2785 2930 2839 sedem
2983 2783 3244 2839 Romanae
3271 2793 3328 2840 et

1737 2877 2054 2947 apostolicae
2097 2877 2362 2933 accelesize
2394 2885 2556 2946 caput
2588 2893 2711 2932 esse
2752 2877 3000 2931 omnium
3043 2877 3324 2933 meclesia-

1739 2984 1896 3036 rum;
1940 2985 2069 3023 nam
2115 2977 2275 3023 antea
2312 2967 2918 3039 Constantinopolitana
2963 2969 3209 3025 meclesia
3265 2985 3325 3025 se

1739 3061 2016 3118 scribebat
2055 3061 2290 3132 primam
2333 3061 2600 3116 omnium.
2631 3061 2764 3116 Post
2789 3078 2952 3132 quem
2982 3061 3124 3117 alius
3154 3061 3322 3116 Boni-

1738 3152 1933 3220 facius,
1984 3155 2080 3225 qui
2111 3152 2218 3209 fuit
2265 3170 2297 3209 a
2344 3154 2505 3208 beato
2551 3153 2814 3224 Gregorio
2849 3164 3110 3225 quartus;
3165 3155 3324 3224 cujus

1658 3263 1702 3323 C
1737 3246 1866 3302 item
1896 3256 2091 3318 rogatu
2140 3246 2284 3302 idem
2335 3245 2509 3302 Focas
2539 3246 2705 3316 jussit
2745 3246 2838 3278 ’°“
2868 3247 2922 3300 in
2969 3247 3139 3302 veteri
3171 3247 3320 3314 fano,

1729 3339 1877 3409 quod
1900 3339 2180 3408 pantheon
2225 3338 2544 3405 vocabatur,
2601 3338 2799 3394 ablatis
2846 3337 3107 3394 idolatriae
3144 3339 3322 3393 sordi-

1728 3430 1862 3497 bus,
1911 3430 2218 3486 aacelesiam
2269 3430 2440 3486 beatae
2492 3445 2708 3500 semper
2754 3429 2982 3500 virginis
3029 3429 3215 3485 Maria:
3267 3436 3323 3484 et

1728 3521 1975 3578 omnium
2007 3530 2310 3594 martyrum
2351 3521 2492 3589 fieri,
2522 3530 2584 3576 ut
2629 3521 2722 3577 ubi
2764 3522 3042 3593 quondam
3072 3522 3318 3576 omnium

1729 3629 1842 3669 non
1893 3615 2126 3670 deorum
2177 3613 2273 3670 sed
2323 3613 2635 3669 daemonum
2685 3615 2866 3670 cultus
2920 3613 3204 3686 agebatur,
3245 3613 3320 3670 ibi

1727 3705 1986 3777 deinceps
2038 3706 2288 3762 omnium
2343 3715 2662 3762 sanctorum
2711 3706 2976 3762 memoria
3029 3706 3318 3762 coleretur.

1727 3797 1907 3868 llujus
1938 3808 2185 3869 tempore
2207 3797 2457 3854 Cosdroe
2485 3815 2578 3854 rex
2608 3797 2902 3855 Persarum
2929 3799 3193 3855 adversus
3221 3815 3322 3869 pu-

1729 3890 1928 3945 blicam
1953 3906 2068 3945 rem
2101 3891 2240 3946 bella
2275 3891 2602 3962 gravissima
2630 3908 2849 3964 gerens,
2874 3893 3076 3948 multas
3117 3891 3322 3948 Roma-

1728 3997 1926 4036 norum
1971 3982 2283 4051 provincias
2327 3991 2382 4037 et
2413 3983 2588 4053 ipsam
2624 3982 3042 4038 Hicrosolimam
3074 3983 3318 4048 abstulit,

1726 4082 1781 4129 et
1819 4074 1913 4106 ¹⁰⁶⁸
1943 4074 2235 4128 destruens
2277 4075 2555 4129 accclesias
2596 4089 2662 4128 ac
2706 4083 2897 4130 sancta
2944 4074 3318 4144 prophanans,

1727 4164 1870 4220 inter
1898 4173 2224 4219 ornamenta
2256 4164 2505 4219 locorum
2535 4165 2620 4219 vel
2668 4175 2984 4220 sanctorum
3030 4165 3112 4218 vel
3159 4180 3317 4219 com-

1726 4258 1978 4312 munium
2003 4273 2126 4328 qua:
2151 4257 2377 4313 abstulit
2402 4257 2566 4311 etiam
2589 4257 2848 4311 vexillum
2875 4256 3162 4313 dominicae
3186 4272 3315 4310 cru-
3406 4282 3408 4286 τ

1725 4351 1806 4407 cis
1853 4350 2100 4406 abduxit.
2153 4348 2250 4420 (Η.
2282 4347 2380 4418 m.)
2407 4347 2583 4404 Focas
2634 4358 2817 4403 autem
2861 4364 2988 4404 eum
3019 4346 3314 4403 homicidia

1725 4453 2018 4513 ceteraque
2045 4443 2190 4497 mala
2235 4442 2409 4496 multa
2459 4440 2680 4497 fecisset
2734 4441 2790 4495 in
2839 4440 3313 4512 populo,‘Priscus

1725 4535 2012 4606 patricius,
2069 4549 2236 4604 gener
2282 4532 2488 4604 ipsius,
2541 4533 2754 4600 dolens,
2781 4549 2880 4604 pro
2929 4532 3036 4600 his,
3089 4533 3315 4604 scripsit

1655 4635 1699 4690 1)
1725 4626 1980 4684 Heraclio
2030 4626 2264 4698 patricio
2291 4635 2347 4682 et
2372 4627 2578 4698 pretori
2605 4625 2825 4693 Africae,
2857 4641 2915 4682 ut
2945 4626 3116 4683 ﬁlium
3147 4643 3310 4684 suum

1727 4718 2036 4776 Heraclium
2071 4720 2332 4786 mitteret,
2362 4718 2624 4790 quatinus
2665 4727 2856 4773 contra
2886 4716 3087 4772 Focam
3126 4725 3310 4789 tyrano

1725 4827 1858 4867 num
1895 4812 2126 4867 veniret.
2155 4810 2262 4878 Qui
2302 4810 2530 4866 veniens
2579 4823 2706 4865 eum
2753 4809 3017 4876 exercitu,
3049 4810 3310 4880 pugnavit

1725 4920 1851 4960 cum
1881 4920 1978 4971 eo,
2007 4913 2063 4959 et
2083 4904 2215 4959 vicit
2239 4919 2398 4970 eum;
2446 4903 2642 4974 vulgus
2677 4910 2860 4956 autem
2906 4901 3308 4970 apprehensum

1727 4996 2001 5053 interfecit
2027 5007 2084 5053 et
2113 4998 2238 5069 igne
2265 4996 2410 5066 apud
2438 4994 2680 5050 Taurum
2713 4995 2994 5050 cremavit.

1796 5089 1850 5143 2.
1892 5088 2042 5160 (Chr.
2073 5088 2188 5159 W.)
2220 5089 2284 5142 Α.
2312 5087 2376 5142 D.
2417 5087 2544 5143 605.
2584 5086 2820 5143 Sanctus
2849 5086 3145 5160 Gregorius
3167 5102 3305 5158 papa

1727 5181 1981 5253 migravit
2007 5180 2075 5236 ad
2104 5179 2419 5236 Dominum.

1797 5273 1850 5328 5.
1889 5272 1956 5327 Α.
1997 5271 2062 5327 Ι).
2102 5271 2227 5327 606.
2257 5271 2584 5329 Sabinianus
2602 5285 2742 5343 papa
2769 5271 2896 5328 67η·
2928 5272 3069 5330 sedit
3093 5288 3302 5330 annum

1729 5383 1921 5426 unum.
1945 5380 2162 5422 menses
2189 5365 2244 5420 5.

1869 5482 1888 5504 ”
1925 5478 2006 5532 D?
2131 5477 2334 5602 abddunt
2357 5491 2374 5529 :
2396 5476 2588 5534 Libros
2609 5477 2854 5551 Gregorii
2877 5481 3300 5550 —testimonio,

1935 5565 2001 5604 ea:
2073 5566 2150 5605 me
2189 5588 2204 5604 .

1935 5565 2001 5604 ea:
2030 5565 2204 5620 urgeo.

505 5683 519 5765 4
1331 5683 1564 5740 vanu:
1605 5683 2006 5742 LECTIONES.

117 5787 196 5818 ί⁰⁶¹
238 5785 308 5840 ad
335 5783 723 5856 predicandum
745 5781 797 5856 _E
832 5781 905 5856 l.__
965 5780 1056 5856 "f"
1095 5780 1303 5856 habens
1324 5809 1401 5856 ,ἢ
1424 5778 1820 5837 Theodericum
1865 5781 2051 5834 desunt
2081 5779 2123 5834 E
2157 5782 2204 5834 1.
2285 5782 2377 5814 ¹⁰⁶³
2419 5784 2469 5834 in
2497 5781 2608 5836 loco
2638 5799 2756 5837 raso
2792 5782 2840 5836 1.
2912 5782 3013 5852 γ⁸⁶⁶³
3049 5782 3173 5835 add.
3207 5781 3295 5836 sed

49 5857 139 5911 del.
174 5867 232 5912 ut
271 5849 353 5912 1.’
405 5856 497 5888 m“
536 5864 588 5910 et
612 5884 681 5893 ——
711 5851 937 5914 abstulit
964 5852 1152 5904 desunt
1187 5851 1271 5904 10.
1320 5849 1404 5903 11.
