3880 6308
567 350 673 408 819

636 467 690 522 4.
733 465 800 521 A.
842 461 907 521 D.
950 463 1075 521 607.
1117 462 1434 520 Bonifacius
1461 478 1599 535 papa
1624 461 1749 518 08‘"
1783 463 1922 518 sedit
1943 478 2144 537 annum
2176 468 2222 525 Α

566 576 761 624 unum,
797 574 1017 614 menses
1067 557 1120 614 8.
1171 556 1321 629 (Chr.
1375 555 1488 628 W.)
1535 556 1656 623 Quo
1697 564 1944 626 rogante,
1974 554 2146 610 Focas

563 651 695 708 fecit
721 651 951 706 Romam
986 659 1215 705 matrem
1239 649 1633 704 tecclesiarum.

638 745 692 799 6.
732 744 796 798 A.
840 744 903 799 D.
945 744 1070 799 609.
1124 742 1438 799 Bonifacius
1483 758 1622 814 papa
1672 741 1802 796 69*“
1859 740 1999 797 sedit
2045 756 2145 794 an-

565 851 670 894 nos
716 839 785 905 6,
836 853 1058 894 menses
1111 836 1166 892 8.
1198 835 1371 907 Cujus
1421 845 1613 906 rogatu
1656 833 1831 890 Focas
1870 833 2146 905 pantheon

565 932 716 989 dedit
741 931 1020 988 ecclesiae.

641 1024 691 1080 7.
729 1026 796 1079 A.
839 1024 905 1080 D.
946 1023 1069 1080 610.
1104 1027 1123 1047 ⁶

709 1123 729 1142 ⁸
766 1118 851 1172 D?
883 1119 945 1173 E.
973 1118 1211 1173 addunt:
1237 1117 1581 1173 Alexandriae
1605 1146 1682 1188 -:
1716 1113 2048 1188 cleymonis,
2095 1112 2149 1170 id

743 1190 757 1200 ’
777 1199 862 1246 est
882 1190 1274 1257 elemosinarii,
1305 1189 1525 1244 meruit.
1557 1204 1623 1243 ea:
1646 1187 1820 1258 Sigeb.

529 1315 538 1324 ο
636 1283 690 1340 8.
731 1283 796 1338 A.
836 1281 900 1337 D.
939 1283 1064 1338 611.
1106 1282 1285 1339 Focas
1312 1282 1600 1339 occiditur.

563 1377 709 1434 Anni
733 1376 990 1434 lleraclii.

639 1471 691 1524 1.
734 1469 832 1542 (Η.
863 1469 959 1541 m.)
1007 1454 1168 1524 Anno
1219 1467 1507 1524 dominica:
1553 1464 1951 1522 incarnationis
1997 1462 2149 1530 612",

566 1561 734 1617 Urbis
786 1569 968 1616 autem
1023 1560 1256 1616 conditae
1309 1559 1600 1614 millesimo
1645 1557 1792 1613 565°.
1837 1556 2148 1622 Heraclius,

567 1655 660 1710 58°
687 1655 810 1709 loco
832 1654 902 1709 ab
925 1653 1192 1725 Augusto,
1217 1653 1428 1722 accepit
1457 1652 1767 1723 imperium,
1783 1651 1965 1708 occiso
1985 1649 2150 1716 Foca,

567 1747 924 1818 regnavitque
963 1747 1125 1802 annis
1151 1745 1242 1800 27.
1293 1744 1393 1800 Hie
1433 1754 1726 1822 coronatus
1779 1753 1915 1800 esta
1959 1741 2153 1816 Sergio

568 1814 880 1910 patriarcha
907 1839 961 1894 in
996 1837 1238 1894 oratorio
1262 1837 1435 1894 sancti
1473 1819 1756 1908 Stephani,
1804 1839 1950 1909 quod
1976 1814 2151 1893 estin
2185 1814 2226 1872 Β

567 1933 802 2003 palatio,
839 1948 965 1988 cum
1018 1933 1344 2001 desponsata
1399 1931 1505 1987 sibi
1558 1930 1839 1998 Eudoxia,
1879 1931 2153 2000 simulque

568 2032 900 2095 acceperunt
955 2024 1272 2095 nuptiarum
1321 2039 1577 2091 coronas,
1623 2032 1680 2078 et
1708 2038 1818 2078 una
1853 2023 2154 2092 eademque

566 2118 656 2173 die
700 2117 986 2174 lleraclius
1029 2127 1084 2173 et
1111 2118 1410 2188 imperator
1455 2126 1510 2172 et
1537 2133 1776 2188 sponsus
1823 2116 2148 2172 ostenditur.

570 2213 830 2283 Sequenti
854 2227 999 2268 anno
1025 2212 1273 2267 nascitur
1294 2211 1610 2282 imperatori
1636 2211 1782 2266 ﬁlius
1796 2211 1863 2266 de
1883 2210 2151 2275 Eudoxia,

567 2303 857 2362 lleraclius-
879 2305 1089 2373 minor,
1115 2304 1210 2375 qui
1236 2314 1290 2360 et
1339 2304 1734 2360 Constantinus
1768 2319 1945 2359 novus
1973 2303 2154 2358 dictus

565 2405 681 2465 est;
729 2405 786 2452 et
830 2405 1047 2451 mortua
1077 2404 1162 2451 est
1211 2404 1444 2466 augusta
1491 2395 1681 2450 eodem
1737 2411 1902 2450 anno.
1950 2393 2154 2449 Deinde

568 2503 718 2543 anno
759 2487 1008 2557 sequenti
1065 2486 1222 2542 duxit
1281 2484 1568 2541 Heraclius
1612 2486 1818 2541 inceste
1863 2484 2151 2540 Martinam

568 2589 786 2652 neptem
811 2597 993 2649 suam,
1020 2580 1228 2637 sororis
1257 2597 1370 2636 sua:
1401 2581 1592 2649 ﬁliam,
1623 2595 1748 2651 quae
1772 2589 2034 2636 coronata
2070 2587 2155 2635 est

568 2673 626 2728 in
669 2683 960 2746 augustam
991 2689 1023 2728 a
1056 2673 1248 2744 Sergio
1277 2673 1590 2745 patriarcha
1637 2672 1898 2728 heretico.
1944 2671 2020 2727 De
2045 2687 2153 2743 qua

568 2766 813 2837 suscepit
835 2766 1008 2822 ﬁlium
1036 2764 1421 2820 Ileraclonam.

639 2864 801 2919 Anno
829 2863 1044 2934 imperii
1079 2863 1166 2919 sui
1208 2871 1405 2918 octavo
1445 2859 1728 2918 Heraclius
1757 2859 1911 2915 misit
1933 2857 1987 2913 in
2023 2855 2156 2912 Per-

567 2960 742 3015 sidem
772 2960 980 3031 legatos
1027 2958 1094 3014 ad
1139 2957 1446 3025 Cosdroen,
1490 2957 1777 3028 postulans
1811 2969 2020 3026 pacem.
2049 2949 2152 3018 Qui

569 3054 774 3124 sprevit
797 3068 914 3124 eos,
945 3052 1132 3108 dicens
1162 3071 1174 3106 :
1215 3049 1336 3105 Non
1368 3066 1586 3121 parcam
1615 3049 1781 3115 vobis,
1819 3047 1981 3101 donec
2033 3060 2155 3099 cru-

570 3147 823 3216 ciﬁxum,
874 3162 1026 3217 quem
1073 3143 1240 3198 Deum
1286 3160 1398 3198 esse
1449 3142 1712 3213 fatemini,
1771 3138 2056 3209 abnegetis,
2103 3145 2153 3190 et
2183 3163 2227 3225 ϐ

569 3238 733 3293 solem
771 3237 1024 3292 adoretis.
1053 3234 1314 3307 Sequenti
1337 3249 1484 3290 anno
1500 3233 1778 3289 Chaianus
1801 3247 1896 3286 rex
1915 3230 2155 3284 Avarum

571 3331 774 3388 direxit
803 3331 975 3386 aciem
1000 3338 1194 3386 contra
1218 3327 1524 3394 Thracem;
1558 3326 1655 3382 sed
1682 3323 1868 3380 missis
1889 3323 1964 3377 ab
1988 3320 2158 3376 llera-

571 3425 682 3480 clio
700 3423 914 3496 legatis,
940 3422 1071 3478 fecit
1097 3437 1222 3478 cum
1253 3435 1322 3476 eo
1345 3434 1554 3491 pacem.

642 3515 979 3571 Duodecimo
1022 3522 1205 3571 autem
1254 3511 1471 3583 imperii
1519 3509 1605 3566 sui
1659 3523 1834 3576 anno,
1879 3513 2157 3562 contracta

570 3610 724 3665 omni
769 3608 962 3664 militia
999 3623 1132 3674 sua,
1181 3605 1352 3662 movit
1397 3604 1698 3661 exercitum
1750 3601 1807 3658 in
1856 3600 2157 3668 Persidem,

572 3703 856 3774 multaque
876 3702 1060 3773 praelia
1093 3716 1219 3757 cum
1251 3698 1485 3756 diversis
1518 3696 1750 3753 ducibus
1791 3695 2159 3762 committens,

572 3812 672 3867 per
702 3810 797 3851 sex
830 3809 1009 3850 annos
1039 3791 1320 3849 Persidem
1347 3789 1651 3847 devastavit
1675 3796 1730 3843 et
1765 3786 1913 3853 vicit,
1945 3785 2159 3841 occiso-

575 3904 685 3960 que
738 3887 1053 3952 Chosdroe,
1103 3885 1338 3957 septimo
1391 3897 1539 3938 anno
1591 3879 2158 3951 Constantinopolim,

574 3981 758 4037 ablato
788 3996 820 4036 a
844 3979 1069 4036 Perside
1095 3976 1316 4034 viviﬁco
1345 3975 1528 4033 crucis
1576 3973 1747 4046 ligno,
1792 3972 1973 4040 rediit,
2003 3987 2162 4027 mox-

488 4089 496 4098 ··
571 4089 682 4146 que
708 4074 957 4145 sequenti
983 4071 1193 4130 vernali
1217 4080 1461 4142 tempore
1475 4067 1896 4124 Hierosolimam
1913 4065 2160 4132 tetendit,

572 4167 882 4238 preciosum
926 4166 1056 4222 illuc
1109 4164 1319 4237 lignum
1360 4169 1682 4234 reportans,
1732 4160 1801 4216 ad
1858 4159 2162 4232 gratiarum

572 4258 684 4318 Deo
714 4261 962 4318 actiones
990 4257 1331 4315 referendas.
1360 4261 1381 4279 ⁶

715 4357 736 4378 ·
770 4353 852 4408 D?
876 4351 938 4406 E.
957 4352 1162 4406 addunt
1188 4366 1207 4404 :
1233 4346 1546 4406 Desiderius
1574 4375 1647 4385 —
1673 4345 2080 4417 martyrizatur,
2101 4359 2166 4398 ex

785 4422 960 4494 Sigeb.
986 4440 1039 4478 a.
1069 4421 1193 4477 612.

1736 346 2135 402 EKKEHARDI
2177 347 2642 406 UllAUGlENSlS

3727 345 3809 401 ω

2253 464 2420 520 tercio
2450 480 2544 534 per
2574 461 2859 518 intervalla
2893 459 3156 532 temporis
3177 459 3533 523 verberatus.
3565 455 3637 511 ad
3662 469 3810 512 extre-

2247 572 2398 611 mum
2425 572 2532 611 una
2556 571 2722 610 manu
2745 571 2840 626 per
2864 563 2974 610 tres
3000 554 3166 609 horas
3185 567 3513 622 suspensus,
3538 549 3720 620 sicque
3741 551 3813 604 de

2247 650 2498 714 collatus,
2522 649 2704 703 nobile
2727 647 3048 719 martyrium
3077 661 3203 702 cum
3225 645 3349 698 aliis
3375 643 3444 696 70
3468 642 3696 713 peregit.
3718 641 3813 696 llo:

2249 740 2434 795 tunica
2456 740 2576 810 ejus
2598 739 2821 794 indutus
2842 738 3067 809 quidam
3089 735 3470 799 demoniacus,
3493 741 3718 788 curatus
3735 746 3813 786 esi-

2249 831 2458 886 Interea
2498 830 2887 901 superveniens
2917 843 3041 884 cum
3082 826 3328 882 exercitu
3368 822 3662 878 Heraclius
3694 823 3814 892 prin-

2248 935 2398 991 ceps,
2431 919 2703 991 superatis
2741 916 2948 983 Persis,
2989 915 3322 971 christianos
3356 914 3454 984 qui
3491 923 3656 967 erant
3682 914 3814 983 capti-

2250 1013 2358 1066 vati
2390 1000 2606 1067 reduxit
2637 1010 2955 1081 gaudentes.
3000 1004 3265 1076 Reliquit
3289 1014 3478 1059 autem
3510 1001 3665 1056 beati
3697 1001 3814 1055 An:-

2250 1101 2408 1158 stasii
2439 1102 2695 1174 martyris
2731 1101 2971 1172 primum
2993 1096 3330 1154 monasterio
3353 1111 3480 1162 suo,
3516 1093 3713 1148 deinde
3735 1091 3815 1147 lio-

2246 1213 2396 1267 mam
2423 1197 2681 1261 advectae,
2703 1201 3035 1249 venerantur
3062 1190 3117 1245 in
3147 1187 3486 1244 monasterio
3521 1185 3674 1240 beati
3698 1184 3817 1240 Pauli

2250 1290 2510 1363 apostoli,
2530 1289 2676 1360 quod
2707 1286 2907 1344 dicitur
2939 1284 3022 1340 Ad
3046 1283 3236 1354 Aquas
3268 1280 3508 1336 Salvias.

2324 1385 2421 1456 (Η.
2449 1384 2545 1455 m.)
2573 1383 2734 1438 Anno
2761 1380 2974 1452 imperii
2997 1377 3233 1434 Heraclii
3257 1377 3346 1432 15τ³
3373 1375 3655 1439 Arabum,
3677 1372 3757 1442 qui
3779 1383 3817 1426 ct

2255 1477 2541 1534 Sarraceni
2566 1477 2846 1541 dicuntur,
2873 1470 3223 1528 Muhammad
3238 1469 3501 1539 princeps
3521 1463 3812 1520 habebatur.

2253 1569 2354 1626 llic
2407 1578 2526 1625 erat
2570 1566 3069 1640 pscudopropheta,
3111 1563 3205 1618 sed
3252 1559 3400 1630 apud
3447 1558 3580 1612 illos
3630 1572 3817 1623 magnus

2253 1660 2635 1725 estimabatur,
2660 1658 2734 1711 ita
2765 1664 2826 1710 ut
2848 1655 3023 1709 eciam
3053 1651 3107 1705 in
3135 1648 3406 1721 principio
3442 1647 3710 1701 adventus
3727 1645 3814 1713 ejus

2253 1740 2591 1815 estimare'nt,
2622 1747 2768 1803 hunc
2813 1759 2934 1801 esse
2969 1742 3120 1798 illum
3163 1740 3256 1812 qui
3289 1739 3360 1794 ab
3387 1738 3475 1793 eis
3507 1745 3815 1806 exspectatur

2253 1845 2527 1900 Christus.
2569 1840 2699 1896 Erat
2724 1847 2906 1894 autem
2937 1835 3204 1892 oriundus
3223 1849 3292 1889 ex
3338 1832 3516 1901 stirpe
3547 1829 3812 1890 Ismahelis,

2252 1938 2350 1992 ﬁlii
2390 1935 2640 1990 Abrahae.
2693 1931 2831 1987 Cum
2880 1939 3062 1984 autem
3102 1925 3262 1996 inops
3281 1932 3338 1978 et
3367 1921 3664 1992 orphanns
3709 1929 3814 1972 esset

2254 2030 2399 2087 idem
2429 2023 2802 2090 Mnhammad,
2839 2022 3019 2077 visum
3053 2027 3138 2074 est
3168 2017 3273 2074 sibi
3306 2016 3373 2071 ad
3410 2013 3693 2086 quandam
3724 2027 3813 2064 mn-

2253 2124 2442 2179 lierem
2495 2105 2822 2190 locupletem
2870 2124 2926 2171 et
2977 2121 3264 2184 cognatam
3291 2124 3451 2166 suam
3488 2106 3710 2160 nomine
3733 2102 3814 2155 Ca-

2252 2217 2437 2288 digam
2474 2213 2702 2268 introire
2738 2207 3133 2272 mercenarius,
3165 2203 3232 2258 ad
3269 2199 3679 2272 negociandum
3720 2211 3813 2250 cu

2253 2306 2477 2363 camelis
2499 2304 2621 2375 ejus
2651 2301 2795 2373 apud
2824 2299 3122 2370 A‘ngptum
3151 2303 3205 2350 et
3233 2293 3601 2354 Palestinam,
3636 2289 3816 2344 sicuti:

2254 2399 2362 2455 illis
2408 2396 2543 2453 locis
2582 2410 2704 2451 mos
2745 2402 2883 2448 erat.
2915 2388 3184 2444 Paulatim
3228 2393 3416 2440 autem
3458 2381 3662 2437 ﬁducia
3688 2394 3817 2450 penes

2253 2491 2427 2563 ipsam
2459 2489 2744 2544 mulierem
2784 2491 3059 2556 percepta,
3089 2495 3219 2551 qua:
3251 2478 3420 2532 vidua
3460 2483 3610 2541 erat,
3650 2472 3818 2541 accepit

2252 2598 2375 2639 eam
2426 2596 2678 2648 uxorem,
2717 2587 2773 2633 et
2821 2576 3014 2632 habuit
3055 2571 3297 2629 camelos
3337 2569 3486 2623 illius
3526 2577 3818 2632 omnemque

2253 2673 2641 2732 substantiam.
2675 2670 2926 2739 Cumque
2955 2665 3165 2721 veniret
3207 2662 3262 2716 in
3315 2658 3670 2721 Palestinam,
3714 2669 3818 2706 coa-

2253 2767 2578 2824 versabatur
2611 2779 2737 2819 cum
2773 2759 2978 2816 Iudaeis
3019 2766 3075 2813 et
3112 2753 3455 2818 christianis,
3498 2749 3820 2820 capiebatque

2253 2859 2520 2932 quasdam
2549 2856 2851 2927 scripturas
2865 2853 2934 2907 ab
2955 2850 3058 2906 eis.
3087 2847 3262 2903 Porro
3275 2843 3518 2900 habebat
3545 2840 3816 2932 passionem

2253 2931 2585 3021 epylemsiaa,
2617 2945 2672 3002 id
2699 2955 2785 3001 est
2815 2941 3069 2998 morbum
3103 2936 3377 2993 caducum
3409 2933 3530 2986 ηδε.
3567 2931 3680 2997 Quo
3700 2945 3820 2982 CCII}-

2255 3020 2431 3112 perto,
2456 3053 2596 3094 uxor
2611 3036 2731 3107 ejus
2751 3033 2908 3089 valde
2936 3028 3391 3092 contristabatur,
3420 3031 3610 3094 utpote
3631 3020 3817 3081 notatis,

2257 3132 2403 3203 quod
2436 3147 2494 3188 se
2528 3126 2845 3200 hujusmodi
2879 3124 2998 3179 viro
3025 3121 3330 3192 copularet,
3358 3131 3538 3188 egeno
3566 3113 3753 3169 scilicet
3778 3120 3822 3162 et

2257 3223 2601 3298 cpylemtico.
2628 3217 2965 3275 Procurabat
2989 3230 3120 3270 vero
3143 3214 3232 3268 ille
3258 3211 3481 3282 placare
3519 3208 3702 3277 ipsam,
3726 3203 3822 3255 tali-

2257 3326 2340 3372 ter
2361 3317 2554 3372 dicens
2589 3333 2602 3369 :
2654 3311 2921 3368 Visionem
2942 3307 3211 3380 quandam
3232 3302 3411 3374 angeli
3436 3298 3690 3355 Gabrielis
3715 3313 3820 3347 ωι-

2258 3408 2506 3480 templor,
2525 3416 2576 3464 et
2597 3406 2725 3460 haut
2750 3404 2920 3475 ferens
2946 3399 3103 3470 hujus
3117 3406 3443 3468 asspectum,
3470 3401 3639 3446 mente
3657 3388 3820 3455 deﬁcio

2255 3510 2306 3555 et
2341 3500 2494 3554 cado.
2535 3498 2658 3570 lpsa
2700 3511 2832 3552 vero
2859 3508 2986 3550 cum
3030 3490 3261 3546 haberet
3297 3488 3538 3542 alterum
3585 3482 3820 3554 quendam

2258 3593 2422 3650 talem
2451 3592 2690 3647 amicum
2715 3603 2899 3654 suum,
2933 3592 3158 3657 propter
3189 3579 3573 3635 inﬁdelitatem
3601 3589 3735 3631 suam
3761 3571 3818 3624 ibi

2258 3683 2592 3748 exulantem,
2626 3677 2886 3736 indicavit
2921 3675 2971 3731 ei
3009 3672 3193 3730 omnia
3223 3671 3395 3726 verba
3426 3669 3530 3723 viri
3561 3667 3638 3722 sui
3660 3673 3713 3720 et
3742 3678 3824 3716 ae-

2259 3791 2386 3830 men
2415 3773 2614 3845 angeli.
2638 3771 2710 3826 At
2739 3770 2829 3824 ille
2858 3767 3046 3822 volens
3065 3780 3187 3819 eam
3217 3761 3452 3817 reddere
3472 3768 3686 3821 certam,
3707 3754 3824 3809 dixit

2259 3864 2311 3919 ei
2344 3882 2356 3917 :
2399 3861 2689 3916 Veritatem
2708 3859 2918 3914 locutus
2953 3865 3063 3921 est;
3097 3855 3196 3908 iste
3217 3853 3360 3907 enim
3384 3849 3602 3919 angelus
3623 3846 3823 3898 mittitur

2261 3958 2332 4012 ad
2369 3973 2547 4012 omnes
2568 3953 2870 4026 prophetas.
2901 3949 3024 4022 Ipsa
3061 3963 3194 4018 ergo
3228 3945 3410 4016 prima
3442 3939 3694 4010 susceptis
3720 3951 3825 3988 ver.

2263 4050 2348 4106 bis
2395 4049 2517 4120 ejus
2563 4029 2794 4103 credidit
2821 4043 2899 4110 ei,
2925 4051 2980 4097 et
3020 4038 3323 4111 predicavit
3367 4036 3497 4090 aliis
3543 4028 3826 4088 mulieribus

2263 4141 2665 4200 eontribnlibus
2692 4137 2830 4203 suis,
2864 4134 3187 4206 prophetam
3223 4144 3353 4186 eum
3388 4143 3542 4190 esse;
3588 4131 3634 4178 et
3663 4120 3826 4172 talia:

2263 4251 2329 4292 ex
2357 4233 2578 4290 feminis
2615 4231 2761 4287 fama
2781 4227 2934 4284 venit
2970 4224 3036 4280 ad
3072 4224 3242 4288 viros,
3280 4219 3462 4291 primo
3491 4217 3557 4272 ad
3585 4211 3819 4270 lli-buli".

2266 4343 2428 4400 quem
2465 4335 2520 4380 et
2555 4333 2930 4378 successorem
2964 4311 3194 4378 dimisit,
3223 4320 3279 4366 et
3317 4308 3499 4364 tenuit
3522 4314 3706 4377 partem
3738 4299 3820 4351 be—

2263 4397 2406 4488 resis
2435 4417 2555 4487 ejus
2585 4422 2639 4470 et
2672 4409 2907 4467 heredis.
2946 4405 3144 4460 Docuit
3181 4412 3365 4458 autem
3405 4397 3660 4453 auditores

645 4481 872 4588 (Reum)-
902 4513 1079 4586 Hujus
1107 4512 1447 4585 temporibus
1477 4509 1802 4567 Anastasius
1835 4507 2003 4564 Persa
2045 4522 2167 4564 mo-
2195 4483 2416 4592 D'qnod
2445 4481 2538 4580 qui
2566 4504 2766 4562 occidit
2788 4498 3091 4564 inimicum,
3114 4494 3200 4550 vel
3219 4491 3498 4549 occiditur
3521 4481 3822 4592 ab

573 4609 787 4664 nachus
825 4607 1008 4663 nobile
1049 4621 1150 4677 pro
1187 4604 1407 4661 Christo
1460 4602 1783 4675 martyrium
1822 4617 2020 4674 passus
2059 4609 2162 4656 est.

574 4701 675 4758 llic
714 4709 883 4756 natus
903 4700 958 4754 in
995 4698 1239 4765 Perside,
1285 4696 1530 4769 magicas
1558 4710 1589 4750 a
1625 4703 1779 4766 patre
1816 4709 1953 4764 puer
1978 4691 2188 4748 didicit;

576 4807 754 4865 artes;
798 4796 893 4854 sed
924 4797 1016 4852 ubi
1050 4811 1082 4850 a
1117 4794 1347 4866 captivis
1377 4792 1692 4849 christianis
1722 4790 1929 4847 Christi
1966 4803 2166 4845 nomen

577 4896 882 4960 acceperat,
908 4889 962 4943 in
984 4903 1110 4944 eum
1142 4902 1270 4942 mox
1293 4885 1474 4941 animo
1497 4893 1612 4940 toto
1642 4898 1960 4949 conversus,
1980 4882 2168 4938 relicta

578 4980 822 5048 Perside,
844 4979 1231 5036 Calcedoniam
1257 4976 1702 5048 Hierapolimque
1721 4974 2004 5030 Christum
2028 4987 2168 5044 que-

581 5089 709 5130 rens
753 5090 819 5130 ac
863 5073 1056 5129 deinde
1103 5071 1523 5128 Hierosolimam
1573 5068 1746 5140 petiit.
1797 5066 1898 5123 Ubi
1945 5075 2170 5136 accepta

581 5167 927 5239 baptismatis
967 5166 1161 5240 gratia,
1197 5174 1396 5237 quarto
1429 5163 1499 5218 ab
1541 5162 1732 5218 eadem
1770 5162 1906 5216 urbe
1934 5159 2170 5215 miliario

585 5260 980 5317 monasterium
1015 5259 1228 5317 abbatis
1255 5257 1531 5315 Anastasii
1561 5255 1802 5312 intravit.
1843 5255 1921 5311 lbi
1963 5263 2169 5325 septem

586 5353 748 5409 annis
783 5353 1105 5425 regulariter
1133 5353 1345 5418 vivens,
1386 5352 1516 5407 dum
1548 5349 1855 5406 Ctesaream
1884 5348 2172 5404 Palestina:

587 5445 855 5501 orationis
874 5445 1047 5518 gratia
1066 5445 1322 5511 venisset,
1346 5452 1539 5514 captus
1560 5458 1592 5498 a
1614 5441 1796 5498 Persis
1816 5451 1870 5497 et
1890 5441 2059 5496 multa
2080 5440 2173 5496 diu

587 5538 815 5593 verbera
840 5553 1036 5608 passus
1060 5537 1201 5592 inter
1225 5552 1474 5592 carceres
1506 5543 1563 5591 et
1581 5535 1796 5590 vincula
1819 5533 2004 5604 judice
2028 5531 2174 5587 Mar-

590 5632 821 5698 zobana,
853 5631 1067 5688 tandem
1101 5630 1336 5686 mittitur
1367 5629 1434 5684 ad
1469 5644 1651 5701 regem
1675 5626 1974 5696 Chosdroe,
2011 5643 2043 5682 a
2066 5639 2178 5697 quo

2270 4570 2601 4676 paradisum
2629 4595 2958 4668 ingreditur;
2983 4587 3313 4662 paradysum
3337 4597 3471 4638 vero
3494 4575 3696 4676 carnalis
3721 4570 3820 4624 tibi

2272 4669 2338 4753 ac
2361 4669 2524 4768 potus
2561 4700 2616 4748 et
2652 4683 3063 4747 commixtionis
3091 4679 3390 4736 mulierum
3422 4669 3704 4745 peth

2271 4757 2484 4862 pacem,
2531 4785 2758 4842 ﬁnvium
2793 4793 3019 4853 quoque
3052 4775 3164 4831 vini
3196 4783 3253 4829 et
3288 4771 3467 4827 mellis
3495 4777 3545 4823 et
3580 4761 3712 4819 lactis

2273 4851 2398 4938 esse
2425 4851 2479 4936 et
2505 4851 3176 4942 allluentem'voluptatem
3205 4865 3489 4934 multaque
3513 4859 3606 4914 alia
3629 4851 3824 4908 luxuria

2273 4985 2329 5031 et
2349 4973 2584 5032 stnlticia
2607 4971 2787 5042 plena,
2808 4981 2932 5038 quae
2958 4961 3140 5020 stultis
3169 4959 3496 5013 videbantur
3522 4943 3822 5042 delectabili:

2276 5068 2505 5138 ideoque
2532 5035 2843 5120 credibilia;
2863 5087 2933 5098 -
2956 5054 3105 5127 (Chr.
3143 5051 3256 5122 W.)
3286 5047 3558 5105 “melius
3592 5035 3824 5138 ³

2275 5129 2586 5232 patriarcha
2608 5164 2662 5211 et
2691 5154 2760 5209 ab
2789 5148 3080 5207 Anastasio
3118 5145 3362 5216 quodam
3401 5140 3613 5232 aliisque
3639 5129 3824 5226 haeti-

2277 5225 2357 5308 cis
2396 5251 2824 5313 circumventus,
2861 5243 2917 5298 in
2951 5238 3336 5295 Eutbicianam
3373 5225 3822 5318 inciditihereSLin.

2275 5355 2332 5402 et
2358 5339 2776 5400 mathematicus
2799 5335 2975 5392 lactus
2992 5341 3044 5388 et
3066 5329 3400 5400 astrOIOgns,
3419 5321 3540 5378 vidit
3562 5317 3823 5408 imperile

2279 5453 2444 5496 suum
2479 5452 2512 5491 a
2547 5430 2892 5491 circumcisis
2922 5426 3174 5500 gentibus
3198 5437 3324 5478 esse
3350 5411 3668 5472 vastandum;
3689 5409 3825 5453 ειιὶ-

2282 5523 2624 5601 ιθηειιυθέιᾱ
2662 5523 3028 5595 Dagobertum
3057 5530 3239 5589 regem
3281 5505 3824 5601 1·“ι·ιιη>οι·ιιω,.β’ξξιξξ⁵

2284 5591 2441 5694 ηειιῖ
2458 5620 2578 5692 ejus
2598 5591 2815 5675 Iudaeos
2827 5610 3092 5686 baptizari
3115 5608 3268 5681 petiit
3289 5615 3345 5662 et
3370 5591 3656 5671 impetravit,
3676 5591 3818 5652 ips-E-

1886 5764 2118 5822 VARIE
2159 5760 2558 5820 LECTIONES.

672 5869 714 5900 ‘°
743 5868 762 5900 ⁶
790 5866 1038 5922 cadicum
1086 5874 1177 5918 aut
1220 5863 1473 5918 cadiuum
1511 5863 1571 5916 l?
1610 5860 1863 5916 cadiuum
1889 5859 1930 5913 Ε
1961 5861 2003 5913 1.
