3880 6308
500 369 609 425 8‘23
727 401 737 414 ι

1645 356 2043 414 EKKEHARDI
2081 355 2554 413 URAUCIENSIS

3665 361 3750 416 ﬂii

505 479 828 537 verberibus
864 476 1124 534 alliciens.
1153 475 1337 530 Altare
1372 489 1591 546 quoque
1615 489 1808 529 eorum
1838 472 1898 526 in
1928 473 2092 527 domo
2124 483 2166 539 Α
2266 472 2319 526 4.
2348 471 2411 525 Α.
2438 470 2501 525 D.
2534 471 2659 526 615.
2695 469 3031 543 Dagobertus
3066 489 3161 528 rex
3205 472 3378 527 ﬁlium
3429 489 3588 528 suum
3635 473 3758 546 Sigi-
3855 513 3860 516 .

504 573 760 628 Placidia:
775 576 1154 627 consecratlim
1179 569 1233 623 in
1251 558 1545 623 venerabili
1567 568 1790 624 oraculo
1804 567 2093 634 destruxit,

507 665 805 736 prohibens
847 678 942 717 eos
985 661 1186 716 ibidem
1229 660 1428 715 missas
1472 661 1766 716 celebrare.
1812 667 1828 682 '
1865 661 1964 734 (Η.
1998 659 2093 730 m.)

508 755 660 812 Unde
681 755 946 809 Martinus
972 769 1133 824 papa,
1165 753 1258 823 qui
1286 751 1575 807 Theodoro
1598 753 1886 821 successit,
1908 753 2097 808 incen-

503 864 600 904 sus
630 863 663 902 a
691 846 928 901 Maximo
959 846 1155 900 abbate
1177 845 1512 914 supradicto,
1551 845 1621 899 ab
1655 843 1840 901 Alrica
1863 845 2093 900 Romam

501 940 775 1004 veniente,
815 939 1040 995 collecta
1077 939 1284 1010 synodo
1312 946 1533 992 centum
1575 947 1629 993 et
1661 938 1849 993 decem
1879 938 2094 1008 episco-

509 1047 727 1103 porum,
783 1029 1032 1102 Sergium
1069 1039 1123 1086 et
1170 1029 1402 1102 Pyrrum
1447 1045 1511 1085 ac
1544 1029 1776 1086 Paulum
1810 1037 1865 1084 et
1893 1028 2096 1100 Cyrum

504 1125 850 1180 anathemate
878 1124 1210 1194 dampnavit.
1234 1122 1447 1195 (BEDA.)
1475 1122 1684 1189 Quibus
1707 1123 1928 1194 agnitis,
1953 1121 2097 1176 Con-

508 1223 681 1279 stans,
725 1201 1111 1284 qui'seductus
1137 1222 1254 1268 erat
1298 1229 1329 1267 a
1366 1211 1556 1280 Paulo,
1582 1213 1725 1268 sicut
1747 1221 1801 1266 c‘t
1820 1227 1956 1267 avus
1977 1211 2098 1282 ejus

504 1304 802 1375 Hcraclyus
823 1322 852 1358 a
877 1305 1089 1377 Sergio,
1115 1305 1358 1375 ejusdem
1393 1305 1552 1376 regiae
1575 1304 1811 1360 civitatis
1841 1305 2097 1375 episcopo

506 1393 681 1448 misso
713 1386 1005 1472 Theodoro
1038 1395 1299 1460 exarcbo,
1335 1393 1629 1450 Martinum
1664 1410 1860 1466 papam
1898 1404 1951 1450 ct
1980 1393 2098 1448 Ma-

505 1486 716 1541 ximum
747 1475 1283 1557 ConstantinOpolim
1326 1485 1454 1542 fecit
1494 1487 1714 1554 adduci,
1771 1486 2098 1558 injuriisque

507 1579 735 1635 allectos
763 1578 1065 1635 Cersonam
1109 1579 1239 1635 fecit
1278 1578 1525 1647 exiliari;
1565 1579 1660 1635 ubi
1689 1579 1881 1635 beatus
1907 1578 2096 1634 Marti-

506 1688 614 1727 nus
642 1688 782 1743 papa
814 1671 1126 1732 defunctus.
1159 1671 1345 1726 multis
1360 1672 1623 1726 virtutum
1645 1671 1816 1743 signis
1848 1669 2094 1741 refulget.

507 1763 782 1818 Constans
813 1779 940 1819 vero
981 1773 1261 1834 permotus
1303 1764 1418 1818 zelo
1463 1762 1578 1830 Dei,
1617 1763 1825 1834 synodo
1855 1778 2014 1818 sacra
2045 1771 2100 1818 et

2198 564 2412 618 bertum
2458 573 2810 636 regnaturum
2865 565 2920 618 in
2967 565 3252 620 Austrasia
3300 565 3454 620 misit
3488 565 3764 638 Pippinoet

2198 666 2387 712 sancto
2408 656 2744 712 Cliuniberto
2770 655 2863 728 (cf.
2893 655 2958 712 G.
2985 657 3129 730 Fr.).

2268 748 2321 804 6.
2355 748 2420 802 Α.
2449 748 2511 802 Ι).
2544 749 2668 804 647.
2699 752 2719 772 ⁹

2339 843 2359 862 ’
2400 839 2463 913 Ιξ.
2493 839 2568 913 Ε.
2595 841 2739 913 5-
2779 843 2866 895 11.
2915 842 3119 896 addunt
3161 857 3180 896 :
3224 841 3498 913 Pippinns
3539 845 3770 898 moritur.

2411 910 2960 985 Grinioaldustfilius
2981 913 3122 984 ejus,
3153 929 3255 985 pro
3292 910 3360 969 eo
3396 913 3578 984 major
3600 915 3774 970 domas

2411 981 2657 1036 efﬁcitur.
2684 998 2748 1037 ea:
2771 982 2951 1055 Sigeb.
2988 1011 2992 1016 -

2271 1077 2322 1132 7.
2353 1076 2418 1132 A.
2444 1076 2507 1131 D.
2535 1076 2660 1132 648.
2686 1079 2704 1100 ⁶

2341 1171 2359 1191 ⁴
2382 1166 2462 1241 D_?
2484 1167 2546 1241 ιζ.
2575 1168 2777 1241 addunt
2802 1183 2821 1222 :
2858 1167 3095 1224 Sanctus
3113 1167 3359 1224 Furseus
3376 1198 3450 1241 _—-
3481 1186 3774 1241 aggressus,

2413 1239 3065 1321 in_Calliisnpost_aliquot
3088 1256 3266 1321 annos
3290 1239 3542 1321 quievit:
3561 1239 3596 1295 5
3612 1274 3684 1321 _—
3703 1245 3772 1321 ll.

2412 1311 2615 1363 addunt
2641 1325 2658 1363 :
2685 1309 2920 1367 Sanctus
2948 1309 3186 1366 Furseus
3203 1311 3259 1365 in
3289 1309 3561 1367 Hibernia
3581 1313 3770 1368 claruit.

2413 1397 2477 1434 ea:
2505 1379 2680 1452 Sigeb.

2271 1473 2324 1530 8.
2359 1473 2509 1545 (Chr.
2541 1473 2654 1546 W.)
2680 1475 2745 1528 A.
2779 1472 2844 1528 D.
2870 1473 2997 1530 649.
3029 1473 3300 1530 Martinus
3326 1491 3473 1546 papa
3505 1475 3631 1530 75'"
3655 1477 3773 1531 sedit

2200 1584 2376 1623 annos
2404 1567 2490 1622 10.
2525 1566 2645 1635 llic,
2668 1567 2914 1623 collectis
2941 1567 3041 1622 110
3066 1567 3362 1639 episcopis,
3379 1569 3772 1639 condempnarit

2176 1653 2425 1732 'Cyrum,
2468 1658 2740 1731 Sergium,
2772 1658 3004 1731 Pyrrum
3039 1668 3094 1714 et
3131 1659 3389 1715 Paulum.
3423 1660 3526 1728 (Π.
3568 1663 3660 1730 in.)
3685 1661 3772 1716 Pro

2201 1771 2311 1825 qua
2333 1770 2391 1809 re
2416 1770 2447 1809 a
2478 1753 2776 1809 Constante
2800 1753 3130 1824 imperatore
3145 1755 3216 1810 ab
3239 1755 3323 1811 eis
3347 1755 3582 1811 seducto
3611 1756 3772 1811 exilia.

508 1853 625 1922 ipse
665 1863 963 1910 convocata
993 1855 1095 1909 sub
1123 1853 1396 1909 Vitaliano
1425 1871 1564 1925 papa
1605 1871 1779 1925 nuper
1821 1856 2094 1921 ordinato,
2131 1837 2173 1897 Β
2205 1855 2292 1903 lus
2320 1856 2404 1902 est
2433 1846 2489 1900 in
2511 1844 2833 1901 CerSOnam-

512 1949 749 2003 heresim
799 1949 1096 2016 abdicavit;
1140 1949 1400 2018 misitque
1449 1948 1607 2003 beato
1643 1947 1808 2002 Petro
1852 1948 2101 2018 apostolo

504 2041 784 2112 evangelia
806 2050 1018 2106 aurata,
1047 2042 1276 2112 gemmis
1299 2041 1440 2096 a.bis
1459 2042 1612 2095 mirae
1633 2041 2024 2111 magnitudinis
2043 2041 2100 2096 in

506 2131 739 2186 circuitu
767 2141 980 2186 ornata.
1011 2131 1129 2203 lpse
1152 2141 1278 2203 post
1307 2132 1516 2202 aliquot
1540 2148 1715 2186 annos
1743 2131 1974 2186 Romam
2004 2147 2099 2187 vc-

510 2221 690 2289 niens,
713 2223 910 2277 obtulit
939 2239 1103 2292 super
1133 2224 1305 2277 altare
1335 2223 1510 2278 sancti
1543 2223 1687 2277 Petri
1715 2223 1937 2293 pallium
1966 2239 2102 2278 auro

510 2314 717 2380 textile,
755 2323 870 2370 toto
891 2315 1132 2370 exercitu
1164 2332 1289 2370 cum
1314 2317 1486 2371 cereis
1507 2316 1808 2372 :ecclesiam
1842 2317 2098 2373 intrante.

515 2402 613 2474 (Η.
643 2405 739 2476 m.)
764 2405 951 2461 Voluit
979 2417 1162 2462 autem
1187 2417 1242 2462 et
1264 2423 1490 2478 regnum
1524 2409 1823 2464 transferre
1844 2408 2101 2478 Romam,

509 2497 640 2566 quia
662 2497 891 2553 odiosus
917 2497 1096 2555 factus
1122 2508 1207 2554 est
1227 2499 1523 2571 Byzantiis,
1548 2517 1614 2556 eo
1635 2503 1780 2572 quod
1806 2501 2099 2560 Martinum

508 2603 707 2657 papam
747 2588 1112 2659 ignominiose
1141 2599 1383 2646 tractans
1406 2590 1665 2660 exiliavit,
1697 2601 1751 2647 et
1772 2592 1993 2647 Maximi
2014 2610 2103 2649 sa-

510 2677 840 2747 pientissimi
861 2680 964 2734 viri
993 2681 1233 2752 linguam
1264 2696 1598 2753 manumque
1622 2685 1914 2751 truncavit,
1935 2684 2104 2740 duos-

508 2785 616 2840 que
641 2770 962 2828 Anastasios
999 2773 1299 2844 discipulos
1342 2775 1462 2844 ejus
1504 2777 1790 2832 tormentis
1837 2785 1891 2832 et
1923 2778 2103 2834 exiliis

509 2863 754 2930 tradidit,
787 2874 842 2919 et
881 2865 1084 2921 multos
1120 2867 1550 2922 ortliodoxorum
1581 2868 1675 2901 ⁸³⁷⁸
1708 2870 2026 2926 verberibus
2051 2880 2106 2927 et

512 2954 1010 3024 proscriptionibus
1054 2967 1108 3012 et
1145 2957 1325 3012 exiliis
1346 2957 1680 3028 dampnavit.
1724 2957 1953 3030 Propter
1976 2961 2102 3016 talia

512 3047 728 3102 cunctis
762 3047 990 3104 odiosus
1024 3048 1271 3116 effectus,
1303 3065 1398 3105 sex
1425 3064 1600 3106 annos
1637 3049 1767 3106 fecit
1797 3051 1853 3106 in
1895 3050 2100 3107 Sicilia.

514 3133 593 3190 lbi
621 3152 748 3191 cum
784 3138 1022 3208 quadam
1053 3139 1140 3194 die
1170 3139 1426 3195 balneum
1459 3139 1653 3198 fuisset
1682 3141 1982 3213 ingressus,
2019 3143 2104 3198 in-

513 3227 703 3284 troivit
735 3245 862 3284 cum
888 3246 953 3285 eo
981 3229 1204 3301 quidam
1227 3230 1475 3288 Andreas
1505 3232 1887 3289 obsecundans
1914 3234 2013 3289 illi.
2041 3233 2108 3290 Et

515 3338 642 3378 cum
665 3323 1133 3394 coepissetsapone
1146 3322 1354 3379 Gallico
1374 3325 1610 3393 deliniri,
1626 3325 2108 3383 sumensAndrcas

513 3413 756 3480 situlam,
778 3413 925 3469 dedit
947 3429 1069 3470 eam
1095 3413 1150 3468 in
1173 3414 1430 3470 verticem
1454 3415 1820 3486 imperatoris,
1844 3426 1898 3472 et
1921 3417 2106 3473 statim

517 3505 676 3577 fugit.
707 3504 1009 3576 Imperator
1038 3521 1169 3562 vero
1206 3521 1332 3562 cum
1362 3507 1602 3563 tardaret
1626 3508 1682 3562 in
1712 3508 1926 3576 balneo,
1968 3509 2106 3564 insi-

513 3599 656 3655 liunt
687 3600 744 3655 hi
776 3600 873 3671 qui
915 3599 1052 3657 foris
1090 3609 1270 3669 erant,
1298 3611 1352 3657 et
1377 3603 1654 3672 reperiunt
1686 3617 1811 3658 eum
1840 3603 2104 3661 occisum.

516 3691 638 3758 Quo
670 3693 904 3763 sepulto,
935 3693 1148 3748 Mitium
1188 3694 1459 3764 quendam
1501 3695 1824 3750 Armenium
1863 3694 2112 3753 fecerunt

425 3853 436 3862 ι
524 3784 933 3854 imperatorem,
956 3785 1007 3840 vi
1035 3795 1290 3857 cogentes
1308 3801 1453 3841 eum.
1479 3785 1608 3842 Erat
1630 3798 1809 3843 autem
1831 3787 1988 3844 valde
2015 3789 2110 3844 dc-

520 3892 689 3932 corus
723 3886 777 3933 et
813 3879 1115 3948 speciosus.
1153 3877 1326 3934 Filius
1359 3888 1540 3935 autem
1571 3880 1691 3950 ejus
1714 3880 2109 3938 Constantinus

515 3968 746 4024 audiens
775 3971 841 4025 de
875 3971 1046 4040 patris
1068 3971 1241 4037 obitu,
1268 3987 1395 4027 cum
1422 3973 1595 4027 multo
1622 3974 1840 4045 navigio
1865 3973 2108 4032 Siciliam

519 4062 764 4130 intravit,
808 4074 864 4119 et
895 4079 1184 4136 aggressus
1218 4063 1451 4133 Milium,
1500 4065 1769 4122 interfecit
1814 4083 1940 4123 eum
1981 4083 2107 4124 cum

521 4157 862 4213 occisoribus
894 4159 1066 4228 patris
1102 4158 1209 4225 sui,
1234 4158 1609 4230 ordinatisque
1632 4158 1930 4230 Hesperiis,
1958 4160 2108 4216 Con-

2273 1937 2326 1992 9.
2363 1936 2430 1991 A.
2469 1935 2532 1990 D.
2556 1935 2681 1992 650.
2710 1937 2728 1959 ‘

2344 2052 2366 2074 ⁶
2389 2049 2466 2104 Di
2516 2048 2578 2104 E.
2619 2049 2822 2103 addunt
2855 2065 2874 2102 :
2903 2046 3050 2104 Hitta
3081 2078 3153 2088 --
3184 2047 3433 2119 prefecit.
3460 2047 3670 2102 5—H.
3697 2050 3774 2100 ad-

2413 2122 2546 2175 dunt
2585 2136 2604 2174 :
2642 2119 2808 2186 Hitta,
2845 2119 3268 2190 Pippinirelicta
3293 2162 3308 2185 ,
3338 2119 3605 2174 instinctu
3629 2119 3774 2172 sancti

2414 2191 2648 2317 gmabndi
2703 2188 3096 2246 monasterium
3156 2188 3368 2245 Nivalis
3415 2190 3678 2244 fundavit.
3723 2206 3773 2243 α

2456 2279 2536 2332 ige
2577 2303 2592 2316 .

2275 2354 2332 2408 ll
2348 2395 2361 2409 .
2395 2354 2459 2408 Λ.
2495 2354 2558 2408 Ι).
2586 2353 2714 2409 652.
2736 2354 2890 2409 Cinis
2906 2369 2936 2408 e
2951 2354 3070 2409 celo
3090 2353 3400 2420 descendit,
3424 2361 3484 2408 et
3505 2352 3664 2406 timor
3681 2367 3774 2404 ina-

2205 2464 2343 2519 gnus
2369 2446 2546 2502 factus
2571 2459 2655 2502 est
2682 2447 2738 2502 in
2769 2447 2991 2517 populo.
3023 2449 3041 2469 ⁹

2345 2546 2366 2564 ‘
2395 2539 2474 2594 D?
2507 2539 2568 2594 E.
2608 2539 2814 2593 addunt
2854 2555 2873 2593 :
2921 2538 3238 2595 Pestilentia
3271 2568 3346 2578 —
3381 2537 3689 2594 interibant.
3721 2551 3774 2590 ex

2419 2610 2596 2682 Sigeb.
2631 2629 2685 2664 α.
2709 2611 2838 2666 654.

2275 2704 2362 2758 15.
2395 2703 2460 2758 Α.
2494 2703 2558 2758 D.
2590 2703 2716 2758 654.
2747 2703 2766 2725 ⁶

2351 2802 2366 2820 ⁵
2398 2795 2578 2922 DS‘?.E.b
2588 2795 2793 2849 addunt
2819 2809 2836 2849 :
2868 2793 3160 2850 Sarraceni
3187 2823 3261 2834 -—-
3291 2793 3516 2848 onerati
3557 2801 3693 2848 sunt.
3723 2807 3778 2844 α

2467 2883 2546 2922 me
2585 2907 2601 2921 .

2467 2883 2601 2937 igeo.

2279 2960 2367 3014 17.
2399 2958 2464 3013 Α.
2497 2958 2560 3014 D.
2589 2957 2718 3014 658.
2741 2955 3011 3013 Martinus
3031 2971 3173 3028 papa
3190 2955 3344 3029 apud
3377 2954 3673 3012 Ceu-sonam
3693 2955 3780 3008 mi-

2209 3053 2386 3126 gravit
2404 3053 2438 3107 4
2476 3051 2604 3107 ldus
2628 3049 2770 3107 Nov.

2281 3143 2369 3199 18.
2399 3143 2466 3198 Α.
2506 3141 2568 3198 D.
2599 3142 2728 3198 659.
2759 3140 3038 3214 Eugenius
3061 3155 3204 3213 papa
3235 3141 3367 3196 76'"
3390 3142 3535 3198 sedit
3553 3139 3782 3198 annosi.

2212 3252 2430 3292 menses
2457 3236 2511 3292 9.

2280 3327 2370 3382 2|.
2401 3327 2468 3381 A.
2509 3324 2573 3380 D.
2597 3323 2724 3381 662.
2757 3323 3067 3381 Vitalianus
3111 3339 3254 3396 papa
3297 3324 3427 3380 77"
3466 3324 3606 3380 sedit
3629 3337 3788 3377 annos

2211 3419 2265 3484 9,
2293 3433 2510 3473 menses
2531 3417 2586 3472 6.

2281 3510 2372 3564 24.
2399 3509 2462 3563 Α.
2481 3509 2540 3564 D.
2561 3508 2687 3565 665.
2724 3507 3086 3580 Dagobertus,
3109 3507 3256 3562 filius
3279 3506 3552 3574 Lolliarii,
3573 3524 3696 3563 cum
3713 3523 3788 3560 rr-

2212 3611 2432 3674 gnasset
2455 3602 2615 3658 annis
2645 3601 2715 3657 54
2741 3601 2857 3668 ηπ,
2891 3601 3027 3655 obiit
3060 3600 3155 3672 (cf.
3196 3599 3261 3654 ϐ.
3289 3599 3440 3670 Fr.).
3474 3604 3493 3623 '

2353 3696 2374 3716 '
2597 3693 2632 3749 4
2661 3722 2734 3733 -
2764 3692 2850 3748 11.
2870 3691 2963 3725 ³⁸⁷⁷
2987 3693 3190 3746 addunt
3226 3708 3245 3746 :
3270 3691 3480 3747 Sancta
3508 3690 3792 3747 Gcrdrndis

2420 3779 2454 3818 o
2495 3781 2531 3819 ll
2561 3803 2576 3819 .

2420 3772 2576 3820 Obiit.

2280 3857 2373 3914 25.
2399 3858 2465 3912 Α.
2493 3856 2556 3912 D.
2581 3854 2704 3911 666.
2738 3855 2839 3912 Cui
2875 3855 2969 3888 ¹⁰⁷⁸
2997 3855 3268 3912 successit
3294 3853 3642 3922 Clodoveus,
3669 3855 3796 3909 ﬁlias

2211 3951 2350 4022 ejus,
2373 3949 2532 4020 cujus
2553 3947 2720 4004 frater
2743 3947 3047 4020 Sigibcrtus
3068 3947 3316 4018 regnavit
3344 3947 3398 4001 in
3431 3947 3736 4002 Ausa-asia.

2280 4041 2372 4096 ‘28.
2403 4041 2555 4114 (Chr.
2582 4039 2697 4112 W.)
2727 4039 2794 4094 Α.
2822 4038 2884 4095 D.
2917 4039 3043 4096 669.
3071 4039 3355 4095 Constans
3384 4039 3442 4094 in
3482 4040 3685 4095 balneo
3714 4055 3798 4093 oc-

2211 4133 2364 4190 cisus
2393 4143 2498 4190 cst.
2526 4135 2548 4156 ‘

517 4249 932 4319 stantinopolim
952 4250 1130 4317 rediit,
1155 4260 1210 4304 et
1232 4248 1494 4306 Romanis
1516 4266 1641 4306 cum
1668 4251 1901 4324 Tyberio
1925 4261 1980 4308 et
2003 4251 2111 4308 lle-

518 4342 702 4414 raclyo
738 4341 1000 4399 fratribus
1047 4343 1353 4414 imperavit.
1402 4343 1577 4414 Hujus
1624 4345 1716 4377 ¹⁶⁷⁸
1761 4345 2109 4416 imperatoris

519 4447 765 4505 tempore
798 4436 933 4491 obiit
975 4443 1162 4492 sancta
1200 4435 1523 4503 Gcrdrudis,
1555 4435 1666 4491 lilia
1715 4436 1928 4510 Pippini
1958 4438 2110 4509 prin-

516 4542 676 4598 crpis.

2355 4251 2373 4270 ⁶
2396 4245 2475 4300 D?
2497 4244 2559 4300 E.
2585 4246 2788 4300 addunt
2824 4261 2842 4299 :
2874 4243 3206 4316 Theodorus
3227 4260 3278 4316 a.
3308 4244 3365 4300 in
3384 4247 3452 4301 Α.
3481 4261 3512 4300 a
3533 4243 3655 4300 Vit.
3678 4259 3795 4316 papa

2423 4317 2686 4383 directus,
2713 4315 2927 4389 synodo
2947 4345 3023 4389 τ
3060 4315 3370 4389 υιίιὶεῃῌῇο
3390 4317 3562 4389 etiam
3594 4315 3798 4388 scripsi

2420 4384 2800 4457 —culparum.
2841 4401 2906 4442 ea:
2936 4384 3114 4459 Sigeb.
3142 4405 3198 4442 a.
3227 4386 3356 4457 668,
3393 4387 3520 4444 674.

2212 4478 2356 4533 Anni
2383 4478 2747 4534 Constantini.

2141 4552 2190 4612 υ
2287 4578 2384 4650 (11.
2417 4581 2513 4651 m.)
2544 4580 2704 4634 Anno
2725 4579 3014 4636 dominica:
3051 4579 3456 4635 incarnationis
3484 4577 3622 4644 670,
3657 4577 3802 4634 Urbis

2215 4670 2452 4726 conditae
2473 4669 2766 4725 millesimo
2782 4669 2906 4724 421.
2929 4668 3350 4734 Constantinus,
3373 4669 3518 4723 lilius
3539 4667 3802 4723 Constan-

2217 4763 2550 4831 tis,6l°loco
2567 4763 2637 4818 ab
2657 4763 2927 4834 Augusto,
2963 4761 3211 4832 regnavit
3240 4777 3369 4816 cum
3405 4759 3686 4816 fratribus
3703 4761 3806 4815 suis

2217 4853 2468 4910 Heraclio
2497 4861 2553 4908 et
2582 4851 2845 4925 Tyberio;
2878 4853 2974 4909 sed
2995 4869 3119 4908 cum
3150 4853 3401 4908 venirent
3431 4853 3611 4922 aliqui
3638 4854 3805 4908 orien-

2214 4948 2407 5002 talium
2441 4947 2681 5018 partium
2713 4955 2768 5001 et
2793 4946 3038 5002 dicerent
3064 4964 3078 5000 :
3107 4944 3166 5000 Si
3199 4947 3255 4999 in
3290 4944 3620 4998 Trinitatem
3652 4945 3809 4999 crdi-

2217 5056 2353 5106 mus,
2387 5049 2489 5092 tres
2519 5039 2682 5092 etiam
2708 5054 3037 5104 coronamus,
3075 5037 3328 5093 turbatus
3366 5047 3454 5093 est
3489 5035 3811 5093 Constanti-

675 5129 739 5154 η.
768 5129 830 5155 υ.
864 5129 989 5156 υιω.

668 5195 685 5213 ’
710 5189 788 5244 D?
820 5191 882 5246 Ε.
907 5193 1108 5248 addunt
1142 5195 1469 5252 :Oswaldus
1497 5213 1544 5252 ι’.
1578 5195 1666 5253 Ν..
1697 5197 1840 5252 filius
1864 5197 2102 5253 Edilfridi

2238 5146 2342 5197 ius,
2387 5130 2483 5201 qui
2521 5131 2672 5185 solus
2712 5139 2832 5184 erat
2884 5139 3200 5196 coronatus,
3238 5140 3292 5186 et
3327 5147 3425 5201 per
3459 5129 3806 5186 Theodorum

735 5212 1115 5331 ;;g?s-f;gf";{
1142 5212 1470 5338 $33333;
1497 5212 2115 5340 r-rgogjuggggylggf
2214 5225 2504 5296 patricium
2535 5239 2844 5279 convocans
2872 5225 3111 5296 majores
3155 5235 3283 5280 natu
3323 5241 3389 5280 ex
3431 5225 3512 5281 eis
3555 5227 3728 5296 quasi
3763 5226 3807 5276 ii.

927 5335 941 5340 _
973 5334 1004 5340 _
1110 5337 1120 5340 _
1327 5339 1338 5340 γ
1468 5310 1514 5340 κ’-
1612 5339 1615 5340 ,
1650 5339 1653 5340 ,
1847 5339 1858 5340 γ
2224 5317 2551 5340 --ιι..---ε--...
2585 5325 2632 5340 ...ι
2666 5316 2952 5340 -..--..:I:.-_.
3019 5325 3077 5340 -.ι
3119 5318 3267 5340 [ΞΛ-,ι
3301 5317 3558 5340 -.-ιη-ι--
3611 5333 3786 5340 --.μη-

738 5316 2114 5402 gratgd‘fgjdug,
2218 5317 2554 5388 colloquium
2581 5325 2636 5372 et
2661 5316 2978 5383 consilium,
3019 5325 3081 5372 ut
3119 5318 3272 5372 fieret
3301 5317 3563 5372 voluntas
3605 5333 3807 5376 eorum.

741 5417 835 5457 rex
863 5403 1201 5463 interficitur.
1223 5423 1288 5462 ea:
1320 5409 1490 5465 Siccb.
2217 5411 2274 5464 in
2296 5410 2602 5481 patibulum
2632 5423 2728 5464 eos
2755 5408 3068 5479 suspendit;
3097 5409 3245 5480 quod
3267 5408 3515 5464 videntes
3545 5412 3722 5466 atteri
3744 5411 3810 5461 fa-

589 4642 912 4700 Theodorus
954 4659 1094 4716 papa
1124 4643 1250 4698 74"
1285 4644 1425 4700 sedit
1454 4645 1614 4702 annis
1639 4658 1866 4717 septem.
1899 4649 1939 4670 ⁶⁶

661 4757 680 4778 ⁶
719 4753 800 4828 1)?
818 4753 881 4810 E.
908 4755 1115 4810 addunt
1141 4770 1159 4828 ς
1184 4753 1464 4828 constans
1507 4756 1638 4828 imp.
1676 4757 1746 4812 ab
1786 4757 1906 4828 ipso
1941 4757 2116 4814 Paulo

729 4827 990 4896 deceptus
1015 4856 1087 4866 ——
1112 4825 1184 4882 sit
1209 4824 1484 4882 Christus.
1512 4843 1576 4882 ex
1595 4824 1770 4900 Sigeb.
1797 4824 1852 4884 ἁ.
1880 4829 2004 4884 652.

663 4941 704 4961 θ·
735 4937 927 5080 agelli.
966 4939 1172 4994 addunt
1209 4954 1227 4993 :
1259 4937 1599 5012 Dagobertus
1630 4972 1702 4982 —
1740 4942 2000 5015 indulget
2047 4959 2110 4998 εει

592 5099 647 5154 2.
675 5099 739 5154 Α.
768 5099 830 5155 1).
864 5101 989 5156 645.

1882 5593 2112 5651 VARUE
2149 5591 2551 5650 LECTlONES.

597 5731 689 5766 ’°"
729 5729 1094 5802 orthodorum
1129 5731 1178 5802 1.
1258 5731 1350 5802 8⁸⁵⁷⁸
1393 5729 1570 5799 Hujus
1595 5761 1666 5771 —
1694 5731 1961 5802 principis
2006 5733 2058 5784 in
2105 5731 2342 5800 margine
2382 5729 2756 5802 eademgmanu
2776 5727 2981 5802 scripta
3015 5726 3066 5802 l‘.
3097 5727 3160 5780 9°
3190 5727 3376 5802 deum!
3401 5725 3488 5802 l_0.
3533 5727 3627 5802 11.
3660 5728 3716 5781 D.
3754 5728 3804 5780 Ε

529 5804 621 5835 ³⁸⁷⁸
667 5804 735 5857 54
763 5802 1029 5858 successit
1052 5801 1102 5856 ei
1141 5801 1447 5856 Clodovous
1472 5796 1540 5840 ὶ-
1571 5796 1856 5858 Austrasia
1878 5796 1946 5857 ’9⁸
2027 5802 2118 5833 ¹⁰⁷⁷
2148 5796 2337 5856 desunt
2370 5811 2544 5856 tamen
2567 5799 2653 5854 9°.
2774 5798 2867 5830 ‘m
2889 5796 3196 5866 Daneberto
3227 5798 3277 5853 5.
3331 5796 3433 5851 Cui
3463 5826 3542 5837 —
3601 5799 3762 5854 frater
3783 5817 3808 5849 ιι

527 5874 652 5929 665.
683 5873 929 5945 leguntur
959 5871 1011 5927 4.
1042 5870 1135 5943 (cf.
1179 5887 1229 5925 η.
1260 5871 1346 5942 i.),
1379 5871 1564 5925 desunt
1594 5874 1675 5926 11.
