3880 6308
93 371 174 428 335
933 358 1302 420 CHRONICA.
1336 390 1409 400 —
1447 355 1838 416 CHRONICON
1880 355 2343 414 UNlVERSALE.
3186 364 3293 424 826

95 489 270 555 gerunt;
293 477 400 548 ipse
421 491 552 532 vero
574 477 820 548 regnavit
849 493 976 532 cum
999 476 1109 531 ﬁlio
1132 491 1233 530 suo
1261 474 1494 547 Tyberio
1519 489 1618 528 an—
1647 476 1692 534 Α
1723 487 1947 540 scopus,
1973 471 2132 541 cujus
2159 471 2304 528 ﬁlius
2340 471 2610 542 Ansgisus
2631 471 2728 542 qui
2757 471 2824 528 de
2847 471 3068 529 nomine
3087 472 3295 532 Anchi-

94 577 158 629 nis
190 571 262 626 l7.
310 569 520 639 (ΒευΑ.)
549 567 722 638 Hujus
753 570 1090 640 temporibus
1123 567 1338 640 Agatho
1375 567 1616 637 pontifex
1720 579 1795 620 sae
1815 563 2038 633 Trojani
2065 564 2306 618 creditur
2328 564 2650 634 appellatus,
2680 565 2782 619 sub
2811 564 3035 620 nomine
3071 565 3298 636 majoris

95 667 304 720 Romana:
325 661 583 715 mcclesiae
617 661 708 692 ¹⁰⁷⁹
730 661 935 732 legatos
963 675 1094 714 suos
1108 675 1207 730 pro
1227 660 1619 715 ammonitione
1719 657 1916 712 domus
1938 655 2304 726 principatum
2339 655 2396 711 in
2421 672 2591 729 regno
2619 655 2958 714 Francorum
2997 669 3190 730 postea
3213 667 3296 716 te-

93 765 354 813 sanctarum
384 751 480 807 Dei
510 753 882 808 tecclesiarum
913 753 969 806 in
1001 752 1193 807 urbem
1217 750 1424 822 regiam
1446 751 1617 820 misit,

93 853 135 906 in
151 849 322 920 quibus
343 855 463 901 erat
483 843 782 913 Johannes,
809 844 1070 901 Romanae
1087 844 1348 901 ecclesiae
1373 852 1504 900 tunc
1525 859 1618 898 ar-

91 941 394 995 chidiaconus
425 936 539 1004 “3°,
569 937 664 993 sed
698 953 809 992 non
831 937 990 1009 longe
1017 945 1143 1008 post
1173 937 1483 1009 episcopus.
1511 936 1619 1006 Qui

91 1029 427 1101 benignissime
463 1030 703 1099 suscepti
730 1044 763 1084 a
787 1028 1227 1085 reverentissimo
1255 1030 1536 1086 catholicae
1556 1031 1619 1086 ﬁ-

88 1125 152 1180 dei
176 1121 440 1178 defensore
460 1119 845 1189 Constantino,
869 1121 1013 1193 jussi
1039 1131 1188 1190 sunt,
1209 1121 1458 1178 remissis
1499 1123 1618 1180 dis-
1681 1125 1687 1132 ’

89 1214 412 1286 putationibus
465 1213 898 1286 phylosophicis,
940 1213 1171 1286 paciﬁco
1237 1215 1512 1286 colloquio
1553 1216 1622 1273 de

89 1308 166 1362 ﬁde
183 1321 293 1362 vera
315 1306 653 1376 perquirere,
683 1306 826 1364 datis
849 1306 930 1363 eis
951 1306 1021 1363 de
1045 1306 1335 1363 biblioteca
1356 1308 1622 1368 Constan-

89 1400 398 1469 tinopolitaua
426 1401 638 1458 cunctis
669 1401 1021 1472 antiquorum
1047 1409 1267 1472 patrum
1296 1403 1451 1459 libris
1480 1420 1620 1474 quos

87 1493 306 1561 petebant,
356 1493 582 1548 collecta
618 1494 911 1550 universali
947 1495 1156 1568 synodo
1190 1495 1294 1552 150
1339 1496 1623 1568 episcopo-

87 1599 196 1651 rum,
217 1584 321 1639 sive
343 1593 405 1640 ut
427 1585 652 1656 quidam
674 1587 800 1642 libri
826 1587 923 1660 (Η.
949 1587 1048 1658 m.)
1075 1587 1278 1645 habent
1297 1588 1426 1657 289,
1448 1590 1623 1660 presi-

85 1672 209 1727 dente
253 1673 483 1746 Georgio
540 1677 856 1746 patriarcha
907 1676 1514 1750 Constantinopolitano
1567 1687 1624 1735 ct

1719 748 1858 803 nuit.

1864 885 1883 908 ‘
1918 881 2127 958 Horum
2156 885 2270 958 lo_co
2293 882 2714 958 D?_E._rﬁgabent:
2742 883 2808 940 Η.
2843 901 2892 958 e.
2931 894 2971 941 t.
2999 888 3142 958 apud
3168 887 3299 944 Cal-

1965 954 2069 1009 lias
2097 954 2154 1008 in
2194 954 2424 1010 Francia
2449 956 2595 1010 ﬁlius
2623 958 2797 1011 sancti
2834 954 3048 1013 Arnulﬁ
3074 960 3196 1014 sub.
3241 976 3301 1014 η.

1966 1024 2112 1100 md.
2137 1025 2547 1100 principabatur
2571 1026 2862 1100 Ansgisus,
2888 1030 2982 1098 qui
3011 1059 3082 1070 —
3102 1031 3261 1100 appel
3279 1059 3294 1072 ο

1964 1094 2154 1151 Ιςιιιιε.⁷
2185 1094 2342 1152 Hunc
2389 1106 2574 1166 postea
2612 1094 2968 1170 Cundwinus
3036 1094 3300 1170 peremit,

1965 1182 2130 1292 ἓυεῐη
2144 1197 2226 1248 —.
2241 1176 2584 1236 provexerat.
2612 1166 2830 1252 {iuiusj
2852 1171 3014 1252 vidua
3036 1166 3291 1253 superscr.

2029 1238 2106 1292 Ll
2133 1237 2320 1292 relicta
2341 1237 2536 1292 Beeaa.
2563 1239 2670 1292 ﬁlia
2694 1241 2899 1292 scilicet
2918 1240 3128 1292 Pmmm
3151 1258 3291 1292 prm-

2029 1238 2106 1312 1.)
2133 1237 2320 1312 relicta
2334 1237 2536 1312 ABegga,
2556 1239 2670 1312 ﬁlia
2694 1237 2899 1296 sciliCet
2918 1237 3128 1312 Pippini
3151 1242 3304 1312 prin-

1967 1308 2105 1378 cipis
2151 1309 2282 1363 olim
2317 1308 2764 1378 Aus’trasiorum,
2799 1326 2955 1366 soror
2982 1308 3297 1367 'Grimoaldi

1966 1376 2260 1434 et'sanctae
2298 1376 2643 1446 Gerthrudis,
2676 1376 2822 1437 seet
2849 1397 2949 1437 sua
2980 1413 3049 1421 -—
3080 1381 3295 1438 fundat.

1963 1466 2028 1504 ea:
2060 1447 2235 1521 Sigeb.
2264 1467 2317 1504 α.
2351 1449 2477 1504 685.
2507 1449 2631 1505 686.

1792 1581 1891 1640 liis
1915 1583 2007 1616 ¹⁰⁸³
2033 1584 2371 1654 temporibus
2405 1591 2630 1640 sanctus
2662 1581 2991 1653 Lantpertus
3028 1584 3084 1639 in
3120 1583 3308 1656 Treje‘

1721 1675 1898 1732 ctensi
1933 1684 2264 1748 epyscopatu
2306 1676 2574 1732 successit
2602 1685 2792 1732 sancto
2815 1675 3169 1743 Theodardo,
3205 1678 3310 1734 sub

86 1764 312 1822 ilachario
376 1767 796 1849 Anthiocbeno,
847 1770 942 1840 qui
993 1771 1332 1828 renovabant
1381 1772 1620 1828 heresim
1723 1767 1996 1825 Hilderico
2047 1768 2138 1813 “’8‘
2185 1784 2311 1840 rege
2357 1768 2677 1824 Austrasiae.
2702 1797 2775 1808 —
2814 1768 3017 1840 (Bson.
3043 1770 3060 1840 )
3090 1768 3308 1824 Eisdem

85 1872 234 1912 eorum
270 1859 363 1930 qui
405 1875 570 1916 unam
611 1861 945 1917 voluntatem
969 1869 1024 1917 et
1057 1878 1223 1918 unam
1249 1864 1620 1935 operationem
1653 1850 1696 1909 Β
1723 1861 2061 1932 temporibus
2088 1869 2275 1916 sancta
2295 1869 2624 1931 etperpetua
2643 1861 2798 1932 virgo
2825 1859 3029 1917 Christi
3052 1859 3311 1916 Edildru-

83 1951 384 2006 asstruebant
424 1952 482 2007 in
527 1950 778 2020 Christo;
828 1953 1174 2026 convictique
1223 1965 1352 2012 sunt
1394 1956 1624 2014 falsasse

82 2051 354 2098 sanctorum
383 2052 598 2114 patrum
631 2045 776 2101 dicta
797 2061 894 2118 per
917 2046 1174 2117 plurima.
1203 2046 1415 2120 (Βευλ.)
1441 2048 1624 2105 Finito

81 2143 228 2190 autem
262 2135 519 2192 conﬂictu
558 2135 824 2209 Georgius
869 2139 1181 2210 patriarcha
1216 2149 1497 2197 correctus
1518 2151 1619 2198 est.

83 2223 342 2283 Macharius
370 2242 500 2283 vero
529 2242 653 2284 cum
689 2229 806 2285 suis
847 2229 1177 2299 sequacibus
1213 2231 1376 2286 simul
1411 2241 1466 2287 et
1502 2247 1625 2302 pre-

79 2318 346 2376 cessoribus
377 2317 591 2390 Sergio,
612 2318 778 2393 Cyro,
801 2319 1064 2389 Honorio,
1085 2321 1277 2394 Pyrro,
1309 2321 1500 2391 Paulo,
1523 2323 1626 2379 Pe-

79 2417 159 2475 tro,
190 2413 672 2469 anathematizatus
693 2423 798 2479 est,
819 2422 874 2468 et
896 2413 953 2468 in
978 2414 1160 2468 locum
1186 2414 1308 2485 ejus
1338 2413 1625 2485 Theopha-

78 2500 176 2556 nius
193 2501 356 2558 abbas
377 2505 444 2559 de
474 2503 661 2560 Sicilia
687 2505 866 2561 factus
886 2514 968 2561 est
991 2504 1281 2576 episcopus
1296 2505 1622 2575 Antiochiae,

78 2601 291 2664 tantaque
309 2596 490 2668 gratia
529 2596 734 2668 legatos
755 2597 1034 2654 catholicae
1061 2598 1218 2669 pacis
1237 2598 1495 2654 comitata
1518 2609 1622 2666 est,

76 2693 122 2738 ut
137 2684 396 2745 Johannes
417 2688 742 2746 Portuensis
771 2689 1082 2760 episcopus,
1116 2689 1212 2761 qui
1234 2697 1354 2745 erat
1387 2706 1532 2747 unus
1557 2706 1623 2746 ex

76 2777 196 2846 ipsis,
229 2779 279 2834 in
315 2778 598 2835 dominica
629 2788 945 2836 octavarum
974 2781 1193 2850 pascha:
1221 2780 1420 2836 missas
1446 2780 1626 2850 publi-

73 2883 145 2922 cas
184 2869 234 2924 in
277 2871 527 2928 aecclesia
567 2879 770 2927 sanctae
815 2870 1046 2944 Sophya:
1070 2887 1258 2927 coram
1282 2871 1526 2943 principe
1560 2887 1626 2928 ac

1722 1954 1832 2019 dis,
1859 1953 1968 2008 ﬁlia
1996 1953 2168 2008 Anna:
2194 1952 2340 2023 regis
2359 1952 2682 2024 Anglorum,
2725 1952 2962 2022 primum
3003 1952 3160 2006 alteri
3190 1952 3310 2007 viro

1722 2043 2140 2114 permagniﬁco,
2185 2051 2376 2113 postea
2421 2042 2646 2098 Ekl‘rido
2705 2044 2820 2115 regi
2869 2044 3111 2114 conjunx
3153 2044 3309 2112 data,

1722 2142 2014 2204 postquam
2057 2132 2125 2186 12
2153 2134 2316 2188 annis
2346 2135 2567 2188 thorum
2595 2133 2812 2188 virilem
2843 2134 3162 2204 incorrupta
3193 2149 3311 2190 ser—

1721 2226 1890 2292 vavit,
1922 2235 2140 2296 sumpto
2163 2226 2430 2281 velamine
2457 2241 2638 2293 sacro,
2671 2226 3113 2281 sanctimonialis
3132 2241 3201 2281 ex
3224 2240 3312 2280 re-

1723 2316 1850 2388 gina
1897 2315 2162 2384 eﬁicitur;
2197 2333 2298 2372 nec
2328 2333 2504 2384 mora,
2536 2318 2703 2374 etiam
2733 2318 3010 2389 virginum
3049 2327 3226 2373 mater
3255 2324 3312 2372 et

1723 2408 1908 2463 nutrix
1933 2408 2149 2478 piarum
2179 2410 2385 2465 existit.
2413 2411 2583 2480 Cujus
2605 2412 2802 2467 merita
2836 2411 3048 2468 vivacia
3071 2418 3306 2466 testatur

1721 2501 1888 2555 etiam
1922 2515 2053 2556 caro
2085 2510 2322 2568 mortua,
2357 2517 2480 2571 quae
2515 2510 2642 2572 post
2683 2503 2749 2557 16
2795 2519 2970 2559 annos
3016 2503 3314 2574 sepultura:

1723 2607 1851 2648 cum
1871 2601 2043 2660 veste,
2066 2610 2175 2664 qua
2198 2593 2441 2650 involuta
2472 2603 2578 2662 est,
2622 2595 2942 2666 incorrupta
2970 2603 3185 2666 reperta
3204 2604 3309 2650 est.

1723 2685 1870 2742 Anni
1907 2686 2278 2744 Constantini.

1794 2803 1848 2858 5.
1884 2803 1948 2858 Α.
1981 2802 2042 2857 D.
2064 2803 2187 2858 672.
2229 2802 2543 2858 Adeodatns
2571 2817 2706 2873 papa
2735 2801 2860 2856 78‘"
2889 2802 3028 2857 sedit
3053 2817 3228 2857 annos
3252 2803 3307 2858 ι.

1796 2894 1849 2950 7.
1887 2895 1953 2949 A.
1995 2894 2059 2949 Ι).
2116 2895 2242 2950 676.
2289 2895 2535 2951 Domnus
2578 2909 2716 2965 papa
2759 2893 2884 2949 79“
2917 2894 3059 2950 sedit
3100 2909 3310 2950 annum

73 2961 341 3028 patriarcha
372 2965 542 3019 latine
570 2964 888 3020 celebraret.
926 2962 1053 3020 Haec
1083 2972 1168 3020 est
1193 2973 1346 3019 sexta
1381 2964 1624 3036 synodus

75 3054 357 3113 universalis
400 3056 874 3128 Constantinopoli
905 3057 1175 3113 celebrata
1203 3065 1258 3112 et
1286 3057 1462 3113 Greco
1502 3072 1623 3112 ser-

74 3163 205 3205 mone
234 3151 578 3223 conscripta,’
599 3151 938 3220 temporibus
973 3150 1278 3222 Agathonis
1322 3164 1497 3220 papae,
1527 3164 1623 3204 ex-

72 3252 295 3311 sequente
337 3258 408 3300 ac
453 3243 762 3314 presidente
790 3243 1039 3315 piissimo
1066 3242 1311 3314 principe
1348 3243 1621 3298 Constan-

74 3331 164 3389 tino
189 3335 319 3391 intra
342 3336 612 3407 palatium
646 3351 830 3404 suum,
863 3335 1139 3407 simulque
1180 3335 1372 3406 legatis
1399 3343 1623 3406 aposto-

70 3423 165 3480 licaa
183 3429 317 3485 sedis
343 3435 401 3484 et
432 3427 708 3499 episcopis
738 3427 841 3483 150
861 3428 977 3484 sive
1004 3427 1110 3483 289
1131 3426 1515 3483 residentibus.

127 3517 291 3576 Prima
318 3521 474 3577 enim
505 3520 833 3576 universalis
857 3520 1100 3591 synodus
1122 3519 1176 3575 in
1202 3518 1367 3576 Nicea
1391 3534 1623 3592 congre-

70 3618 171 3678 gata
210 3620 290 3667 est
315 3622 512 3670 contra
536 3613 756 3666 Arrium
772 3611 875 3666 518
900 3619 1119 3682 patrum
1141 3611 1244 3667 sub
1265 3611 1624 3668 Constantino

69 3702 300 3774 principe,
355 3704 698 3774 temporibus
741 3701 993 3759 Silvestri
1029 3718 1226 3773 papae;
1284 3704 1522 3760 secunda
1566 3704 1622 3759 in

70 3791 512 3868 Constantinopoli
540 3796 642 3852 150
676 3804 894 3867 patrum
919 3803 1110 3851 contra
1157 3793 1536 3851 Macedonium
1568 3804 1624 3852 et

68 3882 378 3957 Eudoxium,
429 3888 767 3959 temporibus
816 3885 1036 3942 Damasi
1077 3901 1234 3957 papae
1275 3895 1331 3941 et
1378 3885 1622 3943 Gratiani

68 3977 323 4050 principis,
360 3981 585 4052 quando
621 3979 908 4035 Nectarius
949 3979 1129 4034 eidem
1174 3978 1296 4034 urbi
1338 3979 1623 4034 ordinatus

65 4080 133 4124 est
158 4073 478 4146 episcopus;
523 4073 681 4128 tertia
707 4072 763 4126 in
789 4071 1006 4143 Epheso
1034 4070 1140 4126 200
1173 4079 1389 4142 patrum
1429 4079 1622 4126 contra

66 4158 356 4220 Nestorium
419 4164 680 4236 Augusta:
713 4165 866 4220 urbis
913 4165 1254 4239 episcopum,
1301 4164 1402 4218 sub
1438 4163 1620 4219 Theo-

63 4250 197 4308 dosio
217 4254 417 4328 Magno
445 4255 690 4326 principe
719 4263 772 4310 et
799 4253 969 4326 Syxto
999 4268 1136 4324 papa
1173 4252 1262 4285 ¹⁰⁸¹
1289 4271 1304 4319 ;
1335 4261 1534 4324 quarta
1565 4254 1620 4309 in

1723 3003 1920 3054 unum,
1948 3001 2164 3043 menses
2194 2987 2246 3042 5.

1798 3101 1851 3157 9.
1887 3102 1952 3155 A.
1995 3099 2058 3154 D.
2098 3099 2221 3156 678.
2262 3100 2475 3171 Agatho
2509 3115 2648 3172 papa
2683 3099 2810 3154 80us
2848 3098 2990 3155 sedit
3034 3115 3210 3156 annos
3253 3100 3311 3170 5,

1649 3199 1695 3260 (ζ
1726 3209 1941 3250 menses
1967 3192 2019 3247 6.

1797 3305 1883 3360 12.
1900 3302 2144 3375 (Clu-.W.
2161 3302 2318 3358 ——cr.
2345 3303 2406 3358 P.
2432 3303 2496 3358 D.
2520 3320 2595 3372 Vl,
2620 3305 2674 3374 4,
2699 3313 2754 3359 et
2777 3303 2840 3359 G.
2867 3302 2989 3374 Fr.)
3012 3304 3076 3358 A.
3093 3302 3156 3358 Ι).
3184 3303 3310 3360 681.

1727 3381 1892 3452 Sexta
1915 3396 2156 3468 synodus
2181 3395 2506 3452 universalis
2525 3395 2994 3466 Constantinopoli
3023 3411 3316 3468 congrega-

1727 3497 1817 3544 tur
1844 3489 1946 3546 sub
1972 3488 2257 3560 Agathone
2283 3490 2443 3558 papa,
2472 3489 2569 3558 qui
2599 3487 2753 3543 Dono
2782 3487 3078 3554 successit;
3110 3488 3165 3541 in
3201 3503 3312 3558 qua

1724 3581 2036 3651 dampnatis
2058 3579 2334 3646 hereticis,
2359 3589 2523 3635 tanta:
2551 3595 2876 3634 aranearum
2904 3581 3022 3634 tela:
3050 3580 3105 3633 in
3129 3579 3312 3635 medio

1724 3673 1910 3746 populi
1935 3673 2268 3741 ceciderunt,
2293 3682 2352 3728 ut
2377 3674 2566 3728 sordes
2593 3673 2868 3728 hcrcsium
2895 3671 3154 3743 expulsas
3187 3687 3308 3727 om-

1726 3784 1822 3824 nes
1853 3768 2226 3837 intellegerent
2245 3775 2298 3821 et
2313 3766 2662 3822 mirarentur.
2685 3765 3013 3834 Clodoveus,
3036 3766 3182 3822 ﬁlius
3201 3763 3310 3822 Da-

1727 3853 1960 3933 goberti,
1989 3863 2142 3918 obiit.
2173 3861 2275 3918 Cui
2299 3863 2594 3919 Lotharius
2627 3863 2771 3920 ﬁlius
2803 3864 3092 3920 successit.

1797 3953 1884 4006 M.
1921 3951 1988 4006 A.
2015 3951 2079 4006 D.
2106 3951 2229 4007 685.
2260 3950 2370 4007 Leo
2395 3969 2535 4022 papa
2558 3952 2683 4006 8|“
2715 3953 2855 4008 scdit
2880 3969 3085 4007 annum
3113 3968 3308 4022 unum,

1724 4061 1941 4101 menses
1963 4046 2169 4100 decem.

1796 4138 1882 4193 16.
1909 4139 1974 4193 A.
2001 4137 2064 4192 D.
2104 4137 2228 4192 685.
2258 4135 2584 4192 Benedictus
2606 4151 2746 4206 papa
2767 4136 2897 4190 82'"
2925 4136 3069 4192 sedit
3085 4150 3308 4216 menses

1723 4233 1934 4299 decem,
1959 4231 2302 4301 decessitque
2328 4228 2470 4284 Non.
2501 4229 2630 4284 Mai.
2657 4231 2676 4252 ⁹

64 4343 341 4404 Calcedone
371 4358 592 4421 patrum
621 4346 725 4403 650
760 4348 864 4403 sub
893 4346 1072 4402 Leone
1093 4361 1252 4416 papa,
1281 4346 1620 4416 temporibus

62 4435 300 4496 Marciani
324 4441 612 4512 principis,
636 4449 824 4496 contra
851 4438 1138 4506 Euthicen,
1168 4438 1621 4495 nefandissimum

1863 4351 1886 4370 ‘
2127 4344 2333 4400 addunt
2361 4362 2374 4398 :
2425 4343 2717 4401 Ravenuas
2757 4375 2830 4386 —
2853 4344 3212 4401 ordinandus.
3242 4362 3309 4401 ex

1999 4434 2079 4472 rae
2117 4457 2132 4471 .

1999 4434 2132 4488 rgeo.

61 4533 311 4597 presulcm
336 4533 752 4590 Manicheorum
776 4532 898 4600 ¹⁰³¹;
923 4531 1116 4602 quinta
1137 4531 1264 4586 item
1287 4529 1624 4587 inConstan—
1653 4538 1702 4598 ι)
1800 4531 1886 4587 17.
1913 4528 2062 4601 (Chr.
2091 4528 2207 4601 W.)
2234 4529 2298 4584 A.
2329 4529 2392 4585 D.
2417 4529 2542 4585 686.
2580 4529 2978 4585 Constantinus
3006 4528 3310 4600 imperator

59 4623 830 4697 tiu0poli,temporibusVigilii
846 4640 1020 4697 papa,
1037 4624 1139 4680 sub
1151 4621 1460 4678 Justiniano
1471 4623 1622 4694 prin—
1726 4627 1878 4682 obiit.
1901 4655 1972 4666 -—
1994 4623 2270 4680 Iohannes
2290 4640 2428 4694 papa
2455 4623 2583 4679 82'"
2611 4624 2749 4680 sedit
2770 4639 2973 4678 annum
2996 4622 3306 4678 nnum.Cui

60 4713 184 4782 cipe,
225 4727 422 4773 contra
444 4716 791 4772 Theodorum
831 4724 885 4772 et
915 4729 1107 4771 omnes
1133 4713 1423 4781 hereticos;
1469 4721 1624 4770 sexta

59 4803 158 4863 inec
178 4809 245 4864 de
273 4827 388 4880 qua
418 4809 474 4864 in
501 4810 739 4880 presenti
763 4807 1024 4864 diximus.
1041 4810 1060 4829 '

195 4924 298 4976 'l)?
332 4922 398 4976 E.
429 4922 677 4994 addunt_:
701 4921 847 4978 Inter
879 4920 1212 4994 Sarracenos
1234 4951 1305 4962 ——-
1322 4937 1497 4994 equos
1522 4938 1626 4979 no—

247 4994 391 5048 biles
419 4993 507 5048 50.
532 5010 595 5048 ex
622 4991 793 5064 Sigeb.
829 5010 862 5046 a
897 4992 1020 5048 679.

117 5083 226 5140 lloc
251 5096 501 5158 tempore
522 5102 747 5157 regnum
772 5085 1256 5158 Longobardorum
1283 5084 1456 5140 tenuit
1479 5085 1628 5140 Chu-

53 5176 314 5245 nibertus,
357 5177 691 5233 Francorum
723 5193 852 5233 vero
891 5176 1194 5234 Clodoveus
1219 5176 1325 5248 (cf.
1362 5176 1424 5232 P.
1458 5177 1520 5232 D.
1551 5195 1626 5247 vr,

54 5266 114 5320 16
139 5278 191 5322 et
217 5269 312 5341 es)
342 5269 456 5324 ιοεε.

115 5357 210 5416 llis
238 5364 258 5382 ⁶
286 5361 466 5417 eciam
507 5361 842 5432 temporibus
866 5359 970 5416 fuit
1010 5362 1065 5417 in
1101 5360 1273 5418 Gallia
1301 5363 1468 5419 homo
1500 5379 1625 5435 prc-

55 5461 238 5518 potens
271 5462 329 5507 ct
371 5452 482 5508 Deo
515 5453 765 5521 dilectus,
798 5455 1018 5509 nomine
1056 5454 1318 5510 Arnulfus
1342 5496 1357 5522 ,
1397 5455 1492 5526 qui
1538 5471 1624 5510 re-

53 5543 322 5602 nuncians
355 5546 538 5601 seculo
580 5554 768 5617 postea
799 5544 976 5602 factus
1017 5554 1102 5602 cst
1149 5547 1470 5602 Mctensium
1507 5549 1614 5618 cpi-

1725 4721 1992 4778 successit
2015 4718 2206 4776 Conon
2234 4735 2374 4790 papa
2405 4718 2532 4774 85“!
2578 4719 2824 4788 seditque
2867 4734 3045 4789 annos
3072 4717 3129 4784 2,
3153 4731 3310 4771 men-

1729 4828 1818 4869 ses
1847 4813 1934 4881 11,
1966 4828 1998 4866 a
2042 4826 2152 4883 quo
2183 4819 2409 4866 sanctus
2458 4809 2721 4882 Kylianus
2756 4809 3122 4879 pontiﬁcalem
3153 4818 3308 4879 pote-

1730 4911 1927 4960 statem
1952 4903 2179 4972 accepit.
2207 4901 2422 4957 Cononi
2456 4899 2682 4972 Sergius
2716 4900 3000 4955 successit.
3022 4898 3254 4968 —Apnd
3290 4902 3310 4921 ⁶

1733 4995 1938 5050 Callias
1967 4994 2022 5049 in
2046 4993 2280 5049 Francia
2305 4994 2408 5048 sub
2431 4993 2654 5049 nomine
2678 4991 2904 5063 majoris
2935 4992 3132 5047 domus
3155 4990 3311 5062 prin-

1732 5090 1974 5160 cipatum
1998 5088 2218 5159 gerebat
2241 5086 2530 5158 Ansgisus.

1951 5205 1966 5226 '
2003 5201 2210 5256 Horum
2239 5199 2353 5254 loco
2378 5200 2469 5254 D?
2497 5200 2558 5253 E.
2599 5201 2791 5255 habent
2828 5218 2845 5257 :
2888 5201 3124 5256 Sanctus
3168 5200 3308 5255 Leo-

2011 5273 2267 5344 degarius
2297 5271 2588 5344 episcopus
2622 5271 2677 5344 d‘.
2712 5273 2800 5328 ab.
2831 5272 2892 5328 E.
2926 5282 2964 5327 t.
2997 5274 3214 5327 tandem
3241 5302 3312 5313 -ο

2012 5340 2394 5400 abscisioncm.
2422 5340 2494 5397 θεέ
2522 5340 2696 5414 Sigeb.

1803 5457 1963 5512 Anno
1990 5457 2278 5512 dominicae
2303 5454 2702 5511 incarnationis
2731 5455 2856 5522 687,
2887 5453 3051 5510 Urbis
3081 5454 3312 5510 conditae

1735 5549 2028 5605 millesimo
2068 5549 2193 5604 458.
2219 5547 2584 5616 Justinianus,
2633 5547 2781 5604 ﬁlius
2815 5547 3180 5613 Constantini,
3219 5546 3311 5599 62"

1358 5639 1589 5694 VARUS
1633 5640 2035 5697 LECTIONES.

125 5717 213 5761 ’⁸³η
243 5711 406 5799 βίη.
439 5745 551 5784 aee.
587 5731 644 5782 in
671 5729 786 5782 loco
815 5746 936 5783 raso
969 5729 1019 5786 1.
1099 5728 1190 5760 ¹⁰⁸⁰
1219 5729 1572 5786 archidiallus
1605 5731 1654 5782 ί·

2671 5731 2763 5764 "“
2793 5729 2848 5783 in
2884 5729 2998 5783 loco
3029 5742 3148 5782 raso
3182 5726 3224 5780 1.

1760 5730 1849 5762 ¹⁰⁸¹
1879 5739 1934 5784 et
1965 5730 2021 5784 S.
2050 5746 2104 5800 p.
2138 5731 2191 5783 in
2221 5730 2334 5785 loco
2366 5748 2486 5786 raso
2524 5731 2568 5786 l.

55 5799 140 5829 ¹⁵⁸³
164 5799 266 5857 llis
291 5830 370 5840 —-
396 5800 688 5856 Austrasiae
708 5801 766 5856 in
785 5801 1024 5870 margine
1051 5799 1233 5854 eadem
1260 5816 1422 5854 manu
1449 5801 1648 5866 scripta
1680 5801 1728 5854 1.
1808 5801 1899 5834 ‘0“
1927 5818 1954 5856 ε
1982 5799 2120 5855 corr.
2160 5803 2181 5855 l
