3880 6308
559 367 664 424 827

1730 347 2125 421 EKKEIIARDI
2165 360 2631 420 URAUGIENSIS
3699 374 3780 431 ses

556 485 682 540 loco
712 482 782 538 ab
799 483 1290 553 Augustoregnum
1321 478 1548 548 accepit,
1577 486 1631 533 et
1657 477 1842 533 decem
1865 479 2024 533 annis
2044 494 2132 532 re-
2166 485 2207 541 Α
2309 478 2362 533 8.
2407 478 2492 533 10.
2534 479 2598 533 Α.
2628 477 2690 534 D.
2718 478 2842 540 696.
2873 477 3219 537 Justinianus
3247 482 3319 538 ob
3345 482 3555 555 culpam
3589 490 3784 557 perﬁdia

559 576 764 649 gnavit.
795 575 815 646 (
836 572 1037 644 BEDA.)
1077 571 1175 628 Hic
1205 587 1394 642 pacem
1440 569 1654 624 ﬁrmam
1705 570 1970 626 decennio
2015 569 2143 625 fecit

557 685 685 726 cum
738 665 1057 722 Sarracenis
1104 672 1247 719 terra
1296 664 1583 733 marique;
1633 663 1726 716 sed
1773 671 1827 718 et
1861 663 2142 732 provincia

556 759 742 814 Africa
771 757 1058 827 subjugata
1087 763 1172 811 est
1196 754 1444 809 Romano
1465 754 1716 824 imperio,
1743 769 1864 823 qua:
1885 770 1916 807 a
1950 752 2143 808 Sarra—

555 851 710 906 cenis
757 849 936 903 fuerat
954 856 1120 903 tenta.
1169 845 1268 901 Hic
1302 846 1474 901 beatae
1516 847 1795 902 memoria:
1831 846 2142 916 pontiﬁcem

554 941 817 998 Romana:
844 941 1088 995 ecclesiae
1117 938 1390 1009 Sergium,
1415 937 1544 1008 quia
1571 938 1818 993 erratica:
1837 954 1951 994 sua:
1979 955 2144 1011 syno-

555 1032 647 1098 do,
673 1047 837 1101 quam
862 1028 1335 1097 Constantinopoli
1365 1027 1588 1093 fecerat,
1615 1027 1795 1082 favere
1817 1035 1872 1083 et
1898 1028 2142 1083 subscri-

556 1125 688 1180 bere
711 1122 904 1188 noluit,
928 1122 1100 1177 misso
1114 1120 1378 1175 Zacharia
1403 1120 1802 1190 protospatario
1830 1135 1950 1186 suo,
1976 1121 2145 1191 jussit

557 1214 1090 1284 Constantinopolim
1119 1213 1430 1283 deportari;
1462 1212 1556 1268 sed
1589 1211 1783 1266 militia
1815 1211 2144 1268 Ravennate

553 1313 706 1368 urbis
727 1312 1147 1382 vicinarumque
1169 1310 1409 1380 partium
1435 1306 1676 1362 nefanda
1706 1304 1968 1377 principis
1985 1305 2142 1374 jussa

555 1405 824 1475 prevenit,
847 1412 902 1459 et
941 1404 1176 1459 eundem
1208 1401 1533 1456 Zacharium
1578 1399 1669 1431 ¹⁰⁸³
1711 1398 2056 1454 contumeliis
2088 1406 2144 1453 et

555 1496 774 1567 injuriis
800 1497 868 1551 ab
893 1497 1027 1550 urbe
1051 1494 1225 1548 Roma
1259 1493 1484 1563 pepulit.
1520 1491 1616 1563 (H.
1645 1492 1742 1562 τη.)
1787 1490 1934 1545 Idem
1965 1489 2139 1546 Justi-

553 1590 754 1644 nianus
795 1604 826 1643 a
855 1586 1121 1642 Callinico
1153 1585 1462 1656 patriarcha
1495 1584 1699 1654 exigit,
1732 1592 1794 1638 ut
1837 1583 2140 1638 orationem

553 1681 757 1736 faceret
788 1680 855 1734 ad
882 1677 1268 1734 destruendam
1291 1676 1594 1732 aecclesiam
1626 1684 1830 1731 sancta:
1860 1674 1955 1730 Dei
1985 1675 2139 1746 geni-

555 1771 710 1826 tricis
729 1771 885 1840 juxta
909 1769 1173 1840 palatium
1202 1768 1384 1835 sitam,
1410 1784 1533 1838 qua:
1558 1767 1900 1837 Metropolite
1922 1767 2140 1822 diceba-

555 1872 667 1928 tur,
689 1863 880 1918 volens
907 1863 978 1917 ibi
1005 1861 1234 1917 aediﬁcia
1256 1861 1456 1926 facere,
1489 1860 1583 1916 ubi
1610 1876 1640 1914 a
1673 1860 1875 1930 pOpulo
1902 1859 2143 1929 suscipe-

552 1961 725 2008 retur.
755 1953 1068 2008 Patriarcha
1101 1967 1231 2007 vero
1257 1952 1474 2007 dicebat
1516 1969 1528 2004 :
1580 1950 1890 2005 Orationem
1932 1949 2144 2020 quidem

549 2046 622 2100 ad
655 2046 992 2100 statuendam
1028 2044 1322 2099 wcclesiam
1346 2045 1618 2109 habemus,
1641 2044 1697 2114 in
1733 2043 2144 2096 destructionem

551 2155 668 2192 vero
689 2136 937 2192 (ecclesia:
962 2137 1258 2190 orationem
1280 2151 1386 2189 non
1407 2136 1753 2204 suscepimus.
1780 2133 2019 2205 Cogente
2041 2150 2142 2188 aur

551 2238 660 2284 tem
689 2230 1018 2299 imperatore
1052 2235 1109 2283 et
1141 2227 1475 2282 omnimodis
1505 2227 1786 2298 exigente,
1837 2227 2141 2281 orationem

549 2321 688 2376 dixit
731 2321 1043 2390 patriarcha
1079 2338 1092 2374 :
1124 2318 1309 2373 Gloria
1346 2318 1474 2386 Deo,
1511 2320 1602 2390 qui
1638 2319 1842 2389 jugiter
1877 2319 2142 2372 sustinens

550 2415 774 2483 patitur,
803 2429 939 2466 nunc
966 2421 1015 2466 et
1044 2427 1248 2482 semper
1269 2419 1317 2466 et
1342 2411 1399 2465 in
1419 2412 1596 2464 omnia
1619 2410 1796 2464 secula
1822 2409 2138 2465 seculorum.

553 2503 676 2571 Quo
705 2504 913 2570 audito,
961 2505 1354 2559 destruxerunt
1395 2502 1718 2558 aacclesiam.
1760 2501 1880 2556 Alia
1923 2517 2143 2572 quoque

555 2596 726 2650 multa
759 2595 1062 2666 improvide
1095 2593 1328 2662 faciens,
1363 2593 1552 2648 odium
1588 2593 1775 2664 populi
1806 2593 1861 2646 in
1903 2607 1964 2648 se
1989 2592 2140 2647 exci-

551 2687 705 2742 tavit.
749 2685 902 2742 Unde
927 2685 1190 2742 Leontius
1216 2685 1501 2756 patricius,
1527 2699 1688 2754 quem
1720 2684 1837 2754 ipse
1862 2684 2142 2754 quondam

549 2788 825 2851 pretorem
853 2788 907 2835 et
939 2778 1267 2849 magistrum
1289 2778 1526 2832 militum
1555 2776 1903 2832 orientalium
1918 2774 2138 2844 fecerat,

553 2876 650 2931 sed
681 2875 794 2946 jam
829 2889 926 2944 per
955 2881 1066 2928 tres
1090 2887 1265 2928 annos
1296 2872 1348 2926 in
1391 2871 1644 2927 custodia
1677 2877 1966 2936 tenuerat,
2013 2884 2141 2924 cum

552 2966 749 3022 exinde
777 2972 1088 3036 protractus
1114 2963 1170 3018 in
1190 2963 1413 3018 exilium
1436 2963 1986 3029 mitteretur,~contra
2014 2975 2141 3016 eum

553 3059 746 3126 sensit,
779 3057 1095 3130 junctisque
1119 3055 1224 3110 sibi
1247 3055 1456 3123 multis,
1487 3053 1861 3110 Iustinianum
1889 3067 2141 3122 compre-

547 3151 756 3216 hendit,
784 3164 1030 3220 nasoque
1058 3148 1295 3218 preciso,
1327 3147 1384 3202 in
1413 3147 1654 3202 insulam
1685 3145 1964 3217 quandam
1993 3145 2139 3200 rele-
2165 3173 2212 3238 ο

549 3243 716 3314 gavit,
743 3243 967 3313 ipseque
995 3239 1266 3311 regnavit.

727 3333 875 3387 Anni
920 3339 924 3342 ’
1053 3331 1199 3385 Anni

689 3423 926 3494 Pippini.
974 3421 1296 3478 Justiniani.

617 3517 673 3572 2.
707 3515 866 3587 (Chr.
901 3512 1015 3585 W.)
1059 3513 1125 3567 Α.
1169 3511 1234 3567 D.
1287 3509 1412 3568 688.
1452 3509 1687 3568 Sanctus
1718 3509 1982 3584 Kylianus
2013 3527 2139 3569 cum

550 3607 716 3666 sociis
740 3607 855 3663 suis
877 3621 1077 3677 passus
1106 3614 1210 3661 est.

622 3700 676 3755 1.
713 3699 767 3754 ⁸5.
805 3698 873 3753 Α.
915 3697 979 3752 D.
1023 3697 1147 3753 689.
1184 3696 1472 3767 Pippinus,
1501 3695 1648 3751 ﬁlius
1681 3694 1933 3768 Ansgisi,
1963 3695 2141 3768 major

551 3794 750 3848 domus
795 3789 1120 3847 eﬁicitur'in
1171 3788 1365 3856 Gallia,
1410 3803 1747 3859 regnumque
1797 3787 2138 3844 Francorum

549 3881 976 3940 amministravit
1001 3880 1161 3936 annis
1187 3880 1279 3948 27,
1307 3879 1467 3951 cujus
1509 3879 1673 3934 etiam
1700 3878 1828 3933 anni
1881 3894 2138 3934 suorum-

548 3988 658 4046 que
705 3987 1085 4030 successorum
1118 3970 1373 4042 deinceps
1417 3977 1753 4026 annotantur
1802 3969 1859 4025 in
1891 3971 2138 4042 catalogo

548 4081 760 4137 regum.

619 4157 675 4212 2.
714 4157 770 4211 4.
809 4156 876 4211 Α.
919 4154 983 4210 D.
1023 4153 1147 4211 690.
1189 4152 1413 4226 Sergius
1439 4168 1580 4225 papa
1620 4153 1748 4208 84'"
1795 4152 1937 4208 sedit
1960 4167 2137 4209 annos

559 4248 652 4318 16,
699 4264 919 4304 menses
963 4247 1019 4314 8,
1066 4247 1409 4318 decessitque
1448 4247 1482 4302 5
1527 4245 1653 4302 ldus
1694 4244 1998 4316 Septembr.
2037 4242 2138 4302 Hic

545 4341 854 4407 constituit,
867 4347 930 4396 ut
948 4339 1141 4410 Agnus
1153 4337 1251 4394 Dei
1265 4338 1669 4394 canteturinter
1683 4336 2034 4394 sacriﬁcium.
2048 4340 2068 4360 '
2080 4336 2132 4392 1.

685 4433 735 4486 ’1
781 4429 866 4484 10.
901 4430 999 4512 11.
1036 4429 1240 4483 addunt
1268 4427 1459 4512 fmilia
1505 4428 2135 4512 magnamhportionem

760 4510 964 4558 sancta:
987 4500 1044 4554 in
1077 4515 1241 4570 capsa
1268 4499 1361 4530 ¹⁰⁸⁶
1391 4499 1573 4556 crucis
1599 4499 1825 4555 invenit.

618 4595 672 4649 4.
713 4592 766 4648 6.
806 4592 872 4647 Α.
899 4591 962 4646 D.
994 4591 1120 4648 69%.
1146 4591 1475 4659 Clodoveus,
1505 4592 1652 4647 ﬁlius
1677 4590 2001 4648 Theoderici
2025 4591 2134 4649 fra—

545 4686 647 4742 tris
685 4684 995 4757 Dagoberti,
1019 4700 1146 4740 cum
1173 4682 1342 4740 fratre
1370 4681 1672 4739 Hildiberto
1707 4699 1938 4755 regnare
1965 4685 2130 4756 cmpit

548 4778 644 4849 (cf.
671 4777 735 4832 ς.
766 4777 912 4849 Fr.).

545 4897 550 4902 -
618 4870 670 4924 6.
711 4869 764 4924 8.
805 4867 873 4924 A.
904 4867 970 4923 D.
1001 4867 1126 4923 694.
1167 4866 1402 4925 Sanctus
1428 4865 1721 4924 Remaclus
1765 4865 2128 4938 Trejectensis

545 4960 835 5030 episcopus
865 4959 1138 5030 migravit.
1168 4959 1244 5014 Ὤ.

688 5051 744 5104 ‘2
909 5050 995 5131 11.
1038 5049 1283 5131 addunt:
1312 5047 1432 5104 Duo
1451 5048 1658 5131 Evvaldi
1684 5048 1986 5131 presbygri
2011 5048 2127 5130 ᾼη-

793 5121 851 5185 li,
885 5121 1038 5190 niger
1080 5126 1133 5174 et
1173 5119 1364 5187 Albus,
1396 5129 1528 5174 sunt
1589 5119 1722 5186 assi,
1751 5129 1804 5174 et
1837 5119 1868 5173 a
1897 5119 2128 5190 Pippino

756 5138 998 5244 Eoloniaa
1026 5189 1242 5244 sepulti.
1274 5205 1338 5244 ea:
1370 5136 1661 5244 Bernordo.

803 5205 998 5244 οιοηιω
1026 5205 1242 5260 εερυιιι.
1274 5205 1338 5244 ea:
1370 5205 1661 5244 uernotao.

627 5281 675 5334 7.
715 5280 925 5350 9.(Chr.
951 5281 1064 5353 W.)
1086 5282 1149 5336 A.
1177 5281 1370 5338 0.695.
1395 5280 1805 5348 Willibrordus,
1823 5281 1916 5351 qui
1935 5289 1989 5336 et
2008 5280 2131 5337 Cle-

547 5387 766 5439 mens,a
792 5371 980 5444 Sergio
1008 5389 1149 5444 papa
1172 5373 1456 5430 ordinatur
1482 5373 1772 5444 episcopus
1802 5373 1894 5405 ¹⁰⁸⁷
1923 5373 1990 5428 ad
2011 5388 2133 5444 pre-

546 5463 836 5521 dicandum
873 5467 1142 5537 gentibus.

2245 588 2360 628 sum
2388 586 2556 642 regno
2580 571 2828 642 privatur
2855 580 2909 628 et
2943 574 3218 632 exiliatur.

2320 663 2539 719 Leonis.

2314 756 2368 811 9.
2409 756 2458 810 1.
2500 755 2659 811 Anno
2711 756 3000 814 dominicae
3048 759 3448 816 incarnationis
3493 761 3616 829 697,
3659 762 3788 822 Urbis

2241 863 2374 903 vero
2415 849 2650 904 conditze
2693 851 2986 906 millesimo
3014 852 3138 906 448.
3161 852 3292 919 Leo,
3343 854 3441 924 qui
3464 863 3518 909 et
3549 853 3789 922 Leontius,

2243 941 2335 995 65°
2363 941 2485 996 loco
2519 942 2589 996 ab
2623 943 2899 1012 Augusto,
2937 944 3167 1014 depulso
3210 944 3558 1015 Iustiniano,
3606 963 3791 1019 mgnum

2243 1031 2482 1100 invasit,
2532 1033 2818 1103 tribusque
2870 1034 3032 1090 annis
3082 1037 3349 1106 regnavit.
3405 1035 3619 1107 (Βεω.)
3658 1038 3794 1110 Cujus

2243 1140 2388 1180 anno
2409 1125 2587 1196 primo
2611 1123 2836 1198 Sergius
2858 1143 2995 1197 papa
3018 1127 3072 1182 in
3097 1129 3342 1184 sacrario
3363 1129 3508 1183 beati
3539 1128 3676 1184 Petri
3696 1147 3797 1202 apo-

2243 1218 2368 1273 stoli
2390 1233 2609 1288 capsam
2635 1227 2970 1290 argenteam,
2994 1237 3116 1291 qua:
3139 1221 3194 1275 in
3221 1221 3426 1293 angulo
3448 1222 3678 1278 obscuro
3701 1225 3795 1278 diu-

2241 1309 2456 1365 tissime
2493 1310 2688 1381 jacuit,
2737 1310 2974 1367 Domino
3022 1314 3300 1370 revelante
3330 1315 3562 1381 invenit,
3591 1326 3644 1370 et
3679 1318 3724 1371 in
3749 1334 3796 1373 ea

2243 1415 2462 1455 crucem
2507 1399 2740 1455 diversis
2779 1416 2845 1455 ac
2875 1402 3142 1471 preciosis
3193 1403 3469 1473 lapidibus
3517 1404 3794 1462 adornatam

2241 1490 2464 1560 reperit.
2490 1489 2568 1545 De
2596 1506 2705 1560 qua
2733 1492 2927 1547 tractis
2951 1500 3190 1562 quatuor
3214 1495 3439 1564 petalis,
3464 1496 3665 1565 quibus
3685 1513 3798 1568 gem-

2243 1597 2348 1636 mae
2379 1582 2832 1650 inclusae-erant,
2877 1584 3034 1640 mirae
3077 1585 3482 1656 magnitudinis
3537 1590 3797 1656 portionem

2241 1673 2531 1729 dominica:
2553 1675 2735 1730 crucis
2772 1675 3006 1733 interius
3032 1677 3331 1747 repositam
3363 1681 3670 1749 conSpexit,
3707 1698 3799 1751 qua

2243 1766 2502 1820 omnibus
2544 1767 2704 1822 annis
2733 1766 2788 1821 in
2817 1767 3062 1840 basilyca
3105 1767 3442 1838 Salvatoris,
3486 1787 3616 1841 qua:
3645 1773 3799 1828 dicitur

2172 1829 2216 1888 Β
2243 1857 2734 1928 Constantiniana,
2762 1860 2851 1917 die
2895 1829 3246 1919 exultationis
3288 1829 3533 1934 ejus'ab
3568 1865 3706 1920 omni
3729 1882 3797 1936 po-

2243 1953 2373 2038 pulo
2400 1952 2691 2008 salutatur.

2319 2037 2404 2098 11.
2443 2045 2496 2100 ὅ.
2531 2045 2595 2099 Α.
2634 2043 2698 2098 D.
2731 2044 2857 2100 699.
2899 2045 3138 2101 Sanctus
3179 2045 3527 2118 Chutpertus
3558 2049 3799 2120 episcopus

2241 2153 2309 2194 ex
2333 2138 2653 2193 anachorita
2687 2137 2842 2193 obiit.
2875 2137 3047 2208 Cujus
3073 2140 3166 2172 ¹⁰⁸⁸
3185 2155 3390 2210 corpus
3420 2149 3554 2212 post
3578 2143 3634 2195 11
3664 2158 3798 2197 annos

2244 2229 2540 2300 sepulturae
2565 2229 2687 2299 ejus
2718 2229 2990 2300 integrum
3025 2230 3310 2286 inventum
3334 2242 3441 2287 est.

2316 2320 2413 2393 (H.
2465 2320 2564 2393 m.)
2603 2321 2834 2376 Leontio
2882 2322 3067 2393 itaque
3114 2324 3257 2393 apud
3305 2323 3799 2396 Constantinopilim

2241 2413 2442 2485 posito,
2466 2413 2616 2470 venit
2637 2413 2926 2485 Tyberius,
2954 2415 3049 2485 qui
3075 2424 3130 2470 et
3151 2415 3508 2484 Absimarus,
3533 2434 3599 2473 ex
3618 2421 3799 2473 adverso

2243 2506 2478 2563 civitatis
2513 2521 2641 2563 cum
2670 2507 2880 2574 multis,
2912 2517 2970 2563 et
2989 2509 3204 2579 prodita
3233 2509 3340 2564 sibi
3374 2510 3630 2578 civitate,
3662 2512 3799 2564 Lenn-

2243 2597 2380 2654 tiu-m
2405 2599 2568 2670 cepit,
2586 2599 2914 2670 precisoque
2940 2615 3080 2655 naso
3100 2601 3242 2671 ejus,
3275 2601 3333 2656 in
3357 2603 3692 2658 monasterio
3711 2602 3802 2656 Dal-

2241 2691 2376 2746 mati
2403 2691 2510 2748 sub
2543 2691 2795 2749 custodia
2825 2693 3133 2762 constituit,
3167 2694 3399 2766 ipseque
3424 2698 3687 2769 regnarit.

2310 2781 2428 2856 Tyb
2895 2829 2899 2832 .

2315 2876 2404 2932 12.
2443 2876 2496 2932 1.
2544 2877 2706 2932 Anno
2731 2876 3022 2935 dominicas
3069 2879 3476 2938 incarnationis
3515 2880 3640 2947 700,
3676 2879 3804 2935 Urbis

2242 2976 2426 3024 autem
2449 2969 2684 3025 conditae
2712 2970 3005 3026 millesimo
3031 2971 3160 3028 451.
3191 2971 3499 3044 Tyberius,
3531 2975 3626 3044 qui
3658 2985 3702 3028 et
3723 2972 3805 3024 Ab-

2243 3058 2481 3115 simarus
2513 3059 2697 3116 dictus
2741 3069 2844 3126 est,
2873 3061 2965 3117 64°
2995 3061 3117 3118 loco
3157 3063 3228 3118 ab
3257 3062 3519 3134 Augusto
3557 3065 3804 3136 imperium

2242 3147 2462 3218 invasit,
2493 3149 2704 3222 dejecto
2734 3151 2945 3220 Leone,
2978 3162 3034 3209 et
3066 3155 3317 3226 regnavit
3344 3156 3518 3212 annis
3547 3157 3598 3211 7.
3631 3157 3803 3228 (Brem

2243 3243 2416 3315 Cujus
2444 3252 2692 3314 tempore
2720 3245 2963 3316 synodus
3007 3246 3064 3300 in
3111 3246 3367 3318 Aquileia
3407 3247 3562 3305 facta
3594 3251 3804 3319 quintum

2242 3335 2553 3391 universale
2573 3335 2871 3392 concilium
2899 3338 3176 3407 suscipere
3197 3338 3392 3394 dilﬁdit
3419 3341 3501 3395 ob
3519 3340 3804 3411 imperitiam

2241 3427 2407 3496 ﬁdei,
2450 3428 2625 3484 donec
2670 3429 3004 3485 salutaribus
3034 3429 3179 3485 beati
3217 3447 3378 3502 papae
3407 3431 3591 3505 Sergii
3623 3432 3804 3487 monitis

2243 3519 2534 3586 instructa,
2560 3527 2616 3574 et
2648 3519 2765 3590 ipsa
2791 3535 2916 3576 cum
2948 3522 3142 3576 ceteris
3169 3521 3378 3578 Christi
3407 3526 3674 3581 ecclesiis
3707 3525 3804 3578 huic

2241 3623 2488 3664 annuere
2530 3610 2825 3666 consentit.
2880 3609 3058 3681 Hujus
3081 3612 3174 3649 1⁸⁸⁸
3217 3623 3472 3685 tempore
3516 3618 3806 3672 occisuscst

2241 3707 2466 3756 sanctus
2497 3698 2826 3770 Lantpertus
2874 3685 3322 3775 episcopus,‘sub
3368 3705 3686 3763 Hildeberto
3708 3720 3807 3778 rege

2242 3794 2336 3868 (cf.
2369 3795 2441 3851 H.
2472 3795 2569 3851 Fr.
2607 3795 2818 3868 supra).

2315 3887 2401 3942 15.
2441 3887 2494 3942 .t.
2538 3885 2689 3958 (Chr.
2737 3874 2852 3960 W.)
2898 3887 2964 3943 A.
3008 3887 3074 3944 ι).
3108 3889 3233 3945 703.
3278 3889 3545 3963 Synodus
3580 3894 3808 3965 Aquileia

2241 3986 2604 4049 congregatur
2625 3978 2729 4034 sub
2756 3978 2947 4050 Sergio
2975 3995 3137 4052 papa.

2314 4070 2400 4125 18.
2445 4070 2496 4126 7.
2543 4072 2609 4125 Α.
2645 4069 2710 4126 D.
2760 4070 2884 4127 706.
2928 4071 3210 4130 Johannes
3240 4089 3386 4146 papa
3408 4077 3541 4132 85"
3577 4077 3808 4132 sedit»-

2237 4177 2341 4219 nos
2373 4161 2428 4218 5.

2311 4254 2455 4311 Beda
2471 4255 2516 4288 “
2527 4258 2534 4264 “
2545 4255 2566 4288 °
2582 4256 2917 4314 venerabilis
2927 4247 3213 4331 presbyter
3232 4259 3544 4332 Anglorum
3561 4261 3805 4318 omnium

2239 4347 2470 4404 minoris
2495 4344 2623 4402 libri
2654 4347 2742 4403 sui
2767 4349 3055 4421 hucusque
3085 4349 3366 4421 perduxit.

2236 4438 2382 4494 Anni
2406 4437 2729 4496 Justiniani.

2160 4519 2210 4580 υ
2307 4551 2395 4607 19.
2441 4552 2492 4606 1.
2519 4551 2734 4624 (Βεολ.)
2766 4551 2927 4610 Anno
2956 4554 3248 4612 dominicae
3272 4556 3676 4614 incarnationis
3700 4555 3799 4618 707.

2235 4645 2399 4702 Urbis
2439 4647 2672 4703 conditae
2715 4647 3009 4705 millesimo
3057 4649 3184 4705 458.
3243 4649 3598 4709 Justinianus
3623 4694 3639 4716 ,
3684 4650 3803 4705 ﬁlius

2233 4737 2601 4807 Constantini,
2618 4755 2781 4811 quem
2809 4741 3062 4810 superius
3087 4758 3119 4796 a
3143 4741 3329 4798 Leone
3356 4745 3428 4799 de
3453 4761 3624 4816 regno
3641 4741 3806 4812 expui—

2232 4845 2357 4886 sum
2379 4831 2642 4899 diximus,
2667 4847 2765 4902 per
2788 4832 3123 4902 adiutorium
3147 4832 3416 4892 Terbellis
3459 4838 3600 4908 regis
3634 4834 3808 4904 Bulga-

2230 4937 2356 4976 rum
2392 4930 2701 4993 expugnata
2730 4921 3231 5000 Constantinopoli,
3263 4941 3505 4998 regnum
3534 4927 3742 4996 recepit,
3763 4933 3805 4977 et

2228 5019 2416 5082 postea
2450 5027 2547 5067 sex
2595 5013 2754 5068 annis
2799 5013 3064 5084 regnavit.
3100 5014 3197 5086 (II.
3232 5017 3333 5087 m.)
3362 5016 3600 5089 Recepto
3645 5025 3804 5071 auten

2233 5118 2422 5174 regno,
2453 5104 2625 5158 multa
2655 5103 2795 5159 dona
2841 5114 2897 5159 et
2925 5106 3128 5177 regalia
3168 5123 3298 5162 vasa
3334 5108 3570 5164 Terbelii
3602 5108 3802 5166 tribuit.

2233 5209 2470 5264 eumque
2497 5195 2552 5250 in
2583 5210 2716 5265 pace
2742 5196 2968 5252 dimisit.
3019 5197 3351 5254 Absimarus
3397 5210 3610 5266 autem,
3642 5199 3731 5270 qui
3760 5205 3803 5249 et

2235 5285 2527 5358 Tyberius,
2565 5303 2633 5342 ex
2679 5289 2814 5344 urbe
2847 5288 3107 5362 profugit,
3138 5292 3233 5347 sed
3263 5293 3607 5349 insecutionc
3628 5301 3801 5362 captus

2233 5385 2291 5432 et
2329 5378 2396 5433 ad
2421 5377 2794 5434 Justinianum
2840 5389 2926 5436 est
2970 5383 3259 5439 adductus.
3309 5384 3560 5441 Adducto
3600 5396 3802 5454 quoque

2236 5466 2486 5536 Leontio,
2518 5471 2612 5540 qui
2639 5485 2768 5525 eum
2809 5471 3169 5542 dejecit,fecit
3213 5474 3411 5530 ambos
3453 5473 3657 5531 catenis
3688 5487 3803 5528 con-

1806 5598 2040 5656 VARUE
2082 5597 2489 5658 LECTIONES.

629 5711 721 5782 ιον
748 5712 825 5767 ita
855 5715 906 5769 1.
941 5711 1250 5769 zachariatn
1281 5711 1323 5765 E
1360 5713 1406 5765 l.
1438 5721 1536 5767 cet.
1617 5711 1707 5744 ¹⁰⁸⁶
1746 5711 1801 5766 in
1823 5712 1950 5782 ipsa
1977 5729 2112 5768 corr.
2147 5712 2202 5766 in
2229 5727 2392 5782 capsa
2425 5712 2512 5769 10.
2543 5715 2731 5772 desunt
2763 5718 2848 5773 11.

2963 5720 3054 5753 ιη’
3082 5737 3132 5775 e.
3165 5719 3271 5794 ad.
3309 5739 3364 5792 ρ.
3421 5741 3471 5794 g.
3535 5724 3723 5778 dannt
3749 5723 3790 5774 ι.

552 5781 642 5820 ⁸⁰⁸⁸
663 5781 834 5853 Cujus
853 5785 1212 5839 ——inventum
1242 5791 1327 5839 est
1352 5783 1537 5839 desunt
1567 5783 1618 5837 4.
1701 5784 1790 5815 ¹⁰⁸⁹
1821 5781 1993 5852 llujus
2008 5799 2212 5854 —-_-rege
2239 5781 2623 5856 inﬁmarginei.
2704 5788 3024 5846 lmBeda—
3051 5781 3508 5862 perduxit'dcsint
3535 5794 3600 5849 υ.
3624 5794 3686 5848 Ε.
3717 5794 3790 5850 9‘.
