3880 6308
90 365 171 422 829

960 366 1328 436 CHRONICA.
1367 400 1440 410 -—
1476 367 1872 428 CHRONICON
1912 373 2370 435 llNlVERSALE.

3207 387 3316 444 850

91 485 293 551 strictos,
317 481 452 538 dum
489 481 602 538 ludi
630 491 914 553 equestres
942 495 1234 556 agerentur
1253 528 1268 553 ,
1299 501 1396 556 per
1429 486 1635 556 plateas
1666 495 1709 551 Α
1737 487 1841 555 Qui
1884 507 2008 546 cum
2045 493 2359 563 juramento
2392 496 2703 568 spopondit,
2734 513 2794 556 se
2838 498 2945 556 hoc
2970 515 3095 557 esse
3139 452 3318 558 factu-

91 575 222 640 trahi,
245 582 554 643 tractosque
599 574 814 644 publice
843 585 969 630 ante
1011 576 1175 645 pedes
1203 592 1370 646 suos,
1416 577 1546 632 dum
1579 578 1634 632 in

88 667 199 723 solio
225 663 506 732 resideret,
529 663 745 734 projici,
769 665 1110 735 calcavitque
1144 667 1283 721 colla
1301 681 1493 722 eorum
1518 665 1634 722 for-

87 759 222 824 titer,
268 755 524 810 universa
555 755 709 825 plebe
739 756 1010 811 clamante
1044 773 1057 808 :
1092 754 1260 826 Super
1299 757 1538 827 aspidem
1584 766 1638 812 et

86 858 371 928 batyliscum
389 857 696 924 ambulasti,
723 867 772 911 et
795 857 995 912 leonem
1019 858 1398 929 draconemque
1425 858 1638 914 concul-

85 951 212 1017 casti,
245 950 430 1019 sicque
460 965 553 1004 eos
581 951 820 1020 precepit
858 950 1136 1017 decollari,
1182 951 1635 1007 innumerabilem

83 1055 269 1110 quoque
293 1039 700 1094 multitudinem
722 1055 912 1094 eorum
937 1041 1031 1111 qui
1051 1051 1241 1097 contra
1262 1057 1388 1097 eum
1407 1059 1637 1098 consen-

82 1137 242 1186 serunt
258 1129 470 1185 diversa
494 1140 668 1185 morte
692 1129 820 1186 fecit
843 1132 1047 1188 necari.
1069 1131 1150 1200 (P.
1176 1131 1238 1187 D.
1264 1148 1338 1199 vi,
1365 1134 1478 1205 52.)
1497 1132 1636 1200 Quia

81 1221 202 1277 enim
231 1236 287 1276 se
311 1236 448 1276 naso
476 1221 972 1290 detruncaverunt,
1021 1224 1275 1294 quotiens
1307 1224 1636 1281 deﬂuentem

81 1322 259 1383 guttam
305 1315 570 1368 reumatis
617 1330 785 1369 manu
829 1315 1075 1383 detersit,
1110 1316 1312 1371 totiens
1347 1333 1485 1386 pene
1535 1318 1637 1372 ali-

78 1420 218 1475 quem
235 1419 294 1459 ex
309 1405 416 1459 illis
433 1405 686 1476 jugulare
706 1407 964 1476 precepit.
993 1406 1092 1478 (Η.
1119 1424 1190 1461 m.
1211 1406 1378 1461 —Cl‘.
1403 1407 1633 1480 Bson.)

80 1496 375 1553 liallinicum
411 1512 541 1553 vero
560 1500 950 1568 patriarcham,
977 1501 1148 1560 erutis
1177 1500 1375 1566 oculis,
1407 1499 1634 1558 Romam

75 1589 307 1656 exiliavit,
334 1598 388 1645 et
409 1605 507 1660 pro
534 1606 600 1645 eo
629 1589 834 1662 Cyrum
871 1592 926 1645 in
957 1593 1332 1662 episcopatum
1363 1594 1632 1662 provexit,

76 1681 155 1749 qui
176 1679 270 1734 fuit
291 1680 459 1735 abbas
493 1680 548 1734 in
580 1680 776 1749 Ponto,
807 1683 1011 1752 quique
1033 1682 1188 1737 illum
1219 1683 1434 1738 exulem
1456 1684 1636 1740 alebat

1736 600 1878 638 rum.
1904 584 2044 641 Cum
2069 603 2199 643 vero
2227 598 2496 660 regnaret,
2528 589 2657 646 fecit
2685 593 2952 664 synodum
2983 595 3314 664 pseudoepi»

1735 689 2028 744 scoporum
2049 677 2203 746 juxta
2227 679 2370 735 illius
2401 681 2863 750 pseudomonachi
2885 692 2940 738 et
2963 684 3159 740 inclusi
3189 700 3312 740 ser-

1735 779 1976 831 monem,
2014 776 2068 820 et
2095 767 2295 837 abjecit
2336 779 2584 825 sanctam
2611 782 2664 826 et
2690 773 3054 828 universalem
3101 782 3313 830 sextam

1736 857 2026 928 synodum.
2064 857 2381 930 Eodemque
2409 877 2554 918 anno
2583 879 2759 918 vanus
2781 864 2871 919 ille
2895 864 3141 920 inclusus
3179 882 3317 920 ocu-

1733 947 1916 1002 lorum
1952 950 2259 1006 caecitatem
2290 952 2539 1008 incurrit.
2567 953 2866 1026 Reperiens
2889 967 3070 1012 autem
3099 956 3321 1028 Phylip-

1735 1039 1892 1110 picus
1913 1041 2183 1110 quendam
2215 1041 2301 1096 sui
2329 1057 2634 1099 consensus
2667 1044 2992 1112 Johannem,
3038 1045 3168 1101 fecit
3189 1062 3318 1101 eum

1735 1130 2394 1204 Constantinopolitanum
2441 1137 2731 1206 presulem,
2757 1137 2958 1210 Cyrum
2986 1154 3117 1195 vero
3154 1141 3320 1210 depo—

1735 1241 1892 1292 nens,
1926 1226 1992 1280 ad
2020 1228 2413 1283 monasterium
2445 1245 2604 1283 suum
2633 1230 2808 1284 redire
2836 1231 3098 1301 precepit.
3134 1230 3218 1302 (P.
3245 1230 3306 1285 Ι).

1734 1335 1810 1386 v1,
1841 1319 1929 1386 54,
1956 1327 2012 1374 et
2053 1317 2128 1374 Η.
2158 1321 2256 1390 m.)
2281 1318 2425 1374 Idem
2460 1319 2808 1391 Phylippicus
2855 1322 2910 1376 in
2940 1323 3321 1393 disputationi-

1735 1410 1838 1466 bus
1866 1409 2084 1481 quidem
2119 1411 2234 1466 suis
2276 1411 2618 1467 rationabilis
2662 1413 2946 1468 videbatur
2973 1424 3027 1470 et
3052 1416 3316 1485 prudens,

1735 1499 1790 1554 in
1821 1501 2035 1555 actibus
2081 1509 2262 1555 autem
2299 1501 2586 1556 inhoneste
2635 1517 2700 1556 ac
2742 1503 2961 1572 indigne
2987 1505 3155 1562 vitam
3184 1520 3318 1559 con-

1736 1608 2064 1660 summans,
2119 1591 2498 1663 improbabilis
2561 1592 2764 1663 ubique
2816 1593 3314 1650 demonstrabatur.

1734 1683 1867 1739 Erat
1905 1684 2054 1738 enim
2101 1684 2376 1739 hereticus
2412 1693 2466 1739 et
2512 1684 2745 1740 adulter.
2793 1683 3129 1755 (BEDA.)Hic
3172 1686 3320 1740 Con-

75 1781 118 1826 et
135 1788 247 1825 eum
271 1773 326 1825 in
357 1772 646 1842 imperium
671 1775 1071 1831 restituendum
1098 1777 1430 1847 predicebat.
1462 1767 1636 1834 Natus.
1664 1837 1706 1848 __
1736 1775 1976 1831 stantino
2000 1791 2152 1845 papae
2172 1775 2320 1830 misit
2340 1775 2548 1830 litteras
2568 1775 2721 1845 pravi
2744 1776 3035 1846 dogmatis,
3066 1793 3205 1848 quas
3231 1778 3322 1832 ille

73 1870 143 1916 est
166 1871 340 1916 autem
375 1863 425 1918 ei
448 1863 594 1951 illius
624 1865 816 1920 eodem
849 1882 1023 1934 anno,
1055 1883 1166 1937 quo
1206 1868 1413 1939 recepit
1457 1868 1630 1939 impe-
1664 1837 1709 1899 Β
1735 1879 1861 1920 cum
1893 1864 2203 1934 apostolica
2226 1863 2376 1918 sedis
2411 1864 2642 1919 consilio
2669 1865 2899 1934 respuit.
2928 1864 3041 1920 Hac
3086 1865 3155 1921 de
3186 1881 3321 1920 cau-

73 1958 214 2025 rium,
236 1974 301 2014 ex
325 1957 636 2028 Theodora,
660 1960 771 2017 ﬁlia
796 1959 1050 2029 Chaiani,
1067 1979 1234 2033 quam
1265 1964 1474 2035 accepit
1501 1964 1633 2020 dum
1677 2022 1684 2030 ,

71 2061 196 2106 esset
217 2052 271 2105 in
305 2051 488 2120 exilio,
533 2068 696 2123 quem
719 2055 934 2110 vocavit
961 2055 1287 2128 Tyberium,
1320 2058 1633 2113 coronavit-

69 2159 160 2212 quc
184 2159 302 2199 eum
334 2161 463 2200 cum
512 2155 686 2202 matre
720 2164 840 2215 sua,
888 2157 944 2204 et
988 2158 1354 2221 regnaverunt
1383 2167 1508 2206 cum
1540 2166 1629 2207 80.

69 2232 217 2300 (Bent
239 2243 292 2289 et
311 2233 372 2288 P.
408 2234 473 2289 D.
504 2252 580 2302 vr,
605 2237 721 2308 5i.)
751 2236 851 2295 Hic
872 2237 1297 2296 Constantinum
1319 2257 1515 2311 papam
1543 2257 1636 2298 ac-

66 2329 308 2395 cersiens,
349 2329 650 2402 honoriﬁce
677 2334 939 2404 suscepit,
986 2343 1408 2405 prostratusque
1437 2336 1490 2390 in
1520 2344 1634 2391 ter-

67 2435 189 2488 ram,
223 2437 320 2491 pro
349 2423 466 2478 suis
508 2425 747 2494 peccatis
777 2427 1108 2483 intercedere
1136 2429 1368 2498 rogavit,
1411 2437 1636 2485 cuncta-

66 2527 161 2580 que
180 2514 434 2570 :ecclesize
458 2515 739 2589 privilegia
769 2534 1058 2585 renovans,
1089 2534 1216 2574 eum
1268 2536 1395 2575 cum
1424 2521 1636 2577 honore

67 2605 279 2659 remisit.
318 2605 423 2672 Qui
456 2623 583 2662 cum
617 2609 856 2665 mitteret
886 2611 1188 2667 exercitum
1217 2611 1272 2664 in
1306 2610 1542 2666 Pontum
1567 2610 1636 2668 ad

65 2697 622 2764 comprehendendum
649 2699 1048 2773 Phylippicum,
1079 2717 1244 2772 quem
1285 2701 1396 2757 illic
1423 2702 1635 2773 relega-

65 2796 222 2854 verat,
267 2789 498 2845 multum
547 2790 942 2849 Constantinus
993 2809 1129 2864 papa
1165 2798 1304 2857 ',eum
1334 2793 1635 2864 prohibuit,

62 2878 148 2933 sed
173 2880 412 2936 animum
440 2883 562 2952 ejus
591 2899 846 2940 revocare
869 2900 979 2940 non
999 2886 1195 2956 potuit.
1229 2885 1516 2943 Exercitus
1535 2903 1637 2942 au-

62 2981 160 3024 tem
184 2988 344 3042 quem
373 2974 617 3043 miserat,
649 2991 950 3033 conversus
970 2978 1038 3033 ad
1073 2987 1283 3049 partem
1312 2978 1636 3051 Phylippici,

62 3058 178 3116 iecit
206 3076 333 3117 eum
364 3063 564 3119 ibidem
595 3065 998 3137 imperatorem,
1028 3083 1392 3138 reversusque
1418 3084 1544 3125 cum
1572 3085 1639 3125 eo

1734 1971 1794 2012 sa
1828 1955 1920 1988 ¹⁰⁹⁵
1952 1955 2080 2011 fecit
2115 1953 2510 2011 Constantinus
2538 1957 2782 2027 picturas
2808 1956 2863 2010 in
2887 1957 3100 2027 porticu
3146 1957 3323 2013 sancti

1734 2045 1901 2113 Petri,
1937 2061 2061 2116 quae
2084 2061 2179 2102 sex
2215 2052 2529 2102 sanctarum
2555 2045 2888 2118 synodorum
2921 2054 3040 2101 acta
3067 2047 3318 2101 contine-

1733 2146 1874 2192 rent.
1910 2135 2046 2191 Nam
2092 2145 2147 2192 et
2180 2137 2496 2208 hujusmodi
2524 2138 2750 2208 pictura:
2790 2138 3134 2193 habebantur
3174 2137 3322 2193 Con-

1734 2229 2124 2300 stantinopoli,
2161 2245 2300 2300 quas
2330 2229 2682 2302 Phylippicus
2715 2231 2881 2301 jussit
2925 2230 3148 2287 auferri.
3197 2230 3324 2286 Sta—

1734 2322 1838 2380 tuit
1864 2331 2045 2377 autem
2082 2323 2316 2392 populus
2369 2321 2672 2390 Romanus,
2717 2338 2786 2378 ne
2813 2323 3040 2380 heretici
3087 2324 3323 2394 impera-

1735 2414 1871 2470 toris
1898 2429 2098 2468 nomen
2143 2422 2238 2468 aut
2275 2423 2458 2469 cartas
2483 2422 2578 2468 aut
2605 2412 2833 2482 ﬁguram
2879 2413 3037 2468 solidi
3069 2413 3321 2483 suscipe-

1741 2515 1884 2561 rent.
1912 2504 2068 2561 Unde
2093 2522 2195 2561 nec
2221 2506 2340 2577 ejus
2361 2506 2564 2578 eiligies
2592 2506 2646 2560 in
2677 2505 2979 2560 aacclesiam
3007 2504 3323 2559 introducta

1735 2606 1840 2666 est,
1869 2614 1972 2655 nec
2017 2614 2220 2654 nomen
2265 2599 2331 2654 ad
2370 2599 2665 2654 missarum
2708 2596 2994 2652 sollemnia
3023 2595 3320 2666 prolatum.

1738 2690 1836 2763 (H.
1868 2691 1966 2762 m.)
1998 2689 2237 2745 Sabbato
2275 2699 2454 2745 autem
2485 2696 2847 2760 pentecostes,
2874 2702 2999 2742 cum
3030 2688 3237 2741 lavaret
3265 2687 3324 2741 in

1737 2782 1932 2837 balneo
1963 2781 2205 2852 publico,
2254 2781 2534 2852 ingressus
2561 2796 2686 2836 cum
2712 2780 2961 2851 equitatu
2990 2788 3046 2834 et
3078 2778 3322 2850 organis,

1738 2873 2032 2944 habitoque
2061 2873 2292 2943 prandio
2327 2889 2454 2928 cum
2501 2873 2712 2928 civibus
2748 2872 2991 2941 antiqua:
3029 2871 3321 2942 prosapiae,

1739 2965 2106 3035 requiesceret
2148 2965 2396 3032 meridie,
2445 2973 2666 3035 repente
2711 2980 2808 3034 per
2836 2980 3057 3020 auream
3107 2973 3322 3034 portam

1739 3055 1984 3110 introivit
2027 3055 2258 3111 Ruﬁnus
2285 3056 2497 3125 primus
2526 3063 2822 3110 stratorum
2866 3070 2993 3109 cum
3030 3054 3323 3109 Theodoro

59 3149 603 3226 Constantinopolim,
634 3159 896 3229 pugnavit
920 3168 1110 3215 contra
1134 3158 1506 3216 Iustinianum
1533 3161 1638 3216 mi-
1663 3182 1710 3245 ο
1739 3147 1988 3218 Pallidi):
2014 3145 2386 3217 ῖθεῑίηδηεφιθ
2407 3145 2460 3200 in
2490 3146 2772 3216 Palatium,
2802 3153 2857 3200 θι
2885 3145 3166 3200 immicus
3195 3159 3325 3199 eum

60 3242 208 3299 liario
251 3247 322 3301 ab
353 3248 491 3304 urbe
533 3249 624 3303 12°
667 3250 922 3322 victoque
967 3252 1061 3307 illo
1097 3261 1152 3309 et
1179 3254 1364 3310 occiso
1388 3296 1403 3321 ,
1431 3253 1640 3324 accepit

56 3348 274 3404 regnum
319 3338 690 3410 Phylippicus.
741 3341 840 3413 (Il.
871 3343 968 3414 τη.)
1000 3344 1172 3401 Filius
1201 3361 1421 3416 quoque
1463 3344 1636 3415 Justi-

58 3423 220 3492 niani,
251 3427 433 3483 adhuc
459 3445 617 3499 puer,
643 3430 714 3487 ab
739 3431 830 3488 his
854 3435 950 3503 qui
983 3448 1015 3488 a
1042 3432 1362 3506 Phylippico
1384 3434 1639 3505 premissi

49 3526 174 3571 sunt
201 3519 420 3576 occisus
450 3530 552 3578 est.

117 3608 205 3665 2i.
247 3612 300 3667 5.
332 3613 396 3668 A.
431 3613 496 3669 D.
526 3614 647 3672 709.
674 3615 950 3675 Iohannes
968 3633 1110 3690 papa
1135 3618 1262 3676 86“
1293 3619 1435 3683 sedit
1460 3634 1638 3678 annos

50 3699 105 3766 2,
133 3719 354 3760 menses
391 3704 440 3761 7.

112 3802 204 3857 22.
255 3803 310 3858 4.
351 3802 418 3858 A.
472 3802 536 3858 D.
597 3803 721 3861 710.
781 3805 1123 3878 Dagobertus
1170 3807 1360 3880 junior
1409 3825 1638 3884 regnare

43 3899 209 3967 coepit
238 3897 335 3970 (cf.
361 3897 428 3954 Η.
459 3899 605 3969 Fr.).

110 3987 204 4043 25.
246 3989 301 4044 5.
366 3989 432 4044 A.
468 3989 532 4046 D.
567 3990 689 4046 711.
725 3990 1001 4050 Sisinnius
1026 4009 1166 4065 papa
1186 3995 1313 4051 87lu
1349 3995 1494 4052 sedit
1519 3997 1637 4053 dies

39 4077 128 4132 20.
185 4077 291 4134 Cui
339 4081 638 4139 succedens
685 4083 1082 4143 Constantinus
1130 4103 1270 4158 papa
1331 4087 1459 4146 88“
1497 4089 1639 4146 sedit

42 4183 227 4228 annos
257 4171 310 4227 6.
1591 4221 1594 4224 ~

106 4263 203 4318 24.
247 4263 302 4318 6.
343 4264 410 4320 A.
443 4264 507 4321 D.
543 4266 666 4323 712.
696 4266 1043 4328 Justiniauus
1063 4286 1095 4328 a
1116 4270 1435 4344 Phylippico
1463 4271 1636 4330 inter-

35 4354 230 4410 ficitur
255 4355 350 4428 (cf.
387 4357 460 4414 H.
497 4360 618 4430 m.).

85 4446 403 4520 Phylippici
432 4449 545 4506 ¹⁰⁹¹.

1739 3239 2134 3310 quiescentem,
2165 3238 2521 3309 apprehendit
2547 3253 2673 3292 eum
2702 3245 2756 3291 et
2782 3236 2925 3291 eruit
2952 3235 3141 3291 oculos
3167 3235 3323 3305 ejus,

1739 3331 1796 3386 in
1824 3331 2130 3386 crastinum
2172 3347 2302 3385 vero
2326 3371 2342 3397 ,
2392 3330 2446 3385 id
2475 3338 2560 3385 est
2585 3329 2674 3384 die
2701 3337 3061 3399 pentecostes,
3091 3342 3324 3398 congre-

1737 3431 1864 3496 gato
1892 3423 1949 3476 in
1977 3437 2174 3494 magna
2201 3423 2445 3479 azcclesia
2474 3421 2698 3493 populo,
2728 3429 3022 3477 coronatus
3051 3428 3138 3476 est
3162 3419 3324 3475 Arte-

1737 3515 1956 3583 misius,
1985 3523 2198 3570 mutato
2226 3515 2447 3572 nomine
2473 3513 2820 3570 Anastasius.

1736 3618 1882 3674 Anni
1907 3616 2206 3674 Anastasii.
2770 3605 2775 3612 ’

1806 3710 1898 3766 26.
1939 3711 1990 3765 1.
2027 3709 2187 3766 Anno
2207 3707 2494 3765 dominicae
2513 3707 2911 3765 incarnationis
2941 3707 3066 3775 714,
3088 3706 3158 3763 ab
3182 3705 3330 3762 Urbe

1737 3802 1959 3860 condita
1988 3802 2283 3858 millesimo
2311 3801 2436 3857 465.
2471 3800 2799 3858 Anastasius
2829 3800 2920 3855 67°
2948 3801 3071 3856 loco
3100 3800 3171 3854 ab
3200 3799 3321 3852 Au-

1739 3903 1902 3967 gusto
1930 3895 2220 3965 imperium
2271 3895 2498 3964 adeptus
2531 3903 2635 3962 est,
2679 3893 3034 3964 regnavitque
3080 3891 3240 3946 annis
3268 3890 3324 3946 5.

1737 3985 1971 4052 Quidam
1998 4000 2127 4040 vero
2154 3985 2311 4039 libri‘
2335 3985 2558 4051 habent,
2584 3984 2730 4054 quod
2754 3983 3104 4054 Pbylippicus
3131 3995 3328 4052 regna-

1736 4085 1822 4133 ret
1852 4092 2026 4131 annos
2055 4077 2092 4130 2
2118 4083 2172 4130 et
2196 4091 2415 4130 menses
2449 4074 2504 4142 9,
2553 4073 2879 4130 Anastasius
2905 4083 3088 4128 autem
3118 4089 3323 4128 annum

1737 4185 1908 4226 unum
1935 4177 1990 4224 et
2016 4183 2238 4224 menses
2267 4167 2322 4222 5.
2372 4167 2391 4238 (
2414 4165 2488 4220 Η.
2517 4183 2589 4220 m.
2613 4198 2683 4208 —
2703 4165 2764 4220 P.
2799 4165 2862 4219 D.
2897 4165 2936 4220 ι.
2963 4165 3044 4237 ι.)
3089 4166 3328 4220 Anasta-

1737 4262 1854 4318 sius
1885 4260 2050 4332 igitur
2079 4260 2172 4316 ubi
2214 4274 2442 4332 regnum
2494 4258 2745 4328 accepit,
2781 4257 3145 4313 Constantino
3171 4271 3328 4327 papae

1735 4371 1834 4429 per
1881 4353 2242 4410 Scolasticum
2286 4351 2580 4423 patricium
2627 4350 2836 4406 litteras
2883 4348 3114 4404 Romam
3148 4348 3321 4415 misit,

1736 4451 1937 4522 quibus
1963 4466 2021 4506 se
2046 4447 2315 4505 fautorem
2346 4459 2402 4504 et
2433 4445 2773 4503 defensorem
2804 4447 3085 4502 catholica:
3117 4445 3241 4499 tidei
3265 4452 3321 4498 et

101 4539 203 4594 25.
241 4539 342 4611 (ιι.
375 4545 474 4613 m.)
509 4542 559 4597 1.
597 4542 759 4599 Anno
773 4543 1062 4601 dominica:
1097 4548 1491 4605 incarnationis
1513 4548 1637 4617 715,
1667 4529 1716 4589 Ῑ)
1743 4543 1918 4599 sancti
1950 4543 2085 4598 sexti
2111 4542 2326 4599 concilii
2356 4541 2753 4613 predicatorem
2787 4554 2911 4594 esse
2961 4537 3166 4592 docuit.
3200 4535 3322 4602 Quo

33 4631 109 4688 ab
141 4630 299 4688 Urbe
341 4649 472 4688 vero
510 4636 728 4691 condita
764 4637 1060 4693 millesimo
1097 4639 1221 4694 464.
1265 4639 1637 4711 Phylippicus,

30 4722 126 4801 66°
165 4723 264 4756 ¹⁰”
290 4724 414 4778 loco
443 4725 514 4779 ab
552 4727 827 4796 Augusto,
865 4727 1070 4782 invasit
1102 4728 1414 4798 imperium,
1449 4731 1639 4786 occiso

28 4812 382 4880 Justiniano,
432 4816 787 4887 regnavitque
833 4834 978 4874 anno
1021 4835 1132 4874 uno
1172 4833 1226 4875 et
1271 4822 1553 4877 mensibus
1583 4821 1637 4877 6.

27 4905 157 4973 Hic,
187 4908 517 4978 priusquam
542 4910 835 4979 imperaret
858 4911 972 4979 “’9',
989 4912 1462 4982 babuitquendam
1495 4915 1637 4968 ami-

29 5012 163 5050 eum
209 4999 548 5053 monachum
576 4999 872 5066 inclusum,
901 5003 995 5072 qui
1031 5012 1148 5056 erat
1176 5003 1448 5060 hereticus
1475 5015 1530 5060 et
1551 5013 1639 5060 ta-

24 5103 160 5140 men
195 5086 476 5156 previsor,
497 5087 600 5157 qui
629 5087 766 5142 dixit
794 5088 844 5144 ei
876 5109 890 5142 :
932 5088 1224 5159 Imperium
1269 5100 1416 5145 tuum
1443 5101 1542 5146 est.
1574 5093 1646 5148 At

25 5179 128 5236 ille
182 5180 450 5234 turbatus
482 5189 586 5235 est.
627 5181 727 5235 Cui
755 5183 831 5237 ait
861 5182 1107 5238 inclusus
1143 5202 1155 5238 :
1199 5183 1259 5238 Si
1306 5183 1445 5238 Deus
1466 5186 1643 5256 jubet,

23 5284 82 5327 tu
111 5289 300 5344 quare
327 5273 690 5327 conti-adicis?
711 5273 827 5328 Hoc
850 5286 1026 5330 autem
1041 5277 1160 5330 dico
1191 5277 1308 5344 tibi,
1341 5280 1466 5349 quia
1495 5288 1646 5333 sexta

23 5365 281 5435 synodus
308 5363 442 5418 male
472 5374 594 5418 acta
614 5374 710 5420 est.
728 5365 787 5421 Si
815 5384 937 5437 ergo
959 5373 1274 5439 regnaveris,
1307 5372 1442 5424 hanc
1465 5371 1640 5438 abice,

23 5464 70 5508 et
126 5454 408 5525 efﬁcietur
440 5455 722 5525 imperium
771 5465 920 5511 tuum
968 5459 1106 5528 forte
1152 5470 1306 5532 atque
1348 5460 1641 5533 longevum.

1742 4643 2024 4706 regnante,
2059 4635 2282 4706 quidam
2333 4633 2599 4711 adversus
2645 4647 2770 4687 cum
2803 4630 3245 4701 conjuraverunt,
3271 4635 3328 4682 et

1740 4736 1933 4783 contra
1985 4727 2189 4798 regiam
2239 4727 2430 4784 urbem
2477 4742 2603 4783 cum
2653 4724 2894 4780 exercitu
2941 4724 3326 4779 ascenderunt.

1743 4820 1842 4892 (Η.
1872 4819 1968 4890 m.)
2004 4820 2141 4876 Cum
2189 4829 2370 4875 autem
2416 4819 2737 4874 Adramium
2767 4815 3119 4872 adissent'm
3150 4823 3205 4870 et
3231 4830 3324 4869 es—

1740 4921 1865 4968 sent
1893 4912 2013 4967 sine
2042 4912 2240 4981 capite,
2291 4911 2616 4964 invenerunt
2657 4908 2769 4964 illic
2802 4906 3080 4962 hominem
3110 4904 3321 4976 indige-

1739 5019 1889 5070 nam,
1922 5003 2286 5057 Theodosium
2332 5001 2572 5068 nomine,
2604 5001 2828 5056 inertem
2859 5015 2924 5055 ac
2952 4999 3199 5064 idiotam,
3230 4997 3326 5068 qui

1741 5093 2083 5163 publicorum
2131 5093 2460 5145 tributorum
2510 5097 2628 5144 erat
2676 5098 2968 5159 cxceptor,
3019 5096 3076 5142 et
3118 5087 3323 5142 hortati

1740 5195 1870 5239 sunt
1890 5200 2013 5238 eum
2039 5183 2324 5252 imperare.
2349 5182 2418 5234 At
2439 5181 2528 5235 ille
2551 5179 2784 5251 fugiens,
2809 5180 3012 5236 latebat
3034 5179 3087 5233 in
3116 5187 3322 5234 monte.

1743 5276 1917 5343 Quem
1949 5277 2249 5342 inventum,
2289 5283 2349 5328 ut
2395 5273 2778 5342 imperatorem
2827 5272 3084 5327 laudibus
3115 5270 3328 5326 extule—

1739 5377 1888 5435 runt,
1919 5367 1972 5422 vi
2003 5375 2258 5438 cogentes
2285 5380 2431 5420 eum.
2480 5363 2690 5430 Quibus
2716 5362 3042 5419 Anastasius
3073 5361 3326 5433 cognitis,

1740 5461 1960 5518 Niceam
1992 5460 2146 5527 abiit,
2191 5459 2500 5528 ibidemque
2529 5472 2588 5513 se
2618 5457 2868 5512 munivit.
2903 5455 2986 5527 (P.
3019 5455 3083 5510 D.
3113 5471 3188 5522 v1,
3234 5454 3324 5508 56.

1353 5617 1445 5672 VA
1457 5617 1596 5673 ΒΙιΕ
1634 5616 2036 5674 LECTIONES.

94 5724 201 5757 ι⁶⁹¹
228 5740 457 5799 erasum
490 5725 538 5799 1.
597 5726 710 5799 μηδ’
741 5725 853 5799 LX.
887 5726 947 5783 D.
981 5727 1042 5782 Ε.
1071 5730 1151 5783 ita
1193 5739 1249 5783 ut
1278 5730 1520 5799 deinceps
1546 5745 1662 5784 δρας
1690 5732 1844 5784 annis
1872 5748 1904 5784 α
1935 5738 2081 5784 textu
2108 5729 2251 5784 edito
2281 5729 2549 5784 recedant.
2649 5727 2740 5761 ¹⁰⁹³
2767 5725 2944 5784 factus
2972 5733 3119 5783 esset
3154 5738 3327 5793 impe-

23 5804 190 5853 rator
223 5796 290 5850 5.
367 5796 458 5828 ¹⁰⁹⁵
488 5797 544 5852 ιι.
578 5797 634 5853 d.
666 5813 715 5853 c.
753 5797 949 5853 inloco
979 5817 1100 5854 raso
1141 5800 1190 5855 1.
1265 5801 1357 5833 ¹⁰⁹³
1384 5796 1636 5856 Rumium
1665 5802 2038 5859 ascendissent
2065 5801 2162 5855 ib-
2202 5847 2204 5849 ,
2321 5845 2324 5848 .
2417 5844 2422 5847 .
2528 5843 2551 5850 ..
2805 5841 2808 5843 λ
2851 5837 2859 5845 ι
3180 5809 3184 5812 ’
