3880 6308
523 378 626 435 851

1689 370 2085 426 EKKEHARDI
2123 365 2588 430 UliAUClENSlS
3670 385 3752 442 832

527 490 872 547 Theodosius
894 497 1072 545 autem
1101 494 1341 554 secutus,
1368 501 1567 557 magno
1594 487 1780 556 przelio
1806 486 1934 540 vicit
1959 503 2106 552 eum,
2139 528 2180 584 Λ
2213 487 2264 552 7,
2295 487 2487 555 donec,
2518 487 2802 560 agentibus
2833 489 3062 547 lctanias
3111 491 3336 548 crebras
3365 491 3574 549 civibus
3597 507 3756 553 octavo

524 585 764 654 datoque
783 582 884 639 sibi
907 589 1266 646 sacramento,
1283 579 1542 635 clericum
1564 595 1687 634 eum
1710 579 1827 634 fieri
1849 589 1902 634 et
1922 589 2109 650 postea
2139 579 2180 584 ’“
2211 581 2431 635 demum
2460 581 2547 637 die
2574 583 2896 654 regreditur.

527 677 890 748 presbiterum
919 674 1046 730 fecit
1073 673 1334 728 ordinari.

600 770 689 824 27.
726 768 781 822 2.
824 767 990 837 (Chr.
1024 765 1111 820 W.
1140 766 1158 835 )
1191 766 1258 819 A.
1311 764 1373 819 D.
1411 764 1533 820 715.
1565 769 1580 788 ⁶
1615 763 1878 835 Pippinns
1925 763 2111 820 senior

529 861 707 930 major
736 860 932 914 domus
957 857 1120 924 obiit;
1152 869 1250 926 pro
1273 871 1383 926 quo
1404 857 1548 911 filius
1577 856 1697 926 ejus
1729 855 1959 912 Karolus
1982 871 2109 912 suc-

524 953 710 1009 cessit.
734 982 807 993 —-
828 951 1164 1022 Dagobertus
1191 965 1287 1004 rex
1318 948 1658 1005 Francorum
1687 948 1840 1002 obiit.

674 1063 774 1117 ‘D.
818 1061 880 1116 E.
929 1061 1132 1131 addunt
1179 1076 1196 1114 :
1240 1060 1474 1116 Sanctus
1503 1059 1728 1131 Egidius
1757 1090 1828 1131 έ-
1857 1059 2026 1131 claret
2056 1058 2112 1131 in

737 1133 931 1190 Gallia.
977 1147 1042 1185 ea:
1077 1130 1251 1202 Sigeb.
1303 1131 1357 1185 5.
1423 1129 1786 1202 (δὲθῖξθθθ
1809 1129 1986 1202 -ᾼίλ
2021 1130 2108 1184 11.

738 1204 882 1272 infra
923 1211 1037 1272 post
1084 1199 1225 1272 patri
1266 1199 1559 1273 successit)
1595 1201 1846 1255 addunt:
1878 1199 2113 1258 Sanctus

735 1273 961 1345 Egidius
989 1273 1206 1327 claruit.

595 1387 779 1443 Karoli
809 1386 1065 1444 senioris.
1903 1439 1906 1444 .

508 1489 513 1493 “
595 1481 643 1535 1.
681 1481 734 1534 3.
762 1478 828 1533 A.
867 1477 928 1533 Ι).
969 1477 1090 1532 716.
1126 1475 1382 1542 Karolns,
1415 1475 1628 1546 Pippini
1669 1475 1901 1531 senioris
1946 1475 2111 1544 (ilius,

526 1571 582 1626 in
611 1569 1106 1626 amministratione
1131 1568 1283 1639 regni
1309 1567 1450 1638 patri
1472 1567 1755 1631 successit,
1783 1567 1962 1622 adhuc
1987 1568 2113 1637 qui-

527 1664 650 1718 dem
671 1663 892 1734 regibus
922 1661 975 1714 in
999 1660 1226 1715 Francia
1250 1659 1599 1715 manentibus
1621 1659 1716 1714 sed
1743 1675 1912 1730 parva
1936 1659 2115 1730 digni-

530 1763 645 1810 tate
675 1753 1032 1824 regnantibus
1081 1751 1174 1823 (cf.
1205 1751 1380 1807 Hanc.
1431 1751 1602 1806 Frist.
1631 1767 1796 1821 supra
1835 1751 1940 1806 col.
1965 1751 2113 1822 000).

531 1851 595 1904 ln
629 1844 875 1900 Romano
897 1859 1112 1914 quoque
1141 1843 1371 1914 imperio
1401 1844 1544 1914 apud
1585 1841 2116 1913 Constantinopolim

533 1936 712 1991 adhuc
730 1937 1085 2006 imperatores
1110 1945 1286 2002 erant,
1308 1937 1403 1994 sed
1427 1945 1481 1991 et
1501 1935 1605 2006 ipsi
1628 1935 1902 1991 intestinis
1916 1937 2120 2006 pariter

528 2037 584 2083 et
606 2027 928 2084 extrinsecis
947 2027 1100 2084 bellis
1128 2044 1265 2099 pene
1305 2028 1590 2095 adnullati,
1612 2043 1807 2099 parum
1844 2027 2116 2084 valebant.

530 2117 762 2174 Karolus
788 2134 917 2175 vero
947 2135 1175 2190 regnum
1203 2119 1541 2176 Francorum
1571 2119 1993 2176 amministravit
2016 2136 2118 2176 an-

531 2211 617 2266 nis
648 2211 738 2266 27.
769 2211 870 2266 Cui
897 2227 1022 2266 cum
1049 2211 1400 2282 Reginfridus
1444 2212 1669 2282 quidam
1713 2211 2117 2280 adversaretur,

531 2322 866 2378 regnumque
903 2316 1091 2363 tenere
1123 2315 1436 2374 conaretur,
1475 2307 1728 2377 quamvis
1775 2321 1872 2376 per
1918 2307 2120 2364 multas

531 2413 740 2470 pugnas
787 2407 843 2452 et
892 2397 1192 2453 certamina
1220 2439 1236 2464 ,
1291 2398 1414 2454 tulit
1446 2398 1813 2469 principatum
1856 2397 1924 2453 de
1953 2413 2119 2454 manu

531 2490 669 2560 ejus.
704 2489 786 2559 (P.
816 2489 880 2543 D.
911 2506 985 2556 Vl,
1015 2489 1131 2560 42.)
1182 2488 1321 2545 Nam
1365 2505 1492 2546 cum
1541 2498 1816 2546 teneretur
1843 2489 1900 2544 in
1933 2498 2120 2546 custo-

529 2582 639 2648 dia,
691 2581 875 2637 divina
921 2581 1298 2637 misericordia
1347 2591 1683 2654 protegente,
1716 2580 1855 2652 fugit
1890 2582 2035 2649 inde,
2065 2591 2122 2638 et

531 2674 768 2743 primum
797 2682 989 2729 contra
1029 2674 1262 2729 eundem
1297 2673 1674 2746 Reginfridum
1703 2691 1801 2746 per
1829 2683 1942 2731 tres
1971 2675 2120 2732 vices

533 2766 814 2836 pugnavit,
847 2774 1035 2835 postea
1075 2781 1202 2822 cum
1236 2781 1437 2838 magno
1464 2767 1762 2823 certamine
1789 2768 1942 2823 illum
1966 2767 2116 2835 vicit,

531 2857 973 2929 Andegavensem
999 2865 1185 2914 tamen
1214 2859 1488 2916 civitatem
1523 2859 1598 2913 illi
1643 2860 1711 2914 ad
1760 2859 2119 2916 habitandum

531 2949 800 3018 permisit,
834 2949 950 3020 ipse
975 2966 1107 3006 vero
1129 2967 1298 3022 super
1324 2959 1578 3007 cunctam
1619 2951 1959 3007 Francorum
1988 2967 2120 3022 gen-

532 3047 640 3094 tem
692 3039 1058 3111 principatum
1106 3041 1322 3108 tenuit,
1373 3041 1653 3112 multaque
1695 3041 1881 3111 praelia
1925 3048 2118 3096 contra

534 3130 870 3188 Sarracenos
917 3139 972 3188 et
1018 3132 1078 3188 in
1135 3131 1431 3189 Wasconia
1481 3141 1536 3188 et
1579 3133 1636 3188 in
1687 3131 1927 3188 Saxonia
1968 3141 2024 3188 et
2062 3132 2118 3187 in

531 3221 718 3280 Fresia
749 3222 898 3279 fecit.
928 3253 1000 3264 ——-
1027 3223 1298 3281 Ekhertus
1342 3224 1429 3279 vir
1469 3233 1693 3281 sanctus
1721 3225 1788 3281 de
1821 3233 1980 3297 gente
2003 3225 2120 3281 An-

532 3313 748 3384 glorum
779 3313 994 3370 Scottos
1022 3315 1229 3384 pascha
1256 3314 1494 3386 legitime
1519 3315 1794 3370 celebrare
1821 3315 2025 3370 docuit.
2051 3343 2124 3354 —

535 3401 688 3472 (Chr.
720 3401 833 3474 W.)
884 3403 1180 3473 Gregorius
1213 3419 1353 3474 papa
1380 3402 1508 3458 89“
1541 3403 1681 3458 sedit
1705 3401 1866 3458 annis
1898 3403 1985 3469 10,
2016 3403 2123 3458 mi-

535 3495 816 3567 gravitque
845 3495 970 3552 ldus
1000 3495 1158 3551 Febr.
1191 3493 1292 3552 Hic
1321 3502 1574 3552 sanctum
1600 3493 1945 3552 Bonifacium
1970 3494 2123 3552 ordi-

537 3587 689 3642 navit
717 3586 1055 3657 episcopum.
1081 3591 1102 3609 '

684 3701 701 3720 '
724 3697 789 3752 D.
822 3697 886 3753 E.
914 3698 1117 3752 addunt
1143 3713 1163 3753 :
1192 3695 1292 3755 Hic
1319 3699 1604 3754 constituit
1629 3730 1703 3740 —
1727 3707 1907 3755 antea.
1937 3709 1988 3754 et
2019 3699 2124 3755 Pe-

755 3778 952 3893 ιη)ςίιῖ
996 3785 1218 3840 quoque
1264 3770 1401 3826 civis
1449 3801 1522 3812 -—
1567 3769 1766 3827 fuerat.
1817 3787 1882 3826 ex
1941 3770 2122 3843 Sigeb.

755 3857 806 3893 α.
951 3880 965 3893 .

754 3857 806 3893 a.
850 3857 965 3893 H4.

823 3951 1098 4010 Theodos.

608 4044 664 4098 2.
719 4043 768 4098 1.
821 4043 980 4099 Anno
1031 4042 1320 4100 dominica:
1368 4043 1765 4101 incarnationis
1799 4042 1924 4112 717,
1965 4043 2128 4102 Urbis

539 4150 668 4190 vero
697 4135 927 4190 conditae
956 4134 1247 4190 millesimo
1277 4135 1402 4191 468.
1435 4135 1777 4192 Theodosius
1803 4151 1835 4190 a
1861 4135 2128 4191 militibus

539 4229 766 4295 electus,
796 4229 887 4284 68°
921 4229 1044 4285 loco
1071 4230 1140 4285 ab
1185 4230 1458 4301 Augusto,
1489 4230 1783 4300 imperium
1816 4228 2127 4285 Romanum

541 4322 770 4392 accepit,
799 4331 853 4376 et
880 4337 1027 4376 anno
1057 4336 1169 4376 uno
1200 4321 1466 4392 regnavit.
1511 4320 1610 4393 (Η.
1636 4320 1734 4390 m.)
1767 4319 1878 4375 Leo
1905 4320 2126 4391 quippe,

539 4414 635 4486 qui
663 4422 783 4469 erat
815 4422 996 4484 pretor
1025 4413 1375 4469 orientalium
1400 4453 1417 4481 ,
1468 4413 1730 4484 quoniam
1762 4412 2129 4467 auxiliabatur

542 4507 798 4561 Anastasi
825 4531 855 4572 ι,
887 4514 1104 4562 nonest
1133 4505 1414 4576 subjectus
1465 4504 1794 4560 Theodosio.
1849 4501 2002 4558 Unde
2035 4519 2128 4558 ve-

540 4598 698 4654 niens
745 4597 1118 4653 Nicomediam
1146 4639 1162 4666 ,
1212 4597 1568 4668 apprehendit
1612 4597 1784 4652 tilium
1831 4595 2125 4651 Theodosii

539 4706 665 4746 cum
701 4691 1143 4762 omni'apparatn
1173 4691 1324 4761 regio
1353 4698 1408 4746 et
1440 4691 1632 4762 primis
1661 4690 1794 4745 viris
1835 4689 2043 4760 palatii,
2073 4699 2128 4746 et

539 4785 688 4846 venit
715 4783 1117 4855 Chrysopolim.
1149 4781 1304 4850 Quod
1334 4782 1564 4838 audiens
1593 4780 1957 4847 Theodosius,
1988 4796 2124 4836 con-

539 4874 664 4930 silio
691 4890 724 4930 a
754 4872 1028 4929 Germano
1058 4871 1368 4943 patriarcha
1399 4879 1454 4926 et
1484 4880 1677 4927 senatu
1727 4878 2004 4940 percepto,
2030 4883 2127 4939 per

539 4968 775 5024 eundem
799 4965 1164 5038 patriarcham
1197 4965 1406 5035 accepit
1433 4979 1464 5020 a
1510 4962 1692 5018 Leone
1717 4960 2128 5032 indempnitatis

541 5061 767 5115 verbum
792 5068 846 5116 et
873 5059 1135 5115 aacclesize
1163 5059 1282 5114 sine
1311 5056 1719 5128 perturbatione
1746 5055 2046 5121 servandae,
2074 5063 2129 5110 et

540 5152 621 5207 sic
645 5151 695 5206 ci
722 5151 1071 5208 committunt
1115 5151 1426 5221 imperium,
1461 5150 1577 5219 ipse
1620 5162 1751 5203 vero
1783 5146 2129 5203 Theodosius

541 5259 651 5297 una
678 5258 805 5298 cum
829 5242 940 5298 filio
966 5258 1066 5298 suo
1087 5241 1317 5298 clericus
1341 5239 1540 5310 factus,
1563 5239 1842 5296 residuum
1869 5238 1992 5294 vitae
2014 5254 2130 5294 suae

541 5340 758 5402 tempus
804 5333 1068 5403 transegit
1118 5332 1173 5387 in
1223 5347 1374 5402 pace.
1406 5364 1477 5372 —
1506 5330 1655 5403 (Chr.
1695 5330 1807 5400 W.)
1837 5329 1952 5386 lloc
1981 5343 2128 5385 anno

540 5422 770 5496 Tyheris
803 5425 1014 5480 alveum
1045 5440 1206 5480 suum
1258 5440 1534 5494 egressus,
1575 5425 1744 5478 multa
1781 5423 1965 5478 Romae
1996 5421 2130 5478 sub-

545 5517 708 5571 vertit
733 5515 984 5584 aedilicia,
1017 5517 1090 5570 ita
1122 5525 1184 5571 ut
1211 5517 1264 5570 in
1299 5515 1396 5570 Via
1427 5516 1557 5570 Lata
1587 5517 1654 5570 ad
1683 5532 1849 5570 unam
1878 5524 1931 5571 et
1960 5515 2127 5570 semis

543 5617 812 5663 staturam
840 5615 1199 5662 excresceret.
1233 5605 1447 5678 (Βεω.)
1498 5604 1698 5662 Mansit
1725 5618 1906 5661 autem
1935 5605 2130 5659 diebus

2159 4551 2206 4614 D

2496 672 2714 730 Leonis.

2283 766 2337 820 5.
2391 765 2442 820 1.
2493 764 2652 821 Αιιηο
2697 765 2986 823 dominica:
3032 766 3434 824 incarnationis
3463 758 3584 835 7l8,
3631 767 3764 825 Urbis

2214 865 2395 911 autem
2423 856 2656 912 condita:
2682 857 2974 913 millesimo
2999 858 3125 912 469.
3180 857 3315 925 Leo,
3346 868 3534 928 pretor
3561 861 3761 914 orienta-

2213 946 2368 1014 lium,
2400 962 2598 1018 genere
2625 947 2815 1020 Syrus,
2846 948 2938 1003 69°
2965 949 3086 1005 loco
3113 949 3183 1004 ab
3210 949 3486 1021 Augusto,
3527 949 3765 1007 Romano-

2214 1054 2337 1092 rum
2366 1038 2682 1108 provehitur
2709 1039 2765 1094 in
2798 1040 3108 1110 imperium,
3138 1041 3498 1110 regnavitqne
3525 1043 3677 1096 annis
3695 1043 3765 1097 21.

2215 1127 2313 1200 (Η.
2344 1127 2440 1200 m.)
2497 1127 2595 1185 llic
2625 1145 2656 1183 a
2683 1127 3012 1196 Justiniano,
3043 1146 3168 1185 cum
3197 1131 3353 1200 prius
3383 1142 3651 1202 regnaret,
3677 1135 3768 1186 exi-

2213 1222 2377 1278 liatus
2403 1231 2488 1277 est
2515 1223 2568 1277 in
2597 1221 3008 1278 Messembriam
3037 1223 3266 1278 Thraca:
3313 1225 3577 1294 regionis,
3617 1236 3769 1294 poste-

2213 1315 2359 1372 riore
2387 1331 2516 1370 vero
2547 1323 2809 1386 tempore,
2841 1333 2964 1372 cum
2996 1317 3237 1372 secundo
3268 1328 3551 1389 regnaret,
3583 1319 3772 1372 veniens

2213 1408 2265 1464 ei
2292 1408 2508 1463 obviam
2538 1424 2647 1463 una
2696 1424 2822 1464 cum
2851 1408 3198 1480 Bulgaribus,
3226 1410 3428 1464 obtulit
3479 1409 3530 1463 ei
3559 1426 3770 1476 munera,

2215 1515 2346 1556 oves
2393 1501 2601 1557 scilicet
2647 1501 3013 1572 quingentas,
3065 1503 3430 1573 placatusque
3463 1501 3774 1557 Justinianus

2217 1591 2343 1649 fecit
2370 1595 2521 1648 illum
2551 1594 2876 1664 spatarium,
2904 1603 2958 1649 et
2986 1594 3175 1649 habuit
3225 1595 3377 1649 hunc
3427 1595 3574 1650 sicut
3601 1611 3773 1665 germa-

2216 1702 2349 1742 num
2378 1687 2635 1741 amicum.
2686 1684 2842 1742 Unde
2891 1685 3115 1766 quidam
3145 1687 3347 1741 invidia
3378 1686 3534 1741 ducti
3562 1688 3773 1741 detraxe-

2218 1787 2348 1834 runt
2391 1779 2443 1833 ei
2494 1787 2756 1848 tanquam
2803 1778 3092 1848 imperium
3140 1777 3461 1848 appetenti,
3505 1778 3599 1832 sed
3626 1777 3773 1830 habita

2158 1868 2548 1942 Bquestione,
2601 1870 2805 1926 inventi
2853 1878 2980 1926 sunt
3040 1869 3184 1924 falsi.
3231 1868 3586 1924 Justinianus
3633 1879 3775 1922 tamen

2221 1971 2411 2033 postea
2441 1963 2592 2018 illum
2623 1971 2934 2032 suspectum
2966 1962 3196 2027 habens,
3220 1962 3316 2017 sed
3345 1959 3642 2016 manifeste
3667 1961 3774 2014 hunc

2221 2055 2402 2112 ledere
2430 2057 2643 2123 nolens,
2674 2056 2826 2111 misit
2851 2071 2977 2111 eum
3006 2071 3132 2111 cum
3162 2055 3416 2126 pecuniis
3455 2055 3516 2108 in
3544 2053 3774 2114 Alaniam,

2221 2149 2289 2204 ad
2317 2149 2740 2204 commovendos
2767 2146 2971 2203 Alanos
2994 2157 3183 2202 contra
3209 2145 3534 2218 Abasgiam.
3567 2145 3667 2201 Ubi
3684 2162 3776 2200 cum

2221 2247 2391 2302 multa
2413 2248 2464 2301 ei
2487 2246 2714 2302 feliciter
2733 2243 3102 2314 provenirent,
3125 2240 3439 2296 Justiniano
3465 2239 3775 2306 interempto,

2220 2350 2274 2398 et
2300 2340 2618 2412 Phylippico
2645 2339 2770 2394 visu
2798 2337 3084 2393 oculorum
3113 2335 3306 2390 orbato
3333 2375 3348 2399 ,
3388 2348 3519 2388 cum
3553 2332 3775 2401 imperas-

2222 2442 2305 2489 set
2331 2432 2658 2488 Anastasius
2681 2473 2696 2498 ,
2749 2429 2998 2500 provexit
3023 2444 3150 2484 eum
3180 2429 3234 2482 in
3265 2435 3549 2496 pretoncm
3579 2425 3774 2479 orienta-

2222 2525 2378 2580 lium.
2413 2522 2651 2593 Depulso
2681 2530 2861 2576 autem
2919 2519 3210 2575 Anastasio
3239 2534 3270 2572 a
3300 2516 3642 2581 Theodosio,
3667 2515 3774 2585 ipse

2221 2628 2329 2683 que
2357 2621 2638 2683 regnante,
2670 2610 2780 2665 Leo
2810 2619 2866 2665 et
2914 2609 3063 2664 hunc
3100 2607 3328 2678 expulit,
3363 2607 3595 2676 ipseque
3621 2619 3776 2673 regna-

2220 2704 2318 2770 vit,
2349 2703 2444 2758 sed
2494 2703 2548 2756 in
2600 2701 2929 2756 christianos
2969 2709 3026 2754 et
3072 2697 3347 2754 aecclesias
3376 2695 3476 2751 Dei
3507 2711 3573 2750 ac
3601 2694 3774 2762 religio-

2221 2811 2347 2852 nem
2377 2803 2626 2850 sanctam
2656 2793 2860 2863 impius
2901 2791 3022 2846 fuit.
3077 2790 3160 2862 (P.
3194 2789 3257 2843 Ι).
3289 2805 3368 2854 vr,
3399 2787 3522 2856 49.)
3569 2785 3778 2840 Primum

2220 2888 2422 2957 quippe
2449 2885 2717 2957 precepit‘
2750 2885 2806 2939 in
2833 2882 3304 2952 Constantinopoli
3330 2924 3346 2948 ,
3395 2893 3458 2935 nt
3488 2880 3782 2949 quicumque

2223 2980 2487 3036 haberent
2534 2979 2804 3050 imagines
2851 2977 3058 3034 domini
3109 2974 3411 3031 Salvatoris
3465 2990 3571 3029 seu
3621 2981 3779 3027 sancta

2223 3072 2501 3145 genitricis
2530 3071 2650 3142 ejus
2695 3070 2783 3125 vel
2829 3070 3064 3124 aliorum
3104 3075 3448 3131 sanctorum,
3485 3066 3593 3120 sibi
3621 3080 3701 3119 eas
3722 3061 3773 3116 al-

2222 3163 2446 3228 ferrent,
2477 3177 2615 3232 quas
2644 3160 2734 3216 ille
2762 3161 2818 3215 in
2847 3160 3028 3214 medio
3057 3158 3294 3213 civitatis
3323 3155 3627 3211 incendere
3651 3153 3780 3212 fecit;

2223 3264 2278 3312 et
2307 3256 2436 3327 quia
2464 3253 2619 3309 multi
2649 3253 2718 3309 de
2745 3252 2947 3323 populo
2987 3251 3115 3306 huic
3146 3248 3413 3320 impietati
3445 3263 3565 3302 non
3595 3261 3781 3302 consen-

2225 3355 2436 3412 serunt,
2461 3344 2712 3401 decollati
2737 3352 2893 3410 sunt;
2925 3341 3234 3398 Germanus
3261 3354 3492 3410 quoque
3515 3335 3782 3408 paniardn

2223 3439 2292 3496 de
2318 3439 2446 3496 sede
2473 3454 2572 3493 sua
2601 3445 2686 3493 est
2713 3435 2976 3506 dejectus,
3007 3443 3061 3490 et
3105 3432 3438 3488 Anastasius
3470 3431 3724 3502 presbiter
3744 3428 3784 3480 in

2224 3533 2348 3588 loco
2375 3532 2496 3602 ejus
2524 3529 2879 3586 constitutus.
2921 3527 3068 3583 Misit
3095 3535 3150 3582 et
3177 3525 3246 3580 ad
3276 3541 3481 3596 papam
3513 3523 3783 3579 Romanum

2225 3623 2572 3696 Gregorium,
2603 3631 2662 3677 ut
2689 3620 2941 3676 similiter
2970 3618 3204 3686 faceret;
3235 3618 3327 3673 ille
3347 3633 3484 3672 vero
3508 3617 3696 3680 noluit,
3716 3612 3786 3669 sed

2225 3715 2409 3770 omnia
2433 3713 2636 3768 tributa
2666 3711 2927 3766 Romanae
2957 3710 3106 3765 urbis
3133 3718 3187 3765 et
3213 3708 3385 3763 Italia).
3411 3709 3526 3764 sibi
3555 3707 3667 3763 dari
3691 3719 3789 3775 pro-

2226 3807 2424 3862 hibuit.
2459 3803 2556 3859 (H.
2589 3805 2686 3874 m.)
2735 3801 2836 3858 Cui
2866 3818 3014 3858 anno
3042 3801 3259 3872 imperii
3312 3800 3402 3856 sui
3458 3802 3635 3856 tercio
3660 3808 3788 3852 atas

2225 3908 2309 3954 est
2337 3897 2481 3953 ﬁlius
2509 3897 2577 3951 de
2606 3895 2777 3949 Maria
2827 3909 2997 3948 uxore
3047 3909 3168 3960 sua,
3200 3909 3368 3964 quem
3395 3891 3789 3948 Constantinum

2225 3990 2461 4056 vocavit,
2494 3989 2590 4059 qui
2618 3987 2793 4059 magis
2821 3986 2915 4040 illo
2940 3983 3144 4056 impius
3171 3993 3225 4040 et
3253 3984 3576 4039 antichristi
3605 3997 3790 4054 procur-

2228 4096 2322 4137 sor
2349 4080 2547 4146 extitit,
2570 4078 2659 4134 cui
2688 4087 2876 4149 postea
2897 4077 3066 4132 filiam
3094 4075 3350 4140 Chaiani,
3381 4074 3707 4146 Scytharum
3727 4087 3788 4126 ne-

2227 4174 2330 4245 gis,
2363 4171 2609 4237 sociavit,
2640 4187 2872 4242 eamque
2900 4169 3256 4225 Christianam
3303 4167 3544 4233 faciens,
3577 4165 3789 4238 Βῂῑδηει

2228 4265 2550 4321 nominavit.
2581 4263 2714 4330 Quae
2739 4279 2866 4318 cum
2897 4277 3086 4318 sacras
3130 4261 3346 4316 litteras
3373 4259 3680 4320 didicisset,
3706 4257 3789 4326 pic

2229 4358 2327 4413 tati
2375 4373 2599 4429 operam
2633 4355 2822 4417 dedit,
2871 4363 2926 4410 et
2969 4355 3070 4410 bos
3119 4368 3250 4424 sepe
3296 4352 3607 4422 impietatis
3640 4349 3788 4404 redux-

2229 4451 2366 4522 gnit.

2374 4567 2393 4588 ‘
2421 4561 2466 4617 A
2495 4556 3391 4632 quodamiqnippeiBeserrefuga
3408 4558 3544 4632 fidei
3576 4555 3791 4612 seductus

2447 4628 2704 4704 precepit.
2735 4628 2803 4687 Ι).
2831 4628 2998 4701 ΕΪοῙ.
3031 4628 3206 4700 Sigeb.
3241 4647 3295 4683 α.
3331 4628 3460 4683 725.

2307 4747 2360 4802 5.
2392 4746 2445 4801 5.
2477 4745 2544 4799 Α.
2576 4743 2639 4798 D.
2675 4742 2833 4798 720.‘
2867 4743 2924 4798 ’1

2378 4861 2467 4932 ’1)
2493 4857 2606 4932 1ο.
2651 4859 2736 4913 11.
2793 4857 3050 4932 addunt;
3078 4855 3318 4912 Sanctus
3351 4853 3621 4912 Otmarns
3652 4853 3793 4907 abbas

2447 4927 2697 4987 efﬁcitur.
2726 4945 2790 4983 ea:
2816 4927 3103 4983 Bernoldo.

2377 5047 2397 5068 ‘
2614 5041 2816 5095 addunt
2839 5056 2858 5094 :
2880 5039 3280 5096 Constantinus
3301 5068 3374 5077 -—
3395 5037 3728 5093 scandalum.
3745 5047 3794 5083 α

2491 5130 2570 5169 tae
2608 5153 2623 5167 .

2491 5130 2623 5184 igeo.

2304 5229 2357 5285 6.
2385 5229 2439 5284 4.
2492 5227 2575 5301 (Ρ.
2609 5227 2672 5283 D.
2701 5244 2778 5294 vt,
2800 5225 2916 5298 47.)
2969 5226 3034 5281 Α.
3074 5225 3138 5281 D.
3173 5225 3297 5279 721.
3357 5221 3651 5279 Sarraccni
3675 5218 3788 5274 Coa-

2234 5322 2644 5394 stantinopolim
2678 5321 2968 5387 obsident,
3019 5328 3074 5376 et
3123 5335 3221 5389 per
3268 5317 3572 5373 triennium
3606 5315 3675 5368 ibi
3704 5325 3787 5366 me

2233 5423 2440 5482 rantes,
2469 5414 2778 5484 multasque
2810 5409 3122 5482 provincias
3149 5409 3495 5464 dcvastantes
3519 5448 3538 5473 ,
3586 5403 3793 5459 tandem

2234 5506 2435 5580 populo
2483 5507 2550 5561 ad
2601 5505 2774 5560 Deum
2803 5505 3094 5569 clamante,
3134 5499 3277 5556 fame
3302 5510 3566 5570 pesthue
3613 5491 3790 5564 depulsi

2237 5609 2386 5666 sunt,
2419 5599 2684 5670 multique
2714 5597 2914 5669 frigore
2967 5603 3021 5651 et
3049 5593 3198 5650 ferro
3227 5591 3627 5664 naufragioqne
3652 5586 3788 5658 perit-

1847 5700 2081 5759 V'Alil/E
2117 5695 2514 5755 LECTIONES.

621 5793 710 5823 “9°
736 5793 790 5847 in
814 5793 897 5849 9“.
929 5794 1071 5847 haud
1099 5794 1356 5864 lrgtmtur.
