  <div class='ocr_page' id='page_1' title='image "/cluster/home/n/w/nwhite01/storage/ocr_20150623/154/hvd.32044015473820/422.png"; bbox 0 0 3880 6308; ppageno 0'>
   <div class='ocr_carea' id='block_1_1' title="bbox 76 262 159 318">
    <p class='ocr_par' dir='ltr' id='par_1_1' title="bbox 76 262 159 318">
     <span class='ocr_line' id='line_1_1' title="bbox 76 262 159 318; baseline 0 0"><span class='ocrx_word' id='word_1_1' title='bbox 76 262 159 318; x_wconf 78' lang='lat'><strong>853</strong></span> 
     </span>
    </p>
   </div>
   <div class='ocr_carea' id='block_1_2' title="bbox 972 254 2368 326">
    <p class='ocr_par' dir='ltr' id='par_1_2' title="bbox 972 254 2368 326">
     <span class='ocr_line' id='line_1_2' title="bbox 972 254 2368 326; baseline 0.006 -14"><span class='ocrx_word' id='word_1_2' title='bbox 972 254 1338 326; x_wconf 78' lang='lat' dir='ltr'><strong>CIIRONICA.</strong></span> <span class='ocrx_word' id='word_1_3' title='bbox 1377 286 1448 294; x_wconf 92' lang='lat'><em>—</em></span> <span class='ocrx_word' id='word_1_4' title='bbox 1481 254 1876 314; x_wconf 81' lang='lat' dir='ltr'><strong>CIIRONICON</strong></span> <span class='ocrx_word' id='word_1_5' title='bbox 1911 259 2368 320; x_wconf 79' lang='lat' dir='ltr'><strong>UNIVERSALE.</strong></span> 
     </span>
    </p>
   </div>
   <div class='ocr_carea' id='block_1_3' title="bbox 3211 270 3319 327">
    <p class='ocr_par' dir='ltr' id='par_1_3' title="bbox 3211 270 3319 327">
     <span class='ocr_line' id='line_1_3' title="bbox 3211 270 3319 327; baseline 0 0"><span class='ocrx_word' id='word_1_6' title='bbox 3211 270 3319 327; x_wconf 66' lang='grc'><strong>854</strong></span> 
     </span>
    </p>
   </div>
   <div class='ocr_carea' id='block_1_4' title="bbox 76 370 1638 448">
    <p class='ocr_par' dir='ltr' id='par_1_4' title="bbox 76 370 1632 443">
     <span class='ocr_line' id='line_1_4' title="bbox 76 370 1632 443; baseline -0.006 -8"><span class='ocrx_word' id='word_1_7' title='bbox 76 384 196 435; x_wconf 87' lang='lat' dir='ltr'><strong>runt.</strong></span> <span class='ocrx_word' id='word_1_8' title='bbox 246 370 621 428; x_wconf 76' lang='lat' dir='ltr'><strong>Theodericus</strong></span> <span class='ocrx_word' id='word_1_9' title='bbox 672 370 921 443; x_wconf 76' lang='lat' dir='ltr'><strong>regnavit</strong></span> <span class='ocrx_word' id='word_1_10' title='bbox 969 372 1024 426; x_wconf 90' lang='lat' dir='ltr'><strong>in</strong></span> <span class='ocrx_word' id='word_1_11' title='bbox 1071 371 1304 428; x_wconf 80' lang='lat' dir='ltr'><strong>Francia</strong></span> <span class='ocrx_word' id='word_1_12' title='bbox 1354 371 1517 426; x_wconf 90' lang='lat' dir='ltr'><strong>annis</strong></span> <span class='ocrx_word' id='word_1_13' title='bbox 1566 371 1632 426; x_wconf 84' lang='grc'><strong>16</strong></span> 
     </span>
    </p>
   </div>
   <div class='ocr_carea' id='block_1_5' title="bbox 1748 370 3320 448">
    <p class='ocr_par' dir='ltr' id='par_1_5' title="bbox 1796 374 3320 448">
     <span class='ocr_line' id='line_1_5' title="bbox 1796 374 3320 448; baseline 0.007 -20"><span class='ocrx_word' id='word_1_14' title='bbox 1796 374 1888 430; x_wconf 67' lang='grc'><strong>24.</strong></span> <span class='ocrx_word' id='word_1_15' title='bbox 1916 375 2007 430; x_wconf 88' lang='grc'><strong>22.</strong></span> <span class='ocrx_word' id='word_1_16' title='bbox 2047 376 2132 448; x_wconf 86' lang='grc' dir='ltr'><strong>(Ρ.</strong></span> <span class='ocrx_word' id='word_1_17' title='bbox 2167 377 2230 431; x_wconf 92' lang='lat' dir='ltr'><strong>D.</strong></span> <span class='ocrx_word' id='word_1_18' title='bbox 2261 393 2336 444; x_wconf 80' lang='lat' dir='ltr'><strong>vr,</strong></span> <span class='ocrx_word' id='word_1_19' title='bbox 2370 375 2486 448; x_wconf 71' lang='lat'><strong>54.)</strong></span> <span class='ocrx_word' id='word_1_20' title='bbox 2513 377 2578 432; x_wconf 87' lang='lat' dir='ltr'><strong>A.</strong></span> <span class='ocrx_word' id='word_1_21' title='bbox 2611 375 2676 433; x_wconf 92' lang='lat' dir='ltr'><strong>D.</strong></span> <span class='ocrx_word' id='word_1_22' title='bbox 2710 377 2832 434; x_wconf 85' lang='grc'>759.</span> <span class='ocrx_word' id='word_1_23' title='bbox 2869 378 3156 436; x_wconf 90' lang='lat' dir='ltr'><strong>Sarraceni</strong></span> <span class='ocrx_word' id='word_1_24' title='bbox 3183 381 3320 439; x_wconf 86' lang='lat' dir='ltr'><strong>Gal-</strong></span> 
     </span>
    </p>
   </div>
   <div class='ocr_carea' id='block_1_6' title="bbox 95 464 425 524">
    <p class='ocr_par' dir='ltr' id='par_1_6' title="bbox 95 464 425 524">
     <span class='ocr_line' id='line_1_6' title="bbox 95 464 425 524; baseline -0.015 0"><span class='ocrx_word' id='word_1_25' title='bbox 95 464 152 524; x_wconf 75' lang='lat' dir='ltr'><strong>ef.</strong></span> <span class='ocrx_word' id='word_1_26' title='bbox 183 467 241 522; x_wconf 69' lang='grc' dir='ltr'><strong>(ἰ.</strong></span> <span class='ocrx_word' id='word_1_27' title='bbox 276 465 425 524; x_wconf 78' lang='lat' dir='ltr'><strong>Fr.).</strong></span> 
     </span>
    </p>
   </div>
   <div class='ocr_carea' id='block_1_7' title="bbox 77 465 1631 632">
    <p class='ocr_par' dir='ltr' id='par_1_7' title="bbox 77 465 1631 632">
     <span class='ocr_line' id='line_1_7' title="bbox 113 467 425 524; baseline -0.01 -2"><span class='ocrx_word' id='word_1_28' title='bbox 113 517 116 522; x_wconf 40' lang='grc' dir='ltr'>λ</span> <span class='ocrx_word' id='word_1_29' title='bbox 141 513 152 524; x_wconf 92' lang='grc'><strong>.</strong></span> <span class='ocrx_word' id='word_1_30' title='bbox 205 467 241 521; x_wconf 67' lang='grc' dir='ltr'><strong>ἒ.</strong></span> <span class='ocrx_word' id='word_1_31' title='bbox 331 484 375 520; x_wconf 90' lang='lat' dir='ltr'><strong>r.</strong></span> <span class='ocrx_word' id='word_1_32' title='bbox 412 507 425 519; x_wconf 93' lang='lat'><strong>.</strong></span> 
     </span>
     <span class='ocr_line' id='line_1_8' title="bbox 77 465 1631 632; baseline -0.003 -17"><span class='ocrx_word' id='word_1_33' title='bbox 77 469 250 616; x_wconf 40' lang='lat'><strong>(“8.2.</strong></span> <span class='ocrx_word' id='word_1_34' title='bbox 461 574 534 624; x_wconf 78' lang='lat' dir='ltr'><strong>vr,</strong></span> <span class='ocrx_word' id='word_1_35' title='bbox 555 556 670 624; x_wconf 71' lang='grc'><strong>48.)</strong></span> <span class='ocrx_word' id='word_1_36' title='bbox 695 556 778 629; x_wconf 93' lang='lat' dir='ltr'><strong>(S.</strong></span> <span class='ocrx_word' id='word_1_37' title='bbox 810 556 1000 629; x_wconf 57' lang='lat' dir='ltr'><strong>Bson.)</strong></span> <span class='ocrx_word' id='word_1_38' title='bbox 1022 557 1086 612; x_wconf 74' lang='grc' dir='ltr'><strong>Α.</strong></span> <span class='ocrx_word' id='word_1_39' title='bbox 1108 556 1171 612; x_wconf 90' lang='lat' dir='ltr'><strong>D.</strong></span> <span class='ocrx_word' id='word_1_40' title='bbox 1189 556 1313 612; x_wconf 85' lang='lat'><strong>723.</strong></span> <span class='ocrx_word' id='word_1_41' title='bbox 1335 555 1631 628; x_wconf 89' lang='lat' dir='ltr'><strong>Luitpran-</strong></span> 
     </span>
    </p>
   </div>
   <div class='ocr_carea' id='block_1_8' title="bbox 73 647 1630 723">
    <p class='ocr_par' dir='ltr' id='par_1_8' title="bbox 73 647 1630 723">
     <span class='ocr_line' id='line_1_9' title="bbox 73 647 1630 723; baseline -0.006 -11"><span class='ocrx_word' id='word_1_42' title='bbox 73 655 266 720; x_wconf 68' lang='lat' dir='ltr'><strong>dus‘m,</strong></span> <span class='ocrx_word' id='word_1_43' title='bbox 280 670 377 708; x_wconf 77' lang='lat' dir='ltr'><strong>rex</strong></span> <span class='ocrx_word' id='word_1_44' title='bbox 390 651 896 723; x_wconf 85' lang='lat' dir='ltr'><strong>Longobardorum,</strong></span> <span class='ocrx_word' id='word_1_45' title='bbox 924 651 1151 707; x_wconf 90' lang='lat' dir='ltr'><strong>audiens</strong></span> <span class='ocrx_word' id='word_1_46' title='bbox 1161 651 1307 721; x_wconf 92' lang='lat' dir='ltr'><strong>quod</strong></span> <span class='ocrx_word' id='word_1_47' title='bbox 1321 647 1630 717; x_wconf 89' lang='lat' dir='ltr'><strong>Sarraceni,</strong></span> 
     </span>
    </p>
   </div>
   <div class='ocr_carea' id='block_1_9' title="bbox 72 741 1634 819">
    <p class='ocr_par' dir='ltr' id='par_1_9' title="bbox 72 741 1634 819">
     <span class='ocr_line' id='line_1_10' title="bbox 72 741 1634 819; baseline -0.005 -15"><span class='ocrx_word' id='word_1_48' title='bbox 72 747 371 819; x_wconf 85' lang='lat' dir='ltr'><strong>depopulata</strong></span> <span class='ocrx_word' id='word_1_49' title='bbox 419 744 694 810; x_wconf 83' lang='lat' dir='ltr'><strong>Sardinia,</strong></span> <span class='ocrx_word' id='word_1_50' title='bbox 743 743 908 799; x_wconf 89' lang='lat' dir='ltr'><strong>etiam</strong></span> <span class='ocrx_word' id='word_1_51' title='bbox 938 743 1029 798; x_wconf 90' lang='lat' dir='ltr'><strong>illa</strong></span> <span class='ocrx_word' id='word_1_52' title='bbox 1056 742 1175 798; x_wconf 90' lang='lat' dir='ltr'><strong>loca</strong></span> <span class='ocrx_word' id='word_1_53' title='bbox 1204 741 1500 809; x_wconf 79' lang='lat' dir='ltr'><strong>fedassent,</strong></span> <span class='ocrx_word' id='word_1_54' title='bbox 1539 742 1634 798; x_wconf 86' lang='lat' dir='ltr'><strong>ubi</strong></span> 
     </span>
    </p>
   </div>
   <div class='ocr_carea' id='block_1_10' title="bbox 73 837 1633 912">
    <p class='ocr_par' dir='ltr' id='par_1_10' title="bbox 73 837 1633 912">
     <span class='ocr_line' id='line_1_11' title="bbox 73 837 1633 912; baseline -0.003 -16"><span class='ocrx_word' id='word_1_55' title='bbox 73 840 338 912; x_wconf 82' lang='lat' dir='ltr'><strong>aliquando</strong></span> <span class='ocrx_word' id='word_1_56' title='bbox 366 849 590 911; x_wconf 79' lang='lat' dir='ltr'><strong>propter</strong></span> <span class='ocrx_word' id='word_1_57' title='bbox 617 838 1047 894; x_wconf 87' lang='lat' dir='ltr'><strong>devastationem</strong></span> <span class='ocrx_word' id='word_1_58' title='bbox 1095 837 1456 908; x_wconf 87' lang='lat' dir='ltr'><strong>barbarorum</strong></span> <span class='ocrx_word' id='word_1_59' title='bbox 1506 851 1633 892; x_wconf 89' lang='lat' dir='ltr'><strong>ossa</strong></span> 
     </span>
    </p>
   </div>
   <div class='ocr_carea' id='block_1_11' title="bbox 71 925 1632 1002">
    <p class='ocr_par' dir='ltr' id='par_1_11' title="bbox 71 925 1632 1002">
     <span class='ocr_line' id='line_1_12' title="bbox 71 925 1632 1002; baseline -0.004 -16"><span class='ocrx_word' id='word_1_60' title='bbox 71 933 192 986; x_wconf 81' lang='lat' dir='ltr'><strong>beati</strong></span> <span class='ocrx_word' id='word_1_61' title='bbox 220 929 508 1002; x_wconf 75' lang='lat' dir='ltr'><strong>Augustini</strong></span> <span class='ocrx_word' id='word_1_62' title='bbox 535 928 805 984; x_wconf 88' lang='lat' dir='ltr'><strong>translata</strong></span> <span class='ocrx_word' id='word_1_63' title='bbox 854 925 1089 994; x_wconf 77' lang='lat' dir='ltr'><strong>fuerant,</strong></span> <span class='ocrx_word' id='word_1_64' title='bbox 1121 926 1271 981; x_wconf 80' lang='lat' dir='ltr'><strong>misit</strong></span> <span class='ocrx_word' id='word_1_65' title='bbox 1301 933 1354 980; x_wconf 90' lang='lat' dir='ltr'><strong>et</strong></span> <span class='ocrx_word' id='word_1_66' title='bbox 1382 940 1479 995; x_wconf 91' lang='lat' dir='ltr'><strong>per</strong></span> <span class='ocrx_word' id='word_1_67' title='bbox 1506 940 1632 995; x_wconf 89' lang='lat' dir='ltr'><strong>prc—</strong></span> 
     </span>
    </p>
   </div>
   <div class='ocr_carea' id='block_1_12' title="bbox 70 1019 1633 1091">
    <p class='ocr_par' dir='ltr' id='par_1_12' title="bbox 70 1019 1633 1091">
     <span class='ocr_line' id='line_1_13' title="bbox 70 1019 1633 1091; baseline -0.004 -10"><span class='ocrx_word' id='word_1_68' title='bbox 70 1028 194 1081; x_wconf 79' lang='lat' dir='ltr'><strong>rium</strong></span> <span class='ocrx_word' id='word_1_69' title='bbox 220 1024 447 1080; x_wconf 78' lang='lat' dir='ltr'><strong>adduxit</strong></span> <span class='ocrx_word' id='word_1_70' title='bbox 477 1038 542 1078; x_wconf 91' lang='lat' dir='ltr'><strong>ea</strong></span> <span class='ocrx_word' id='word_1_71' title='bbox 571 1022 846 1087; x_wconf 88' lang='lat' dir='ltr'><strong>Ticinum,</strong></span> <span class='ocrx_word' id='word_1_72' title='bbox 877 1020 1080 1091; x_wconf 89' lang='lat' dir='ltr'><strong>ibique,</strong></span> <span class='ocrx_word' id='word_1_73' title='bbox 1110 1029 1173 1075; x_wconf 91' lang='lat' dir='ltr'><strong>ut</strong></span> <span class='ocrx_word' id='word_1_74' title='bbox 1220 1019 1423 1086; x_wconf 84' lang='lat' dir='ltr'><strong>decuit,</strong></span> <span class='ocrx_word' id='word_1_75' title='bbox 1453 1019 1633 1074; x_wconf 87' lang='lat' dir='ltr'><strong>hono-</strong></span> 
     </span>
    </p>
   </div>
   <div class='ocr_carea' id='block_1_13' title="bbox 69 1110 1636 1185">
    <p class='ocr_par' dir='ltr' id='par_1_13' title="bbox 69 1110 1636 1185">
     <span class='ocr_line' id='line_1_14' title="bbox 69 1110 1636 1185; baseline -0.004 -12"><span class='ocrx_word' id='word_1_76' title='bbox 69 1119 198 1173; x_wconf 85' lang='lat' dir='ltr'><strong>riﬁce</strong></span> <span class='ocrx_word' id='word_1_77' title='bbox 223 1115 544 1172; x_wconf 86' lang='lat' dir='ltr'><strong>recondidit.</strong></span> <span class='ocrx_word' id='word_1_78' title='bbox 594 1145 666 1156; x_wconf 91' lang='lat'><strong>—-</strong></span> <span class='ocrx_word' id='word_1_79' title='bbox 713 1110 810 1185; x_wconf 86' lang='lat' dir='ltr'><strong>(H.</strong></span> <span class='ocrx_word' id='word_1_80' title='bbox 843 1112 943 1184; x_wconf 85' lang='lat' dir='ltr'><strong>m.)</strong></span> <span class='ocrx_word' id='word_1_81' title='bbox 993 1111 1102 1168; x_wconf 91' lang='lat' dir='ltr'><strong>Leo</strong></span> <span class='ocrx_word' id='word_1_82' title='bbox 1131 1112 1430 1183; x_wconf 86' lang='lat' dir='ltr'><strong>imperator</strong></span> <span class='ocrx_word' id='word_1_83' title='bbox 1457 1110 1636 1182; x_wconf 79' lang='lat' dir='ltr'><strong>coegit</strong></span> 
     </span>
    </p>
   </div>
   <div class='ocr_carea' id='block_1_14' title="bbox 66 1202 1636 1277">
    <p class='ocr_par' dir='ltr' id='par_1_14' title="bbox 66 1202 1636 1277">
     <span class='ocr_line' id='line_1_15' title="bbox 66 1202 1636 1277; baseline -0.004 -12"><span class='ocrx_word' id='word_1_84' title='bbox 66 1210 244 1265; x_wconf 80' lang='lat' dir='ltr'><strong>Judcos</strong></span> <span class='ocrx_word' id='word_1_85' title='bbox 271 1217 324 1264; x_wconf 83' lang='lat' dir='ltr'><strong>et</strong></span> <span class='ocrx_word' id='word_1_86' title='bbox 353 1208 645 1264; x_wconf 85' lang='lat' dir='ltr'><strong>Montanos</strong></span> <span class='ocrx_word' id='word_1_87' title='bbox 673 1206 974 1277; x_wconf 85' lang='lat' dir='ltr'><strong>baptizari;</strong></span> <span class='ocrx_word' id='word_1_88' title='bbox 1029 1205 1124 1261; x_wconf 90' lang='lat' dir='ltr'><strong>sed</strong></span> <span class='ocrx_word' id='word_1_89' title='bbox 1157 1202 1317 1260; x_wconf 84' lang='lat' dir='ltr'><strong>Judei</strong></span> <span class='ocrx_word' id='word_1_90' title='bbox 1343 1204 1636 1260; x_wconf 84' lang='lat' dir='ltr'><strong>abluebant</strong></span> 
     </span>
    </p>
   </div>
   <div class='ocr_carea' id='block_1_15' title="bbox 66 1297 1635 1370">
    <p class='ocr_par' dir='ltr' id='par_1_15' title="bbox 66 1297 1635 1370">
     <span class='ocr_line' id='line_1_16' title="bbox 66 1297 1635 1370; baseline -0.003 -13"><span class='ocrx_word' id='word_1_91' title='bbox 66 1303 356 1358; x_wconf 88' lang='lat' dir='ltr'><strong>unctionem</strong></span> <span class='ocrx_word' id='word_1_92' title='bbox 383 1301 661 1358; x_wconf 90' lang='lat' dir='ltr'><strong>crismatis</strong></span> <span class='ocrx_word' id='word_1_93' title='bbox 686 1307 741 1356; x_wconf 90' lang='lat' dir='ltr'><strong>et</strong></span> <span class='ocrx_word' id='word_1_94' title='bbox 768 1306 894 1370; x_wconf 88' lang='lat' dir='ltr'><strong>post</strong></span> <span class='ocrx_word' id='word_1_95' title='bbox 921 1299 1105 1354; x_wconf 90' lang='lat' dir='ltr'><strong>cibum</strong></span> <span class='ocrx_word' id='word_1_96' title='bbox 1123 1297 1526 1370; x_wconf 89' lang='lat' dir='ltr'><strong>participabant</strong></span> <span class='ocrx_word' id='word_1_97' title='bbox 1546 1312 1635 1353; x_wconf 84' lang='lat' dir='ltr'><strong>sa-</strong></span> 
     </span>
    </p>
   </div>
   <div class='ocr_carea' id='block_1_16' title="bbox 66 1390 1637 1460">
    <p class='ocr_par' dir='ltr' id='par_1_16' title="bbox 66 1390 1637 1460">
     <span class='ocr_line' id='line_1_17' title="bbox 66 1390 1637 1460; baseline -0.002 -10"><span class='ocrx_word' id='word_1_98' title='bbox 66 1395 337 1451; x_wconf 84' lang='lat' dir='ltr'><strong>cramentis</strong></span> <span class='ocrx_word' id='word_1_99' title='bbox 366 1403 420 1450; x_wconf 90' lang='lat' dir='ltr'><strong>et</strong></span> <span class='ocrx_word' id='word_1_100' title='bbox 445 1393 893 1450; x_wconf 83' lang='lat' dir='ltr'><strong>contaminabant</strong></span> <span class='ocrx_word' id='word_1_101' title='bbox 920 1392 1102 1460; x_wconf 90' lang='lat' dir='ltr'><strong>ﬁdem,</strong></span> <span class='ocrx_word' id='word_1_102' title='bbox 1125 1391 1371 1447; x_wconf 84' lang='lat' dir='ltr'><strong>Montani</strong></span> <span class='ocrx_word' id='word_1_103' title='bbox 1392 1406 1520 1446; x_wconf 88' lang='lat' dir='ltr'><strong>vero</strong></span> <span class='ocrx_word' id='word_1_104' title='bbox 1540 1390 1637 1447; x_wconf 51' lang='lat' dir='ltr'><strong>de.</strong></span> 
     </span>
    </p>
   </div>
   <div class='ocr_carea' id='block_1_17' title="bbox 67 1483 1636 1552">
    <p class='ocr_par' dir='ltr' id='par_1_17' title="bbox 67 1483 1636 1552">
     <span class='ocr_line' id='line_1_18' title="bbox 67 1483 1636 1552; baseline 0 -12"><span class='ocrx_word' id='word_1_105' title='bbox 67 1489 290 1543; x_wconf 78' lang='lat' dir='ltr'><strong>ﬁnientes</strong></span> <span class='ocrx_word' id='word_1_106' title='bbox 317 1487 421 1543; x_wconf 90' lang='lat' dir='ltr'><strong>sibi</strong></span> <span class='ocrx_word' id='word_1_107' title='bbox 446 1487 610 1552; x_wconf 83' lang='lat' dir='ltr'><strong>diem,</strong></span> <span class='ocrx_word' id='word_1_108' title='bbox 636 1486 965 1542; x_wconf 88' lang='lat' dir='ltr'><strong>introierunt</strong></span> <span class='ocrx_word' id='word_1_109' title='bbox 986 1484 1182 1542; x_wconf 91' lang='lat' dir='ltr'><strong>domos</strong></span> <span class='ocrx_word' id='word_1_110' title='bbox 1208 1484 1383 1542; x_wconf 91' lang='lat' dir='ltr'><strong>errori</strong></span> <span class='ocrx_word' id='word_1_111' title='bbox 1411 1500 1513 1541; x_wconf 92' lang='lat' dir='ltr'><strong>suo</strong></span> <span class='ocrx_word' id='word_1_112' title='bbox 1540 1483 1636 1540; x_wconf 89' lang='lat' dir='ltr'><strong>de-</strong></span> 
     </span>
    </p>
   </div>
   <div class='ocr_carea' id='block_1_18' title="bbox 65 1580 1145 1651">
    <p class='ocr_par' dir='ltr' id='par_1_18' title="bbox 65 1580 1145 1651">
     <span class='ocr_line' id='line_1_19' title="bbox 65 1580 1145 1651; baseline 0.002 -17"><span class='ocrx_word' id='word_1_113' title='bbox 65 1591 279 1651; x_wconf 85' lang='lat' dir='ltr'><strong>putatas,</strong></span> <span class='ocrx_word' id='word_1_114' title='bbox 305 1589 360 1636; x_wconf 91' lang='lat' dir='ltr'><strong>et</strong></span> <span class='ocrx_word' id='word_1_115' title='bbox 389 1581 749 1636; x_wconf 88' lang='lat' dir='ltr'><strong>incenderunt</strong></span> <span class='ocrx_word' id='word_1_116' title='bbox 773 1588 946 1637; x_wconf 89' lang='lat' dir='ltr'><strong>semet</strong></span> <span class='ocrx_word' id='word_1_117' title='bbox 977 1580 1145 1651; x_wconf 88' lang='lat' dir='ltr'><strong>ipsos.</strong></span> 
     </span>
    </p>
   </div>
   <div class='ocr_carea' id='block_1_19' title="bbox 121 1669 661 1727">
    <p class='ocr_par' dir='ltr' id='par_1_19' title="bbox 121 1669 661 1727">
     <span class='ocr_line' id='line_1_20' title="bbox 121 1669 661 1727; baseline -0.006 0"><span class='ocrx_word' id='word_1_118' title='bbox 121 1672 168 1727; x_wconf 89' lang='lat'><strong>9.</strong></span> <span class='ocrx_word' id='word_1_119' title='bbox 208 1670 258 1725; x_wconf 88' lang='lat'><strong>7.</strong></span> <span class='ocrx_word' id='word_1_120' title='bbox 292 1670 358 1725; x_wconf 78' lang='grc' dir='ltr'><strong>Α.</strong></span> <span class='ocrx_word' id='word_1_121' title='bbox 389 1669 453 1724; x_wconf 86' lang='grc' dir='ltr'><strong>Ι).</strong></span> <span class='ocrx_word' id='word_1_122' title='bbox 489 1669 615 1724; x_wconf 71' lang='grc'><strong>721.</strong></span> <span class='ocrx_word' id='word_1_123' title='bbox 640 1672 661 1692; x_wconf 77' lang='grc'>⁶</span> 
     </span>
    </p>
   </div>
   <div class='ocr_carea' id='block_1_20' title="bbox 185 1735 1706 1830">
    <p class='ocr_par' dir='ltr' id='par_1_20' title="bbox 185 1735 1706 1830">
     <span class='ocr_line' id='line_1_21' title="bbox 185 1735 1706 1830; baseline -0.001 -15"><span class='ocrx_word' id='word_1_124' title='bbox 185 1764 202 1784; x_wconf 87' lang='grc'><strong>·</strong></span> <span class='ocrx_word' id='word_1_125' title='bbox 225 1760 290 1815; x_wconf 92' lang='lat' dir='ltr'><strong>D.</strong></span> <span class='ocrx_word' id='word_1_126' title='bbox 321 1759 387 1830; x_wconf 72' lang='grc' dir='ltr'><strong>Ε.</strong></span> <span class='ocrx_word' id='word_1_127' title='bbox 415 1761 621 1814; x_wconf 86' lang='lat' dir='ltr'><strong>addunt</strong></span> <span class='ocrx_word' id='word_1_128' title='bbox 653 1775 672 1814; x_wconf 89' lang='lat'><strong><em>:</em></strong></span> <span class='ocrx_word' id='word_1_129' title='bbox 701 1758 908 1816; x_wconf 84' lang='lat' dir='ltr'><strong>Judeus</strong></span> <span class='ocrx_word' id='word_1_130' title='bbox 949 1759 1172 1830; x_wconf 90' lang='lat' dir='ltr'><strong>quidam</strong></span> <span class='ocrx_word' id='word_1_131' title='bbox 1206 1791 1275 1800; x_wconf 92' lang='lat'>—</span> <span class='ocrx_word' id='word_1_132' title='bbox 1303 1774 1432 1814; x_wconf 82' lang='lat' dir='ltr'><strong>mox</strong></span> <span class='ocrx_word' id='word_1_133' title='bbox 1471 1757 1627 1814; x_wconf 89' lang='lat' dir='ltr'><strong>obiit.</strong></span> <span class='ocrx_word' id='word_1_134' title='bbox 1657 1735 1706 1795; x_wconf 72' lang='grc' dir='ltr'><strong>Β</strong></span> 
     </span>
    </p>
   </div>
   <div class='ocr_carea' id='block_1_21' title="bbox 258 1827 535 1902">
    <p class='ocr_par' dir='ltr' id='par_1_21' title="bbox 258 1827 535 1902">
     <span class='ocr_line' id='line_1_22' title="bbox 258 1827 535 1902; baseline -0.004 -16"><span class='ocrx_word' id='word_1_135' title='bbox 258 1848 324 1886; x_wconf 78' lang='lat' dir='ltr'><strong>ea:</strong></span> <span class='ocrx_word' id='word_1_136' title='bbox 359 1827 535 1902; x_wconf 76' lang='lat' dir='ltr'><strong>Sigeb.</strong></span> 
     </span>
    </p>
   </div>
   <div class='ocr_carea' id='block_1_22' title="bbox 118 1920 1632 1998">
    <p class='ocr_par' dir='ltr' id='par_1_22' title="bbox 118 1920 1632 1998">
     <span class='ocr_line' id='line_1_23' title="bbox 118 1920 1632 1998; baseline -0.001 -18"><span class='ocrx_word' id='word_1_137' title='bbox 118 1925 196 1980; x_wconf 90' lang='grc'><strong>10.</strong></span> <span class='ocrx_word' id='word_1_138' title='bbox 229 1925 282 1980; x_wconf 90' lang='grc'><strong>8.</strong></span> <span class='ocrx_word' id='word_1_139' title='bbox 327 1924 475 1998; x_wconf 86' lang='lat' dir='ltr'><strong>(Chr.</strong></span> <span class='ocrx_word' id='word_1_140' title='bbox 517 1922 630 1994; x_wconf 87' lang='lat' dir='ltr'><strong>W.)</strong></span> <span class='ocrx_word' id='word_1_141' title='bbox 668 1923 732 1978; x_wconf 84' lang='lat' dir='ltr'><strong>A.</strong></span> <span class='ocrx_word' id='word_1_142' title='bbox 765 1921 829 1978; x_wconf 90' lang='lat' dir='ltr'><strong>D.</strong></span> <span class='ocrx_word' id='word_1_143' title='bbox 864 1922 988 1978; x_wconf 83' lang='lat'><strong>725.</strong></span> <span class='ocrx_word' id='word_1_144' title='bbox 1043 1921 1282 1978; x_wconf 84' lang='lat' dir='ltr'><strong>Sanctus</strong></span> <span class='ocrx_word' id='word_1_145' title='bbox 1332 1920 1632 1979; x_wconf 87' lang='lat' dir='ltr'><strong>Pirminius</strong></span> 
     </span>
    </p>
   </div>
   <div class='ocr_carea' id='block_1_23' title="bbox 62 2013 1634 2089">
    <p class='ocr_par' dir='ltr' id='par_1_23' title="bbox 62 2013 1634 2089">
     <span class='ocr_line' id='line_1_24' title="bbox 62 2013 1634 2089; baseline -0.001 -18"><span class='ocrx_word' id='word_1_146' title='bbox 62 2018 330 2087; x_wconf 81' lang='lat' dir='ltr'><strong>cpiscopus</strong></span> <span class='ocrx_word' id='word_1_147' title='bbox 378 2015 607 2089; x_wconf 83' lang='lat' dir='ltr'><strong>Augiam</strong></span> <span class='ocrx_word' id='word_1_148' title='bbox 655 2014 919 2082; x_wconf 81' lang='lat' dir='ltr'><strong>intravit,</strong></span> <span class='ocrx_word' id='word_1_149' title='bbox 967 2029 1198 2086; x_wconf 86' lang='lat' dir='ltr'><strong>eamque</strong></span> <span class='ocrx_word' id='word_1_150' title='bbox 1227 2031 1259 2070; x_wconf 94' lang='lat' dir='ltr'><strong>a</strong></span> <span class='ocrx_word' id='word_1_151' title='bbox 1289 2013 1634 2086; x_wconf 87' lang='lat' dir='ltr'><strong>serpentibus</strong></span> 
     </span>
    </p>
   </div>
   <div class='ocr_carea' id='block_1_24' title="bbox 61 2111 380 2166">
    <p class='ocr_par' dir='ltr' id='par_1_24' title="bbox 61 2111 380 2166">
     <span class='ocr_line' id='line_1_25' title="bbox 61 2111 380 2166; baseline 0.003 -2"><span class='ocrx_word' id='word_1_152' title='bbox 61 2111 380 2166; x_wconf 84' lang='lat' dir='ltr'><strong>emundavit.</strong></span> 
     </span>
    </p>
   </div>
   <div class='ocr_carea' id='block_1_25' title="bbox 123 2201 1634 2273">
    <p class='ocr_par' dir='ltr' id='par_1_25' title="bbox 123 2201 1634 2273">
     <span class='ocr_line' id='line_1_26' title="bbox 123 2201 1634 2273; baseline -0.001 -13"><span class='ocrx_word' id='word_1_153' title='bbox 123 2207 198 2260; x_wconf 84' lang='grc'><strong>11.</strong></span> <span class='ocrx_word' id='word_1_154' title='bbox 230 2206 286 2261; x_wconf 92' lang='lat'><strong>9.</strong></span> <span class='ocrx_word' id='word_1_155' title='bbox 335 2203 400 2260; x_wconf 80' lang='grc' dir='ltr'><strong>Α.</strong></span> <span class='ocrx_word' id='word_1_156' title='bbox 435 2203 497 2258; x_wconf 92' lang='lat' dir='ltr'><strong>D.</strong></span> <span class='ocrx_word' id='word_1_157' title='bbox 528 2203 651 2258; x_wconf 85' lang='lat'><strong>726.</strong></span> <span class='ocrx_word' id='word_1_158' title='bbox 705 2201 1116 2273; x_wconf 73' lang='lat' dir='ltr'><strong>Hucusquemm</strong></span> <span class='ocrx_word' id='word_1_159' title='bbox 1162 2201 1306 2259; x_wconf 90' lang='lat' dir='ltr'><strong>Beda</strong></span> <span class='ocrx_word' id='word_1_160' title='bbox 1355 2201 1634 2259; x_wconf 90' lang='lat' dir='ltr'><strong>cronicam</strong></span> 
     </span>
    </p>
   </div>
   <div class='ocr_carea' id='block_1_26' title="bbox 62 2295 1026 2367">
    <p class='ocr_par' dir='ltr' id='par_1_26' title="bbox 62 2295 1026 2367">
     <span class='ocr_line' id='line_1_27' title="bbox 62 2295 1026 2367; baseline 0.001 -17"><span class='ocrx_word' id='word_1_161' title='bbox 62 2314 196 2351; x_wconf 83' lang='lat' dir='ltr'><strong>suam</strong></span> <span class='ocrx_word' id='word_1_162' title='bbox 227 2298 284 2352; x_wconf 91' lang='lat' dir='ltr'><strong>in</strong></span> <span class='ocrx_word' id='word_1_163' title='bbox 315 2297 512 2367; x_wconf 85' lang='lat' dir='ltr'><strong>majori</strong></span> <span class='ocrx_word' id='word_1_164' title='bbox 541 2296 725 2351; x_wconf 86' lang='lat' dir='ltr'><strong>libello</strong></span> <span class='ocrx_word' id='word_1_165' title='bbox 754 2295 1026 2367; x_wconf 83' lang='lat' dir='ltr'><strong>perduxit.</strong></span> 
     </span>
    </p>
   </div>
   <div class='ocr_carea' id='block_1_27' title="bbox 120 2385 1637 2459">
    <p class='ocr_par' dir='ltr' id='par_1_27' title="bbox 120 2385 1637 2459">
     <span class='ocr_line' id='line_1_28' title="bbox 120 2385 1637 2459; baseline 0 -17"><span class='ocrx_word' id='word_1_166' title='bbox 120 2390 195 2443; x_wconf 83' lang='grc'><strong>12.</strong></span> <span class='ocrx_word' id='word_1_167' title='bbox 233 2388 320 2443; x_wconf 91' lang='grc'><strong>10.</strong></span> <span class='ocrx_word' id='word_1_168' title='bbox 356 2388 418 2442; x_wconf 83' lang='grc' dir='ltr'><strong>Α.</strong></span> <span class='ocrx_word' id='word_1_169' title='bbox 455 2387 517 2442; x_wconf 92' lang='lat' dir='ltr'><strong>D.</strong></span> <span class='ocrx_word' id='word_1_170' title='bbox 554 2388 678 2442; x_wconf 77' lang='grc'><strong>727.</strong></span> <span class='ocrx_word' id='word_1_171' title='bbox 719 2387 1016 2459; x_wconf 82' lang='lat' dir='ltr'><strong>Gregorius</strong></span> <span class='ocrx_word' id='word_1_172' title='bbox 1043 2402 1182 2458; x_wconf 86' lang='lat' dir='ltr'><strong>papa</strong></span> <span class='ocrx_word' id='word_1_173' title='bbox 1212 2386 1338 2442; x_wconf 67' lang='lat'><strong>90“!</strong></span> <span class='ocrx_word' id='word_1_174' title='bbox 1372 2385 1512 2442; x_wconf 87' lang='lat' dir='ltr'><strong>sedit</strong></span> <span class='ocrx_word' id='word_1_175' title='bbox 1538 2401 1637 2442; x_wconf 91' lang='lat' dir='ltr'><strong>an-</strong></span> 
     </span>
    </p>
   </div>
   <div class='ocr_carea' id='block_1_28' title="bbox 63 2479 1634 2553">
    <p class='ocr_par' dir='ltr' id='par_1_28' title="bbox 63 2479 1634 2553">
     <span class='ocr_line' id='line_1_29' title="bbox 63 2479 1634 2553; baseline 0 -19"><span class='ocrx_word' id='word_1_176' title='bbox 63 2498 148 2536; x_wconf 87' lang='lat' dir='ltr'><strong>nos</strong></span> <span class='ocrx_word' id='word_1_177' title='bbox 174 2481 230 2548; x_wconf 91' lang='lat'><strong>8,</strong></span> <span class='ocrx_word' id='word_1_178' title='bbox 260 2481 601 2553; x_wconf 82' lang='lat' dir='ltr'><strong>decessitque</strong></span> <span class='ocrx_word' id='word_1_179' title='bbox 631 2482 663 2536; x_wconf 72' lang='grc'><strong>4</strong></span> <span class='ocrx_word' id='word_1_180' title='bbox 691 2479 810 2536; x_wconf 83' lang='lat' dir='ltr'><strong>Kal.</strong></span> <span class='ocrx_word' id='word_1_181' title='bbox 845 2481 1180 2538; x_wconf 88' lang='lat' dir='ltr'><strong>Decembris.</strong></span> <span class='ocrx_word' id='word_1_182' title='bbox 1240 2479 1342 2535; x_wconf 81' lang='lat' dir='ltr'><strong>Hic</strong></span> <span class='ocrx_word' id='word_1_183' title='bbox 1369 2494 1634 2551; x_wconf 86' lang='lat' dir='ltr'><strong>augmen-</strong></span> 
     </span>
    </p>
   </div>
   <div class='ocr_carea' id='block_1_29' title="bbox 63 2571 1638 2629">
    <p class='ocr_par' dir='ltr' id='par_1_29' title="bbox 63 2571 1638 2629">
     <span class='ocr_line' id='line_1_30' title="bbox 63 2571 1638 2629; baseline 0 -5"><span class='ocrx_word' id='word_1_184' title='bbox 63 2573 174 2628; x_wconf 75' lang='lat' dir='ltr'><strong>lavit</strong></span> <span class='ocrx_word' id='word_1_185' title='bbox 201 2574 261 2627; x_wconf 88' lang='lat' dir='ltr'><strong>in</strong></span> <span class='ocrx_word' id='word_1_186' title='bbox 287 2588 495 2629; x_wconf 90' lang='lat' dir='ltr'><strong>canone</strong></span> <span class='ocrx_word' id='word_1_187' title='bbox 530 2590 543 2627; x_wconf 90' lang='lat'><strong>:</strong></span> <span class='ocrx_word' id='word_1_188' title='bbox 579 2571 691 2627; x_wconf 86' lang='lat' dir='ltr'><strong>Nec</strong></span> <span class='ocrx_word' id='word_1_189' title='bbox 705 2589 810 2626; x_wconf 84' lang='lat' dir='ltr'><strong>non</strong></span> <span class='ocrx_word' id='word_1_190' title='bbox 828 2571 1047 2627; x_wconf 80' lang='lat' dir='ltr'><strong>illorum</strong></span> <span class='ocrx_word' id='word_1_191' title='bbox 1069 2571 1304 2626; x_wconf 81' lang='lat' dir='ltr'><strong>omnium</strong></span> <span class='ocrx_word' id='word_1_192' title='bbox 1329 2580 1638 2625; x_wconf 80' lang='lat' dir='ltr'><strong>sanctorum</strong></span> 
     </span>
    </p>
   </div>
   <div class='ocr_carea' id='block_1_30' title="bbox 64 2664 558 2733">
    <p class='ocr_par' dir='ltr' id='par_1_30' title="bbox 64 2664 558 2733">
     <span class='ocr_line' id='line_1_31' title="bbox 64 2664 558 2733; baseline 0.006 -17"><span class='ocrx_word' id='word_1_193' title='bbox 64 2681 277 2733; x_wconf 80' lang='lat' dir='ltr'><strong>quarunt</strong></span> <span class='ocrx_word' id='word_1_194' title='bbox 311 2664 434 2720; x_wconf 78' lang='lat' dir='ltr'><strong>soil.</strong></span> <span class='ocrx_word' id='word_1_195' title='bbox 465 2664 558 2696; x_wconf 78' lang='grc'><strong>¹⁰⁹⁹</strong></span> 
     </span>
    </p>
   </div>
   <div class='ocr_carea' id='block_1_31' title="bbox 122 2751 1636 2827">
    <p class='ocr_par' dir='ltr' id='par_1_31' title="bbox 122 2751 1636 2827">
     <span class='ocr_line' id='line_1_32' title="bbox 122 2751 1636 2827; baseline 0.001 -20"><span class='ocrx_word' id='word_1_196' title='bbox 122 2756 200 2810; x_wconf 86' lang='grc'><strong>15.</strong></span> <span class='ocrx_word' id='word_1_197' title='bbox 249 2755 336 2810; x_wconf 84' lang='grc'><strong>15.</strong></span> <span class='ocrx_word' id='word_1_198' title='bbox 380 2754 528 2827; x_wconf 87' lang='lat' dir='ltr'><strong>(Chr.</strong></span> <span class='ocrx_word' id='word_1_199' title='bbox 557 2753 671 2826; x_wconf 89' lang='lat' dir='ltr'><strong>W.)</strong></span> <span class='ocrx_word' id='word_1_200' title='bbox 706 2754 772 2810; x_wconf 84' lang='lat' dir='ltr'><strong>A.</strong></span> <span class='ocrx_word' id='word_1_201' title='bbox 795 2752 861 2809; x_wconf 92' lang='lat' dir='ltr'><strong>D.</strong></span> <span class='ocrx_word' id='word_1_202' title='bbox 889 2753 1010 2810; x_wconf 85' lang='lat'><strong>730.</strong></span> <span class='ocrx_word' id='word_1_203' title='bbox 1040 2751 1342 2810; x_wconf 85' lang='lat' dir='ltr'><strong>Pirminius</strong></span> <span class='ocrx_word' id='word_1_204' title='bbox 1369 2768 1436 2810; x_wconf 82' lang='lat' dir='ltr'><strong>ex</strong></span> <span class='ocrx_word' id='word_1_205' title='bbox 1462 2751 1636 2826; x_wconf 85' lang='lat' dir='ltr'><strong>Augia</strong></span> 
     </span>
    </p>
   </div>
   <div class='ocr_carea' id='block_1_32' title="bbox 60 2847 769 2903">
    <p class='ocr_par' dir='ltr' id='par_1_32' title="bbox 60 2847 769 2903">
     <span class='ocr_line' id='line_1_33' title="bbox 60 2847 769 2903; baseline 0.007 -5"><span class='ocrx_word' id='word_1_206' title='bbox 60 2848 189 2903; x_wconf 74' lang='lat' dir='ltr'><strong>venit</strong></span> <span class='ocrx_word' id='word_1_207' title='bbox 219 2848 278 2902; x_wconf 90' lang='lat' dir='ltr'><strong>in</strong></span> <span class='ocrx_word' id='word_1_208' title='bbox 308 2847 585 2903; x_wconf 81' lang='lat' dir='ltr'><strong>Alsaciam</strong></span> <span class='ocrx_word' id='word_1_209' title='bbox 767 2871 769 2873; x_wconf 59' lang='grc' dir='ltr'>ί</span> 
     </span>
    </p>
   </div>
   <div class='ocr_carea' id='block_1_33' title="bbox 119 2937 1638 3011">
    <p class='ocr_par' dir='ltr' id='par_1_33' title="bbox 119 2937 1638 3011">
     <span class='ocr_line' id='line_1_34' title="bbox 119 2937 1638 3011; baseline -0.001 -17"><span class='ocrx_word' id='word_1_210' title='bbox 119 2940 198 2997; x_wconf 90' lang='grc'><strong>16.</strong></span> <span class='ocrx_word' id='word_1_211' title='bbox 244 2940 333 2994; x_wconf 66' lang='grc'><strong>11.</strong></span> <span class='ocrx_word' id='word_1_212' title='bbox 376 2938 474 3011; x_wconf 88' lang='lat' dir='ltr'><strong>(H.</strong></span> <span class='ocrx_word' id='word_1_213' title='bbox 509 2938 607 3010; x_wconf 90' lang='lat' dir='ltr'><strong>m.)</strong></span> <span class='ocrx_word' id='word_1_214' title='bbox 643 2937 709 2993; x_wconf 87' lang='lat' dir='ltr'><strong>A.</strong></span> <span class='ocrx_word' id='word_1_215' title='bbox 743 2938 806 2994; x_wconf 92' lang='lat' dir='ltr'><strong>D.</strong></span> <span class='ocrx_word' id='word_1_216' title='bbox 843 2939 964 2994; x_wconf 91' lang='grc'><strong>751.</strong></span> <span class='ocrx_word' id='word_1_217' title='bbox 1017 2937 1324 2995; x_wconf 89' lang='lat' dir='ltr'><strong>Germanus</strong></span> <span class='ocrx_word' id='word_1_218' title='bbox 1353 2937 1638 2994; x_wconf 85' lang='lat' dir='ltr'><strong>sanctissi-</strong></span> 
     </span>
    </p>
   </div>
   <div class='ocr_carea' id='block_1_34' title="bbox 58 3029 1639 3103">
    <p class='ocr_par' dir='ltr' id='par_1_34' title="bbox 58 3029 1639 3103">
     <span class='ocr_line' id='line_1_35' title="bbox 58 3029 1639 3103; baseline -0.001 -18"><span class='ocrx_word' id='word_1_219' title='bbox 58 3048 166 3087; x_wconf 90' lang='lat' dir='ltr'><strong>mus</strong></span> <span class='ocrx_word' id='word_1_220' title='bbox 191 3032 510 3103; x_wconf 88' lang='lat' dir='ltr'><strong>patriarcha</strong></span> <span class='ocrx_word' id='word_1_221' title='bbox 559 3030 755 3086; x_wconf 84' lang='lat' dir='ltr'><strong>videns</strong></span> <span class='ocrx_word' id='word_1_222' title='bbox 804 3029 1140 3101; x_wconf 86' lang='lat' dir='ltr'><strong>impietatem</strong></span> <span class='ocrx_word' id='word_1_223' title='bbox 1191 3029 1431 3096; x_wconf 83' lang='lat' dir='ltr'><strong>Leonis,</strong></span> <span class='ocrx_word' id='word_1_224' title='bbox 1479 3029 1639 3084; x_wconf 86' lang='lat' dir='ltr'><strong>abre-</strong></span> 
     </span>
    </p>
   </div>
   <div class='ocr_carea' id='block_1_35' title="bbox 58 3104 1712 3192">
    <p class='ocr_par' dir='ltr' id='par_1_35' title="bbox 58 3104 1712 3192">
     <span class='ocr_line' id='line_1_36' title="bbox 58 3104 1712 3192; baseline 0.001 -16"><span class='ocrx_word' id='word_1_225' title='bbox 58 3110 328 3180; x_wconf 78' lang='lat' dir='ltr'><strong>nunciavit</strong></span> <span class='ocrx_word' id='word_1_226' title='bbox 353 3139 572 3179; x_wconf 91' lang='lat' dir='ltr'><strong>summo</strong></span> <span class='ocrx_word' id='word_1_227' title='bbox 603 3123 930 3188; x_wconf 86' lang='lat' dir='ltr'><strong>sacerdotio,</strong></span> <span class='ocrx_word' id='word_1_228' title='bbox 965 3123 1180 3178; x_wconf 90' lang='lat' dir='ltr'><strong>tradens</strong></span> <span class='ocrx_word' id='word_1_229' title='bbox 1227 3121 1473 3192; x_wconf 85' lang='lat' dir='ltr'><strong>pallium,</strong></span> <span class='ocrx_word' id='word_1_230' title='bbox 1503 3131 1556 3177; x_wconf 90' lang='lat' dir='ltr'><strong>et</strong></span> <span class='ocrx_word' id='word_1_231' title='bbox 1583 3122 1640 3177; x_wconf 91' lang='lat' dir='ltr'><strong>in</strong></span> <span class='ocrx_word' id='word_1_232' title='bbox 1669 3104 1712 3167; x_wconf 70' lang='grc' dir='ltr'><strong>(ἶ</strong></span> 
     </span>
    </p>
   </div>
   <div class='ocr_carea' id='block_1_36' title="bbox 57 3211 1642 3287">
    <p class='ocr_par' dir='ltr' id='par_1_36' title="bbox 57 3211 1642 3287">
     <span class='ocr_line' id='line_1_37' title="bbox 57 3211 1642 3287; baseline -0.001 -19"><span class='ocrx_word' id='word_1_233' title='bbox 57 3216 202 3272; x_wconf 88' lang='lat' dir='ltr'><strong>domo</strong></span> <span class='ocrx_word' id='word_1_234' title='bbox 233 3232 335 3272; x_wconf 88' lang='lat' dir='ltr'><strong>sua</strong></span> <span class='ocrx_word' id='word_1_235' title='bbox 364 3215 533 3287; x_wconf 88' lang='lat' dir='ltr'><strong>quieti</strong></span> <span class='ocrx_word' id='word_1_236' title='bbox 587 3229 810 3284; x_wconf 88' lang='lat' dir='ltr'><strong>operam</strong></span> <span class='ocrx_word' id='word_1_237' title='bbox 863 3212 1032 3281; x_wconf 91' lang='lat' dir='ltr'><strong>dedit,</strong></span> <span class='ocrx_word' id='word_1_238' title='bbox 1083 3211 1303 3268; x_wconf 83' lang='lat' dir='ltr'><strong>functus</strong></span> <span class='ocrx_word' id='word_1_239' title='bbox 1334 3211 1642 3268; x_wconf 83' lang='lat' dir='ltr'><strong>sacerdotio</strong></span> 
     </span>
    </p>
   </div>
   <div class='ocr_carea' id='block_1_37' title="bbox 59 3305 1642 3376">
    <p class='ocr_par' dir='ltr' id='par_1_37' title="bbox 59 3305 1642 3376">
     <span class='ocr_line' id='line_1_38' title="bbox 59 3305 1642 3376; baseline 0.001 -15"><span class='ocrx_word' id='word_1_240' title='bbox 59 3325 171 3363; x_wconf 86' lang='lat' dir='ltr'><strong>ann.</strong></span> <span class='ocrx_word' id='word_1_241' title='bbox 205 3309 297 3376; x_wconf 73' lang='lat' dir='ltr'><strong>M,</strong></span> <span class='ocrx_word' id='word_1_242' title='bbox 333 3325 510 3364; x_wconf 87' lang='lat' dir='ltr'><strong>mens.</strong></span> <span class='ocrx_word' id='word_1_243' title='bbox 545 3308 598 3363; x_wconf 93' lang='lat'><strong>5.</strong></span> <span class='ocrx_word' id='word_1_244' title='bbox 631 3305 693 3361; x_wconf 88' lang='lat' dir='ltr'><strong>In</strong></span> <span class='ocrx_word' id='word_1_245' title='bbox 715 3307 874 3376; x_wconf 86' lang='lat' dir='ltr'><strong>cujus</strong></span> <span class='ocrx_word' id='word_1_246' title='bbox 902 3307 1084 3362; x_wconf 91' lang='lat' dir='ltr'><strong>locum</strong></span> <span class='ocrx_word' id='word_1_247' title='bbox 1116 3306 1488 3371; x_wconf 81' lang='lat' dir='ltr'><strong>Anastasium,</strong></span> <span class='ocrx_word' id='word_1_248' title='bbox 1521 3307 1642 3376; x_wconf 90' lang='lat' dir='ltr'><strong>ejus</strong></span> 
     </span>
    </p>
   </div>
   <div class='ocr_carea' id='block_1_38' title="bbox 58 3397 1643 3474">
    <p class='ocr_par' dir='ltr' id='par_1_38' title="bbox 58 3397 1643 3474">
     <span class='ocr_line' id='line_1_39' title="bbox 58 3397 1643 3474; baseline -0.001 -20"><span class='ocrx_word' id='word_1_249' title='bbox 58 3402 331 3470; x_wconf 70' lang='lat' dir='ltr'><strong>quondam.</strong></span> <span class='ocrx_word' id='word_1_250' title='bbox 355 3400 710 3474; x_wconf 72' lang='lat' dir='ltr'><strong>discipulum,</strong></span> <span class='ocrx_word' id='word_1_251' title='bbox 741 3399 838 3455; x_wconf 92' lang='lat' dir='ltr'><strong>sed</strong></span> <span class='ocrx_word' id='word_1_252' title='bbox 860 3406 990 3454; x_wconf 88' lang='lat' dir='ltr'><strong>tunc</strong></span> <span class='ocrx_word' id='word_1_253' title='bbox 1011 3397 1274 3469; x_wconf 87' lang='lat' dir='ltr'><strong>impietati</strong></span> <span class='ocrx_word' id='word_1_254' title='bbox 1296 3399 1643 3454; x_wconf 88' lang='lat' dir='ltr'><strong>consentien-</strong></span> 
     </span>
    </p>
   </div>
   <div class='ocr_carea' id='block_1_39' title="bbox 55 3490 1642 3564">
    <p class='ocr_par' dir='ltr' id='par_1_39' title="bbox 55 3490 1642 3564">
     <span class='ocr_line' id='line_1_40' title="bbox 55 3490 1642 3564; baseline -0.002 -16"><span class='ocrx_word' id='word_1_255' title='bbox 55 3504 174 3560; x_wconf 86' lang='lat' dir='ltr'><strong>tem,</strong></span> <span class='ocrx_word' id='word_1_256' title='bbox 202 3494 318 3550; x_wconf 91' lang='lat' dir='ltr'><strong>Leo</strong></span> <span class='ocrx_word' id='word_1_257' title='bbox 351 3493 657 3550; x_wconf 91' lang='lat' dir='ltr'><strong>constituit.</strong></span> <span class='ocrx_word' id='word_1_258' title='bbox 711 3490 855 3548; x_wconf 89' lang='lat' dir='ltr'><strong>Sanc</strong></span> <span class='ocrx_word' id='word_1_259' title='bbox 885 3491 1180 3564; x_wconf 83' lang='lat' dir='ltr'><strong>Gregorius</strong></span> <span class='ocrx_word' id='word_1_260' title='bbox 1202 3500 1423 3547; x_wconf 89' lang='lat' dir='ltr'><strong>sanctus</strong></span> <span class='ocrx_word' id='word_1_261' title='bbox 1457 3490 1642 3561; x_wconf 90' lang='lat' dir='ltr'><strong>presul</strong></span> 
     </span>
    </p>
   </div>
   <div class='ocr_carea' id='block_1_40' title="bbox 57 3581 1640 3650">
    <p class='ocr_par' dir='ltr' id='par_1_40' title="bbox 57 3581 1640 3650">
     <span class='ocr_line' id='line_1_41' title="bbox 57 3581 1640 3650; baseline 0.001 -14"><span class='ocrx_word' id='word_1_262' title='bbox 57 3583 331 3642; x_wconf 86' lang='lat' dir='ltr'><strong>Romanus</strong></span> <span class='ocrx_word' id='word_1_263' title='bbox 376 3587 526 3642; x_wconf 90' lang='lat' dir='ltr'><strong>hunc</strong></span> <span class='ocrx_word' id='word_1_264' title='bbox 573 3583 1099 3650; x_wconf 84' lang='lat' dir='ltr'><strong>anathematizavit,</strong></span> <span class='ocrx_word' id='word_1_265' title='bbox 1146 3592 1202 3639; x_wconf 92' lang='lat' dir='ltr'><strong>et</strong></span> <span class='ocrx_word' id='word_1_266' title='bbox 1249 3581 1486 3638; x_wconf 87' lang='lat' dir='ltr'><strong>Leonem</strong></span> <span class='ocrx_word' id='word_1_267' title='bbox 1518 3591 1640 3638; x_wconf 89' lang='lat' dir='ltr'><strong>tan-</strong></span> 
     </span>
    </p>
   </div>
   <div class='ocr_carea' id='block_1_41' title="bbox 54 3676 1644 3751">
    <p class='ocr_par' dir='ltr' id='par_1_41' title="bbox 54 3676 1644 3751">
     <span class='ocr_line' id='line_1_42' title="bbox 54 3676 1644 3751; baseline -0.001 -18"><span class='ocrx_word' id='word_1_268' title='bbox 54 3695 207 3748; x_wconf 84' lang='lat' dir='ltr'><strong>quam</strong></span> <span class='ocrx_word' id='word_1_269' title='bbox 235 3680 406 3751; x_wconf 89' lang='lat' dir='ltr'><strong>impie</strong></span> <span class='ocrx_word' id='word_1_270' title='bbox 433 3689 684 3751; x_wconf 86' lang='lat' dir='ltr'><strong>agentem</strong></span> <span class='ocrx_word' id='word_1_271' title='bbox 725 3695 824 3749; x_wconf 92' lang='lat' dir='ltr'><strong>per</strong></span> <span class='ocrx_word' id='word_1_272' title='bbox 853 3678 1116 3749; x_wconf 91' lang='lat' dir='ltr'><strong>epistolas</strong></span> <span class='ocrx_word' id='word_1_273' title='bbox 1146 3677 1501 3749; x_wconf 88' lang='lat' dir='ltr'><strong>redarguens,</strong></span> <span class='ocrx_word' id='word_1_274' title='bbox 1533 3676 1644 3732; x_wconf 83' lang='lat' dir='ltr'><strong>Ro-</strong></span> 
     </span>
    </p>
   </div>
   <div class='ocr_carea' id='block_1_42' title="bbox 56 3768 1639 3840">
    <p class='ocr_par' dir='ltr' id='par_1_42' title="bbox 56 3768 1639 3840">
     <span class='ocr_line' id='line_1_43' title="bbox 56 3768 1639 3840; baseline 0.001 -18"><span class='ocrx_word' id='word_1_275' title='bbox 56 3785 189 3827; x_wconf 84' lang='lat' dir='ltr'><strong>mam</strong></span> <span class='ocrx_word' id='word_1_276' title='bbox 219 3788 353 3828; x_wconf 91' lang='lat' dir='ltr'><strong>cum</strong></span> <span class='ocrx_word' id='word_1_277' title='bbox 383 3779 497 3828; x_wconf 87' lang='lat' dir='ltr'><strong>tota</strong></span> <span class='ocrx_word' id='word_1_278' title='bbox 523 3770 680 3826; x_wconf 85' lang='lat' dir='ltr'><strong>Italia</strong></span> <span class='ocrx_word' id='word_1_279' title='bbox 709 3770 778 3825; x_wconf 90' lang='lat' dir='ltr'><strong>ab</strong></span> <span class='ocrx_word' id='word_1_280' title='bbox 805 3769 925 3840; x_wconf 87' lang='lat' dir='ltr'><strong>ejus</strong></span> <span class='ocrx_word' id='word_1_281' title='bbox 955 3768 1186 3840; x_wconf 84' lang='lat' dir='ltr'><strong>imperio</strong></span> <span class='ocrx_word' id='word_1_282' title='bbox 1211 3769 1464 3826; x_wconf 89' lang='lat' dir='ltr'><strong>recedere</strong></span> <span class='ocrx_word' id='word_1_283' title='bbox 1492 3768 1639 3826; x_wconf 86' lang='lat' dir='ltr'><strong>fecit.</strong></span> 
     </span>
    </p>
   </div>
   <div class='ocr_carea' id='block_1_43' title="bbox 52 3861 1370 3935">
    <p class='ocr_par' dir='ltr' id='par_1_43' title="bbox 52 3861 1370 3935">
     <span class='ocr_line' id='line_1_44' title="bbox 52 3861 1370 3935; baseline -0.002 -16"><span class='ocrx_word' id='word_1_284' title='bbox 52 3862 188 3920; x_wconf 76' lang='lat' dir='ltr'><strong>Beda</strong></span> <span class='ocrx_word' id='word_1_285' title='bbox 215 3864 552 3922; x_wconf 76' lang='lat' dir='ltr'><strong>venerabilis</strong></span> <span class='ocrx_word' id='word_1_286' title='bbox 582 3862 886 3935; x_wconf 81' lang='lat' dir='ltr'><strong>Anglorum</strong></span> <span class='ocrx_word' id='word_1_287' title='bbox 913 3862 1186 3933; x_wconf 90' lang='lat' dir='ltr'><strong>presbiter</strong></span> <span class='ocrx_word' id='word_1_288' title='bbox 1213 3861 1370 3917; x_wconf 90' lang='lat' dir='ltr'><strong>obiit.</strong></span> 
     </span>
    </p>
   </div>
   <div class='ocr_carea' id='block_1_44' title="bbox 117 3952 1638 4028">
    <p class='ocr_par' dir='ltr' id='par_1_44' title="bbox 117 3952 1638 4028">
     <span class='ocr_line' id='line_1_45' title="bbox 117 3952 1638 4028; baseline -0.002 -18"><span class='ocrx_word' id='word_1_289' title='bbox 117 3957 201 4014; x_wconf 87' lang='grc'><strong>17.</strong></span> <span class='ocrx_word' id='word_1_290' title='bbox 241 3959 336 4014; x_wconf 78' lang='grc'><strong>15.</strong></span> <span class='ocrx_word' id='word_1_291' title='bbox 375 3956 546 4028; x_wconf 89' lang='lat' dir='ltr'><strong>(Chr.</strong></span> <span class='ocrx_word' id='word_1_292' title='bbox 575 3955 664 4012; x_wconf 91' lang='lat' dir='ltr'><strong>W.</strong></span> <span class='ocrx_word' id='word_1_293' title='bbox 711 3988 782 3996; x_wconf 94' lang='lat'><em>—</em></span> <span class='ocrx_word' id='word_1_294' title='bbox 819 3953 882 4010; x_wconf 88' lang='lat' dir='ltr'><strong>P.</strong></span> <span class='ocrx_word' id='word_1_295' title='bbox 915 3955 978 4010; x_wconf 91' lang='lat' dir='ltr'><strong>D.</strong></span> <span class='ocrx_word' id='word_1_296' title='bbox 1008 3972 1086 4022; x_wconf 82' lang='lat' dir='ltr'><strong>Vl,</strong></span> <span class='ocrx_word' id='word_1_297' title='bbox 1119 3955 1250 4025; x_wconf 81' lang='lat'><strong>53.)</strong></span> <span class='ocrx_word' id='word_1_298' title='bbox 1303 3953 1369 4009; x_wconf 83' lang='lat' dir='ltr'><strong>A.</strong></span> <span class='ocrx_word' id='word_1_299' title='bbox 1401 3952 1465 4008; x_wconf 92' lang='lat' dir='ltr'><strong>D.</strong></span> <span class='ocrx_word' id='word_1_300' title='bbox 1517 3952 1638 4008; x_wconf 85' lang='lat'><strong>732.</strong></span> 
     </span>
    </p>
   </div>
   <div class='ocr_carea' id='block_1_45' title="bbox 53 4046 1645 4119">
    <p class='ocr_par' dir='ltr' id='par_1_45' title="bbox 53 4046 1645 4119">
     <span class='ocr_line' id='line_1_46' title="bbox 53 4046 1645 4119; baseline -0.001 -17"><span class='ocrx_word' id='word_1_301' title='bbox 53 4046 280 4106; x_wconf 80' lang='lat' dir='ltr'><strong>Karolus</strong></span> <span class='ocrx_word' id='word_1_302' title='bbox 311 4049 485 4104; x_wconf 88' lang='lat' dir='ltr'><strong>ﬁlium</strong></span> <span class='ocrx_word' id='word_1_303' title='bbox 520 4063 682 4105; x_wconf 90' lang='lat' dir='ltr'><strong>suum</strong></span> <span class='ocrx_word' id='word_1_304' title='bbox 709 4047 1001 4119; x_wconf 86' lang='lat' dir='ltr'><strong>Pippinum</strong></span> <span class='ocrx_word' id='word_1_305' title='bbox 1031 4047 1100 4103; x_wconf 92' lang='lat' dir='ltr'><strong>ad</strong></span> <span class='ocrx_word' id='word_1_306' title='bbox 1129 4046 1526 4118; x_wconf 89' lang='lat' dir='ltr'><strong>Luitprandum</strong></span> <span class='ocrx_word' id='word_1_307' title='bbox 1557 4061 1645 4100; x_wconf 83' lang='lat' dir='ltr'><strong>re-</strong></span> 
     </span>
    </p>
   </div>
   <div class='ocr_carea' id='block_1_46' title="bbox 52 4138 1641 4213">
    <p class='ocr_par' dir='ltr' id='par_1_46' title="bbox 52 4138 1641 4213">
     <span class='ocr_line' id='line_1_47' title="bbox 52 4138 1641 4213; baseline -0.002 -18"><span class='ocrx_word' id='word_1_308' title='bbox 52 4157 163 4212; x_wconf 86' lang='lat' dir='ltr'><strong>gem</strong></span> <span class='ocrx_word' id='word_1_309' title='bbox 193 4141 689 4213; x_wconf 87' lang='lat' dir='ltr'><strong>Longobardorum</strong></span> <span class='ocrx_word' id='word_1_310' title='bbox 716 4155 818 4212; x_wconf 90' lang='lat' dir='ltr'><strong>pro</strong></span> <span class='ocrx_word' id='word_1_311' title='bbox 867 4140 1141 4196; x_wconf 90' lang='lat' dir='ltr'><strong>tondenda</strong></span> <span class='ocrx_word' id='word_1_312' title='bbox 1190 4139 1400 4195; x_wconf 89' lang='lat' dir='ltr'><strong>cesarie</strong></span> <span class='ocrx_word' id='word_1_313' title='bbox 1449 4138 1641 4202; x_wconf 86' lang='lat' dir='ltr'><strong>misit;</strong></span> 
     </span>
    </p>
   </div>
   <div class='ocr_carea' id='block_1_47' title="bbox 49 4230 1646 4304">
    <p class='ocr_par' dir='ltr' id='par_1_47' title="bbox 49 4230 1646 4304">
     <span class='ocr_line' id='line_1_48' title="bbox 49 4230 1646 4304; baseline -0.001 -16"><span class='ocrx_word' id='word_1_314' title='bbox 49 4235 189 4304; x_wconf 89' lang='lat' dir='ltr'><strong>quod</strong></span> <span class='ocrx_word' id='word_1_315' title='bbox 222 4235 320 4290; x_wconf 87' lang='lat' dir='ltr'><strong>ille</strong></span> <span class='ocrx_word' id='word_1_316' title='bbox 351 4232 477 4289; x_wconf 80' lang='lat' dir='ltr'><strong>fecit</strong></span> <span class='ocrx_word' id='word_1_317' title='bbox 504 4275 519 4301; x_wconf 96' lang='lat'><strong>,</strong></span> <span class='ocrx_word' id='word_1_318' title='bbox 551 4248 678 4289; x_wconf 92' lang='lat' dir='ltr'><strong>cum</strong></span> <span class='ocrx_word' id='word_1_319' title='bbox 731 4233 1031 4304; x_wconf 83' lang='lat' dir='ltr'><strong>multisque</strong></span> <span class='ocrx_word' id='word_1_320' title='bbox 1081 4231 1407 4287; x_wconf 88' lang='lat' dir='ltr'><strong>muneribus</strong></span> <span class='ocrx_word' id='word_1_321' title='bbox 1434 4230 1529 4263; x_wconf 82' lang='lat'><strong>“°°</strong></span> <span class='ocrx_word' id='word_1_322' title='bbox 1576 4230 1646 4286; x_wconf 89' lang='lat' dir='ltr'><strong>ad</strong></span> 
     </span>
    </p>
   </div>
   <div class='ocr_carea' id='block_1_48' title="bbox 51 4325 1563 4395">
    <p class='ocr_par' dir='ltr' id='par_1_48' title="bbox 51 4325 1563 4395">
     <span class='ocr_line' id='line_1_49' title="bbox 51 4325 1563 4395; baseline -0.003 -14"><span class='ocrx_word' id='word_1_323' title='bbox 51 4339 256 4395; x_wconf 82' lang='lat' dir='ltr'><strong>patrem</strong></span> <span class='ocrx_word' id='word_1_324' title='bbox 289 4325 529 4384; x_wconf 89' lang='lat' dir='ltr'><strong>remisit.</strong></span> <span class='ocrx_word' id='word_1_325' title='bbox 1561 4361 1563 4364; x_wconf 58' lang='grc'>‹</span> 
     </span>
    </p>
   </div>
   <div class='ocr_carea' id='block_1_49' title="bbox 1731 464 3318 540">
    <p class='ocr_par' dir='ltr' id='par_1_49' title="bbox 1731 464 3318 540">
     <span class='ocr_line' id='line_1_50' title="bbox 1731 464 3318 540; baseline 0.006 -20"><span class='ocrx_word' id='word_1_326' title='bbox 1731 464 1834 522; x_wconf 89' lang='lat' dir='ltr'><strong>lias</strong></span> <span class='ocrx_word' id='word_1_327' title='bbox 1879 467 2076 522; x_wconf 88' lang='lat' dir='ltr'><strong>iterum</strong></span> <span class='ocrx_word' id='word_1_328' title='bbox 2121 469 2460 535; x_wconf 83' lang='lat' dir='ltr'><strong>invadentes,</strong></span> <span class='ocrx_word' id='word_1_329' title='bbox 2505 478 2771 540; x_wconf 88' lang='lat' dir='ltr'><strong>ceperunt</strong></span> <span class='ocrx_word' id='word_1_330' title='bbox 2820 471 3097 528; x_wconf 86' lang='lat' dir='ltr'><strong>civitatem</strong></span> <span class='ocrx_word' id='word_1_331' title='bbox 3124 475 3318 530; x_wconf 82' lang='lat' dir='ltr'><strong>Arela-</strong></span> 
     </span>
    </p>
   </div>
   <div class='ocr_carea' id='block_1_50' title="bbox 1730 559 3322 638">
    <p class='ocr_par' dir='ltr' id='par_1_50' title="bbox 1730 559 3322 638">
     <span class='ocr_line' id='line_1_51' title="bbox 1730 559 3322 638; baseline 0.005 -24"><span class='ocrx_word' id='word_1_332' title='bbox 1730 566 1862 614; x_wconf 87' lang='lat' dir='ltr'><strong>tem.</strong></span> <span class='ocrx_word' id='word_1_333' title='bbox 1895 559 2050 616; x_wconf 91' lang='lat' dir='ltr'><strong>Tunc</strong></span> <span class='ocrx_word' id='word_1_334' title='bbox 2076 560 2309 617; x_wconf 83' lang='lat' dir='ltr'><strong>Karolus</strong></span> <span class='ocrx_word' id='word_1_335' title='bbox 2335 561 2485 618; x_wconf 91' lang='lat' dir='ltr'><strong>misit</strong></span> <span class='ocrx_word' id='word_1_336' title='bbox 2511 563 2578 618; x_wconf 90' lang='lat' dir='ltr'><strong>ad</strong></span> <span class='ocrx_word' id='word_1_337' title='bbox 2602 562 3022 634; x_wconf 89' lang='lat' dir='ltr'><strong>Luitprandum,</strong></span> <span class='ocrx_word' id='word_1_338' title='bbox 3049 566 3144 638; x_wconf 91' lang='lat' dir='ltr'><strong>qui</strong></span> <span class='ocrx_word' id='word_1_339' title='bbox 3173 568 3322 623; x_wconf 86' lang='lat' dir='ltr'><strong>venit</strong></span> 
     </span>
    </p>
   </div>
   <div class='ocr_carea' id='block_1_51' title="bbox 1731 649 3320 725">
    <p class='ocr_par' dir='ltr' id='par_1_51' title="bbox 1731 649 3320 725">
     <span class='ocr_line' id='line_1_52' title="bbox 1731 649 3320 725; baseline 0.004 -20"><span class='ocrx_word' id='word_1_340' title='bbox 1731 649 1801 706; x_wconf 91' lang='lat' dir='ltr'><strong>ad</strong></span> <span class='ocrx_word' id='word_1_341' title='bbox 1827 665 1955 705; x_wconf 91' lang='lat' dir='ltr'><strong>eum</strong></span> <span class='ocrx_word' id='word_1_342' title='bbox 1987 667 2111 707; x_wconf 88' lang='lat' dir='ltr'><strong>cum</strong></span> <span class='ocrx_word' id='word_1_343' title='bbox 2139 652 2287 707; x_wconf 89' lang='lat' dir='ltr'><strong>omni</strong></span> <span class='ocrx_word' id='word_1_344' title='bbox 2339 653 2579 708; x_wconf 80' lang='lat' dir='ltr'><strong>exercitu</strong></span> <span class='ocrx_word' id='word_1_345' title='bbox 2607 653 3114 725; x_wconf 81' lang='lat' dir='ltr'><strong>Langobardorum.</strong></span> <span class='ocrx_word' id='word_1_346' title='bbox 3163 655 3320 724; x_wconf 85' lang='lat' dir='ltr'><strong>Quod</strong></span> 
     </span>
    </p>
   </div>
   <div class='ocr_carea' id='block_1_52' title="bbox 1732 742 3064 817">
    <p class='ocr_par' dir='ltr' id='par_1_52' title="bbox 1732 742 3064 817">
     <span class='ocr_line' id='line_1_53' title="bbox 1732 742 3064 817; baseline 0.003 -19"><span class='ocrx_word' id='word_1_347' title='bbox 1732 743 2015 799; x_wconf 87' lang='lat' dir='ltr'><strong>audientes</strong></span> <span class='ocrx_word' id='word_1_348' title='bbox 2046 742 2334 800; x_wconf 89' lang='lat' dir='ltr'><strong>Sarraceni</strong></span> <span class='ocrx_word' id='word_1_349' title='bbox 2353 786 2367 811; x_wconf 96' lang='lat'><strong>,</strong></span> <span class='ocrx_word' id='word_1_350' title='bbox 2398 743 2655 817; x_wconf 79' lang='lat' dir='ltr'><strong>fugerunt</strong></span> <span class='ocrx_word' id='word_1_351' title='bbox 2681 747 2748 802; x_wconf 92' lang='lat' dir='ltr'><strong>de</strong></span> <span class='ocrx_word' id='word_1_352' title='bbox 2778 754 2925 802; x_wconf 88' lang='lat' dir='ltr'><strong>terra</strong></span> <span class='ocrx_word' id='word_1_353' title='bbox 2953 747 3064 803; x_wconf 88' lang='lat' dir='ltr'><strong>illa.</strong></span> 
     </span>
    </p>
   </div>
   <div class='ocr_carea' id='block_1_53' title="bbox 1796 833 2403 892">
    <p class='ocr_par' dir='ltr' id='par_1_53' title="bbox 1796 833 2403 892">
     <span class='ocr_line' id='line_1_54' title="bbox 1796 833 2403 892; baseline 0.007 -4"><span class='ocrx_word' id='word_1_354' title='bbox 1796 833 1942 889; x_wconf 81' lang='lat' dir='ltr'><strong>Anni</strong></span> <span class='ocrx_word' id='word_1_355' title='bbox 1971 836 2040 890; x_wconf 89' lang='lat' dir='ltr'><strong>ab</strong></span> <span class='ocrx_word' id='word_1_356' title='bbox 2065 835 2219 891; x_wconf 90' lang='lat' dir='ltr'><strong>initio</strong></span> <span class='ocrx_word' id='word_1_357' title='bbox 2242 835 2403 892; x_wconf 72' lang='grc'>4700.</span> 
     </span>
    </p>
   </div>
   <div class='ocr_carea' id='block_1_54' title="bbox 1797 927 3317 1000">
    <p class='ocr_par' dir='ltr' id='par_1_54' title="bbox 1797 927 3317 1000">
     <span class='ocr_line' id='line_1_55' title="bbox 1797 927 3317 1000; baseline 0.003 -18"><span class='ocrx_word' id='word_1_358' title='bbox 1797 927 1889 982; x_wconf 83' lang='grc'><strong>25.</strong></span> <span class='ocrx_word' id='word_1_359' title='bbox 1926 927 2017 983; x_wconf 88' lang='grc'><strong>25.</strong></span> <span class='ocrx_word' id='word_1_360' title='bbox 2059 927 2210 998; x_wconf 87' lang='lat' dir='ltr'><strong>(Chr.</strong></span> <span class='ocrx_word' id='word_1_361' title='bbox 2239 927 2355 1000; x_wconf 88' lang='lat' dir='ltr'><strong>W.)</strong></span> <span class='ocrx_word' id='word_1_362' title='bbox 2397 929 2464 984; x_wconf 78' lang='grc' dir='ltr'><strong>Α.</strong></span> <span class='ocrx_word' id='word_1_363' title='bbox 2493 928 2556 984; x_wconf 90' lang='lat' dir='ltr'><strong>D.</strong></span> <span class='ocrx_word' id='word_1_364' title='bbox 2594 927 2716 984; x_wconf 74' lang='grc'><strong>740.</strong></span> <span class='ocrx_word' id='word_1_365' title='bbox 2755 928 2992 986; x_wconf 83' lang='lat' dir='ltr'><strong>Karolus</strong></span> <span class='ocrx_word' id='word_1_366' title='bbox 3022 930 3317 986; x_wconf 83' lang='lat' dir='ltr'><strong>Saxoniam</strong></span> 
     </span>
    </p>
   </div>
   <div class='ocr_carea' id='block_1_55' title="bbox 1733 1022 1920 1077">
    <p class='ocr_par' dir='ltr' id='par_1_55' title="bbox 1733 1022 1920 1077">
     <span class='ocr_line' id='line_1_56' title="bbox 1733 1022 1920 1077; baseline -0.005 0"><span class='ocrx_word' id='word_1_367' title='bbox 1733 1022 1920 1077; x_wconf 84' lang='lat' dir='ltr'><strong>intrat.</strong></span> 
     </span>
    </p>
   </div>
   <div class='ocr_carea' id='block_1_56' title="bbox 1795 1112 3321 1189">
    <p class='ocr_par' dir='ltr' id='par_1_56' title="bbox 1795 1112 3321 1189">
     <span class='ocr_line' id='line_1_57' title="bbox 1795 1112 3321 1189; baseline 0.005 -21"><span class='ocrx_word' id='word_1_368' title='bbox 1795 1113 1888 1169; x_wconf 83' lang='grc'><strong>26.</strong></span> <span class='ocrx_word' id='word_1_369' title='bbox 1924 1113 2016 1170; x_wconf 68' lang='grc'><strong>24.</strong></span> <span class='ocrx_word' id='word_1_370' title='bbox 2082 1112 2156 1168; x_wconf 86' lang='grc'><strong>11.</strong></span> <span class='ocrx_word' id='word_1_371' title='bbox 2184 1113 2282 1185; x_wconf 87' lang='lat' dir='ltr'><strong>m.)</strong></span> <span class='ocrx_word' id='word_1_372' title='bbox 2309 1113 2374 1169; x_wconf 90' lang='lat' dir='ltr'><strong>A.</strong></span> <span class='ocrx_word' id='word_1_373' title='bbox 2407 1113 2470 1168; x_wconf 92' lang='lat' dir='ltr'><strong>D.</strong></span> <span class='ocrx_word' id='word_1_374' title='bbox 2504 1115 2626 1171; x_wconf 73' lang='grc'><strong>741.</strong></span> <span class='ocrx_word' id='word_1_375' title='bbox 2655 1114 2766 1170; x_wconf 90' lang='lat' dir='ltr'><strong>Leo</strong></span> <span class='ocrx_word' id='word_1_376' title='bbox 2794 1116 3090 1187; x_wconf 90' lang='lat' dir='ltr'><strong>imperator</strong></span> <span class='ocrx_word' id='word_1_377' title='bbox 3119 1117 3321 1189; x_wconf 87' lang='lat' dir='ltr'><strong>impius</strong></span> 
     </span>
    </p>
   </div>
   <div class='ocr_carea' id='block_1_57' title="bbox 1733 1207 1889 1262">
    <p class='ocr_par' dir='ltr' id='par_1_57' title="bbox 1733 1207 1889 1262">
     <span class='ocr_line' id='line_1_58' title="bbox 1733 1207 1889 1262; baseline -0.006 0"><span class='ocrx_word' id='word_1_378' title='bbox 1733 1207 1889 1262; x_wconf 91' lang='lat' dir='ltr'><strong>obiit.</strong></span> 
     </span>
    </p>
   </div>
   <div class='ocr_carea' id='block_1_58' title="bbox 1733 1299 2275 1357">
    <p class='ocr_par' dir='ltr' id='par_1_58' title="bbox 1733 1299 2275 1357">
     <span class='ocr_line' id='line_1_59' title="bbox 1733 1299 2275 1357; baseline -0.002 -2"><span class='ocrx_word' id='word_1_379' title='bbox 1733 1301 1878 1356; x_wconf 82' lang='lat' dir='ltr'><strong>Anni</strong></span> <span class='ocrx_word' id='word_1_380' title='bbox 1907 1299 2275 1357; x_wconf 86' lang='lat' dir='ltr'><strong>Constantini.</strong></span> 
     </span>
    </p>
   </div>
   <div class='ocr_carea' id='block_1_59' title="bbox 1799 1391 3321 1465">
    <p class='ocr_par' dir='ltr' id='par_1_59' title="bbox 1799 1391 3321 1465">
     <span class='ocr_line' id='line_1_60' title="bbox 1799 1391 3321 1465; baseline 0 -15"><span class='ocrx_word' id='word_1_381' title='bbox 1799 1395 1890 1450; x_wconf 87' lang='lat'><strong>27.</strong></span> <span class='ocrx_word' id='word_1_382' title='bbox 1931 1393 2028 1465; x_wconf 80' lang='grc'><strong>(11.</strong></span> <span class='ocrx_word' id='word_1_383' title='bbox 2057 1394 2154 1464; x_wconf 87' lang='lat' dir='ltr'><strong>m.)</strong></span> <span class='ocrx_word' id='word_1_384' title='bbox 2188 1391 2415 1448; x_wconf 75' lang='lat' dir='ltr'><strong>LAnno</strong></span> <span class='ocrx_word' id='word_1_385' title='bbox 2457 1392 2744 1448; x_wconf 65' lang='lat' dir='ltr'><strong>dominicae</strong></span> <span class='ocrx_word' id='word_1_386' title='bbox 2776 1394 3174 1450; x_wconf 86' lang='lat' dir='ltr'><strong>incarnationis</strong></span> <span class='ocrx_word' id='word_1_387' title='bbox 3195 1396 3321 1461; x_wconf 68' lang='grc'><strong>742,</strong></span> 
     </span>
    </p>
   </div>
   <div class='ocr_carea' id='block_1_60' title="bbox 1737 1484 3321 1556">
    <p class='ocr_par' dir='ltr' id='par_1_60' title="bbox 1737 1484 3321 1556">
     <span class='ocr_line' id='line_1_61' title="bbox 1737 1484 3321 1556; baseline 0.001 -14"><span class='ocrx_word' id='word_1_388' title='bbox 1737 1487 1900 1556; x_wconf 86' lang='lat' dir='ltr'><strong>Urbis</strong></span> <span class='ocrx_word' id='word_1_389' title='bbox 1929 1486 2163 1543; x_wconf 82' lang='lat' dir='ltr'><strong>conditae</strong></span> <span class='ocrx_word' id='word_1_390' title='bbox 2212 1485 2503 1540; x_wconf 90' lang='lat' dir='ltr'><strong>millesimo</strong></span> <span class='ocrx_word' id='word_1_391' title='bbox 2545 1485 2671 1540; x_wconf 74' lang='grc'><strong>495.</strong></span> <span class='ocrx_word' id='word_1_392' title='bbox 2725 1484 3143 1553; x_wconf 89' lang='lat' dir='ltr'><strong>Constantinus,</strong></span> <span class='ocrx_word' id='word_1_393' title='bbox 3173 1488 3321 1544; x_wconf 87' lang='lat' dir='ltr'><strong>ﬁlius</strong></span> 
     </span>
    </p>
   </div>
   <div class='ocr_carea' id='block_1_61' title="bbox 1733 1577 3326 1651">
    <p class='ocr_par' dir='ltr' id='par_1_61' title="bbox 1733 1577 3326 1651">
     <span class='ocr_line' id='line_1_62' title="bbox 1733 1577 3326 1651; baseline -0.001 -15"><span class='ocrx_word' id='word_1_394' title='bbox 1733 1580 1934 1637; x_wconf 91' lang='lat' dir='ltr'><strong>Leonis</strong></span> <span class='ocrx_word' id='word_1_395' title='bbox 1961 1621 1976 1648; x_wconf 95' lang='lat'><strong>,</strong></span> <span class='ocrx_word' id='word_1_396' title='bbox 2033 1580 2122 1633; x_wconf 88' lang='lat'><strong>70°</strong></span> <span class='ocrx_word' id='word_1_397' title='bbox 2157 1580 2278 1634; x_wconf 90' lang='lat' dir='ltr'><strong>loco</strong></span> <span class='ocrx_word' id='word_1_398' title='bbox 2323 1579 2393 1634; x_wconf 90' lang='lat' dir='ltr'><strong>ab</strong></span> <span class='ocrx_word' id='word_1_399' title='bbox 2427 1578 2697 1649; x_wconf 83' lang='lat' dir='ltr'><strong>Augusto,</strong></span> <span class='ocrx_word' id='word_1_400' title='bbox 2746 1577 3054 1634; x_wconf 82' lang='lat' dir='ltr'><strong>Romanum</strong></span> <span class='ocrx_word' id='word_1_401' title='bbox 3086 1581 3326 1651; x_wconf 86' lang='lat' dir='ltr'><strong>suscepit</strong></span> 
     </span>
    </p>
   </div>
   <div class='ocr_carea' id='block_1_62' title="bbox 1732 1671 3327 1744">
    <p class='ocr_par' dir='ltr' id='par_1_62' title="bbox 1732 1671 3327 1744">
     <span class='ocr_line' id='line_1_63' title="bbox 1732 1671 3327 1744; baseline 0 -16"><span class='ocrx_word' id='word_1_402' title='bbox 1732 1673 2048 1744; x_wconf 89' lang='lat' dir='ltr'><strong>imperium,</strong></span> <span class='ocrx_word' id='word_1_403' title='bbox 2077 1671 2436 1744; x_wconf 86' lang='lat' dir='ltr'><strong>regnavitque</strong></span> <span class='ocrx_word' id='word_1_404' title='bbox 2483 1671 2646 1726; x_wconf 84' lang='lat' dir='ltr'><strong>annis</strong></span> <span class='ocrx_word' id='word_1_405' title='bbox 2696 1671 2786 1737; x_wconf 69' lang='grc'><strong>51,</strong></span> <span class='ocrx_word' id='word_1_406' title='bbox 2816 1671 3097 1727; x_wconf 90' lang='lat' dir='ltr'><strong>mensibus</strong></span> <span class='ocrx_word' id='word_1_407' title='bbox 3123 1674 3180 1739; x_wconf 90' lang='lat'><strong>2,</strong></span> <span class='ocrx_word' id='word_1_408' title='bbox 3211 1672 3327 1728; x_wconf 90' lang='lat' dir='ltr'><strong>die-</strong></span> 
     </span>
    </p>
   </div>
   <div class='ocr_carea' id='block_1_63' title="bbox 1732 1755 3324 1834">
    <p class='ocr_par' dir='ltr' id='par_1_63' title="bbox 1732 1755 3324 1834">
     <span class='ocr_line' id='line_1_64' title="bbox 1732 1755 3324 1834; baseline -0.003 -11"><span class='ocrx_word' id='word_1_409' title='bbox 1732 1766 1837 1823; x_wconf 89' lang='lat' dir='ltr'><strong>bus</strong></span> <span class='ocrx_word' id='word_1_410' title='bbox 1864 1766 1954 1822; x_wconf 87' lang='lat'><strong>26.</strong></span> <span class='ocrx_word' id='word_1_411' title='bbox 1987 1764 2090 1821; x_wconf 83' lang='lat' dir='ltr'><strong>Hic</strong></span> <span class='ocrx_word' id='word_1_412' title='bbox 2117 1755 2235 1821; x_wconf 80' lang='lat' dir='ltr'><strong>erat</strong></span> <span class='ocrx_word' id='word_1_413' title='bbox 2263 1763 2786 1834; x_wconf 82' lang='lat' dir='ltr'><strong>perniciosissimus,</strong></span> <span class='ocrx_word' id='word_1_414' title='bbox 2817 1761 2966 1818; x_wconf 84' lang='lat' dir='ltr'><strong>ferus</strong></span> <span class='ocrx_word' id='word_1_415' title='bbox 2995 1771 3049 1817; x_wconf 92' lang='lat' dir='ltr'><strong>et</strong></span> <span class='ocrx_word' id='word_1_416' title='bbox 3073 1764 3324 1834; x_wconf 84' lang='lat' dir='ltr'><strong>agrestis,</strong></span> 
     </span>
    </p>
   </div>
   <div class='ocr_carea' id='block_1_64' title="bbox 1731 1855 3329 1930">
    <p class='ocr_par' dir='ltr' id='par_1_64' title="bbox 1731 1855 3329 1930">
     <span class='ocr_line' id='line_1_65' title="bbox 1731 1855 3329 1930; baseline -0.004 -17"><span class='ocrx_word' id='word_1_417' title='bbox 1731 1867 2053 1930; x_wconf 87' lang='lat' dir='ltr'><strong>persecutor</strong></span> <span class='ocrx_word' id='word_1_418' title='bbox 2096 1857 2278 1929; x_wconf 85' lang='lat' dir='ltr'><strong>legum</strong></span> <span class='ocrx_word' id='word_1_419' title='bbox 2311 1872 2343 1912; x_wconf 90' lang='lat' dir='ltr'><strong>a</strong></span> <span class='ocrx_word' id='word_1_420' title='bbox 2372 1855 2622 1927; x_wconf 87' lang='lat' dir='ltr'><strong>patribus</strong></span> <span class='ocrx_word' id='word_1_421' title='bbox 2665 1855 3010 1921; x_wconf 87' lang='lat' dir='ltr'><strong>traditarum,</strong></span> <span class='ocrx_word' id='word_1_422' title='bbox 3045 1855 3329 1927; x_wconf 67' lang='lat' dir='ltr'><strong>tyrannica</strong></span> 
     </span>
    </p>
   </div>
   <div class='ocr_carea' id='block_1_65' title="bbox 1733 1949 3328 2025">
    <p class='ocr_par' dir='ltr' id='par_1_65' title="bbox 1733 1949 3328 2025">
     <span class='ocr_line' id='line_1_66' title="bbox 1733 1949 3328 2025; baseline -0.004 -16"><span class='ocrx_word' id='word_1_423' title='bbox 1733 1969 1842 2010; x_wconf 88' lang='lat' dir='ltr'><strong>non</strong></span> <span class='ocrx_word' id='word_1_424' title='bbox 1869 1954 2110 2025; x_wconf 77' lang='lat' dir='ltr'><strong>legitime</strong></span> <span class='ocrx_word' id='word_1_425' title='bbox 2137 1968 2274 2010; x_wconf 90' lang='lat' dir='ltr'><strong>usus</strong></span> <span class='ocrx_word' id='word_1_426' title='bbox 2304 1951 2555 2021; x_wconf 88' lang='lat' dir='ltr'><strong>imperio,</strong></span> <span class='ocrx_word' id='word_1_427' title='bbox 2585 1951 2764 2021; x_wconf 88' lang='lat' dir='ltr'><strong>primo</strong></span> <span class='ocrx_word' id='word_1_428' title='bbox 2813 1950 3034 2021; x_wconf 89' lang='lat' dir='ltr'><strong>quidem</strong></span> <span class='ocrx_word' id='word_1_429' title='bbox 3063 1965 3094 2004; x_wconf 91' lang='lat' dir='ltr'><strong>a</strong></span> <span class='ocrx_word' id='word_1_430' title='bbox 3125 1949 3237 2004; x_wconf 87' lang='lat' dir='ltr'><strong>Deo</strong></span> <span class='ocrx_word' id='word_1_431' title='bbox 3270 1957 3328 2003; x_wconf 86' lang='lat' dir='ltr'><strong>et</strong></span> 
     </span>
    </p>
   </div>
   <div class='ocr_carea' id='block_1_66' title="bbox 1733 2039 3328 2114">
    <p class='ocr_par' dir='ltr' id='par_1_66' title="bbox 1733 2039 3328 2114">
     <span class='ocr_line' id='line_1_67' title="bbox 1733 2039 3328 2114; baseline -0.003 -16"><span class='ocrx_word' id='word_1_432' title='bbox 1733 2043 2056 2100; x_wconf 86' lang='lat' dir='ltr'><strong>intemerata</strong></span> <span class='ocrx_word' id='word_1_433' title='bbox 2084 2043 2205 2114; x_wconf 89' lang='lat' dir='ltr'><strong>ejus</strong></span> <span class='ocrx_word' id='word_1_434' title='bbox 2233 2042 2499 2114; x_wconf 87' lang='lat' dir='ltr'><strong>genitrice</strong></span> <span class='ocrx_word' id='word_1_435' title='bbox 2525 2049 2581 2096; x_wconf 89' lang='lat' dir='ltr'><strong>et</strong></span> <span class='ocrx_word' id='word_1_436' title='bbox 2613 2041 2870 2096; x_wconf 87' lang='lat' dir='ltr'><strong>omnibus</strong></span> <span class='ocrx_word' id='word_1_437' title='bbox 2901 2039 3108 2096; x_wconf 89' lang='lat' dir='ltr'><strong>sanctis</strong></span> <span class='ocrx_word' id='word_1_438' title='bbox 3134 2039 3328 2111; x_wconf 83' lang='lat' dir='ltr'><strong>absce-</strong></span> 
     </span>
    </p>
   </div>
   <div class='ocr_carea' id='block_1_67' title="bbox 1733 2131 3328 2206">
    <p class='ocr_par' dir='ltr' id='par_1_67' title="bbox 1733 2131 3328 2206">
     <span class='ocr_line' id='line_1_68' title="bbox 1733 2131 3328 2206; baseline -0.004 -15"><span class='ocrx_word' id='word_1_439' title='bbox 1733 2135 1892 2203; x_wconf 86' lang='lat' dir='ltr'><strong>dens,</strong></span> <span class='ocrx_word' id='word_1_440' title='bbox 1919 2135 2170 2206; x_wconf 80' lang='lat' dir='ltr'><strong>magicis,</strong></span> <span class='ocrx_word' id='word_1_441' title='bbox 2200 2133 2486 2190; x_wconf 91' lang='lat' dir='ltr'><strong>maleﬁciis</strong></span> <span class='ocrx_word' id='word_1_442' title='bbox 2520 2142 2575 2186; x_wconf 90' lang='lat' dir='ltr'><strong>et</strong></span> <span class='ocrx_word' id='word_1_443' title='bbox 2604 2131 2840 2187; x_wconf 80' lang='lat' dir='ltr'><strong>luxuriis</strong></span> <span class='ocrx_word' id='word_1_444' title='bbox 2868 2147 2933 2187; x_wconf 91' lang='lat' dir='ltr'><strong>ac</strong></span> <span class='ocrx_word' id='word_1_445' title='bbox 2961 2131 3205 2187; x_wconf 89' lang='lat' dir='ltr'><strong>cruentis</strong></span> <span class='ocrx_word' id='word_1_446' title='bbox 3235 2145 3328 2186; x_wconf 81' lang='lat' dir='ltr'><strong>sa-</strong></span> 
     </span>
    </p>
   </div>
   <div class='ocr_carea' id='block_1_68' title="bbox 1735 2222 3329 2288">
    <p class='ocr_par' dir='ltr' id='par_1_68' title="bbox 1735 2222 3329 2288">
     <span class='ocr_line' id='line_1_69' title="bbox 1735 2222 3329 2288; baseline -0.006 -2"><span class='ocrx_word' id='word_1_447' title='bbox 1735 2227 1958 2286; x_wconf 89' lang='lat' dir='ltr'><strong>criﬁciis</strong></span> <span class='ocrx_word' id='word_1_448' title='bbox 2004 2235 2059 2282; x_wconf 91' lang='lat' dir='ltr'><strong>et</strong></span> <span class='ocrx_word' id='word_1_449' title='bbox 2106 2224 2548 2282; x_wconf 82' lang='lat' dir='ltr'><strong>invocationibus</strong></span> <span class='ocrx_word' id='word_1_450' title='bbox 2613 2223 2925 2278; x_wconf 84' lang='lat' dir='ltr'><strong>daemonum</strong></span> <span class='ocrx_word' id='word_1_451' title='bbox 2986 2222 3287 2277; x_wconf 87' lang='lat' dir='ltr'><strong>delectatus</strong></span> <span class='ocrx_word' id='word_1_452' title='bbox 3312 2263 3329 2288; x_wconf 89' lang='lat'><strong>,</strong></span> 
     </span>
    </p>
   </div>
   <div class='ocr_carea' id='block_1_69' title="bbox 1736 2314 3328 2388">
    <p class='ocr_par' dir='ltr' id='par_1_69' title="bbox 1736 2314 3328 2388">
     <span class='ocr_line' id='line_1_70' title="bbox 1736 2314 3328 2388; baseline -0.005 -12"><span class='ocrx_word' id='word_1_453' title='bbox 1736 2319 2083 2376; x_wconf 89' lang='lat' dir='ltr'><strong>molliciebus</strong></span> <span class='ocrx_word' id='word_1_454' title='bbox 2135 2333 2354 2388; x_wconf 91' lang='lat' dir='ltr'><strong>quoque</strong></span> <span class='ocrx_word' id='word_1_455' title='bbox 2400 2331 2466 2372; x_wconf 89' lang='lat' dir='ltr'><strong>ac</strong></span> <span class='ocrx_word' id='word_1_456' title='bbox 2515 2315 2775 2372; x_wconf 88' lang='lat' dir='ltr'><strong>omnibus</strong></span> <span class='ocrx_word' id='word_1_457' title='bbox 2824 2314 3038 2369; x_wconf 90' lang='lat' dir='ltr'><strong>animas</strong></span> <span class='ocrx_word' id='word_1_458' title='bbox 3073 2329 3328 2369; x_wconf 85' lang='lat' dir='ltr'><strong>corrum-</strong></span> 
     </span>
    </p>
   </div>
   <div class='ocr_carea' id='block_1_70' title="bbox 1735 2405 3334 2484">
    <p class='ocr_par' dir='ltr' id='par_1_70' title="bbox 1735 2405 3334 2484">
     <span class='ocr_line' id='line_1_71' title="bbox 1735 2405 3334 2484; baseline -0.008 -15"><span class='ocrx_word' id='word_1_459' title='bbox 1735 2413 1994 2484; x_wconf 91' lang='lat' dir='ltr'><strong>pentibus</strong></span> <span class='ocrx_word' id='word_1_460' title='bbox 2015 2426 2054 2468; x_wconf 76' lang='lat'><strong>.1</strong></span> <span class='ocrx_word' id='word_1_461' title='bbox 2082 2420 2270 2466; x_wconf 89' lang='lat' dir='ltr'><strong>tenera</strong></span> <span class='ocrx_word' id='word_1_462' title='bbox 2315 2417 2473 2464; x_wconf 62' lang='lat' dir='ltr'><strong>aetate</strong></span> <span class='ocrx_word' id='word_1_463' title='bbox 2505 2408 2825 2473; x_wconf 86' lang='lat' dir='ltr'><strong>convivens,</strong></span> <span class='ocrx_word' id='word_1_464' title='bbox 2857 2405 3334 2476; x_wconf 88' lang='lat' dir='ltr'><strong>persecutionibus</strong></span> 
     </span>
    </p>
   </div>
   <div class='ocr_carea' id='block_1_71' title="bbox 1736 2493 3333 2566">
    <p class='ocr_par' dir='ltr' id='par_1_71' title="bbox 1736 2493 3333 2566">
     <span class='ocr_line' id='line_1_72' title="bbox 1736 2493 3333 2566; baseline -0.006 -9"><span class='ocrx_word' id='word_1_465' title='bbox 1736 2501 1913 2558; x_wconf 90' lang='lat' dir='ltr'><strong>eciam</strong></span> <span class='ocrx_word' id='word_1_466' title='bbox 1961 2508 2278 2556; x_wconf 89' lang='lat' dir='ltr'><strong>sanctarum</strong></span> <span class='ocrx_word' id='word_1_467' title='bbox 2325 2497 2700 2554; x_wconf 75' lang='lat' dir='ltr'><strong>:ecclesiarum</strong></span> <span class='ocrx_word' id='word_1_468' title='bbox 2749 2511 2814 2550; x_wconf 90' lang='lat' dir='ltr'><strong>ac</strong></span> <span class='ocrx_word' id='word_1_469' title='bbox 2865 2493 3333 2566; x_wconf 88' lang='lat' dir='ltr'><strong>peremptionibus</strong></span> 
     </span>
    </p>
   </div>
   <div class='ocr_carea' id='block_1_72' title="bbox 1736 2585 3337 2649">
    <p class='ocr_par' dir='ltr' id='par_1_72' title="bbox 1736 2585 3337 2649">
     <span class='ocr_line' id='line_1_73' title="bbox 1736 2585 3337 2649; baseline -0.006 -1"><span class='ocrx_word' id='word_1_470' title='bbox 1736 2592 2136 2649; x_wconf 86' lang='lat' dir='ltr'><strong>monachorum</strong></span> <span class='ocrx_word' id='word_1_471' title='bbox 2159 2605 2224 2645; x_wconf 91' lang='lat' dir='ltr'><strong>ac</strong></span> <span class='ocrx_word' id='word_1_472' title='bbox 2244 2589 2638 2645; x_wconf 81' lang='lat' dir='ltr'><strong>violationihus</strong></span> <span class='ocrx_word' id='word_1_473' title='bbox 2663 2586 3129 2643; x_wconf 89' lang='lat' dir='ltr'><strong>monasteriorum</strong></span> <span class='ocrx_word' id='word_1_474' title='bbox 3152 2585 3337 2639; x_wconf 87' lang='lat' dir='ltr'><strong>malis-</strong></span> 
     </span>
    </p>
   </div>
   <div class='ocr_carea' id='block_1_73' title="bbox 1736 2675 3332 2757">
    <p class='ocr_par' dir='ltr' id='par_1_73' title="bbox 1736 2675 3332 2757">
     <span class='ocr_line' id='line_1_74' title="bbox 1736 2675 3332 2757; baseline -0.007 -16"><span class='ocrx_word' id='word_1_475' title='bbox 1736 2701 1846 2757; x_wconf 90' lang='lat' dir='ltr'><strong>que</strong></span> <span class='ocrx_word' id='word_1_476' title='bbox 1871 2684 2043 2739; x_wconf 81' lang='lat' dir='ltr'><strong>variis</strong></span> <span class='ocrx_word' id='word_1_477' title='bbox 2088 2695 2534 2753; x_wconf 85' lang='lat' dir='ltr'><strong>supercrescens,</strong></span> <span class='ocrx_word' id='word_1_478' title='bbox 2565 2695 2676 2734; x_wconf 91' lang='lat' dir='ltr'><strong>non</strong></span> <span class='ocrx_word' id='word_1_479' title='bbox 2704 2679 2891 2734; x_wconf 89' lang='lat' dir='ltr'><strong>minus</strong></span> <span class='ocrx_word' id='word_1_480' title='bbox 2919 2692 3086 2748; x_wconf 92' lang='lat' dir='ltr'><strong>quam</strong></span> <span class='ocrx_word' id='word_1_481' title='bbox 3119 2675 3332 2731; x_wconf 85' lang='lat' dir='ltr'><strong>Diocle-</strong></span> 
     </span>
    </p>
   </div>
   <div class='ocr_carea' id='block_1_74' title="bbox 1738 2770 2732 2845">
    <p class='ocr_par' dir='ltr' id='par_1_74' title="bbox 1738 2770 2732 2845">
     <span class='ocr_line' id='line_1_75' title="bbox 1738 2770 2732 2845; baseline -0.008 -14"><span class='ocrx_word' id='word_1_482' title='bbox 1738 2777 1924 2832; x_wconf 89' lang='lat' dir='ltr'><strong>tianus</strong></span> <span class='ocrx_word' id='word_1_483' title='bbox 1951 2774 2226 2845; x_wconf 88' lang='lat' dir='ltr'><strong>ceterique</strong></span> <span class='ocrx_word' id='word_1_484' title='bbox 2253 2771 2465 2842; x_wconf 92' lang='lat' dir='ltr'><strong>antiqui</strong></span> <span class='ocrx_word' id='word_1_485' title='bbox 2495 2770 2732 2842; x_wconf 90' lang='lat' dir='ltr'><strong>tyranni.</strong></span> 
     </span>
    </p>
   </div>
   <div class='ocr_carea' id='block_1_75' title="bbox 1803 2859 3336 2939">
    <p class='ocr_par' dir='ltr' id='par_1_75' title="bbox 1803 2859 3336 2939">
     <span class='ocr_line' id='line_1_76' title="bbox 1803 2859 3336 2939; baseline -0.003 -19"><span class='ocrx_word' id='word_1_486' title='bbox 1803 2866 1980 2939; x_wconf 69' lang='lat' dir='ltr'><strong>(Euan.</strong></span> <span class='ocrx_word' id='word_1_487' title='bbox 2010 2865 2176 2936; x_wconf 68' lang='lat' dir='ltr'><strong>Ann.)</strong></span> <span class='ocrx_word' id='word_1_488' title='bbox 2207 2862 2382 2934; x_wconf 81' lang='lat' dir='ltr'><strong>Hujus</strong></span> <span class='ocrx_word' id='word_1_489' title='bbox 2406 2877 2552 2917; x_wconf 91' lang='lat' dir='ltr'><strong>anno</strong></span> <span class='ocrx_word' id='word_1_490' title='bbox 2578 2861 2776 2931; x_wconf 90' lang='lat' dir='ltr'><strong>primo,</strong></span> <span class='ocrx_word' id='word_1_491' title='bbox 2807 2861 2903 2932; x_wconf 89' lang='lat' dir='ltr'><strong>qui</strong></span> <span class='ocrx_word' id='word_1_492' title='bbox 2932 2869 3020 2916; x_wconf 91' lang='lat' dir='ltr'><strong>est</strong></span> <span class='ocrx_word' id='word_1_493' title='bbox 3043 2859 3336 2916; x_wconf 60' lang='lat' dir='ltr'><strong>dominicae</strong></span> 
     </span>
    </p>
   </div>
   <div class='ocr_carea' id='block_1_76' title="bbox 1738 2948 3337 3030">
    <p class='ocr_par' dir='ltr' id='par_1_76' title="bbox 1738 2948 3337 3030">
     <span class='ocr_line' id='line_1_77' title="bbox 1738 2948 3337 3030; baseline -0.007 -17"><span class='ocrx_word' id='word_1_494' title='bbox 1738 2955 2134 3030; x_wconf 83' lang='lat' dir='ltr'><strong>incarnationis</strong></span> <span class='ocrx_word' id='word_1_495' title='bbox 2183 2954 2308 3022; x_wconf 68' lang='grc'><strong>742,</strong></span> <span class='ocrx_word' id='word_1_496' title='bbox 2360 2952 2617 3018; x_wconf 89' lang='lat' dir='ltr'><strong>Karolus,</strong></span> <span class='ocrx_word' id='word_1_497' title='bbox 2669 2950 2887 3021; x_wconf 89' lang='lat' dir='ltr'><strong>Pippini</strong></span> <span class='ocrx_word' id='word_1_498' title='bbox 2935 2950 3102 3017; x_wconf 90' lang='lat' dir='ltr'><strong>ﬁlius,</strong></span> <span class='ocrx_word' id='word_1_499' title='bbox 3156 2948 3337 3018; x_wconf 87' lang='lat' dir='ltr'><strong>major</strong></span> 
     </span>
    </p>
   </div>
   <div class='ocr_carea' id='block_1_77' title="bbox 1741 3039 3337 3117">
    <p class='ocr_par' dir='ltr' id='par_1_77' title="bbox 1741 3039 3337 3117">
     <span class='ocr_line' id='line_1_78' title="bbox 1741 3039 3337 3117; baseline -0.005 -14"><span class='ocrx_word' id='word_1_500' title='bbox 1741 3046 1939 3104; x_wconf 91' lang='lat' dir='ltr'><strong>domus</strong></span> <span class='ocrx_word' id='word_1_501' title='bbox 1968 3047 2024 3100; x_wconf 90' lang='lat' dir='ltr'><strong>in</strong></span> <span class='ocrx_word' id='word_1_502' title='bbox 2052 3059 2222 3117; x_wconf 86' lang='lat' dir='ltr'><strong>regno</strong></span> <span class='ocrx_word' id='word_1_503' title='bbox 2262 3044 2623 3109; x_wconf 85' lang='lat' dir='ltr'><strong>Francorum,</strong></span> <span class='ocrx_word' id='word_1_504' title='bbox 2660 3042 2817 3109; x_wconf 87' lang='lat' dir='ltr'><strong>obiit,</strong></span> <span class='ocrx_word' id='word_1_505' title='bbox 2844 3041 3164 3111; x_wconf 86' lang='lat' dir='ltr'><strong>relinquens</strong></span> <span class='ocrx_word' id='word_1_506' title='bbox 3194 3039 3337 3095; x_wconf 86' lang='lat' dir='ltr'><strong>ﬁlios</strong></span> 
     </span>
    </p>
   </div>
   <div class='ocr_carea' id='block_1_78' title="bbox 1746 3133 3337 3211">
    <p class='ocr_par' dir='ltr' id='par_1_78' title="bbox 1746 3133 3337 3211">
     <span class='ocr_line' id='line_1_79' title="bbox 1746 3133 3337 3211; baseline -0.006 -15"><span class='ocrx_word' id='word_1_507' title='bbox 1746 3150 1877 3209; x_wconf 84' lang='lat' dir='ltr'><strong>tres,</strong></span> <span class='ocrx_word' id='word_1_508' title='bbox 1907 3139 2222 3211; x_wconf 85' lang='lat' dir='ltr'><strong>Pippinum,</strong></span> <span class='ocrx_word' id='word_1_509' title='bbox 2253 3137 2687 3194; x_wconf 83' lang='lat' dir='ltr'><strong>Karlomannum</strong></span> <span class='ocrx_word' id='word_1_510' title='bbox 2713 3146 2769 3192; x_wconf 91' lang='lat' dir='ltr'><strong>et</strong></span> <span class='ocrx_word' id='word_1_511' title='bbox 2798 3134 3154 3206; x_wconf 88' lang='lat' dir='ltr'><strong>Griphonem.</strong></span> <span class='ocrx_word' id='word_1_512' title='bbox 3186 3133 3337 3199; x_wconf 86' lang='lat' dir='ltr'><strong>Quo-</strong></span> 
     </span>
    </p>
   </div>
   <div class='ocr_carea' id='block_1_79' title="bbox 1744 3229 3335 3302">
    <p class='ocr_par' dir='ltr' id='par_1_79' title="bbox 1744 3229 3335 3302">
     <span class='ocr_line' id='line_1_80' title="bbox 1744 3229 3335 3302; baseline -0.005 -14"><span class='ocrx_word' id='word_1_513' title='bbox 1744 3248 1868 3288; x_wconf 90' lang='lat' dir='ltr'><strong>rum</strong></span> <span class='ocrx_word' id='word_1_514' title='bbox 1919 3232 2149 3302; x_wconf 88' lang='lat' dir='ltr'><strong>Gripho,</strong></span> <span class='ocrx_word' id='word_1_515' title='bbox 2177 3231 2273 3302; x_wconf 90' lang='lat' dir='ltr'><strong>qui</strong></span> <span class='ocrx_word' id='word_1_516' title='bbox 2301 3229 2497 3287; x_wconf 88' lang='lat' dir='ltr'><strong>ceteris</strong></span> <span class='ocrx_word' id='word_1_517' title='bbox 2544 3229 2726 3284; x_wconf 87' lang='lat' dir='ltr'><strong>minor</strong></span> <span class='ocrx_word' id='word_1_518' title='bbox 2773 3237 2905 3282; x_wconf 90' lang='lat' dir='ltr'><strong>natu</strong></span> <span class='ocrx_word' id='word_1_519' title='bbox 2930 3234 3069 3291; x_wconf 87' lang='lat' dir='ltr'><strong>erat,</strong></span> <span class='ocrx_word' id='word_1_520' title='bbox 3102 3236 3335 3281; x_wconf 88' lang='lat' dir='ltr'><strong>matrem</strong></span> 
     </span>
    </p>
   </div>
   <div class='ocr_carea' id='block_1_80' title="bbox 1744 3315 3337 3391">
    <p class='ocr_par' dir='ltr' id='par_1_80' title="bbox 1744 3315 3337 3391">
     <span class='ocr_line' id='line_1_81' title="bbox 1744 3315 3337 3391; baseline -0.006 -9"><span class='ocrx_word' id='word_1_521' title='bbox 1744 3326 1968 3382; x_wconf 87' lang='lat' dir='ltr'><strong>nomine</strong></span> <span class='ocrx_word' id='word_1_522' title='bbox 2019 3323 2408 3380; x_wconf 87' lang='lat' dir='ltr'><strong>Suanahildem</strong></span> <span class='ocrx_word' id='word_1_523' title='bbox 2457 3322 2733 3390; x_wconf 85' lang='lat' dir='ltr'><strong>habebat,</strong></span> <span class='ocrx_word' id='word_1_524' title='bbox 2782 3329 2998 3391; x_wconf 80' lang='lat' dir='ltr'><strong>neptem</strong></span> <span class='ocrx_word' id='word_1_525' title='bbox 3050 3315 3337 3372; x_wconf 86' lang='lat' dir='ltr'><strong>Oudilonis</strong></span> 
     </span>
    </p>
   </div>
   <div class='ocr_carea' id='block_1_81' title="bbox 1743 3411 3337 3485">
    <p class='ocr_par' dir='ltr' id='par_1_81' title="bbox 1743 3411 3337 3485">
     <span class='ocr_line' id='line_1_82' title="bbox 1743 3411 3337 3485; baseline -0.004 -13"><span class='ocrx_word' id='word_1_526' title='bbox 1743 3418 2122 3474; x_wconf 82' lang='lat' dir='ltr'><strong>Bawariorum</strong></span> <span class='ocrx_word' id='word_1_527' title='bbox 2151 3416 2328 3473; x_wconf 88' lang='lat' dir='ltr'><strong>ducis.</strong></span> <span class='ocrx_word' id='word_1_528' title='bbox 2381 3414 2508 3470; x_wconf 62' lang='lat' dir='ltr'><strong>Haec</strong></span> <span class='ocrx_word' id='word_1_529' title='bbox 2559 3415 2712 3470; x_wconf 89' lang='lat' dir='ltr'><strong>illum</strong></span> <span class='ocrx_word' id='word_1_530' title='bbox 2743 3415 2984 3485; x_wconf 87' lang='lat' dir='ltr'><strong>maligno</strong></span> <span class='ocrx_word' id='word_1_531' title='bbox 3009 3412 3240 3468; x_wconf 89' lang='lat' dir='ltr'><strong>consilio</strong></span> <span class='ocrx_word' id='word_1_532' title='bbox 3268 3411 3337 3466; x_wconf 90' lang='lat' dir='ltr'><strong>ad</strong></span> 
     </span>
    </p>
   </div>
   <div class='ocr_carea' id='block_1_82' title="bbox 1745 3505 3334 3584">
    <p class='ocr_par' dir='ltr' id='par_1_82' title="bbox 1745 3505 3334 3584">
     <span class='ocr_line' id='line_1_83' title="bbox 1745 3505 3334 3584; baseline -0.008 -14"><span class='ocrx_word' id='word_1_533' title='bbox 1745 3527 1897 3583; x_wconf 88' lang='lat' dir='ltr'><strong>spem</strong></span> <span class='ocrx_word' id='word_1_534' title='bbox 1923 3511 2077 3584; x_wconf 84' lang='lat' dir='ltr'><strong>regni</strong></span> <span class='ocrx_word' id='word_1_535' title='bbox 2105 3511 2274 3566; x_wconf 73' lang='lat' dir='ltr'><strong>totius</strong></span> <span class='ocrx_word' id='word_1_536' title='bbox 2308 3508 2574 3574; x_wconf 86' lang='lat' dir='ltr'><strong>incitavit,</strong></span> <span class='ocrx_word' id='word_1_537' title='bbox 2617 3508 2673 3562; x_wconf 93' lang='lat' dir='ltr'><strong>in</strong></span> <span class='ocrx_word' id='word_1_538' title='bbox 2718 3515 2930 3562; x_wconf 85' lang='lat' dir='ltr'><strong>tantum</strong></span> <span class='ocrx_word' id='word_1_539' title='bbox 2962 3513 3023 3560; x_wconf 93' lang='lat' dir='ltr'><strong>ut</strong></span> <span class='ocrx_word' id='word_1_540' title='bbox 3047 3505 3166 3561; x_wconf 87' lang='lat' dir='ltr'><strong>sine</strong></span> <span class='ocrx_word' id='word_1_541' title='bbox 3193 3505 3334 3558; x_wconf 74' lang='lat' dir='ltr'><strong>dila-</strong></span> 
     </span>
    </p>
   </div>
   <div class='ocr_carea' id='block_1_83' title="bbox 1743 3595 3341 3670">
    <p class='ocr_par' dir='ltr' id='par_1_83' title="bbox 1743 3595 3341 3670">
     <span class='ocr_line' id='line_1_84' title="bbox 1743 3595 3341 3670; baseline -0.008 -8"><span class='ocrx_word' id='word_1_542' title='bbox 1743 3606 1891 3663; x_wconf 90' lang='lat' dir='ltr'><strong>tione</strong></span> <span class='ocrx_word' id='word_1_543' title='bbox 1918 3604 2244 3660; x_wconf 90' lang='lat' dir='ltr'><strong>Laudunum</strong></span> <span class='ocrx_word' id='word_1_544' title='bbox 2273 3602 2547 3658; x_wconf 87' lang='lat' dir='ltr'><strong>civitatem</strong></span> <span class='ocrx_word' id='word_1_545' title='bbox 2580 3608 2874 3670; x_wconf 89' lang='lat' dir='ltr'><strong>occuparet</strong></span> <span class='ocrx_word' id='word_1_546' title='bbox 2903 3613 2968 3653; x_wconf 92' lang='lat' dir='ltr'><strong>ac</strong></span> <span class='ocrx_word' id='word_1_547' title='bbox 2994 3597 3196 3652; x_wconf 90' lang='lat' dir='ltr'><strong>bellum</strong></span> <span class='ocrx_word' id='word_1_548' title='bbox 3229 3595 3341 3651; x_wconf 78' lang='lat' dir='ltr'><strong>fra-</strong></span> 
     </span>
    </p>
   </div>
   <div class='ocr_carea' id='block_1_84' title="bbox 1743 3685 3338 3759">
    <p class='ocr_par' dir='ltr' id='par_1_84' title="bbox 1743 3685 3338 3759">
     <span class='ocr_line' id='line_1_85' title="bbox 1743 3685 3338 3759; baseline -0.007 -9"><span class='ocrx_word' id='word_1_549' title='bbox 1743 3696 1920 3753; x_wconf 89' lang='lat' dir='ltr'><strong>tribus</strong></span> <span class='ocrx_word' id='word_1_550' title='bbox 1943 3695 2226 3751; x_wconf 88' lang='lat' dir='ltr'><strong>indiceret.</strong></span> <span class='ocrx_word' id='word_1_551' title='bbox 2245 3690 2351 3759; x_wconf 85' lang='lat' dir='ltr'><strong>Qui</strong></span> <span class='ocrx_word' id='word_1_552' title='bbox 2373 3691 2621 3748; x_wconf 88' lang='lat' dir='ltr'><strong>celeriter</strong></span> <span class='ocrx_word' id='word_1_553' title='bbox 2647 3690 2891 3746; x_wconf 73' lang='lat' dir='ltr'><strong>exercitu</strong></span> <span class='ocrx_word' id='word_1_554' title='bbox 2913 3687 3165 3754; x_wconf 85' lang='lat' dir='ltr'><strong>collecto,</strong></span> <span class='ocrx_word' id='word_1_555' title='bbox 3190 3685 3338 3740; x_wconf 71' lang='lat' dir='ltr'><strong>Leu-</strong></span> 
     </span>
    </p>
   </div>
   <div class='ocr_carea' id='block_1_85' title="bbox 1744 3780 3338 3852">
    <p class='ocr_par' dir='ltr' id='par_1_85' title="bbox 1744 3780 3338 3852">
     <span class='ocr_line' id='line_1_86' title="bbox 1744 3780 3338 3852; baseline -0.006 -7"><span class='ocrx_word' id='word_1_556' title='bbox 1744 3791 1954 3846; x_wconf 90' lang='lat' dir='ltr'><strong>dunum</strong></span> <span class='ocrx_word' id='word_1_557' title='bbox 1981 3788 2314 3852; x_wconf 90' lang='lat' dir='ltr'><strong>obsidentes,</strong></span> <span class='ocrx_word' id='word_1_558' title='bbox 2342 3785 2568 3840; x_wconf 80' lang='lat' dir='ltr'><strong>fratrem</strong></span> <span class='ocrx_word' id='word_1_559' title='bbox 2594 3784 2650 3839; x_wconf 92' lang='lat' dir='ltr'><strong>in</strong></span> <span class='ocrx_word' id='word_1_560' title='bbox 2673 3783 3006 3839; x_wconf 89' lang='lat' dir='ltr'><strong>deditionem</strong></span> <span class='ocrx_word' id='word_1_561' title='bbox 3039 3780 3338 3851; x_wconf 85' lang='lat' dir='ltr'><strong>accipiunt.</strong></span> 
     </span>
    </p>
   </div>
   <div class='ocr_carea' id='block_1_86' title="bbox 1745 3871 3338 3951">
    <p class='ocr_par' dir='ltr' id='par_1_86' title="bbox 1745 3871 3338 3951">
     <span class='ocr_line' id='line_1_87' title="bbox 1745 3871 3338 3951; baseline -0.008 -13"><span class='ocrx_word' id='word_1_562' title='bbox 1745 3891 1910 3951; x_wconf 88' lang='lat' dir='ltr'><strong>atque</strong></span> <span class='ocrx_word' id='word_1_563' title='bbox 1939 3881 2064 3936; x_wconf 90' lang='lat' dir='ltr'><strong>inde</strong></span> <span class='ocrx_word' id='word_1_564' title='bbox 2104 3879 2172 3935; x_wconf 90' lang='lat' dir='ltr'><strong>ad</strong></span> <span class='ocrx_word' id='word_1_565' title='bbox 2203 3877 2569 3933; x_wconf 88' lang='lat' dir='ltr'><strong>ordinandum</strong></span> <span class='ocrx_word' id='word_1_566' title='bbox 2609 3889 2839 3945; x_wconf 82' lang='lat' dir='ltr'><strong>regnum</strong></span> <span class='ocrx_word' id='word_1_567' title='bbox 2889 3888 2955 3928; x_wconf 89' lang='lat' dir='ltr'><strong>ac</strong></span> <span class='ocrx_word' id='word_1_568' title='bbox 2997 3871 3338 3943; x_wconf 85' lang='lat' dir='ltr'><strong>provincias,</strong></span> 
     </span>
    </p>
   </div>
   <div class='ocr_carea' id='block_1_87' title="bbox 1744 3962 3342 4044">
    <p class='ocr_par' dir='ltr' id='par_1_87' title="bbox 1744 3962 3342 4044">
     <span class='ocr_line' id='line_1_88' title="bbox 1744 3962 3342 4044; baseline -0.006 -18"><span class='ocrx_word' id='word_1_569' title='bbox 1744 3989 1868 4044; x_wconf 66' lang='lat' dir='ltr'><strong>quae</strong></span> <span class='ocrx_word' id='word_1_570' title='bbox 1885 3981 2010 4042; x_wconf 92' lang='lat' dir='ltr'><strong>post</strong></span> <span class='ocrx_word' id='word_1_571' title='bbox 2031 3979 2262 4027; x_wconf 91' lang='lat' dir='ltr'><strong>mortem</strong></span> <span class='ocrx_word' id='word_1_572' title='bbox 2283 3969 2454 4038; x_wconf 89' lang='lat' dir='ltr'><strong>patris</strong></span> <span class='ocrx_word' id='word_1_573' title='bbox 2475 3983 2505 4022; x_wconf 92' lang='lat' dir='ltr'><strong>a</strong></span> <span class='ocrx_word' id='word_1_574' title='bbox 2527 3966 2865 4021; x_wconf 86' lang='lat' dir='ltr'><strong>Francorum</strong></span> <span class='ocrx_word' id='word_1_575' title='bbox 2885 3965 3146 4020; x_wconf 88' lang='lat' dir='ltr'><strong>societate</strong></span> <span class='ocrx_word' id='word_1_576' title='bbox 3163 3962 3342 4018; x_wconf 87' lang='lat' dir='ltr'><strong>desci-</strong></span> 
     </span>
    </p>
   </div>
   <div class='ocr_carea' id='block_1_88' title="bbox 1745 4056 3338 4133">
    <p class='ocr_par' dir='ltr' id='par_1_88' title="bbox 1745 4056 3338 4133">
     <span class='ocr_line' id='line_1_89' title="bbox 1745 4056 3338 4133; baseline -0.008 -11"><span class='ocrx_word' id='word_1_577' title='bbox 1745 4074 1976 4132; x_wconf 83' lang='lat' dir='ltr'><strong>verant,</strong></span> <span class='ocrx_word' id='word_1_578' title='bbox 2014 4063 2417 4133; x_wconf 90' lang='lat' dir='ltr'><strong>recuperandas</strong></span> <span class='ocrx_word' id='word_1_579' title='bbox 2457 4060 2672 4115; x_wconf 90' lang='lat' dir='ltr'><strong>animos</strong></span> <span class='ocrx_word' id='word_1_580' title='bbox 2713 4058 3046 4122; x_wconf 88' lang='lat' dir='ltr'><strong>intendunt,</strong></span> <span class='ocrx_word' id='word_1_581' title='bbox 3088 4065 3144 4111; x_wconf 88' lang='lat' dir='ltr'><strong>et</strong></span> <span class='ocrx_word' id='word_1_582' title='bbox 3183 4065 3244 4117; x_wconf 81' lang='lat' dir='ltr'><strong>ut</strong></span> <span class='ocrx_word' id='word_1_583' title='bbox 3281 4056 3338 4110; x_wconf 91' lang='lat' dir='ltr'><strong>in</strong></span> 
     </span>
    </p>
   </div>
   <div class='ocr_carea' id='block_1_89' title="bbox 1745 4147 3342 4229">
    <p class='ocr_par' dir='ltr' id='par_1_89' title="bbox 1745 4147 3342 4229">
     <span class='ocr_line' id='line_1_90' title="bbox 1745 4147 3342 4229; baseline -0.011 -12"><span class='ocrx_word' id='word_1_584' title='bbox 1745 4169 1969 4217; x_wconf 80' lang='lat' dir='ltr'><strong>externa</strong></span> <span class='ocrx_word' id='word_1_585' title='bbox 2002 4156 2229 4229; x_wconf 85' lang='lat' dir='ltr'><strong>profecti</strong></span> <span class='ocrx_word' id='word_1_586' title='bbox 2262 4154 2412 4212; x_wconf 89' lang='lat' dir='ltr'><strong>domi</strong></span> <span class='ocrx_word' id='word_1_587' title='bbox 2447 4153 2633 4208; x_wconf 90' lang='lat' dir='ltr'><strong>omnia</strong></span> <span class='ocrx_word' id='word_1_588' title='bbox 2663 4159 2779 4207; x_wconf 87' lang='lat' dir='ltr'><strong>tuta</strong></span> <span class='ocrx_word' id='word_1_589' title='bbox 2809 4149 3166 4214; x_wconf 89' lang='lat' dir='ltr'><strong>dimitterent,</strong></span> <span class='ocrx_word' id='word_1_590' title='bbox 3204 4147 3342 4202; x_wconf 77' lang='lat' dir='ltr'><strong>Kar-</strong></span> 
     </span>
    </p>
   </div>
   <div class='ocr_carea' id='block_1_90' title="bbox 1747 4239 3343 4322">
    <p class='ocr_par' dir='ltr' id='par_1_90' title="bbox 1747 4239 3343 4322">
     <span class='ocr_line' id='line_1_91' title="bbox 1747 4239 3343 4322; baseline -0.011 -13"><span class='ocrx_word' id='word_1_591' title='bbox 1747 4255 2039 4310; x_wconf 86' lang='lat' dir='ltr'><strong>lomannus</strong></span> <span class='ocrx_word' id='word_1_592' title='bbox 2091 4250 2424 4322; x_wconf 86' lang='lat' dir='ltr'><strong>Griphonem</strong></span> <span class='ocrx_word' id='word_1_593' title='bbox 2464 4247 2521 4302; x_wconf 91' lang='lat' dir='ltr'><strong>in</strong></span> <span class='ocrx_word' id='word_1_594' title='bbox 2559 4260 2700 4300; x_wconf 88' lang='lat' dir='ltr'><strong>novo</strong></span> <span class='ocrx_word' id='word_1_595' title='bbox 2733 4243 2825 4275; x_wconf 73' lang='grc' dir='ltr'><strong>¹¹⁰ί</strong></span> <span class='ocrx_word' id='word_1_596' title='bbox 2875 4241 3102 4297; x_wconf 86' lang='lat' dir='ltr'><strong>castello</strong></span> <span class='ocrx_word' id='word_1_597' title='bbox 3125 4282 3141 4306; x_wconf 95' lang='lat'><strong>,</strong></span> <span class='ocrx_word' id='word_1_598' title='bbox 3194 4239 3343 4310; x_wconf 88' lang='lat' dir='ltr'><strong>quod</strong></span> 
     </span>
    </p>
   </div>
   <div class='ocr_carea' id='block_1_91' title="bbox 1742 4332 3342 4419">
    <p class='ocr_par' dir='ltr' id='par_1_91' title="bbox 1742 4332 3342 4419">
     <span class='ocr_line' id='line_1_92' title="bbox 1742 4332 3342 4419; baseline -0.01 -17"><span class='ocrx_word' id='word_1_599' title='bbox 1742 4347 1898 4419; x_wconf 82' lang='lat' dir='ltr'><strong>juxta</strong></span> <span class='ocrx_word' id='word_1_600' title='bbox 1925 4343 2230 4400; x_wconf 86' lang='lat' dir='ltr'><strong>Arvernum</strong></span> <span class='ocrx_word' id='word_1_601' title='bbox 2256 4343 2420 4399; x_wconf 91' lang='lat' dir='ltr'><strong>situm</strong></span> <span class='ocrx_word' id='word_1_602' title='bbox 2448 4348 2572 4406; x_wconf 90' lang='lat' dir='ltr'><strong>est,</strong></span> <span class='ocrx_word' id='word_1_603' title='bbox 2617 4335 2884 4394; x_wconf 90' lang='lat' dir='ltr'><strong>custodiri</strong></span> <span class='ocrx_word' id='word_1_604' title='bbox 2934 4333 3092 4398; x_wconf 77' lang='lat' dir='ltr'><strong>fecit,</strong></span> <span class='ocrx_word' id='word_1_605' title='bbox 3134 4332 3188 4386; x_wconf 93' lang='lat' dir='ltr'><strong>in</strong></span> <span class='ocrx_word' id='word_1_606' title='bbox 3232 4347 3342 4400; x_wconf 86' lang='lat' dir='ltr'><strong>qua</strong></span> 
     </span>
    </p>
   </div>
   <div class='ocr_carea' id='block_1_92' title="bbox 107 4413 1638 4506">
    <p class='ocr_par' dir='ltr' id='par_1_92' title="bbox 107 4413 1638 4490">
     <span class='ocr_line' id='line_1_93' title="bbox 107 4413 1638 4490; baseline -0.003 -16"><span class='ocrx_word' id='word_1_607' title='bbox 107 4420 195 4474; x_wconf 85' lang='grc'><strong>18.</strong></span> <span class='ocrx_word' id='word_1_608' title='bbox 235 4420 331 4474; x_wconf 89' lang='grc'><strong>16.</strong></span> <span class='ocrx_word' id='word_1_609' title='bbox 367 4418 518 4490; x_wconf 87' lang='lat' dir='ltr'><strong>(Chr.</strong></span> <span class='ocrx_word' id='word_1_610' title='bbox 549 4416 663 4488; x_wconf 87' lang='lat' dir='ltr'><strong>W.)</strong></span> <span class='ocrx_word' id='word_1_611' title='bbox 711 4417 776 4472; x_wconf 85' lang='lat' dir='ltr'><strong>A.</strong></span> <span class='ocrx_word' id='word_1_612' title='bbox 809 4416 873 4474; x_wconf 92' lang='lat' dir='ltr'><strong>D.</strong></span> <span class='ocrx_word' id='word_1_613' title='bbox 908 4417 1030 4472; x_wconf 88' lang='grc'><strong>755.</strong></span> <span class='ocrx_word' id='word_1_614' title='bbox 1067 4415 1299 4472; x_wconf 87' lang='lat' dir='ltr'><strong>Karolus</strong></span> <span class='ocrx_word' id='word_1_615' title='bbox 1331 4414 1509 4486; x_wconf 87' lang='lat' dir='ltr'><strong>major</strong></span> <span class='ocrx_word' id='word_1_616' title='bbox 1541 4413 1638 4470; x_wconf 89' lang='lat' dir='ltr'><strong>do-</strong></span> 
     </span>
    </p>
   </div>
   <div class='ocr_carea' id='block_1_93' title="bbox 1748 4413 3340 4506">
    <p class='ocr_par' dir='ltr' id='par_1_93' title="bbox 1748 4413 3340 4506">
     <span class='ocr_line' id='line_1_94' title="bbox 1748 4413 3340 4506; baseline -0.01 -11"><span class='ocrx_word' id='word_1_617' title='bbox 1748 4413 1998 4496; x_wconf 81' lang='lat' dir='ltr'><strong>custodia</strong></span> <span class='ocrx_word' id='word_1_618' title='bbox 2023 4451 2198 4506; x_wconf 90' lang='lat' dir='ltr'><strong>usque</strong></span> <span class='ocrx_word' id='word_1_619' title='bbox 2223 4436 2291 4491; x_wconf 92' lang='lat' dir='ltr'><strong>ad</strong></span> <span class='ocrx_word' id='word_1_620' title='bbox 2318 4435 2372 4489; x_wconf 92' lang='lat' dir='ltr'><strong>id</strong></span> <span class='ocrx_word' id='word_1_621' title='bbox 2402 4443 2638 4504; x_wconf 84' lang='lat' dir='ltr'><strong>tempus,</strong></span> <span class='ocrx_word' id='word_1_622' title='bbox 2681 4445 2792 4501; x_wconf 88' lang='lat' dir='ltr'><strong>quo</strong></span> <span class='ocrx_word' id='word_1_623' title='bbox 2821 4429 2964 4484; x_wconf 89' lang='lat' dir='ltr'><strong>idem</strong></span> <span class='ocrx_word' id='word_1_624' title='bbox 3009 4425 3340 4482; x_wconf 86' lang='lat' dir='ltr'><strong>Karloman-</strong></span> 
     </span>
    </p>
   </div>
   <div class='ocr_carea' id='block_1_94' title="bbox 51 4512 684 4569">
    <p class='ocr_par' dir='ltr' id='par_1_94' title="bbox 51 4512 684 4569">
     <span class='ocr_line' id='line_1_95' title="bbox 51 4512 684 4569; baseline -0.003 -2"><span class='ocrx_word' id='word_1_625' title='bbox 51 4528 169 4568; x_wconf 76' lang='lat' dir='ltr'><strong>mus</strong></span> <span class='ocrx_word' id='word_1_626' title='bbox 197 4512 458 4569; x_wconf 81' lang='lat' dir='ltr'><strong>Fresiam</strong></span> <span class='ocrx_word' id='word_1_627' title='bbox 487 4519 684 4566; x_wconf 87' lang='lat' dir='ltr'><strong>vastat.</strong></span> 
     </span>
    </p>
   </div>
   <div class='ocr_carea' id='block_1_95' title="bbox 113 4600 1645 4661">
    <p class='ocr_par' dir='ltr' id='par_1_95' title="bbox 113 4600 1645 4661">
     <span class='ocr_line' id='line_1_96' title="bbox 113 4600 1645 4661; baseline -0.003 -3"><span class='ocrx_word' id='word_1_628' title='bbox 113 4605 359 4661; x_wconf 60' lang='lat'><strong>19.17.</strong></span> <span class='ocrx_word' id='word_1_629' title='bbox 421 4603 487 4659; x_wconf 82' lang='grc' dir='ltr'><strong>Α.</strong></span> <span class='ocrx_word' id='word_1_630' title='bbox 521 4602 583 4658; x_wconf 92' lang='lat' dir='ltr'><strong>D.</strong></span> <span class='ocrx_word' id='word_1_631' title='bbox 631 4603 753 4658; x_wconf 73' lang='grc'><strong>751.</strong></span> <span class='ocrx_word' id='word_1_632' title='bbox 802 4600 1036 4657; x_wconf 85' lang='lat' dir='ltr'><strong>Karolus</strong></span> <span class='ocrx_word' id='word_1_633' title='bbox 1085 4601 1437 4658; x_wconf 85' lang='lat' dir='ltr'><strong>Wasconiam</strong></span> <span class='ocrx_word' id='word_1_634' title='bbox 1491 4600 1645 4654; x_wconf 84' lang='lat' dir='ltr'><strong>inva-</strong></span> 
     </span>
    </p>
   </div>
   <div class='ocr_carea' id='block_1_96' title="bbox 51 4696 257 4752">
    <p class='ocr_par' dir='ltr' id='par_1_96' title="bbox 51 4696 257 4752">
     <span class='ocr_line' id='line_1_97' title="bbox 51 4696 257 4752; baseline 0.01 -2"><span class='ocrx_word' id='word_1_635' title='bbox 51 4696 135 4750; x_wconf 90' lang='lat' dir='ltr'><strong>sit.</strong></span> <span class='ocrx_word' id='word_1_636' title='bbox 165 4697 257 4752; x_wconf 74' lang='lat' dir='ltr'><strong>‘i.</strong></span> 
     </span>
    </p>
   </div>
   <div class='ocr_carea' id='block_1_97' title="bbox 191 4697 1650 4860">
    <p class='ocr_par' dir='ltr' id='par_1_97' title="bbox 191 4697 1650 4860">
     <span class='ocr_line' id='line_1_98' title="bbox 191 4697 1650 4860; baseline -0.005 -15"><span class='ocrx_word' id='word_1_637' title='bbox 191 4697 288 4860; x_wconf 45' lang='lat' dir='ltr'><strong>fi.)</strong></span> <span class='ocrx_word' id='word_1_638' title='bbox 327 4788 418 4860; x_wconf 85' lang='grc'><strong>10.</strong></span> <span class='ocrx_word' id='word_1_639' title='bbox 453 4787 540 4843; x_wconf 94' lang='grc'><strong>11.</strong></span> <span class='ocrx_word' id='word_1_640' title='bbox 591 4787 794 4860; x_wconf 70' lang='lat' dir='ltr'><strong>addunt</strong></span> <span class='ocrx_word' id='word_1_641' title='bbox 819 4801 838 4840; x_wconf 90' lang='lat'><strong><em>:</em></strong></span> <span class='ocrx_word' id='word_1_642' title='bbox 870 4783 970 4860; x_wconf 64' lang='lat' dir='ltr'><strong>[ito</strong></span> <span class='ocrx_word' id='word_1_643' title='bbox 1011 4784 1281 4860; x_wconf 79' lang='lat' dir='ltr'><strong>Augensis</strong></span> <span class='ocrx_word' id='word_1_644' title='bbox 1328 4783 1516 4849; x_wconf 82' lang='lat' dir='ltr'><strong>abbas,</strong></span> <span class='ocrx_word' id='word_1_645' title='bbox 1544 4783 1650 4860; x_wconf 76' lang='lat' dir='ltr'><strong>_Ar-</strong></span> 
     </span>
    </p>
   </div>
   <div class='ocr_carea' id='block_1_98' title="bbox 266 4853 1649 4931">
    <p class='ocr_par' dir='ltr' id='par_1_98' title="bbox 266 4853 1649 4931">
     <span class='ocr_line' id='line_1_99' title="bbox 266 4853 1649 4931; baseline -0.004 -17"><span class='ocrx_word' id='word_1_646' title='bbox 266 4853 834 4931; x_wconf 59' lang='lat' dir='ltr'><strong>gentingeepiscopus</strong></span> <span class='ocrx_word' id='word_1_647' title='bbox 865 4855 1061 4931; x_wconf 78' lang='lat' dir='ltr'><strong>factus,</strong></span> <span class='ocrx_word' id='word_1_648' title='bbox 1092 4853 1380 4931; x_wconf 68' lang='lat' dir='ltr'><strong>cenobium</strong></span> <span class='ocrx_word' id='word_1_649' title='bbox 1411 4853 1649 4910; x_wconf 84' lang='lat' dir='ltr'><strong>nominis</strong></span> 
     </span>
    </p>
   </div>
   <div class='ocr_carea' id='block_1_99' title="bbox 270 4923 1433 4985">
    <p class='ocr_par' dir='ltr' id='par_1_99' title="bbox 270 4923 1433 4985">
     <span class='ocr_line' id='line_1_100' title="bbox 270 4923 1433 4985; baseline -0.005 -1"><span class='ocrx_word' id='word_1_650' title='bbox 270 4923 362 4985; x_wconf 71' lang='lat' dir='ltr'><strong>sui</strong></span> <span class='ocrx_word' id='word_1_651' title='bbox 394 4923 664 4983; x_wconf 78' lang='lat' dir='ltr'><strong>Etinhcim</strong></span> <span class='ocrx_word' id='word_1_652' title='bbox 695 4923 1021 4983; x_wconf 78' lang='lat' dir='ltr'><strong>construxit.</strong></span> <span class='ocrx_word' id='word_1_653' title='bbox 1061 4941 1127 4979; x_wconf 72' lang='lat' dir='ltr'><strong>ex</strong></span> <span class='ocrx_word' id='word_1_654' title='bbox 1148 4923 1433 4979; x_wconf 86' lang='lat' dir='ltr'><strong>Bernoldo.</strong></span> 
     </span>
    </p>
   </div>
   <div class='ocr_carea' id='block_1_100' title="bbox 114 5013 1646 5091">
    <p class='ocr_par' dir='ltr' id='par_1_100' title="bbox 114 5013 1646 5091">
     <span class='ocr_line' id='line_1_101' title="bbox 114 5013 1646 5091; baseline -0.004 -16"><span class='ocrx_word' id='word_1_655' title='bbox 114 5021 206 5076; x_wconf 91' lang='grc'><strong>20.</strong></span> <span class='ocrx_word' id='word_1_656' title='bbox 244 5021 341 5076; x_wconf 88' lang='grc'><strong>18.</strong></span> <span class='ocrx_word' id='word_1_657' title='bbox 379 5019 528 5089; x_wconf 87' lang='lat' dir='ltr'><strong>(Chr.</strong></span> <span class='ocrx_word' id='word_1_658' title='bbox 555 5019 668 5091; x_wconf 87' lang='lat' dir='ltr'><strong>W.)</strong></span> <span class='ocrx_word' id='word_1_659' title='bbox 699 5019 760 5072; x_wconf 75' lang='grc' dir='ltr'><strong>Α.</strong></span> <span class='ocrx_word' id='word_1_660' title='bbox 794 5017 859 5073; x_wconf 88' lang='grc'><strong>1).</strong></span> <span class='ocrx_word' id='word_1_661' title='bbox 886 5017 1010 5072; x_wconf 89' lang='lat'><strong>735.</strong></span> <span class='ocrx_word' id='word_1_662' title='bbox 1037 5015 1332 5072; x_wconf 89' lang='lat' dir='ltr'><strong>Zacharias</strong></span> <span class='ocrx_word' id='word_1_663' title='bbox 1359 5030 1498 5085; x_wconf 92' lang='lat' dir='ltr'><strong>papa</strong></span> <span class='ocrx_word' id='word_1_664' title='bbox 1519 5013 1646 5070; x_wconf 60' lang='lat' dir='ltr'><strong>9i&quot;!</strong></span> 
     </span>
    </p>
   </div>
   <div class='ocr_carea' id='block_1_101' title="bbox 50 5106 1652 5181">
    <p class='ocr_par' dir='ltr' id='par_1_101' title="bbox 50 5106 1652 5181">
     <span class='ocr_line' id='line_1_102' title="bbox 50 5106 1652 5181; baseline -0.002 -16"><span class='ocrx_word' id='word_1_665' title='bbox 50 5114 189 5166; x_wconf 74' lang='lat' dir='ltr'><strong>sedit</strong></span> <span class='ocrx_word' id='word_1_666' title='bbox 218 5128 408 5167; x_wconf 88' lang='lat' dir='ltr'><strong>annos</strong></span> <span class='ocrx_word' id='word_1_667' title='bbox 443 5110 526 5165; x_wconf 92' lang='grc'><strong>18.</strong></span> <span class='ocrx_word' id='word_1_668' title='bbox 558 5109 656 5166; x_wconf 83' lang='lat' dir='ltr'><strong>Hic</strong></span> <span class='ocrx_word' id='word_1_669' title='bbox 683 5119 920 5181; x_wconf 88' lang='lat' dir='ltr'><strong>quatuor</strong></span> <span class='ocrx_word' id='word_1_670' title='bbox 939 5109 1111 5165; x_wconf 85' lang='lat' dir='ltr'><strong>libros</strong></span> <span class='ocrx_word' id='word_1_671' title='bbox 1139 5107 1482 5180; x_wconf 82' lang='lat' dir='ltr'><strong>dialogorum</strong></span> <span class='ocrx_word' id='word_1_672' title='bbox 1506 5106 1652 5162; x_wconf 89' lang='lat' dir='ltr'><strong>beati</strong></span> 
     </span>
    </p>
   </div>
   <div class='ocr_carea' id='block_1_102' title="bbox 49 5201 995 5275">
    <p class='ocr_par' dir='ltr' id='par_1_102' title="bbox 49 5201 995 5275">
     <span class='ocr_line' id='line_1_103' title="bbox 49 5201 995 5275; baseline -0.003 -16"><span class='ocrx_word' id='word_1_673' title='bbox 49 5204 309 5275; x_wconf 82' lang='lat' dir='ltr'><strong>Gregorii</strong></span> <span class='ocrx_word' id='word_1_674' title='bbox 340 5204 621 5258; x_wconf 89' lang='lat' dir='ltr'><strong>transtulit</strong></span> <span class='ocrx_word' id='word_1_675' title='bbox 651 5203 707 5257; x_wconf 91' lang='lat' dir='ltr'><strong>in</strong></span> <span class='ocrx_word' id='word_1_676' title='bbox 737 5201 995 5258; x_wconf 88' lang='lat' dir='ltr'><strong>Grecum.</strong></span> 
     </span>
    </p>
   </div>
   <div class='ocr_carea' id='block_1_103' title="bbox 119 5291 1650 5350">
    <p class='ocr_par' dir='ltr' id='par_1_103' title="bbox 119 5291 1650 5350">
     <span class='ocr_line' id='line_1_104' title="bbox 119 5291 1650 5350; baseline -0.003 -1"><span class='ocrx_word' id='word_1_677' title='bbox 119 5297 212 5349; x_wconf 84' lang='grc'><strong>22.</strong></span> <span class='ocrx_word' id='word_1_678' title='bbox 248 5294 349 5350; x_wconf 87' lang='grc'><strong>20.</strong></span> <span class='ocrx_word' id='word_1_679' title='bbox 387 5293 452 5349; x_wconf 84' lang='grc' dir='ltr'><strong>Α.</strong></span> <span class='ocrx_word' id='word_1_680' title='bbox 484 5293 547 5348; x_wconf 90' lang='lat' dir='ltr'><strong>D.</strong></span> <span class='ocrx_word' id='word_1_681' title='bbox 583 5294 703 5349; x_wconf 91' lang='grc'><strong>757.</strong></span> <span class='ocrx_word' id='word_1_682' title='bbox 759 5292 1130 5349; x_wconf 90' lang='lat' dir='ltr'><strong>Theodericus</strong></span> <span class='ocrx_word' id='word_1_683' title='bbox 1181 5291 1650 5348; x_wconf 76' lang='lat' dir='ltr'><strong>rex.Francorum</strong></span> 
     </span>
    </p>
   </div>
   <div class='ocr_carea' id='block_1_104' title="bbox 49 5385 614 5459">
    <p class='ocr_par' dir='ltr' id='par_1_104' title="bbox 49 5385 614 5459">
     <span class='ocr_line' id='line_1_105' title="bbox 49 5385 614 5459; baseline 0.002 -21"><span class='ocrx_word' id='word_1_684' title='bbox 49 5387 192 5443; x_wconf 82' lang='lat' dir='ltr'><strong>obiit</strong></span> <span class='ocrx_word' id='word_1_685' title='bbox 230 5385 339 5459; x_wconf 83' lang='lat' dir='ltr'><strong>(cf.</strong></span> <span class='ocrx_word' id='word_1_686' title='bbox 376 5385 438 5440; x_wconf 74' lang='grc' dir='ltr'><strong>ο.</strong></span> <span class='ocrx_word' id='word_1_687' title='bbox 472 5385 614 5456; x_wconf 85' lang='lat' dir='ltr'><strong>Fr.).</strong></span> 
     </span>
    </p>
   </div>
   <div class='ocr_carea' id='block_1_105' title="bbox 1755 4519 3190 4599">
    <p class='ocr_par' dir='ltr' id='par_1_105' title="bbox 1755 4519 3190 4599">
     <span class='ocr_line' id='line_1_106' title="bbox 1755 4519 3190 4599; baseline -0.01 -11"><span class='ocrx_word' id='word_1_688' title='bbox 1755 4548 1862 4587; x_wconf 86' lang='lat' dir='ltr'><strong>nus</strong></span> <span class='ocrx_word' id='word_1_689' title='bbox 1888 4531 2119 4584; x_wconf 82' lang='lat' dir='ltr'><strong>Romam</strong></span> <span class='ocrx_word' id='word_1_690' title='bbox 2143 4527 2418 4599; x_wconf 76' lang='lat' dir='ltr'><strong>profectus</strong></span> <span class='ocrx_word' id='word_1_691' title='bbox 2442 4535 2548 4593; x_wconf 92' lang='lat' dir='ltr'><strong>est,</strong></span> <span class='ocrx_word' id='word_1_692' title='bbox 2573 4524 2774 4581; x_wconf 89' lang='lat' dir='ltr'><strong>dicitur</strong></span> <span class='ocrx_word' id='word_1_693' title='bbox 2796 4519 3190 4593; x_wconf 88' lang='lat' dir='ltr'><strong>permansisse.</strong></span> 
     </span>
    </p>
   </div>
   <div class='ocr_carea' id='block_1_106' title="bbox 1823 4619 2523 4695">
    <p class='ocr_par' dir='ltr' id='par_1_106' title="bbox 1823 4619 2523 4695">
     <span class='ocr_line' id='line_1_107' title="bbox 1823 4619 2523 4695; baseline -0.01 -16"><span class='ocrx_word' id='word_1_694' title='bbox 1823 4623 2039 4695; x_wconf 89' lang='lat' dir='ltr'><strong>Pippini</strong></span> <span class='ocrx_word' id='word_1_695' title='bbox 2067 4630 2122 4677; x_wconf 92' lang='lat' dir='ltr'><strong>et</strong></span> <span class='ocrx_word' id='word_1_696' title='bbox 2149 4619 2523 4675; x_wconf 82' lang='lat' dir='ltr'><strong>Karlomanni.</strong></span> 
     </span>
    </p>
   </div>
   <div class='ocr_carea' id='block_1_107' title="bbox 1829 4722 3344 4802">
    <p class='ocr_par' dir='ltr' id='par_1_107' title="bbox 1829 4722 3344 4802">
     <span class='ocr_line' id='line_1_108' title="bbox 1829 4722 3344 4802; baseline -0.012 -9"><span class='ocrx_word' id='word_1_697' title='bbox 1829 4739 1880 4793; x_wconf 90' lang='grc'>1.</span> <span class='ocrx_word' id='word_1_698' title='bbox 1921 4737 1976 4792; x_wconf 86' lang='grc'><strong>2.</strong></span> <span class='ocrx_word' id='word_1_699' title='bbox 2014 4737 2079 4790; x_wconf 82' lang='grc' dir='ltr'><strong>Α.</strong></span> <span class='ocrx_word' id='word_1_700' title='bbox 2111 4733 2174 4789; x_wconf 91' lang='lat' dir='ltr'><strong>D.</strong></span> <span class='ocrx_word' id='word_1_701' title='bbox 2205 4734 2328 4788; x_wconf 71' lang='grc'><strong>745.</strong></span> <span class='ocrx_word' id='word_1_702' title='bbox 2351 4731 2612 4802; x_wconf 88' lang='lat' dir='ltr'><strong>Pippinus</strong></span> <span class='ocrx_word' id='word_1_703' title='bbox 2636 4738 2691 4785; x_wconf 91' lang='lat' dir='ltr'><strong>et</strong></span> <span class='ocrx_word' id='word_1_704' title='bbox 2717 4729 3118 4784; x_wconf 84' lang='lat' dir='ltr'><strong>Karlomannus</strong></span> <span class='ocrx_word' id='word_1_705' title='bbox 3140 4722 3344 4794; x_wconf 88' lang='lat' dir='ltr'><strong>princi-</strong></span> 
     </span>
    </p>
   </div>
   <div class='ocr_carea' id='block_1_108' title="bbox 1755 4816 3340 4900">
    <p class='ocr_par' dir='ltr' id='par_1_108' title="bbox 1755 4816 3340 4900">
     <span class='ocr_line' id='line_1_109' title="bbox 1755 4816 3340 4900; baseline -0.011 -15"><span class='ocrx_word' id='word_1_706' title='bbox 1755 4838 1885 4900; x_wconf 88' lang='lat' dir='ltr'><strong>patu</strong></span> <span class='ocrx_word' id='word_1_707' title='bbox 1923 4827 2116 4899; x_wconf 91' lang='lat' dir='ltr'><strong>potiti,</strong></span> <span class='ocrx_word' id='word_1_708' title='bbox 2154 4825 2334 4896; x_wconf 89' lang='lat' dir='ltr'><strong>primo</strong></span> <span class='ocrx_word' id='word_1_709' title='bbox 2374 4821 2723 4892; x_wconf 86' lang='lat' dir='ltr'><strong>Aquitaniam</strong></span> <span class='ocrx_word' id='word_1_710' title='bbox 2777 4820 3020 4889; x_wconf 87' lang='lat' dir='ltr'><strong>recipere</strong></span> <span class='ocrx_word' id='word_1_711' title='bbox 3071 4816 3340 4880; x_wconf 83' lang='lat' dir='ltr'><strong>volentes,</strong></span> 
     </span>
    </p>
   </div>
   <div class='ocr_carea' id='block_1_109' title="bbox 1755 4910 3347 4983">
    <p class='ocr_par' dir='ltr' id='par_1_109' title="bbox 1755 4910 3347 4983">
     <span class='ocr_line' id='line_1_110' title="bbox 1755 4910 3347 4983; baseline -0.011 -6"><span class='ocrx_word' id='word_1_712' title='bbox 1755 4929 1945 4977; x_wconf 77' lang='lat' dir='ltr'><strong>contra</strong></span> <span class='ocrx_word' id='word_1_713' title='bbox 1971 4918 2283 4973; x_wconf 87' lang='lat' dir='ltr'><strong>Hunoldum</strong></span> <span class='ocrx_word' id='word_1_714' title='bbox 2321 4914 2468 4969; x_wconf 90' lang='lat' dir='ltr'><strong>illius</strong></span> <span class='ocrx_word' id='word_1_715' title='bbox 2489 4911 2786 4983; x_wconf 68' lang='lat' dir='ltr'><strong>provincia:</strong></span> <span class='ocrx_word' id='word_1_716' title='bbox 2811 4910 3003 4964; x_wconf 91' lang='lat' dir='ltr'><strong>ducem</strong></span> <span class='ocrx_word' id='word_1_717' title='bbox 3027 4922 3152 4961; x_wconf 90' lang='lat' dir='ltr'><strong>cum</strong></span> <span class='ocrx_word' id='word_1_718' title='bbox 3187 4921 3347 4960; x_wconf 83' lang='lat' dir='ltr'><strong>exer-</strong></span> 
     </span>
    </p>
   </div>
   <div class='ocr_carea' id='block_1_110' title="bbox 1756 5005 3347 5082">
    <p class='ocr_par' dir='ltr' id='par_1_110' title="bbox 1756 5005 3347 5082">
     <span class='ocr_line' id='line_1_111' title="bbox 1756 5005 3347 5082; baseline -0.011 -12"><span class='ocrx_word' id='word_1_719' title='bbox 1756 5015 1867 5070; x_wconf 87' lang='lat' dir='ltr'><strong>citu</strong></span> <span class='ocrx_word' id='word_1_720' title='bbox 1889 5015 2118 5068; x_wconf 90' lang='lat' dir='ltr'><strong>eandem</strong></span> <span class='ocrx_word' id='word_1_721' title='bbox 2142 5008 2495 5082; x_wconf 83' lang='lat' dir='ltr'><strong>Aquitaniam</strong></span> <span class='ocrx_word' id='word_1_722' title='bbox 2524 5005 2920 5078; x_wconf 81' lang='lat' dir='ltr'><strong>ingrediuntur,</strong></span> <span class='ocrx_word' id='word_1_723' title='bbox 2948 5010 3002 5057; x_wconf 89' lang='lat' dir='ltr'><strong>et</strong></span> <span class='ocrx_word' id='word_1_724' title='bbox 3026 5010 3187 5070; x_wconf 90' lang='lat' dir='ltr'><strong>capto</strong></span> <span class='ocrx_word' id='word_1_725' title='bbox 3208 5014 3347 5070; x_wconf 87' lang='lat' dir='ltr'><strong>quo-</strong></span> 
     </span>
    </p>
   </div>
   <div class='ocr_carea' id='block_1_111' title="bbox 1756 5095 3346 5174">
    <p class='ocr_par' dir='ltr' id='par_1_111' title="bbox 1756 5095 3346 5174">
     <span class='ocr_line' id='line_1_112' title="bbox 1756 5095 3346 5174; baseline -0.01 -13"><span class='ocrx_word' id='word_1_726' title='bbox 1756 5107 1880 5162; x_wconf 90' lang='lat' dir='ltr'><strong>dam</strong></span> <span class='ocrx_word' id='word_1_727' title='bbox 1911 5105 2154 5172; x_wconf 85' lang='lat' dir='ltr'><strong>eastcllo,</strong></span> <span class='ocrx_word' id='word_1_728' title='bbox 2186 5103 2334 5174; x_wconf 90' lang='lat' dir='ltr'><strong>quod</strong></span> <span class='ocrx_word' id='word_1_729' title='bbox 2357 5101 2559 5157; x_wconf 90' lang='lat' dir='ltr'><strong>dicitur</strong></span> <span class='ocrx_word' id='word_1_730' title='bbox 2595 5098 2792 5163; x_wconf 89' lang='lat' dir='ltr'><strong>Lucas,</strong></span> <span class='ocrx_word' id='word_1_731' title='bbox 2825 5095 3144 5166; x_wconf 89' lang='lat' dir='ltr'><strong>priusquam</strong></span> <span class='ocrx_word' id='word_1_732' title='bbox 3185 5107 3253 5147; x_wconf 75' lang='lat' dir='ltr'><strong>ex</strong></span> <span class='ocrx_word' id='word_1_733' title='bbox 3283 5106 3346 5146; x_wconf 91' lang='lat' dir='ltr'><strong>ea</strong></span> 
     </span>
    </p>
   </div>
   <div class='ocr_carea' id='block_1_112' title="bbox 1758 5185 3346 5272">
    <p class='ocr_par' dir='ltr' id='par_1_112' title="bbox 1758 5185 3346 5272">
     <span class='ocr_line' id='line_1_113' title="bbox 1758 5185 3346 5272; baseline -0.013 -16"><span class='ocrx_word' id='word_1_734' title='bbox 1758 5200 2039 5272; x_wconf 87' lang='lat' dir='ltr'><strong>provincia</strong></span> <span class='ocrx_word' id='word_1_735' title='bbox 2077 5198 2394 5254; x_wconf 90' lang='lat' dir='ltr'><strong>secederent</strong></span> <span class='ocrx_word' id='word_1_736' title='bbox 2420 5239 2434 5263; x_wconf 92' lang='lat'><strong>,</strong></span> <span class='ocrx_word' id='word_1_737' title='bbox 2477 5208 2710 5265; x_wconf 84' lang='lat' dir='ltr'><strong>regnum</strong></span> <span class='ocrx_word' id='word_1_738' title='bbox 2736 5234 2751 5258; x_wconf 95' lang='lat'><strong>,</strong></span> <span class='ocrx_word' id='word_1_739' title='bbox 2795 5189 2941 5260; x_wconf 89' lang='lat' dir='ltr'><strong>quod</strong></span> <span class='ocrx_word' id='word_1_740' title='bbox 2981 5185 3346 5243; x_wconf 85' lang='lat' dir='ltr'><strong>communiter</strong></span> 
     </span>
    </p>
   </div>
   <div class='ocr_carea' id='block_1_113' title="bbox 1760 5279 3344 5355">
    <p class='ocr_par' dir='ltr' id='par_1_113' title="bbox 1760 5279 3344 5355">
     <span class='ocr_line' id='line_1_114' title="bbox 1760 5279 3344 5355; baseline -0.013 -9"><span class='ocrx_word' id='word_1_741' title='bbox 1760 5292 2088 5355; x_wconf 88' lang='lat' dir='ltr'><strong>habuerunt,</strong></span> <span class='ocrx_word' id='word_1_742' title='bbox 2139 5289 2279 5343; x_wconf 87' lang='lat' dir='ltr'><strong>inter</strong></span> <span class='ocrx_word' id='word_1_743' title='bbox 2321 5303 2380 5342; x_wconf 90' lang='lat' dir='ltr'><strong>se</strong></span> <span class='ocrx_word' id='word_1_744' title='bbox 2421 5284 2726 5341; x_wconf 83' lang='lat' dir='ltr'><strong>diviserunt</strong></span> <span class='ocrx_word' id='word_1_745' title='bbox 2761 5282 2814 5335; x_wconf 89' lang='lat' dir='ltr'><strong>in</strong></span> <span class='ocrx_word' id='word_1_746' title='bbox 2838 5281 2957 5335; x_wconf 91' lang='lat' dir='ltr'><strong>loco</strong></span> <span class='ocrx_word' id='word_1_747' title='bbox 2982 5279 3076 5348; x_wconf 88' lang='lat' dir='ltr'><strong>qui</strong></span> <span class='ocrx_word' id='word_1_748' title='bbox 3118 5285 3344 5330; x_wconf 88' lang='lat' dir='ltr'><strong>vocatur</strong></span> 
     </span>
    </p>
   </div>
   <div class='ocr_carea' id='block_1_114' title="bbox 1763 5367 3346 5448">
    <p class='ocr_par' dir='ltr' id='par_1_114' title="bbox 1763 5367 3346 5448">
     <span class='ocr_line' id='line_1_115' title="bbox 1763 5367 3346 5448; baseline -0.013 -9"><span class='ocrx_word' id='word_1_749' title='bbox 1763 5385 1930 5439; x_wconf 73' lang='lat' dir='ltr'><strong>Vetus</strong></span> <span class='ocrx_word' id='word_1_750' title='bbox 1978 5381 2234 5448; x_wconf 87' lang='lat' dir='ltr'><strong>Pictavis,</strong></span> <span class='ocrx_word' id='word_1_751' title='bbox 2266 5389 2321 5435; x_wconf 91' lang='lat' dir='ltr'><strong>et</strong></span> <span class='ocrx_word' id='word_1_752' title='bbox 2347 5377 2753 5433; x_wconf 86' lang='lat' dir='ltr'><strong>Karlomannus</strong></span> <span class='ocrx_word' id='word_1_753' title='bbox 2803 5372 3080 5428; x_wconf 80' lang='lat' dir='ltr'><strong>Austriam</strong></span> <span class='ocrx_word' id='word_1_754' title='bbox 3127 5378 3184 5425; x_wconf 90' lang='lat' dir='ltr'><strong>et</strong></span> <span class='ocrx_word' id='word_1_755' title='bbox 3215 5367 3346 5421; x_wconf 85' lang='lat' dir='ltr'><strong>Ala-</strong></span> 
     </span>
    </p>
   </div>
   <div class='ocr_carea' id='block_1_115' title="bbox 1386 5475 2064 5533">
    <p class='ocr_par' dir='ltr' id='par_1_115' title="bbox 1386 5475 2064 5533">
     <span class='ocr_line' id='line_1_116' title="bbox 1386 5475 2064 5533; baseline -0.006 0"><span class='ocrx_word' id='word_1_756' title='bbox 1386 5476 1620 5533; x_wconf 72' lang='grc' dir='ltr'><strong>νΑῐὶΙᾸΞ</strong></span> <span class='ocrx_word' id='word_1_757' title='bbox 1661 5475 2064 5533; x_wconf 81' lang='lat' dir='ltr'><strong>LECTIONES.</strong></span> 
     </span>
    </p>
   </div>
   <div class='ocr_carea' id='block_1_116' title="bbox 127 5552 3349 5637">
    <p class='ocr_par' dir='ltr' id='par_1_116' title="bbox 127 5552 3349 5637">
     <span class='ocr_line' id='line_1_117' title="bbox 127 5552 3349 5637; baseline -0.003 -17"><span class='ocrx_word' id='word_1_758' title='bbox 127 5568 224 5600; x_wconf 70' lang='grc' dir='ltr'><strong>’σθ’</strong></span> <span class='ocrx_word' id='word_1_759' title='bbox 252 5567 344 5620; x_wconf 76' lang='lat' dir='ltr'><strong>ita</strong></span> <span class='ocrx_word' id='word_1_760' title='bbox 371 5567 420 5623; x_wconf 92' lang='grc'><strong>1.</strong></span> <span class='ocrx_word' id='word_1_761' title='bbox 453 5583 612 5637; x_wconf 76' lang='lat' dir='ltr'><strong>neque</strong></span> <span class='ocrx_word' id='word_1_762' title='bbox 634 5566 998 5637; x_wconf 86' lang='lat' dir='ltr'><strong>liutprandus.</strong></span> <span class='ocrx_word' id='word_1_763' title='bbox 1071 5566 1162 5600; x_wconf 74' lang='grc'><strong>³⁸³⁸</strong></span> <span class='ocrx_word' id='word_1_764' title='bbox 1186 5565 1482 5637; x_wconf 86' lang='lat' dir='ltr'><strong>Hucusque</strong></span> <span class='ocrx_word' id='word_1_765' title='bbox 1500 5567 1829 5636; x_wconf 82' lang='lat' dir='ltr'><strong>-—pcrduxit</strong></span> <span class='ocrx_word' id='word_1_766' title='bbox 1876 5566 2064 5637; x_wconf 76' lang='lat' dir='ltr'><strong>desunt</strong></span> <span class='ocrx_word' id='word_1_767' title='bbox 2101 5563 2165 5637; x_wconf 87' lang='lat' dir='ltr'><strong>D.</strong></span> <span class='ocrx_word' id='word_1_768' title='bbox 2199 5563 2262 5637; x_wconf 65' lang='lat' dir='ltr'><strong>FS.</strong></span> <span class='ocrx_word' id='word_1_769' title='bbox 2347 5562 2437 5594; x_wconf 79' lang='grc'><strong>¹⁰⁹⁹</strong></span> <span class='ocrx_word' id='word_1_770' title='bbox 2467 5576 2702 5631; x_wconf 86' lang='lat' dir='ltr'><strong>quorum</strong></span> <span class='ocrx_word' id='word_1_771' title='bbox 2729 5557 2931 5637; x_wconf 81' lang='lat' dir='ltr'><strong>etc._D.</strong></span> <span class='ocrx_word' id='word_1_772' title='bbox 2974 5552 3349 5637; x_wconf 68' lang='lat' dir='ltr'><strong>sollempnitas</strong></span> 
     </span>
    </p>
   </div>
   <div class='ocr_carea' id='block_1_117' title="bbox 50 5623 3346 5708">
    <p class='ocr_par' dir='ltr' id='par_1_117' title="bbox 50 5623 3346 5708">
     <span class='ocr_line' id='line_1_118' title="bbox 50 5623 3346 5708; baseline -0.005 -17"><span class='ocrx_word' id='word_1_773' title='bbox 50 5638 221 5693; x_wconf 88' lang='lat' dir='ltr'><strong>hodie</strong></span> <span class='ocrx_word' id='word_1_774' title='bbox 258 5639 321 5692; x_wconf 90' lang='lat' dir='ltr'><strong>in</strong></span> <span class='ocrx_word' id='word_1_775' title='bbox 365 5623 656 5707; x_wconf 67' lang='lat' dir='ltr'><strong>conspectu</strong></span> <span class='ocrx_word' id='word_1_776' title='bbox 693 5623 1010 5708; x_wconf 60' lang='lat' dir='ltr'><strong>m&#39;agestatis</strong></span> <span class='ocrx_word' id='word_1_777' title='bbox 1041 5647 1150 5696; x_wconf 67' lang='lat' dir='ltr'><strong>tute</strong></span> <span class='ocrx_word' id='word_1_778' title='bbox 1177 5640 1277 5696; x_wconf 89' lang='lat' dir='ltr'><strong>cel.</strong></span> <span class='ocrx_word' id='word_1_779' title='bbox 1311 5623 1460 5694; x_wconf 32' lang='lat' dir='ltr'><strong>Efs.</strong></span> <span class='ocrx_word' id='word_1_780' title='bbox 1494 5623 1644 5696; x_wconf 57' lang='lat' dir='ltr'><strong>h.&#39;in</strong></span> <span class='ocrx_word' id='word_1_781' title='bbox 1695 5654 1743 5692; x_wconf 88' lang='lat' dir='ltr'><strong>c.</strong></span> <span class='ocrx_word' id='word_1_782' title='bbox 1785 5647 1823 5695; x_wconf 92' lang='lat' dir='ltr'><strong>t.</strong></span> <span class='ocrx_word' id='word_1_783' title='bbox 1854 5653 1928 5692; x_wconf 90' lang='lat' dir='ltr'><strong>m.</strong></span> <span class='ocrx_word' id='word_1_784' title='bbox 1955 5636 2186 5692; x_wconf 82' lang='lat' dir='ltr'><strong>Domine</strong></span> <span class='ocrx_word' id='word_1_785' title='bbox 2207 5635 2351 5690; x_wconf 90' lang='lat' dir='ltr'><strong>Deus</strong></span> <span class='ocrx_word' id='word_1_786' title='bbox 2374 5623 2563 5690; x_wconf 76' lang='lat' dir='ltr'><strong>noster</strong></span> <span class='ocrx_word' id='word_1_787' title='bbox 2612 5641 2726 5688; x_wconf 91' lang='lat' dir='ltr'><strong>toto</strong></span> <span class='ocrx_word' id='word_1_788' title='bbox 2776 5629 2907 5686; x_wconf 87' lang='lat' dir='ltr'><strong>orbe</strong></span> <span class='ocrx_word' id='word_1_789' title='bbox 2968 5639 3240 5686; x_wconf 84' lang='lat' dir='ltr'><strong>terrarum</strong></span> <span class='ocrx_word' id='word_1_790' title='bbox 3294 5623 3346 5676; x_wconf 87' lang='lat'><strong>5.</strong></span> 
     </span>
    </p>
   </div>
   <div class='ocr_carea' id='block_1_118' title="bbox 54 5708 1102 5765">
    <p class='ocr_par' dir='ltr' id='par_1_118' title="bbox 54 5708 1102 5765">
     <span class='ocr_line' id='line_1_119' title="bbox 54 5708 1102 5765; baseline -0.001 0"><span class='ocrx_word' id='word_1_791' title='bbox 54 5710 146 5742; x_wconf 77' lang='lat'><strong>“&quot;</strong></span> <span class='ocrx_word' id='word_1_792' title='bbox 170 5708 433 5765; x_wconf 80' lang='lat' dir='ltr'><strong>donariis</strong></span> <span class='ocrx_word' id='word_1_793' title='bbox 476 5709 536 5762; x_wconf 91' lang='lat' dir='ltr'><strong>D.</strong></span> <span class='ocrx_word' id='word_1_794' title='bbox 575 5708 634 5763; x_wconf 86' lang='lat' dir='ltr'><strong>E.</strong></span> <span class='ocrx_word' id='word_1_795' title='bbox 714 5709 801 5741; x_wconf 83' lang='grc'>¹¹⁰¹</span> <span class='ocrx_word' id='word_1_796' title='bbox 829 5710 978 5764; x_wconf 88' lang='lat' dir='ltr'><strong>nullo</strong></span> <span class='ocrx_word' id='word_1_797' title='bbox 1019 5711 1102 5764; x_wconf 76' lang='lat' dir='ltr'><strong>ib.</strong></span> 
     </span>
    </p>
   </div>
  </div>
