3880 6308
514 277 623 333 835

1687 264 2087 323 EKKEHARDI
2124 265 2580 324 URAUGIENSTS
3691 274 3775 329 ul

506 391 792 448 maniam
819 397 983 460 atque
1009 386 1368 459 Thuringiam
1399 385 1644 450 sortitur,
1675 373 1939 454 Pippinus
1967 398 2098 438 vero
2130 387 2172 446 Α
2203 381 2491 438 interfecto
2517 383 2735 439 Alarico
2761 389 3128 438 reverteretur
3148 398 3275 439 cum
3296 383 3564 452 victm-ia,
3584 387 3780 444 vdua

510 485 902 557 Burgundiam,
933 479 1242 537 Neustriam
1292 488 1456 550 atque
1506 476 1877 542 Provinciam,
1911 475 2100 545 sicque

508 578 913 634 Karlomannus
945 591 1121 645 usque
1171 574 1227 628 in
1278 588 1482 628 annum
1518 561 1787 634 sextum,
1839 568 2099 638 Pippinus

509 684 682 740 usque
730 669 786 724 in
842 667 1190 722 undecimum
1249 662 1704 734 principabantur
1759 659 1915 732 (Chr.
1949 659 2094 730 W.).

509 760 759 816 Ncustria
791 774 920 813 vero
951 773 1079 829 pars
1107 765 1190 813 est
1214 756 1402 812 Gallia:
1431 755 1782 822 Celticasm',
1823 755 1913 808 illa
1943 753 2096 809 scili-

505 861 591 908 cet
617 867 740 922 quaa
769 850 1036 921 Sequanae
1065 849 1357 922 Ligerique
1387 839 1688 918 interjacet.

619 943 892 998 Ricusnus
922 959 960 1009 ι,
991 940 1094 1013 2.)
1151 940 1342 996 Omnis
1393 956 1630 1010 namque
1678 939 1850 995 Gallia
1899 937 1954 993 in
1989 947 2100 994 tres

507 1045 689 1106 partes
719 1035 978 1090 distincta
1007 1041 1112 1101 est,
1142 1034 1197 1088 in
1225 1033 1521 1104 Belgicam,
1551 1032 1836 1100 Cclticam,
1869 1031 2100 1101 Aquita—

507 1127 707 1183 uicam.
767 1126 1014 1193 Quarum
1067 1126 1280 1198 Belgica
1309 1142 1341 1180 a
1369 1125 1582 1190 Rheno,
1619 1125 1714 1195 qui
1743 1123 2092 1179 Germaniam

508 1219 576 1273 ab
601 1234 805 1274 oceano
828 1219 1174 1285 determinat,
1205 1233 1327 1288 qua:
1354 1218 1652 1271 multarum
1679 1216 1922 1288 gentium
1947 1214 2098 1270 ferax

507 1327 536 1366 a
570 1312 926 1383 germinando
957 1327 1157 1366 nomen
1189 1310 1415 1380 accepit,
1445 1309 1812 1382 exporrigitur
1841 1323 2016 1378 usque
2041 1307 2098 1362 in

508 1403 730 1458 [luvium
780 1403 1088 1458 Matronam
1119 1445 1133 1468 ,
1187 1403 1255 1456 ab
1304 1409 1537 1472 utroque
1581 1417 1711 1456 vero
1746 1401 1936 1466 latere,
1969 1399 2099 1455 hinc

506 1495 729 1566 quidem
760 1495 989 1564 Alpibus
1019 1493 1344 1563 Apenninis,
1375 1493 1500 1548 inde
1519 1508 1649 1548 vero
1674 1492 1812 1546 mari
1841 1491 2096 1558 vallatur,

507 1587 668 1655 cujus
704 1585 1137 1641 circumfusione
1184 1585 1364 1640 insula
1392 1585 1813 1640 Britannica“°'
1846 1573 2098 1639 cflicitur.‘

444 1704 452 1749 λ
507 1679 714 1734 Celtica
742 1687 922 1733 autem
950 1694 980 1732 a
1008 1677 1255 1733 Matrona
1302 1694 1398 1748 per
1436 1679 1659 1749 longum
1692 1678 1748 1731 in
1780 1677 2095 1732 Garunnam

507 1772 858 1836 distenditur,
892 1771 1051 1841 cujus
1081 1772 1249 1825 latera
1279 1770 1469 1826 oceani
1497 1768 1800 1824 Britannici
1828 1777 1882 1824 et
1905 1769 2099 1824 insulae

510 1861 842 1917 Britannicte
870 1863 1072 1917 limites
1099 1860 1355 1916 efﬁciunt.
1409 1859 1682 1931 Quicquid
1733 1875 1864 1915 vero
1911 1874 1942 1914 a
1990 1858 2099 1915 Ga-

509 1971 689 2010 runna
722 1954 1062 2024 protenditur
1112 1954 1167 2008 in
1198 1952 1524 2025 Pyreneum,
1561 1952 1887 2022 Aquitanica
1913 1951 2100 2021 appel-

509 2049 673 2112 latur,
705 2046 833 2101 hinc
865 2043 1132 2098 Rhodano
1161 2051 1216 2099 et
1249 2043 1410 2098 Arari
1437 2053 1601 2113 atque
1630 2043 1756 2097 inde
1781 2041 2102 2096 mediterra-

509 2153 612 2194 neo
644 2137 783 2192 mari
835 2136 1183 2191 collimitans.
1225 2134 1455 2191 Constat
1482 2136 1687 2206 itaque,
1715 2134 1884 2188 totius
1912 2132 2101 2189 Galliae

507 2227 752 2296 spacium
802 2228 872 2282 ab
918 2227 1125 2282 oriente
1155 2228 1376 2298 quidem
1415 2226 1605 2281 Rheno
1631 2268 1646 2293 ,
1696 2226 1766 2281 ab
1795 2226 2097 2291 occidente,

510 2317 777 2389 Pyreneo,
809 2333 841 2372 a
877 2319 1248 2388 septentrione
1278 2319 1418 2373 mari
1445 2317 1782 2384 Britannico,
1814 2317 1883 2372 ab
1911 2325 2100 2372 austro

507 2427 636 2467 vero
663 2413 801 2467 mari
829 2412 1249 2479 mediterraneo,
1280 2412 1446 2484 cingi.
1483 2409 1686 2466 Omnes
1736 2425 1868 2479 ergo
1897 2408 2100 2464 Gallia—

509 2521 628 2558 rum
655 2504 843 2575 populi
866 2505 1049 2559 innata
1077 2504 1308 2559 audacia
1330 2504 1628 2574 plurimum
1656 2502 1978 2567 efferuntur,
2009 2515 2102 2555 ca-

507 2596 841 2651 lumniarum
871 2596 1238 2668 impatientes.
1277 2596 1470 2666 (Ibid.,
1501 2611 1549 2651 c.
1582 2594 1660 2666 5.)
1695 2595 1752 2648 Si
1783 2594 2098 2658 incitantur,

504 2691 730 2746 cedibus
763 2691 1030 2755 exultant,
1062 2690 1383 2760 ell’eratique
1431 2687 1814 2744 inclementius
1844 2686 2103 2741 adoriun-

505 2791 614 2846 tur,
644 2782 811 2837 semel
841 2796 1163 2850 persuasum
1197 2796 1260 2836 ac
1285 2779 1590 2835 rationibus
1619 2779 1979 2850 approbatum
2008 2778 2099 2831 vix

507 2873 752 2928 refellere
787 2882 1142 2930 consuerunt.
1194 2874 1370 2945 Belga
1399 2874 1560 2928 rebus
1589 2872 1944 2942 disponendis
1975 2879 2105 2927 sunt

505 2965 877 3038 insigniores,
929 2967 1129 3022 robore
1182 2976 1344 3038 atque
1392 2966 1620 3022 audacia
1672 2980 1782 3020 non
1837 2965 2098 3034 impares,

506 3056 748 3111 maxima
777 3072 1005 3150 qumque
1034 3057 1208 3127 magis
1235 3057 1453 3127 ingenio
1502 3073 1667 3127 quam
1700 3055 1909 3111 viribus
1939 3071 2102 3125 appe-
2131 3087 2174 3150 C

505 3155 658 3214 tunt;
689 3156 745 3203 et
774 3149 818 3205 si
849 3149 1067 3220 ingenio
1098 3150 1152 3204 in
1185 3149 1502 3220 appetendis
1547 3156 1857 3216 cassantur,
1889 3148 2101 3202 viribus

509 3239 769 3294 audacter
796 3247 1046 3295 utuntur.
1096 3240 1214 3296 Cibi
1244 3241 1409 3295 etiam
1444 3249 1606 3309 atque
1634 3249 1796 3310 potus
1818 3241 1953 3294 adeo
1974 3246 2104 3294 sunt

507 3331 682 3402 parci.
707 3331 872 3386 CelttB
906 3348 1038 3387 vero
1086 3340 1250 3402 atque
1290 3331 1550 3401 Aquitani
1592 3331 1825 3386 consilio
1858 3332 2023 3386 simul
2047 3340 2103 3386 et

509 3423 739 3478 audacia
767 3423 1009 3494 plurimi,
1039 3424 1204 3479 rebus
1239 3423 1526 3478 sediciosis
1551 3423 1911 3489 accommodi,
1936 3421 2102 3480 Celtae

507 3522 690 3568 tamen
714 3513 890 3584 magis
914 3513 1148 3584 providi,
1173 3513 1434 3584 Aquitani
1464 3528 1594 3570 vero
1617 3513 1904 3584 precipites
1929 3529 2102 3585 agun-

508 3614 618 3672 tur,
643 3605 1051 3676 plurimumque
1079 3607 1134 3660 in
1169 3607 1418 3662 ciborum
1464 3605 1763 3676 appetitum
1789 3606 2097 3677 rapiuntur,

506 3698 651 3766 quod
672 3697 751 3753 sic
775 3697 856 3752 eis
886 3707 968 3753 est
1002 3697 1270 3765 innatum,
1295 3707 1357 3754 ut
1375 3709 1554 3770 preter
1575 3708 1830 3754 naturam
1861 3715 1971 3755 non
2000 3715 2099 3770 ap-

509 3795 713 3856 petant.
753 3787 893 3844 Hinc
923 3789 1197 3860 Sulpicius
1231 3789 1504 3846 Severus:
1546 3810 1565 3843 ι
1597 3791 1872 3858 Edacitas,
1898 3791 2096 3861 inquit,

509 3879 562 3932 ia
599 3878 787 3937 Grecis
831 3891 915 3937 est
951 3884 1098 3954 gula,
1145 3883 1202 3938 in
1231 3883 1400 3940 Gallis
1436 3892 1651 3940 natura.
1690 3903 1710 3938 ι
1766 3884 1877 3940 Hos
1905 3900 2099 3941 omnes

508 3967 805 4025 Galliarum
861 3974 1092 4043 populos
1141 3974 1307 4028 etiam
1350 3973 1406 4029 in
1469 3975 1794 4046 paganismo
1845 3973 1957 4030 fere
2002 3989 2099 4045 per

506 4059 689 4113 omnia
717 4065 972 4131 prospere
992 4064 1188 4133 egisse,
1227 4063 1450 4119 tradunt
1476 4065 1768 4136 hystoriaa;
1814 4073 1939 4135 post
1965 4080 2097 4121 vero

507 4166 538 4206 a
563 4161 753 4207 sancto
779 4152 1028 4225 Remigio
1055 4155 1313 4225 baptizati
1339 4198 1354 4223 ,
1400 4165 1591 4212 contra
1620 4171 1814 4211 omnes
1853 4157 2095 4227 gentium

505 4251 817 4298 exterarum
851 4244 1085 4314 impetus
1121 4247 1268 4301 clara
1323 4261 1539 4315 semper
1585 4254 1748 4316 atque
1777 4246 1976 4301 illustri
2009 4245 2095 4300 vi-

503 4336 678 4391 ctoria
701 4337 996 4393 emicuisse
1017 4337 1346 4394 referuntur.
1374 4338 1622 4404 Quorum
1644 4354 1738 4392 rex
1760 4337 2095 4394 christianus

507 4430 717 4500 primus
746 4429 915 4485 fuisse
942 4431 1175 4486 traditur
1199 4430 1523 4496 Clodoveus,
1555 4432 1639 4485 vir
1663 4433 1840 4487 audax
1867 4440 1921 4486 et
1954 4439 2095 4486 stre-
2123 4432 2174 4492 D
2201 4416 2450 4500 uterque,

507 4537 671 4586 nuus,
694 4531 748 4576 et
771 4537 882 4591 quo
912 4523 1095 4578 nullus
1117 4532 1242 4593 post
1274 4539 1400 4578 cum
1438 4525 1637 4591 pietate
1667 4523 1936 4594 bellisque
1974 4539 2095 4577 um-

505 4628 674 4683 quam
711 4615 885 4685 magis
910 4615 1124 4670 enituit.
1171 4614 1258 4686 (G.
1299 4615 1416 4686 Fr.)
1450 4615 1550 4670 Hic
1583 4624 1825 4685 tempore
1853 4616 2092 4686 quodam

506 4705 806 4762 bellaturus
847 4716 1038 4762 contra
1091 4709 1366 4763 Alaricum
1416 4725 1601 4779 regem
1627 4708 1929 4764 Gothorum
1967 4724 2091 4764 cum

505 4796 747 4850 venisset
792 4795 1097 4863 Turonum,
1139 4799 1309 4853 multa
1350 4813 1580 4852 munera
1617 4798 1811 4870 obtulit
1835 4799 2093 4854 aacclesite

506 4889 683 4944 sancti
715 4889 933 4944 Martini
962 4907 1088 4945 cum
1149 4906 1292 4961 equo
1343 4906 1446 4947 suo
1485 4891 1832 4947 velocissimo
1859 4933 1875 4958 ,
1929 4906 2092 4960 quem

507 4979 739 5033 multum
765 4979 1015 5046 amabat;
1043 4987 1097 5035 et
1125 4981 1367 5050 expetito
1410 4981 1615 5036 auxilio
1645 4980 2096 5056 ejusdemgsancti

506 5079 698 5125 contra
720 5081 934 5141 gentem
958 5072 1318 5139 incredulam,
1342 5073 1691 5144 promittebat
1712 5073 1890 5127 adhuc
1915 5073 2092 5142 plura,

505 5161 554 5217 si
582 5177 680 5232 per
715 5163 837 5233 ejus
869 5163 1320 5221 intercessionem
1367 5165 1542 5221 victor
1572 5163 1791 5220 rediret.
1846 5163 2094 5235 Cumque

2202 477 2270 531 ad
2293 477 2522 531 eandem
2550 477 2872 542 aacclesiam,
2905 492 3005 547 pro
3027 478 3287 533 solvendo
3315 487 3451 533 voto
3475 479 3620 534 dona
3647 482 3780 535 obtu-

2201 570 2264 624 lit
2286 570 2542 640 plurima,
2567 586 2666 641 pro
2686 586 2828 640 equo
2849 586 3002 637 vero,
3033 587 3195 641 quem
3226 571 3301 625 ibi
3323 570 3638 638 dimiserat,
3659 575 3782 630 dedit

2201 664 2591 719 matriculariis
2622 664 2878 718 secclesiaa
2905 673 3124 718 centum
3173 664 3405 730 solidos,
3432 673 3498 720 ut
3520 682 3644 720 eum
3668 671 3778 722 reri-

2199 763 2370 824 pcret.
2409 753 2622 821 Quibus
2651 755 2814 822 datis,
2845 771 3020 826 equus
3050 755 3141 810 ille
3172 772 3232 811 se
3256 756 3590 811 nullatenus
3617 761 3780 813 movit.

2199 845 2269 899 At
2291 845 2381 900 ille
2412 847 2488 900 ait
2519 864 2532 900 :
2564 845 2768 900 Dentur
2795 845 2894 899 alii
2919 854 3146 900 centum.
3176 845 3393 912 Quibus
3425 847 3622 900 itidem
3646 848 3783 916 datis,

2199 939 2384 994 statim
2405 955 2580 1008 equus
2603 939 2816 993 solutus
2839 938 2991 992 abiit.
3016 937 3173 993 Tunc
3194 955 3292 993 rex
3314 955 3451 993 cum
3475 938 3674 993 laeticia
3694 938 3782 992 ait:

2213 1030 2337 1086 Vere
2367 1031 2548 1086 beatus
2572 1030 2836 1085 Martinus
2861 1029 3024 1084 bonus
3050 1039 3127 1086 est
3161 1031 3217 1084 in
3243 1031 3462 1084 auxilio
3494 1040 3547 1084 et
3569 1048 3716 1084 cam
3741 1032 3784 1083 iu

2200 1124 2424 1194 negotio.
2464 1122 2738 1195 (Rmuem)
2768 1121 2852 1177 Ab
2874 1123 2977 1178 hoc
3007 1138 3138 1195 ergo
3165 1121 3455 1178 Clodoveo
3491 1135 3594 1192 per
3623 1137 3786 1177 succe-

2197 1217 2380 1271 dentia
2423 1225 2669 1286 tempora
2717 1215 3139 1285 imperatoribus
3175 1214 3417 1286 egregiis
3457 1230 3555 1270 res
3594 1215 3786 1285 publica

2199 1306 2536 1362 Francorum
2579 1306 2881 1376 gubernata
2925 1303 3096 1360 fuisse
3136 1304 3476 1370 dinoscitur,
3527 1320 3701 1374 usque
3732 1305 3786 1357 ad

2197 1398 2315 1454 haec
2343 1398 2646 1470 propinqua
2689 1405 2936 1468 tempora
2963 1396 3326 1468 Pippinorum
3367 1407 3426 1452 et
3453 1395 3784 1459 Karolorum,

2198 1490 2252 1544 in
2285 1490 2488 1560 quibus
2524 1489 2862 1560 temporibus
2889 1504 2980 1559 per
3013 1489 3290 1543 levitatem
3327 1503 3535 1558 regum
3560 1488 3785 1557 aliquan-

2197 1590 2312 1636 tum
2339 1582 2567 1651 dilapsa,
2593 1595 2689 1651 per
2711 1581 2813 1644 hos
2847 1580 3094 1650 egregios
3114 1579 3287 1646 viros,
3313 1579 3383 1634 de
3417 1579 3633 1649 quibus
3659 1594 3782 1632 nunc

2199 1691 2380 1731 sermo
2400 1682 2502 1741 est,
2523 1674 2590 1729 ad
2602 1674 2890 1744 pristinam
2919 1672 3236 1744 dignitatem
3257 1672 3787 1744 magniﬁcentiuseat

2200 1771 2444 1826 reducta.

2271 1861 2448 1933 (EJNH.
2476 1858 2641 1930 Ann.)
2679 1857 2926 1930 Denique
2970 1865 3030 1913 ut
3081 1857 3149 1912 de
3195 1855 3441 1927 Pippino
3484 1864 3544 1911 et
3596 1854 3770 1909 Karlo-

2199 1968 2404 2008 manno
2428 1950 2689 2006 fratribus
2719 1950 2960 2005 scribere
2980 1948 3270 2018 ccepimus,
3293 1961 3429 2000 mox
3455 1955 3519 1999 ut
3542 1945 3611 1999 de
3637 1944 3782 2014 Aqui-

2201 2045 2352 2101 tania
2383 2045 2609 2100 domum
2635 2051 2764 2098 sunt
2787 2040 3049 2113 regressi,
3096 2039 3519 2094 Karlomannus
3542 2037 3782 2090 Alaman-

2201 2136 2373 2204 niam,
2403 2151 2526 2207 quae
2545 2146 2600 2190 et
2622 2135 2741 2205 ipsa
2776 2150 2806 2188 a
2833 2133 3172 2189 Francorum
3201 2129 3476 2186 societate
3505 2128 3780 2190 defecerat,

2201 2245 2329 2286 cum
2377 2227 2622 2284 exercitu
2671 2227 2976 2297 ingressus,
3017 2222 3164 2278 ferro
3208 2221 3528 2276 devastavit
3569 2230 3623 2274 et
3665 2220 3778 2291 igni.

2202 2320 2512 2376 llildericus
2543 2317 2637 2350 “°"
2673 2332 2771 2374 rex
2815 2308 3155 2371 Francorum
3204 2327 3444 2384 regnare
3492 2312 3659 2383 coepit
3699 2310 3777 2380 (cf.

2205 2411 2255 2466 Η
2299 2410 2443 2480 Fr.).

2273 2503 2328 2558 2.
2371 2503 2424 2556 5.
2469 2499 2644 2574 (Εικε.
2684 2498 2850 2570 Ann.)
2875 2499 2940 2554 A.
2989 2497 3053 2552 Ι).
3106 2497 3228 2553 744.
3286 2496 3699 2551 Karlomannns
3736 2504 3780 2546 et

2202 2592 2468 2663 Pippinus
2508 2591 2718 2661 junctis
2761 2589 2935 2660 copiis
2983 2597 3179 2662 contra
3220 2586 3559 2642 Oudilonem
3607 2585 3778 2640 ducem

2203 2685 2582 2740 Bawariorum
2627 2682 2860 2754 profecti
2920 2691 3068 2749 sunt,
3125 2681 3433 2752 praelioque
3475 2679 3777 2739 commisso,

2204 2776 2505 2833 exercitum
2553 2775 2674 2846 ejus
2727 2773 3006 2829 fuderunt.
3077 2771 3183 2827 Sed
3239 2780 3542 2842 postquam
3591 2785 3622 2824 a
3663 2770 3780 2822 cede

2204 2867 2410 2924 reversi
2446 2875 2593 2934 sunt,
2641 2866 3045 2920 Karlomannus
3081 2880 3207 2919 cum
3244 2863 3368 2918 suis
3407 2863 3462 2915 in
3504 2860 3776 2916 Saxoniam

2204 2959 2483 3032 profectus
2513 2968 2597 3014 est
2627 2957 2820 3013 eodem
2862 2972 3030 3022 anno,
3070 2963 3125 3009 et
3171 2956 3317 3025 cepit
3356 2964 3603 3010 castrum
3649 2953 3778 3023 quod

2206 3053 2408 3109 dicitur
2433 3049 2826 3120 Hochseoburg
2857 3048 2972 3114 ¹¹⁰⁸,
2994 3055 3048 3102 et
3067 3045 3475 3101 Theodericum
3501 3044 3775 3107 Saxonem,

2204 3147 2353 3204 illius
2385 3143 2492 3201 loci
2514 3143 2861 3215 primarium,
2888 3140 2945 3195 in
2966 3139 3559 3208 deditionemaccepit.
3577 3138 3646 3190 ‘l.

2346 3250 2423 3323 ‘l)
2462 3248 2549 3303 10.
2585 3249 2670 3323 ll.
2710 3247 2916 3323 addunt
2941 3261 2958 3299 :
2983 3245 3220 3323 Sanctus
3252 3243 3773 3323 Ronifaciusexsna

2455 3320 2706 3374 arrochia
2762 3316 3192 3388 Mogontiacgnsi
3237 3315 3384 3369 duos
3425 3315 3776 3388 episcopatus,

2455 3337 2706 3374 armenta
2762 3337 3192 3388 mogonuacensr
3237 3337 3384 3369 uuus
3425 3337 3775 3384 episcopatus,

2413 3337 2921 3460 gVirziburgensem
2967 3396 3021 3442 et
3067 3385 3537 3452 Eicbstatensem,
3579 3384 3775 3439 statuit.

2411 3477 2476 3516 ex
2498 3459 2780 3516 Bernoldo.

2271 3579 2326 3634 '5.
2367 3577 2422 3633 4.
2463 3577 2528 3632 A.
2569 3577 2634 3632 D.
2676 3574 3028 3632 745.1terum
3064 3572 3478 3628 Karlomannus
3514 3581 3570 3626 et
3604 3569 3762 3640 Pippi

2201 3687 2308 3726 nus
2327 3670 2485 3741 juxta
2529 3685 2699 3725 manu
2732 3667 2825 3700 ¹¹⁰⁶
2868 3666 3166 3722 Saxoniam
3212 3664 3452 3736 ingressi
3477 3673 3627 3730 sunt,
3667 3677 3776 3731 pre»

2201 3763 2516 3834 dictumque
2554 3761 2953 3818 Theodericum
2986 3759 3264 3814 Saxonem
3312 3766 3608 3828 ceperunt.
3635 3755 3764 3826 (Chr.

2203 3855 2315 3926 W.)
2352 3855 2571 3910 Initium
2596 3854 2887 3910 Fuldensis
2920 3850 3264 3906 monasterii.

2271 3948 2326 4002 4.
2367 3948 2420 4003 5.
2466 3946 2643 4019 (ΕΙΝΗ.
2669 3945 2837 4016 Αηη.)
2861 3946 2926 3998 A.
2956 3941 3018 3997 D.
3048 3942 3172 3996 746.
3198 3939 3615 3995 Karlomannus
3638 3947 3770 4008 pate-

2201 4040 2334 4098 fecit
2358 4041 2512 4096 fratri
2543 4055 2668 4107 suo,
2701 4039 2848 4110 quod
2887 4038 3001 4108 jam
3031 4037 3124 4090 diu
3150 4036 3557 4105 premeditatus
3589 4042 3686 4095 est,
3719 4044 3770 4082 π

2200 4133 2408 4188 scilicet
2443 4132 2581 4187 velle
2624 4130 2871 4186 seculum
2913 4128 3189 4183 dimittere
3255 4127 3346 4156 ¹¹⁰⁷
3398 4134 3456 4179 et
3501 4126 3554 4178 in
3602 4122 3770 4177 habitu

2199 4225 2527 4280 monachico
2553 4223 2665 4278 Deo
2709 4221 2934 4277 servire.
2971 4218 3204 4288 Propter
3244 4219 3354 4272 hoc
3389 4217 3598 4270 nullam
3627 4228 3770 4282 exp?»

2197 4315 2461 4370 ditionem
2513 4329 2579 4368 co
2633 4328 2778 4366 anno
2831 4311 3161 4376 habuerunt,
3215 4307 3311 4363 sed
3381 4305 3682 4376 preparavit
3715 4317 3770 4355 se

2484 4404 2886 4458 Karlomannus
2930 4409 2991 4455 ut
3020 4401 3125 4454 iter
3159 4405 3213 4453 et
3242 4406 3436 4452 votum
3471 4411 3628 4451 suum
3661 4407 3767 4462 per-

2201 4500 2408 4566 liceret,
2447 4495 2713 4567 Pippinus
2764 4493 2999 4564 qualiter
3047 4491 3204 4545 illum
3254 4489 3561 4544 honorifice
3603 4484 3767 4540 dimit-

2198 4600 2358 4648 teret.
3121 4643 3130 4650 ,

2270 4705 2324 4760 5.
2365 4703 2417 4758 6.
2461 4701 2610 4774 (Chr.
2646 4699 2734 4754 W.
2757 4729 2828 4738 —
2849 4697 3004 4751 Eum.
3047 4694 3172 4749 Vita
3200 4693 3399 4748 Karoli
3428 4709 3479 4748 c.
3509 4692 3586 4760 2.)
3609 4689 3666 4742 Δ.
3698 4683 3760 4737 [δ-

2202 4793 2323 4848 747.
2393 4795 2413 4818 ·
2477 4791 2879 4846 Karlomannus
2952 4787 3142 4842 divino
3217 4800 3520 4840 succensus
3594 4793 3764 4833 amore

2203 4885 2436 4942 Romam
2472 4883 2722 4951 tendens,
2771 4881 3052 4937 Zachariaa
3078 4895 3236 4951 papae
3264 4894 3324 4933 se
3354 4877 3566 4941 obtulit,
3613 4882 3657 4927 et
3691 4873 3766 4923 ab

2202 4994 2268 5034 eo
2296 4959 2528 5034 clericus
2565 4961 2762 5042 factus,
2803 4973 3101 5043 habituque
3142 4979 3357 5024 mutato
3401 4965 3758 5023 monachicum

2201 5071 2423 5141 capiens
2451 5068 2852 5132 indumentum,
2904 5065 2959 5118 in
2991 5072 3177 5118 monte
3213 5061 3444 5117 Soracte
3471 5062 3578 5116 sive
3605 5056 3762 5126 Syra-

2200 5163 2278 5232 pti
2309 5160 2402 5193 ¹¹⁰⁸
2431 5142 2748 5216 constructo
2768 5154 3123 5222 monasterio,
3147 5152 3293 5224 apud
3321 5152 3609 5209 ecclesiam
3625 5144 3763 5203 ιιωιᾶ

1788 5362 2022 5418 νΑΡιΙᾸΞ
2063 5362 2467 5419 LECTIONES.

582 5495 676 5528 “°’
699 5495 904 5552 cellica:
932 5497 983 5551 1.
1015 5498 1069 5553 5.
1101 5498 1186 5554 9°.
1218 5497 1281 5552 D.
1310 5499 1515 5554 celticae
1540 5499 1743 5555 cellicaa
1773 5499 1860 5554 10.
1893 5500 2096 5556 cellicae
2130 5517 2268 5554 corr.
2298 5501 2502 5556 celticaa
2536 5499 2579 5552 E
2611 5500 2663 5553 1.
2737 5499 2829 5530 ¹¹⁰³
2861 5498 3076 5552 tannica
3099 5497 3152 5552 5.

582 5566 678 5625 ευὶι
723 5567 780 5620 in
804 5568 853 5622 1.
884 5578 1064 5625 postea
1098 5569 1189 5621 sed
1222 5569 1404 5622 eadem
1435 5587 1595 5622 manu
1619 5571 1807 5624 addita
1830 5581 1973 5625 sunt.
2071 5572 2164 5606 ¹¹⁰⁸
2192 5573 2578 5625 hochscobura
2603 5571 2687 5623 1δ.
2793 5569 2887 5620 ¹¹⁰9
2918 5571 2996 5624 ita
3025 5569 3074 5621 l.
3116 5584 3152 5620 ιι

2231 5587 2578 5642 ocnsconurg
2603 5587 2626 5623 ι
2639 5587 2687 5623 υ.

510 5566 702 5639 ςαξρίιῄ
723 5567 780 5620 in
804 5568 853 5622 1.
884 5578 1064 5639 postea
1098 5569 1189 5621 sed
1222 5569 1404 5622 eadem
1435 5587 1595 5622 manu
1619 5571 1807 5624 addita
1830 5581 1973 5625 sunt.

3270 5496 3363 5526 ““
3387 5491 3661 5548 Hildericus
3680 5517 3760 5529 ~—

2793 5569 2887 5620 “°.‘
2918 5571 2996 5624 ita
3025 5569 3074 5621 1.
3116 5567 3206 5620 ubi
3242 5567 3297 5619 in
3346 5567 3479 5619 Ann.
3531 5559 3673 5615 Eia-ll.
3705 5568 3758 5611 ει

511 5633 664 5714 _l_)?E.
685 5633 1066 5714 juncta'manu
1090 5639 1304 5714 legitur.
1335 5639 1492 5708 juxta
1517 5642 1740 5714 manum
1774 5642 1828 5696 4.
1859 5642 1911 5696 5.
1944 5642 1997 5696 6.
2033 5643 2119 5697 9°.
2156 5642 2268 5711 10.,
2298 5642 2355 5697 id
2380 5643 2520 5714 quod
2548 5633 2731 5696 Errare
2760 5639 2914 5711 {acili
2941 5641 2996 5693 in
3029 5639 3078 5694 1.
3114 5638 3217 5708 legi
3257 5645 3476 5708 poterat.
3550 5633 3628 5664 ""
3661 5646 3760 5686 rc-

506 5708 773 5779 linquere.
803 5711 855 5764 5.
938 5708 1029 5743 “”
1053 5710 1110 5766 in
1143 5707 1370 5782 Serapte
1396 5719 1582 5766 monte
1607 5713 1689 5767 lb.
1720 5713 1775 5768 in
1803 5729 1876 5767 m.
1912 5714 2115 5786 syrapti
2140 5714 2174 5770 4
