3880 6320
76 258 161 321 857
956 250 1323 310 CHRONICA.
1336 244 1416 291 ’ἐξ
1471 247 1864 308 CllRONICON
1904 250 2367 310 UNIVERSALE.
3192 260 3299 318 853

76 371 307 438 Silvestri,
335 385 460 426 cum
492 367 754 424 fratribus
781 381 968 424 secum
1007 368 1073 423 ad
1103 369 1208 424 hoc
1243 367 1607 432 venientibus,
1637 374 1688 434 Α
1713 377 2022 436 contentus,
2077 385 2229 426 Cl‘llle
2274 367 2522 441 profuso,
2572 369 2743 428 barba
2791 371 3110 441 summissa,
3137 376 3300 446 (solio

71 487 148 543 per
170 467 364 535 aliquot
389 478 566 518 annos
593 470 776 532 optata
806 461 989 532 quiete
1017 459 1317 516 fruebatur.
1351 458 1456 514 Sed
1485 475 1610 514 cum
1714 459 1998 528 resideret,
2028 476 2093 516 ac
2115 462 2352 532 speciem
2385 459 2720 519 dominantis
2757 463 3052 536 ellingeret,
3089 465 3303 536 legatos

72 580 125 617 ex
147 554 355 612 Francia
383 555 541 610 multi
573 553 837 608 nobilium
859 552 930 607 ob
956 561 1080 606 vota
1101 550 1358 608 solvenda
1381 549 1612 604 Romam
1714 553 2096 624 undecumque
2140 556 2418 611 venientes
2459 555 2696 624 audiret,
2734 557 2926 629 eisque
2967 559 3302 616 abeuntibus

73 655 400 707 commearent
425 654 482 701 et
508 661 636 701 eum
665 645 813 700 velut
839 643 1122 700 dominum
1152 645 1427 714 quondam
1451 657 1613 697 suum
1713 658 1998 713 responsa,
2026 660 2149 714 quae
2177 644 2373 702 doctus
2397 654 2516 701 erat
2553 655 2649 702 aut
2675 645 2890 716 jussus,
2918 661 2986 702 ex
3017 662 3115 702 sua
3152 645 3305 703 velut

72 739 295 814 pretcrire
323 737 549 804 nollent,
579 737 774 803 otium,
805 751 917 806 quo
953 736 1193 790 maxime
1219 734 1610 800 delectabatur,
1713 743 1983 806 potestate
2006 735 2278 803 redderet,
2307 753 2432 792 eum
2463 747 2645 807 preter
2693 738 2887 794 inutile
2926 739 3071 811 regis
3095 754 3300 797 nomen

73 833 227 888 crebra
272 829 600 884 salutatione
636 829 1119 897 interrumpentes,
1171 827 1350 882 locum
1399 834 1614 878 mutare
1713 835 1768 882 et
1794 828 2102 898 precarium
2149 829 2274 884 vitae
2315 829 2670 899 stipendium,
2727 831 2876 902 quod
2928 831 2980 886 ei
3027 829 3303 901 prefectus

72 920 378 991 compellunt.
409 919 549 973 Nam
580 935 708 986 cum
738 917 1055 988 hujusmodi
1085 915 1448 986 frequentiam
1487 929 1614 984 pro—
1713 920 1874 985 aulae,
1899 928 2064 990 prout
2089 920 2396 988 videbatur,
2416 923 2731 991 exhibebat,
2757 925 2924 980 nichil
2945 923 3094 979 aliud
3113 925 3302 995 possi-

71 1015 216 1084 posito
239 1028 338 1067 suo
363 1011 598 1086 vidisset
624 1011 859 1077 oflicere,
904 1010 1095 1065 relicto
1125 1016 1328 1074 monte,
1360 1007 1416 1061 in
1456 1005 1610 1061 Sam-
1713 1011 1894 1078 deret;
1925 1027 2240 1082 quanquam
2285 1029 2449 1068 unam
2490 1023 2545 1069 et
2570 1031 2692 1072 eam
2740 1031 3064 1086 perparvam
3091 1015 3302 1073 reditus

19 1153 26 1162 .
69 1106 190 1160 nium
217 1103 545 1174 provinciam
574 1103 641 1157 ad
672 1102 1064 1158 monasterium
1095 1100 1275 1156 sancti
1311 1098 1610 1165 Benedicti,
1711 1104 1918 1169 villam,
1964 1102 2020 1156 in
2055 1119 2162 1173 qua
2184 1103 2408 1158 domum
2430 1113 2485 1160 et
2511 1120 2578 1160 ex
2600 1122 2710 1176 qua
2734 1105 2970 1162 famulos
2990 1107 3302 1164 necessaria

70 1197 202 1251 situm
230 1195 279 1249 in
307 1203 494 1250 castro
539 1192 794 1260 Cassino,
837 1209 896 1249 se
943 1192 1194 1259 contulit,
1241 1201 1296 1248 et
1342 1191 1418 1247 ibi
1465 1190 1612 1262 quod
1714 1193 1818 1250 sibi
1845 1193 2222 1248 ministrantes
2245 1194 2746 1263 atqueobsequium
2767 1197 3088 1253 exhibentes
3113 1211 3304 1267 pauca

67 1286 296 1356 reliquum
327 1282 428 1340 fuit
455 1283 581 1338 vitae
609 1292 824 1352 tempus
853 1281 1165 1352 complevit.
1714 1285 2126 1342 numerositatis
2181 1285 2427 1340 haberet.
2473 1284 2833 1358 Quocumque
2875 1289 3115 1344 eundum
3159 1297 3300 1356 erat,

179 1380 197 1400 '
227 1375 312 1448 D._
336 1375 398 1430 Ε.
436 1375 645 1448 addunt
677 1391 699 1448 :_
727 1373 1017 1448 Rach_is4—
1042 1372 1210 1429 frater
1247 1372 1368 1443 ejus
1407 1371 1612 1428 substi-
1713 1385 1975 1448 carpento
2001 1377 2134 1442 ibat,
2164 1376 2310 1446 quod
2335 1375 2566 1447 junctis,
2597 1377 2777 1434 bubus
2803 1387 2859 1434 et
2885 1379 3124 1435 bubulco
3144 1394 3302 1434 more

241 1445 426 1500 tuitur.
458 1463 524 1501 ea:
555 1444 732 1516 Sigeb.
767 1462 819 1498 a.
858 1444 980 1500 749.

1727 1444 1922 1528 rustico
1965 1477 2160 1542 agente
2182 1444 2535 1526 trahebatur.
2572 1468 2663 1526 Sic
2697 1470 2765 1524 ad
2799 1471 3085 1540 palatium,
3124 1472 3204 1528 sic
3229 1470 3302 1528 ad

121 1534 244 1637 6-_7-
283 1535 458 1637 (Ειξίξι
499 1536 668 1608 Am“)
697 1534 762 1591 Α·
802 1533 1032 1637 θχῃδ·
1074 1533 1471 1637 Griphofmu‘i
1509 1549 1612 1590 suo
1712 1533 2374 1634 publicumvconventum,
2417 1562 2513 1632 qui
2563 1533 2972 1620 Kalend-Maii
3028 1533 3099 1620 ob
3146 1566 3302 1637 regni

65 1627 254 1698 Pippino
297 1628 578 1698 subjectus
626 1642 750 1684 esse
806 1627 1030 1694 nolens,
1089 1627 1341 1697 quamvis
1388 1627 1492 1681 sub
1545 1640 1612 1682 eo

1727 1627 2003 1710 utilitatem
2027 1654 2314 1709 annuatim
2339 1627 2453 1686 ‘7'”-
2468 1655 2867 1722 celehrabatur,
2893 1655 2971 1710 ire
2992 1627 3304 1723 solebat:et

65 1721 319 1817 δθηοτίθξνθ
352 1720 562 1776 Vivere‘
591 1761 607 1788 ν
657 1720 738 1817 i"_
763 1717 1391 1817 Samniamﬁwfugif;
1440 1719 1608 1817 conf"
1643 1724 1686 1783 Β
1712 1760 1898 1800 coram
1947 1753 2060 1801 tota
2099 1755 2260 1817 gente
2287 1745 2573 1816 presidens
2600 1717 2904 1816 omnesque
2953 1717 3224 1812 salutans,
3247 1753 3306 1800 et

64 1823 224 1884 ctoque
253 1811 530 1868 Saxonum
558 1812 826 1881 exercitu,
857 1827 1020 1883 super
1067 1810 1294 1866 ﬂuvium
1316 1809 1522 1866 Ovacra
1553 1811 1610 1865 in

1727 1837 1782 1892 ib
1809 1837 1878 1892 iis
1907 1809 2181 1894 salutatus
2210 1809 2520 1908 debitisque
2549 1809 2832 1908 obsequiis
2867 1809 3304 1902 honoratumsic

64 1908 161 1961 loco
182 1905 269 1976 qui
316 1905 519 2000 dicitur
566 1902 792 1972 Orheim
820 1903 1120 2000 consedit;
1170 1903 1438 2000 Ρῖρρίηυξ
1480 1919 1612 1959 "9’0
1710 1928 1937 1984 domum
2000 1928 2266 1996 rediebat,
2316 1902 2509 2000 sicque
2555 1902 2744 1986 secum
2796 1944 2982 2000 usque
3016 1929 3087 1984 ad
3132 1927 3303 1986 alium

66 2015 164 2053 cum
189 1998 418 2053 exercitu
450 1996 789 2052 Francorum
819 1997 875 2051 in
917 1995 1278 2067 Thuringiam
1310 1993 1608 2066 profectus,

1727 2018 1914 2076 laium
1944 2020 2094 2085 domi
2122 1993 2432 2076 residebat:
2455 2019 2526 2075 At
2554 2019 2708 2091 regni
2735 1993 3297 2075 amministrationem

64 2099 218 2186 φηίη
246 2090 398 2146 ἀ⁰¹⁰⁵
427 2089 616 2186 [ττλίῗίδ
643 2089 943 2186 δῆξῖωίτξω
972 2091 1256 2186 ίΡετξδεδυδ
1283 2098 1387 2186 es?
1417 2105 1612 2186 Ῠ9¹ξ⁵θ⁴
1709 2123 1766 2169 et
1790 2113 1999 2181 omnia,
2023 2129 2146 2184 qua:
2173 2113 2260 2170 vel
2288 2113 2439 2170 domi
2483 2114 2572 2169 vel
2607 2089 2744 2170 foris
2798 2115 3008 2186 agenda
3058 2123 3213 2169 erant
3237 2128 3306 2170 ac

65 2183 216 2278 illique
242 2199 401 2278 ξυρῗτ
431 2182 658 2278 πυνίψη
705 2181 948 2273 Missam
992 2182 1048 2278 ίξλ
1097 2183 1222 2238 loco
1269 2182 1364 2254 qui
1409 2180 1611 2237 diem"
1709 2180 2069 2277 disponenda,
2098 2205 2375 2277 prefect-us
2400 2207 2540 2262 aulae
2569 2180 2916 2278 procumbat.
2951 2205 3076 2273 Quo
3123 2205 3305 2260 officio

67 2274 385 2346 Scahaningi;
452 2276 699 2345 praelium
772 2282 959 2329 tamen
1010 2275 1154 2329 inter
1217 2289 1314 2330 eos
1362 2289 1472 2329 non
1527 2283 1613 2329 est

1727 2274 1863 2364 Lunc,
1915 2313 2039 2354 cum
2099 2274 2334 2369 predicti
2389 2274 2588 2370 legati_
2621 2297 2852 2354 Romam
2922 2299 3303 2366 mittebantur,

66 2365 404 2431 commissum,
435 2365 530 2421 sed
558 2381 626 2421 ex
655 2365 858 2435 placito
885 2365 1278 2420 discesserunt.

1727 2387 1997 2459 Pippinus,
2033 2365 2218 2445 Karoli
2246 2385 2391 2445 filias
2421 2365 2664 2461 itemque
2693 2389 2878 2445 Karoli
2912 2388 3092 2461 Magni
3121 2398 3303 2460 pater,

121 2457 162 2512 7.
197 2456 244 2512 8.
285 2457 348 2511 A.
389 2455 449 2511 D.
491 2456 613 2512 749.
657 2455 864 2526 Gripho
889 2454 1169 2510 Saxonum
1191 2454 1318 2529 fidei
1339 2454 1608 2523 dilildens,

1871 2454 2021 2534 velut
2058 2479 2389 2534 hereditario
2434 2454 2953 2551 jure-fungebatur.
3003 2454 3306 2535 Zacharias

65 2563 162 2643 Em“
189 2548 352 2643 φρίίδ
399 2564 522 2643 (19³⁵
549 2548 618 2643 ἦδά
661 2563 790 2602 eum
838 2546 907 2643 δεῖ
953 2545 1183 2643 “and?
1233 2546 1612 2602 connu‘e’am
1710 2584 1842 2624 vero
1887 2584 2026 2639 papa
2092 2585 2256 2640 super
2321 2569 2639 2640 hujusmodi
2693 2571 2913 2643 negot-io
2975 2572 3288 2638 consultus,

65 2639 324 2694 Bawariam
349 2640 524 2710 petiit,
556 2640 846 2710 ipsumque
867 2638 1132 2694 ducatum
1157 2638 1212 2692 in
1243 2653 1401 2693 suam
1457 2649 1612 2710 pote-

1727 2660 2074 2727 'emandavit,
2121 2662 2319 2718 melius
2347 2678 2469 2718 esse
2513 2663 2666 2718 illum
2687 2663 2876 2720 vocari
2919 2678 3122 2733 regem,
3155 2663 3303 2734 apud

65 2737 222 2825 59mm
247 2730 472 2825 redegi"
510 2729 849 2825 Ἔθξδίιοηθῐη
872 2744 1025 2825 ,θυπι
1063 2727 1315 2825 Ψητυάῗ
1341 2729 1421 2825 ,ίη
1458 2727 1614 2825 dFdi"
1711 2769 1875 2825 quem
1924 2770 2142 2810 summa
2176 2757 2462 2825 potestatis
2507 2755 2863 2822 consisteret;
2912 2727 3150 2824 dataque
3189 2727 3306 2812 au-

63 2821 228 2877 “onem
256 2820 840 2918 accepitgsuiggcrum
869 2821 1222 2918 i9_a“_xi““‘“
1251 2820 1356 2876 Sibi
1384 2820 1611 2918 “hic”
1712 2820 1968 2906 etoritate
1994 2863 2118 2915 sua,
2149 2820 2442 2918 Pippinum
2470 2862 2651 2918 regem
2677 2820 2938 2904 constitui
2966 2820 3158 2917 jussit.

63 2927 148 2970 ίθω
175 2918 421 3010 εξιεεθβίῑ·
475 2915 603 3010 Ηεες
631 2916 860 3010 θυάίβηε
887 2914 1172 3010 Pippin“:
1215 2930 1338 2971 Cum
1371 2914 1612 3010 maxim?
1855 2941 1874 2962 ⁶
1911 2937 1974 2992 D.
2018 2937 2080 2994 E.
2103 2914 2108 2915 γ
2134 2914 2338 2992 addunt
2370 2938 2477 3010 :ln
2525 2914 2916 3008 Mesopotamia
2955 2914 3174 3010 dirupta
3217 2947 3306 2995 est

64 3008 265 3063 exercitu
297 3009 444 3064 venit
483 3009 539 3063 in
569 3007 896 3075 Bawariam,
930 3007 1265 3078 fratremque
1294 3023 1457 3063 suum
1488 3006 1612 3062 Gri-
1648 3068 1679 3078 Δ
1927 3017 2096 3076 terra,
2139 3019 2193 3064 et
2221 3009 2469 3063 ascendit
2497 3025 2563 3063 ex
2593 3024 2656 3062 ea
2675 3006 2900 3064 animal
2934 3006 3206 3064 mulinum
3230 3039 3303 3049 —

62 3102 259 3170 phonem
311 3117 434 3158 cum
474 3103 732 3158 omnibus
783 3101 900 3158 suis
949 3103 1110 3174 cepit,
1163 3101 1508 3158 Tassilonem
1555 3100 1610 3155 in

1923 3068 2154 3134 Arabes.
2183 3095 2248 3134 ex
2278 3079 2452 3151 Sigeb.
2487 3095 2538 3133 a.
2572 3077 2694 3134 755.
3151 3081 3154 3086 ·

63 3192 284 3250 ducatum
335 3196 598 3262 restituit,
637 3196 971 3266 domumque
1018 3211 1292 3261 reversus,
1346 3193 1612 3266 Griphoni

1853 3171 1895 3194 “
1935 3169 1997 3225 E.
2070 3169 2220 3224 addit
2251 3185 2269 3224 :
2300 3169 2400 3225 llic
2466 3179 2549 3244 est
2608 3169 2898 3237 Folradus,
2953 3171 3047 3242 qui
3105 3187 3307 3242 corpus

1928 3242 2102 3266 ...ι-...ιζ
2135 3240 2239 3266 ιγέιζ
2262 3241 2500 3266 ...Αμιζ-ζι.
2531 3240 2594 3266 ,1η
2618 3240 2787 3266 Dn..-
2823 3242 2874 3266 2-.
2900 3241 3100 3266 l‘-ll:--
3127 3251 3275 3266 .--ηρ

1928 3242 2106 3296 sancti
2135 3240 2243 3295 Viti
2262 3237 2512 3296 martiris'
2528 3240 2596 3295 de
2618 3240 2792 3295 Roma
2823 3242 2877 3295 in
2900 3237 3103 3299 Gallias
3127 3237 3308 3298 trans-

1933 3312 2123 3368 tulisse
2158 3312 2386 3383 legitur;
2415 3321 2466 3366 et
2493 3312 2662 3383 pergit
2691 3327 2709 3365 :
2743 3311 2801 3366 S.
2829 3311 2920 3366 Fr.
3303 3331 3306 3334 '

1789 3420 1876 3478 10.
1919 3423 2006 3478 ll.
2043 3423 2108 3476 A.
2153 3420 2216 3476 D.
2272 3421 2394 3477 752.
2445 3421 2708 3493 Pippinus
2769 3437 2868 3492 per
2918 3421 3303 3477 auctoritatem

1715 3512 1996 3569 Zachariae
2015 3529 2169 3584 papae
2191 3527 2346 3568 more
2362 3511 2700 3568 Francorum
2723 3511 2931 3567 electus
2959 3511 3027 3566 ad
3051 3527 3306 3583 regnum,

1716 3621 1814 3676 per
1843 3622 2042 3661 manus
2097 3605 2273 3662 sancti
2325 3604 2591 3660 Bonifacii
2633 3605 3032 3676 archiepiscopi
3081 3605 3308 3676 Mogon-

1717 3701 1987 3757 ciacensis
2005 3701 2248 3756 elevatus
2273 3707 2356 3754 est
2377 3699 2433 3754 in
2455 3699 2610 3771 regni
2640 3700 2839 3756 solium
2863 3701 2917 3752 in
2943 3697 3308 3754 Suessionum

1717 3793 1956 3850 civitate.
2001 3823 2073 3836 —-
2117 3793 2268 3862 (Chr.
2321 3791 2436 3862 W.)
2493 3791 2805 3848 Translatio
2862 3790 3038 3847 sancti
3090 3791 3307 3864 Kyliani

1718 3888 1862 3946 facta
1901 3889 2324 3945 est.—-Beatus
2373 3904 2513 3959 papa
2563 3887 2862 3942 Zacharias
2909 3887 2966 3942 in
3009 3885 3310 3942 venerabili

1717 3981 2050 4054 patriarchio
2099 3980 2301 4050 reperit
2327 3987 2494 4050 caput
2519 3978 2666 4034 beati
2703 3976 2922 4048 Georgii
2965 3976 3223 4048 martyris
3251 3976 3310 4031 in

63 4105 191 4161 missi
217 4118 366 4175 sunt,
397 4118 460 4165 ut
498 4111 849 4166 consulerent
885 4126 1012 4165 eum
1052 4125 1218 4181 super
1260 4069 1485 4181 tergibus
1520 4106 1616 4178 qui
1718 4089 1883 4181 F333“
1905 4073 2268 4140 recom'mm’
2299 4071 2447 4142 ("md
2479 4088 2534 4126 m
2565 4069 2870 4124 Romanam
2898 4070 3090 4124 urbem
3127 4077 3311 4123 "ans-

61 4205 270 4268 tempore
321 4202 422 4257 illo
471 4201 694 4257 fuerunt
739 4203 795 4256 in
844 4169 1356 4268 Fi'ancia,'nomen
1404 4169 1616 4255 tantum
1720 4169 1864 4282 tumf
1922 4278 1976 4282 __
2059 4277 2070 4282 _
2153 4276 2185 4282 _
2257 4277 2358 4282 ____
2446 4274 2478 4282 _
2577 4275 2591 4282 _
2986 4271 3051 4282 Μ
3243 4271 3280 4282 η

60 4291 178 4360 regis
227 4294 319 4349 sed
371 4294 579 4348 nullam
626 4301 948 4364 potestatem
999 4293 1205 4365 regiam
1256 4293 1542 4347 habentes.
1577 4293 1618 4312 “
1787 4280 1873 4334 Η-
1914 4278 2002 4334 12-
2043 4277 2107 4330 Α·
2150 4276 2212 4331 D-
2257 4277 2378 4332 755-
2443 4274 2756 4365 Stephanlls
2803 4287 2942 4344 Papa
2985 4271 3112 4328 92“
3159 4271 3312 4327 οτάί·

61 4382 189 4447 (Vita
215 4385 564 4456 Burrlwrdi.)
597 4384 856 4440 Solebant
882 4386 1030 4440 enim
1059 4364 1256 4440 Franci
1292 4399 1361 4439 ex
1391 4383 1614 4452 antiqua

1727 4377 1904 4436 natur,
1939 4365 2189 4437 seditque
2217 4381 2392 4421 annos
2420 4366 2475 4433 5,
2498 4366 2617 4420 dies
2645 4364 2736 4420 28.

60 4491 220 4547 regum
247 4479 422 4550 stirpe
468 4493 623 4550 reges
653 4478 874 4545 habere,
905 4479 1000 4549 qui
1035 4494 1067 4533 a
1114 4478 1387 4546 Meroveo,
1439 4477 1618 4534 Clodii
1721 4481 1864 4536 Anni
1895 4481 2047 4554 regni
2085 4479 2322 4551 Pippini.

61 4570 252 4625 secundi
299 4570 450 4642 regis
483 4585 676 4625 eorum
724 4569 858 4636 lilio,
908 4569 1208 4642 Merovingi
1257 4571 1614 4639 dicebantur;
1794 4573 1845 4627 l.
1874 4563 3162 4644 l3.(Eisn.A.)Annodominicaeincarnationis
3184 4564 3308 4620 754.

61 4673 259 4727 quorum
287 4661 608 4735 genealogis
653 4676 828 4732 usque
855 4661 924 4716 ad
958 4661 1289 4718 Hildericum
1323 4672 1455 4720 tunc
1481 4673 1620 4720 tem-
1719 4665 1986 4739 Pippinus
2021 4679 2117 4720 rex
2157 4680 2283 4720 cum
2333 4662 2578 4719 exercitu
2629 4675 2829 4734 magno
2883 4659 3180 4715 Saxoniam
3227 4656 3313 4711 in-

59 4753 184 4820 poris
215 4743 400 4827 regem
439 4755 821 4825 permanebat,
855 4754 908 4808 in
946 4769 1059 4826 quo
1096 4753 1262 4809 etiam
1301 4755 1615 4822 deficiebat;
1727 4773 1952 4832 gressus
1980 4765 2085 4824 est,
2131 4765 2184 4811 et
2209 4755 2461 4826 quamvis
2498 4753 2747 4809 Saxones
2780 4752 2830 4808 ei
2879 4747 3314 4806 obstinatissime

62 4844 138 4898 sed
173 4846 288 4902 licet
322 4847 380 4901 in
433 4847 528 4902 illo
575 4846 729 4904 ﬁnita
773 4855 962 4918 posset
1001 4844 1195 4911 videri,
1239 4845 1354 4915 jam
1406 4845 1614 4901 dudum
1725 4849 2065 4913 resisterent,
2097 4845 2242 4917 pulsi
2272 4856 2452 4900 tamen
2483 4852 2792 4908 cesserunt,
2815 4850 2870 4896 et
2899 4841 3014 4912 ipse
3042 4853 3219 4908 usque
3244 4836 3313 4891 ad

60 4943 214 4992 tamen
241 4938 451 4996 nullius
477 4939 682 5010 vigoris
709 4947 970 5006 erat,nec
989 4939 1284 5009 quicquam
1308 4937 1515 4992 clarum
1563 4938 1618 4992 in
1725 4940 1904 4996 locum
1947 4939 2040 5010 qui
2088 4938 2289 4992 dicitur
2327 4936 2502 4991 llimie
2547 4936 2706 5006 juxta
2756 4934 2982 4988 fluvium
3037 4929 3314 4985 Wisaram

64 5039 300 5096 sepreter
341 5031 510 5086 inane
543 5031 688 5102 regis
733 5031 1060 5086 vocabulum
1107 5029 1432 5100 preferehat.
1481 5027 1620 5084 Nam
1727 5032 1980 5089 accessit.
2030 5030 2087 5085 ln
2119 5047 2228 5102 qua
2274 5029 2617 5100 expeditione
2662 5025 2980 5097 lliltigarius
3025 5023 3316 5094 episcopus

63 5126 104 5172 et
137 5135 258 5190 opes
292 5133 344 5180 et
395 5123 644 5194 potentia
678 5123 831 5195 regni
879 5137 1046 5192 penes
1093 5121 1284 5192 palatii
1331 5119 1619 5191 prefectos,
1727 5123 1945 5178 occisus
1964 5131 2049 5177 est
2077 5123 2130 5176 in
2155 5129 2341 5176 monte
2363 5120 2458 5190 qui
2483 5119 2686 5173 dicitur
2718 5117 2924 5190 Vihurg
2957 5115 3071 5169 ¹¹¹⁰.
3105 5113 3314 5167 Rever~

63 5211 142 5277 qui
167 5215 398 5285 majores
418 5215 639 5282 ,domus
665 5215 988 5271 dicebantur
1023 5223 1077 5271 et
1103 5213 1172 5270 ad
1219 5228 1361 5284 quos
1407 5228 1626 5268 summa
1728 5215 1864 5271 tenti
1909 5230 2038 5271 vero
2071 5214 2180 5284 regi
2210 5213 2277 5267 de
2304 5211 2544 5267 Saxonia
2579 5210 2815 5266 nuncius
2838 5208 2987 5266 venit
3025 5206 3096 5262 de
3138 5211 3314 5260 morte

63 5299 250 5374 imperii
273 5309 604 5378 pertinebat,
635 5309 991 5374 tenebantur;
1019 5322 1121 5363 nec
1145 5306 1294 5363 aliud
1324 5305 1622 5377 quicquam
1726 5305 1913 5364 fratris
1942 5307 2025 5362 sui
2063 5306 2378 5376 Griphonis,
2405 5319 2436 5358 a
2472 5319 2585 5374 quo
2613 5303 2698 5357 vel
2731 5303 2964 5372 qualiter
2993 5296 3315 5356 interfectus

61 5397 157 5467 regi
181 5401 617 5469 permittebatur,
643 5417 811 5472 quam
852 5409 914 5456 ut
940 5399 1090 5472 regio
1137 5407 1353 5456 tantum
1399 5398 1624 5453 nomine
1729 5410 1970 5455 esset.—
1991 5397 2192 5456 Eodem
2229 5412 2375 5454 anno
2407 5395 2723 5470 Stephanus
2762 5410 2902 5467 papa
2951 5393 3124 5452 multa
3169 5389 3313 5447 mala

62 3299 185 3338 more
227 3285 428 3340 ducum
476 3285 766 3342 duodecim
815 3286 1108 3342 comitatus
1155 3284 1331 3351 dedit;
1382 3285 1476 3339 sed
1524 3284 1614 3339 ille

63 3375 137 3429 tali
162 3376 419 3434 beneﬁcio
460 3363 570 3433 non
601 3386 914 3445 contentus,
946 3376 1140 3432 eodem
1177 3391 1325 3432 anno
1364 3375 1434 3432 ad
1462 3373 1614 3430 Wai-

65 3465 227 3523 larium
254 3468 568 3540 Aquitania:
595 3471 792 3525 ducem
821 3468 1079 3542 profugit.

120 3559 163 3615 9.
199 3560 276 3614 l0.
318 3561 471 3632 (Chr.
506 3561 621 3632 W.)
660 3563 726 3616 Α.
767 3559 830 3616 D.
867 3561 990 3618 751.
1025 3563 1040 3582 ⁶
1073 3557 1310 3616 Sanctus
1338 3557 1613 3614 But-char-

63 3651 145 3705 dus
170 3654 370 3724 accepit
418 3653 798 3725 pontificatum
838 3651 1363 3724 Wireiburgensem,
1414 3651 1470 3706 in
1505 3665 1616 3722 quo

66 3741 179 3796 sedit
203 3758 376 3800 annos
404 3745 496 3800 40.
531 3744 708 3816 (Emit.
740 3743 832 3814 Α.)
881 3742 980 3798 llic
1008 3743 1190 3813 itaque
1219 3751 1444 3798 sanctus
1473 3741 1614 3796 Bur-

63 3834 264 3892 chardus
291 3847 344 3892 et
377 3835 647 3893 Folradus
675 3835 1168 3906 archicapellanus,
1200 3851 1363 3905 quem
1393 3834 1614 3904 quidam

64 3925 190 3994 (Vita
215 3928 432 4000 Burch.)
463 3929 736 3997 abbatem,
787 3927 1016 4001 quidam
1065 3925 1242 3999 (Emi.
1281 3926 1376 3997 Α.)
1407 3924 1617 3996 presbi-

61 4027 207 4072 terum
233 4020 502 4088 scribunt,
531 4021 600 4076 ad
631 4021 951 4078 Zachariam
975 4021 1282 4076 Romanum
1305 4017 1614 4090 pontificem

1346 5551 1581 5611 VARM‘I
1620 5552 2011 5614 LECTIONES.

125 5669 203 5702 ¹¹⁰’
225 5674 276 5726 in
307 5675 548 5747 margine
579 5673 762 5730 eadem
805 5688 964 5728 manu
1003 5672 1174 5744 suppl.
1214 5673 1260 5728 ι.
1305 5673 1394 5708 ¹ί¹⁰
1419 5670 1654 5741 Wiburg
1685 5669 1764 5724 lb.
