3880 6308
554 283 660 340 859

1741 261 2136 324 EKKEIIARDI
2177 258 2647 319 URAUGIENSIS
3704 262 3785 318 8M

551 399 751 466 passus
783 391 851 446 ab
896 387 1163 446 Haistulfo
1192 385 1677 459 Langobardorum
1721 398 1867 453 rcgc,
1893 379 2043 436 venit
2065 380 2131 433 ad
2164 383 2206 440 Α
2239 377 2601 448 gobardarum
2624 392 2749 433 cum
2783 375 2950 432 nichil
2983 390 3176 466 eorum
3211 390 3338 446 qua:
3365 374 3508 432 datis
3547 375 3785 466 obsidibus

555 485 845 558 Pippinum
877 499 1058 555 regem
1084 483 1139 535 in
1171 480 1299 534 villa
1353 494 1476 548 qua:
1499 476 1699 532 dicitur
1744 474 1992 529 Carisius
2020 473 2132 538 ¹¹¹¹,

555 586 853 643 suggerens
877 570 949 635 ei,
981 576 1038 622 ut
1067 582 1124 622 se
1163 564 1555 621 et‘Ramanam
1585 561 1888 617 aecclesiam
1928 560 1998 614 ab
2045 559 2135 612 in-

554 661 842 718 festatiane
874 658 1353 730 Langobardorum
1377 653 1710 709 defenderet.
1738 651 1899 707 Venit
1921 661 1974 706 et
2000 649 2137 705 Kar-

554 755 868 817 lomannus,
899 750 1066 805 frater
1090 749 1256 820 regis,
1277 748 1391 818 jam
1415 746 1719 801 monachus
1747 743 1946 811 factus,
1974 744 2136 814 jussu

556 843 769 899 abbatis
791 843 898 908 sui,
928 850 989 895 ut
1011 840 1155 910 apud
1179 839 1403 894 fratrem
1434 854 1597 894 suum
1622 837 1879 907 precibus
1901 835 2136 890 Romani

554 936 828 1007 pontiﬁcis
905 934 1214 989 obsisteret.
1281 931 1488 986 Invitus
1545 938 1726 985 tamen
1783 930 1890 984 hoc
1940 927 2136 984 fecisse

555 1035 800 1095 putatur,
832 1025 962 1095 quia
985 1040 1087 1079 nec
1120 1024 1210 1078 ille
1238 1022 1451 1077 abbatis
1477 1021 1562 1076 sui
1579 1021 1734 1091 jussa
1763 1028 2133 1087 contemnere,

555 1133 657 1173 nec
683 1118 852 1172 abbas
882 1118 972 1172 ille
995 1116 1267 1187 preceptis
1304 1115 1450 1186 regis
1486 1113 1993 1185 Langobardorum,
2040 1113 2136 1183 qui

554 1206 602 1260 ei
648 1207 752 1260 hac
782 1204 1088 1274 imperavit,
1125 1202 1359 1257 audebat
1386 1201 1660 1256 resistere.
1709 1198 1984 1270 (Remum)
2012 1197 2136 1254 Ste-

552 1297 766 1364 phanus
787 1305 970 1349 autem
995 1309 1133 1364 papa
1159 1293 1302 1363 apud
1327 1291 1597 1346 Parisium
1622 1291 1957 1361 aliquamdiu
1984 1289 2138 1344 inﬁr-

551 1393 753 1450 matus,
785 1398 1116 1452 rursumque
1162 1397 1258 1452 per
1279 1390 1528 1437 sanctum
1579 1380 1884 1435 Dianisium
1931 1395 2135 1436 conva-

553 1475 788 1541 lescens,
811 1484 1103 1544 postquam
1128 1489 1158 1527 a
1198 1489 1322 1544 rege
1355 1472 1586 1542 Pippina
1632 1487 1732 1542 pro
1773 1481 1976 1527 sancta:
2021 1471 2135 1526 Ro-

552 1583 728 1622 mante
751 1567 1013 1622 ecclesiae
1041 1565 1362 1620 defensione
1377 1565 1687 1618 ﬁrmitatem
1711 1564 2132 1634 accepit,ipsum

551 1673 709 1714 sacra
750 1658 1010 1713 unctione
1046 1657 1103 1711 in
1147 1656 1308 1727 regite
1354 1654 1636 1725 dignitatis
1678 1655 1887 1709 honore
1930 1653 2134 1709 conﬁr-

553 1751 744 1817 mavit,
776 1759 832 1805 et
860 1766 988 1805 cum
1010 1765 1077 1804 eo
1101 1748 1242 1803 duos
1263 1749 1404 1803 ﬁlios
1438 1748 1577 1817 ejus,
1614 1747 1872 1802 Karolum
1908 1755 1963 1801 et
1996 1745 2132 1800 Kar—
2166 1731 2208 1786 Β

554 1843 898 1907 lamannum,
933 1857 1057 1896 cum
1089 1850 1261 1896 matre
1282 1855 1473 1894 eorum
1511 1839 1809 1894 Berhtrada
1842 1854 2134 1894 consecra-

554 1934 662 2000 vit;
696 1933 1143 2002 Francarumque
1168 1947 1418 2002 proceres
1448 1947 1557 1986 una
1586 1947 1711 1986 cum
1739 1932 1940 2002 populo
1968 1932 2135 1986 bene—

555 2026 794 2081 dictione
842 2026 1142 2095 apostolica
1183 2024 1555 2091 sanctiﬁcans,
1619 2025 1943 2080 auctoritate
1989 2024 2133 2079 beati

555 2115 701 2172 Petri
727 2116 960 2187 apostoli
993 2116 1273 2188 obligavit,
1323 2123 1378 2170 et
1417 2122 1751 2185 protestatus
1786 2123 1872 2169 est
1908 2128 2025 2181 eos,
2075 2123 2136 2168 ut

551 2222 832 2279 nunquam
866 2209 991 2278 ipsi,
1038 2209 1122 2263 vel
1160 2208 1366 2278 quique
1407 2223 1473 2261 ex
1500 2221 1690 2262 eorum
1733 2206 2012 2278 progenie,
2040 2220 2136 2276 per

555 2299 964 2358 succedentium
1018 2299 1292 2354 curricula
1337 2306 1647 2368 temporum
1705 2297 1996 2369 progeniti,
2067 2296 2138 2352 de

555 2393 660 2448 alia
686 2393 854 2462 stirpe
898 2407 1078 2463 regem
1109 2392 1212 2447 sibi
1262 2403 1643 2462 proponerent,
1687 2391 1794 2446 nisi
1837 2407 1904 2446 ex
1942 2405 2134 2446 eorum

553 2485 869 2556 propagine,
900 2500 1042 2555 quas
1083 2485 1269 2538 divina
1299 2483 1640 2554 providentia
1671 2493 1806 2540 tunc
1849 2483 1906 2539 in
1949 2483 2138 2540 defen-

549 2573 762 2629 sionem
803 2574 1063 2629 zecclesiaa
1087 2574 1310 2644 dignata
1337 2580 1424 2628 est
1455 2572 1774 2628 sublimare.
1806 2571 1987 2644 (Etnn.
2028 2573 2133 2628 Vit.

553 2663 690 2720 Κατ.
711 2695 784 2705 ——
808 2664 868 2719 V.
894 2665 1092 2719 Burclt.
1115 2695 1188 2704 ——
1208 2663 1334 2721 Chr.
1370 2663 1482 2734 W.)
1515 2663 1608 2719 Sic
1631 2680 1762 2736 ergo
1785 2664 2050 2735 Pippinus
2070 2679 2137 2718 ex

553 2757 793 2826 prefecto
807 2757 1014 2827 palatii,
1043 2757 1368 2811 auctoritate
1393 2756 2056 2826 apostolica,sublimatus
2084 2765 2139 2811 et

551 2856 751 2903 unctus
782 2849 838 2901 in
881 2847 1066 2903 sedem
1108 2847 1281 2919 regni,
1318 2855 1509 2916 postea
1561 2847 1813 2918 regnavit
1854 2847 2017 2902 annis
2049 2847 2136 2912 l5,

553 2940 838 2996 absolutus
877 2955 973 3010 per
1016 2939 1252 2995 eundem
1293 2955 1492 3009 papam
1525 2937 1861 3016 Stephanum
1917 2955 1949 2994 a
1985 2939 2140 3009 jura-

555 3041 762 3099 menta,
795 3031 941 3104 quod
973 3032 1087 3103 regi
1117 3030 1388 3087 Hilderica
1429 3047 1554 3086 cum
1584 3032 1782 3087 ceteris
1825 3031 1977 3102 regni
2026 3031 2137 3102 pri-

557 3122 804 3179 moribus
851 3121 1074 3177 fecerat.
1123 3120 1430 3177 Hildericus
1474 3138 1624 3188 vero,
1671 3122 1767 3193 qui
1811 3120 1950 3180 falso
1992 3122 2138 3193 regis

554 3215 776 3276 nomine
814 3211 1163 3284 fungebatur,
1192 3222 1354 3270 tonso
1401 3214 1599 3284 capite,
1641 3214 1700 3270 in
1740 3214 2136 3272 monasterium

558 3304 762 3358 missus
783 3311 869 3357 est
899 3304 1010 3357 “".

629 3395 685 3448 9..
721 3395 803 3448 14.
830 3393 1007 3465 (Etnu.
1037 3394 1130 3466 Α.)
1157 3394 1222 3450 Α.
1255 3394 1318 3448 1).
1355 3394 1478 3450 755.
1506 3399 1524 3418 ⁹
1549 3393 1816 3466 Pippinus
1845 3411 1962 3463 rex,
1993 3395 2135 3451 invi-

555 3495 708 3560 tanta
749 3502 817 3542 ac
857 3496 1082 3558 rogante
1103 3487 1346 3558 predicta
1391 3501 1531 3557 papa
1581 3485 1880 3558 Stephano,
1916 3497 2140 3559 propter

553 3578 836 3649 justiciam
859 3579 1002 3633 beati
1026 3578 1172 3634 Petri
1193 3579 1425 3650 apostoli
1444 3579 1768 3649 exigendam
1787 3595 1820 3635 a
1842 3595 1970 3652 rege
1991 3579 2140 3635 Lon-

560 3671 930 3742 gobardorum
953 3669 1245 3738 Haistulfo,
1272 3671 1482 3726 Italiam
1505 3688 1630 3728 cum
1660 3687 1826 3728 manu
1855 3673 2034 3728 valida
2055 3673 2140 3726 in-

560 3763 760 3830 travit,
813 3763 1306 3834 resistentibusque
1361 3762 1735 3835 Langobardis
1793 3773 1849 3821 et
1900 3766 2136 3821 claustra

558 3855 725 3912 Italia:
749 3855 1050 3925 tuentibus,
1081 3857 1151 3912 ad
1173 3857 1324 3926 ipsas
1354 3855 1624 3912 montium
1652 3856 1836 3916 clusas
1868 3857 2140 3929 acerrime

562 3955 864 4020 pugnatum
900 3956 1006 4015 est,
1039 3949 1467 4020 cedentibusque
1508 3947 1904 4021 Longobardis,
1946 3965 2140 4005 omnes

556 4041 728 4111 capia:
739 4040 1449 4098 Francorumintraverunt.
1477 4039 1776 4099 Haistolfus
1803 4058 1932 4098 vero
1962 4058 2060 4098 rex
2083 4042 2141 4097 in

563 4132 731 4204 Papia
773 4135 992 4189 civitate
1021 4150 1080 4190 se
1113 4133 1356 4200 inclusit,
1387 4149 1552 4204 quem
1587 4133 1850 4205 Pippinus
1891 4151 1987 4190 rex
2027 4143 2138 4189 tam

557 4227 649 4307 diu
705 4227 938 4293 obsedit,
985 4227 1161 4282 donec
1207 4227 1480 4282 ﬁrmitatis
1534 4243 1702 4283 causa
1747 4245 1847 4299 pro
1891 4228 2137 4285 facienda

555 4328 761 4374 sanctae
790 4318 1052 4374 Romanae
1089 4319 1349 4375 tecelesize
1384 4319 1608 4389 justicia
1631 4321 1849 4377 obsides
1887 4322 1956 4375 40
1989 4337 2141 4378 recc-

554 4414 652 4482 pit.
683 4412 893 4478 Quibus
921 4413 1083 4477 datis,
1115 4412 1511 4483 promissisque
1542 4414 1906 4484 jurejurando
1950 4414 2140 4469 firma-

557 4506 649 4574 tis,
673 4504 932 4574 Pippinus
955 4505 1174 4573 quidem
1197 4505 1421 4559 domum
1443 4505 1620 4572 rediit,
1647 4504 1985 4576 Stephanum
2007 4522 2138 4562 vero

555 4611 752 4667 papam
782 4611 907 4650 cum
935 4595 1167 4651 Folrado
1196 4597 1476 4666 capellana
1497 4606 1551 4652 et
1574 4613 1684 4652 non
1718 4598 1945 4652 minima
1965 4597 2138 4654 Fran-

553 4705 744 4746 corum
787 4705 954 4744 manu
987 4687 1215 4743 Romam
1244 4689 1476 4744 remisit.
1503 4688 1906 4746 Karlomannus
1931 4693 2134 4758 autem’,

553 4781 724 4838 frater
756 4781 920 4853 regis,
957 4780 1054 4851 qui
1096 4795 1220 4835 cum
1265 4779 1563 4835 Berhtrada
1603 4782 1788 4852 regina
1832 4781 1886 4835 in
1927 4781 2136 4837 Vienna

553 4875 773 4930 civitate
802 4873 1386 4942 remansit,carreptus
1409 4871 1577 4940 febre,
1606 4874 1927 4944 priusquam
1955 4891 2137 4929 rever-

555 4975 760 5021 teretur
784 4966 948 5032 abiit;
993 4964 1172 5034 cujus,
1218 4979 1420 5033 corpus
1450 4964 1609 5034 jussu
1642 4965 1786 5036 regis
1830 4965 1897 5020 ad
1940 4980 2136 5020 mana-

557 5057 782 5109 stcrium
815 5055 988 5110 sancti
1025 5053 1328 5114 Benedicti.
1359 5053 1454 5110 ubi
1494 5056 1799 5110 monachus
1828 5064 1966 5123 erat,
1999 5057 2138 5110 rela-

558 5154 674 5199 tum
695 5156 798 5202 est.
816 5146 1158 5202 Sanctus‘m
1180 5145 1497 5202 Bonifacius
1512 5162 1713 5216 passus
1735 5146 1981 5218 cst(Chr.
1999 5147 2133 5219 W.).

704 5240 722 5261 ·
749 5237 1138 5361 addunt
1163 5253 1180 5291 :
1205 5236 1688 5295 Constantinus—
1710 5240 2039 5312 tyrannizat.
2075 5257 2139 5295 ex

815 5325 893 5361 me
933 5350 945 5361 .

815 5325 945 5378 igeo.

631 5399 684 5453 ὅ.
724 5400 812 5455 15.
849 5399 1024 5470 (Εικιι.
1060 5401 1150 5472 Α.)
1178 5400 1240 5454 Α.
1271 5399 1334 5456 ι).
1369 5401 1491 5456 756.
1523 5401 1825 5459 llaistalfus
1863 5420 1959 5458 rex
1992 5403 2140 5459 Lon-

2237 478 2291 524 et
2331 467 2474 524 facta
2513 469 2830 539 juramcnta
2866 465 3124 538 promisit
3164 466 3514 535 complesset,
3561 463 3786 536 Pippinus

2237 575 2332 614 rex
2375 559 2573 614 iterum
2615 574 2740 614 cum
2780 558 3027 612 exercitu
3068 555 3284 611 Italiam
3316 557 3565 622 veniens,
3598 572 3708 612 eum
3744 560 3786 613 in

2237 649 2404 719 Papia
2449 649 2684 716 obsedit,
2724 658 2778 703 et
2807 648 2876 704 ad
2910 648 3187 719 implenda
3225 663 3352 719 quae
3388 649 3636 718 promisit
3669 650 3792 704 obsi-

2237 742 2401 797 dione
2427 743 2630 813 coegit;
2657 742 3038 813 redditamque
3063 742 3169 797 sibi
3200 741 3522 798 Ravennam
3554 752 3605 796 et
3630 740 3792 796 Penta—

2237 834 2404 905 polim
2440 850 2768 906 omnemque
2801 835 3158 890 exarchatum
3194 835 3262 889 ad
3306 834 3623 889 Ravennam
3655 836 3793 904 perti—

2237 933 2457 981 nentem
2493 937 2684 983 sancto
2713 925 2878 982 Petra
2901 927 3069 990 dedit.
3101 927 3302 997 hisque
3325 927 3586 997 peractis,
3618 927 3669 980 in
3689 925 3792 980 Cal-

2237 1020 2366 1074 liam
2403 1021 2584 1076 rcdiit.
2626 1019 2760 1076 Post
2801 1021 2962 1090 cujus
2996 1021 3320 1075 abscessum
3357 1018 3662 1074 llaistolfus
3692 1036 3793 1071 cum

2238 1129 2301 1168 ea
2333 1129 2455 1183 qucc
2489 1113 2743 1184 promisit
2775 1113 2956 1169 denuo
2987 1120 3332 1167 commutare
3365 1113 3731 1172 meditaretur.
3757 1113 3798 1164 in

2238 1207 2526 1260 venatione
2560 1206 2626 1262 de
2650 1221 2792 1278 equo
2817 1221 2919 1262 suo
2953 1206 3246 1276 prolapsus
3275 1213 3328 1260 et
3357 1221 3422 1260 cx
3450 1205 3556 1258 hac
3589 1205 3801 1257 inﬁrma-

2237 1307 2349 1366 tus,
2376 1299 2519 1353 intra
2537 1311 2742 1369 paucas
2768 1299 2887 1355 dies
2913 1299 3132 1354 vivendi
3164 1297 3328 1354 ﬁnem
3352 1298 3508 1354 fecit.
3538 1296 3639 1352 Cui
3667 1296 3798 1351 Desi-

2237 1391 2425 1448 derius
2451 1391 2736 1447 successit.

2306 1485 2360 1539 4.
2411 1483 2476 1538 16
2543 1484 2608 1538 Α.
2640 1483 2704 1539 D.
2745 1483 2868 1539 737.
2897 1483 3296 1539 Constantinus
3337 1484 3638 1554 imperator
3675 1482 3802 1537 misit

2235 1573 2468 1646 Pippina
2501 1574 2615 1646 regi
2648 1589 2896 1641 munera,
2939 1573 3082 1628 inter
3109 1589 3234 1646 quae
3274 1581 3328 1629 et
3365 1589 3670 1645 organum;
3707 1590 3804 1643 qua.

2237 1667 2304 1721 ad
2335 1683 2462 1722 cum
2504 1665 2561 1720 in
2601 1665 2938 1736 Campendio
2974 1665 3102 1720 villa
3145 1675 3538 1736 pervenerunt,
3570 1665 3659 1719 ubi
3698 1676 3802 1718 tunc

2235 1761 2419 1830 populi
2472 1760 2556 1816 sui
2596 1760 2902 1831 generalem
2949 1769 3281 1816 conventum
3330 1760 3549 1814 habuit.
3592 1757 3717 1813 Illuc
3758 1771 3796 1810 rt

2237 1853 2489 1908 Thassilo
2543 1853 2654 1908 dux
2693 1851 3067 1907 Bawariorum
3106 1868 3230 1907 cum
3276 1852 3619 1924 primoribus
3657 1853 3801 1920 gentis

2237 1960 2350 2003 sum
2373 1945 2540 2012 venit,
2561 1943 2701 1999 ﬁdeli
2711 1952 2985 2014 tatemque
3008 1953 3121 1998 tam
3146 1944 3251 2014 ipsi
3276 1944 3391 2014 regi
3413 1942 3646 2013 Pippina
3665 1959 3798 2012 quam

2238 2036 2365 2092 ﬁliis
2397 2037 2516 2108 ejus
2538 2036 2740 2092 Karala
2773 2046 2828 2091 et
2861 2035 3234 2091 Karlomanno
3262 2035 3633 2106 jurejurando
3667 2049 3801 2104 Supra

2238 2145 2440 2200 corpus
2462 2129 2639 2210 sancti
2676 2127 2910 2184 Dionisii
2937 2129 3210 2200 promisit,
3244 2143 3348 2183 nec
3382 2127 3566 2182 solum
3597 2126 3692 2192 ibi,
3723 2125 3795 2179 st

2238 2224 2403 2280 etiam
2450 2239 2616 2293 supra
2661 2237 2863 2292 corpus
2903 2221 3080 2277 sancti
3104 2219 3325 2275 Martini
3369 2219 3614 2290 itemque
3655 2221 3798 2273 sancti

2239 2316 2498 2372 Germani
2535 2317 2587 2371 id
2616 2317 2795 2386 ipsum
2828 2323 3233 2370 sacramentum
3262 2330 3393 2370 cum
3425 2315 3683 2370 omnibus
3711 2313 3800 2383 pri-

2239 2409 2480 2464 matibus
2507 2409 2623 2464 suis
2649 2409 2904 2463 ﬁrmavit.

2312 2504 2366 2560 5.
2419 2503 2504 2558 17.
2555 2502 2621 2556 Α.
2654 2501 2718 2556 D.
2769 2501 2892 2556 758.
2940 2499 3203 2571 Pippinus
3257 2515 3360 2554 rex
3417 2514 3549 2554 cum
3595 2497 3800 2553 exerciti

2243 2593 2540 2652 Saxaniam
2567 2577 2860 2665 aggressus
2891 2602 2995 2660 est,
3027 2604 3081 2649 et
3105 2592 3362 2663 quamvis
3397 2590 3707 2646 Saxonibus
3734 2605 3807 2641 va-

2239 2688 2504 2743 lidissime
2533 2688 2918 2743 resistentibus
2937 2696 2989 2742 et
3013 2702 3073 2742 se
3097 2684 3510 2740 munitionibus
3534 2683 3803 2740 tuentibus.

2240 2777 2412 2847 pulsis
2448 2778 2946 2848 propugnatoribus
2983 2776 3193 2847 prmlia,
3229 2790 3329 2846 per
3361 2776 3566 2844 ipsum,
3595 2789 3702 2842 quo
3729 2787 3805 2841 pa-

2243 2871 2404 2925 triam
2428 2869 2719 2926 defendere
2755 2870 3117 2935 conabantur,
3150 2869 3360 2923 vallum
3399 2867 3655 2930 intravit;
3684 2880 3806 2918 com-

2243 2959 2523 3031 missaque
2552 2959 2758 3031 passim
2796 2960 3004 3030 praelia,
3038 2959 3335 3029 plurimam
3373 2974 3442 3012 ex
3473 2958 3612 3028 ipsis
3651 2955 3804 3010 multi-

2166 3073 2212 3136 ε
2244 3050 2490 3107 tudinem
2523 3052 2741 3120 occidit,
2779 3060 2833 3107 et
2859 3067 2954 3107 eos
2984 3052 3052 3106 ad
3080 3051 3185 3106 hoc
3210 3051 3414 3122 coegit,
3447 3059 3507 3104 ut
3543 3050 3800 3120 promit?-

2241 3158 2384 3214 rent,
2417 3160 2475 3202 se
2501 3161 2664 3202 omne
2686 3145 2832 3216 quod
2849 3145 3068 3215 juberet
3089 3143 3338 3200 facturos
3359 3153 3417 3198 et
3446 3143 3611 3198 annis
3647 3141 3805 3210 singu-

2240 3237 2308 3293 lis
2331 3237 2436 3292 500
2466 3253 2638 3308 equos
2665 3254 2830 3293 causa
2854 3235 3080 3292 honoris
3105 3236 3356 3292 daturos.
3386 3234 3489 3289 llis
3517 3234 3593 3289 ita
3614 3249 3805 3302 compe-

2241 3327 2363 3382 sitis
2391 3335 2446 3382 et
2467 3343 2620 3382 more
2647 3325 2919 3382 Saxonico
2945 3335 3006 3380 ut
3027 3335 3145 3380 rata
3180 3334 3369 3380 essent
3393 3324 3746 3386 conﬁrmatis,
3766 3324 3808 3374 in

2240 3419 2470 3475 Galliam
2515 3419 2811 3491 repedavit.
2835 3449 2904 3460 ——
2935 3417 3144 3474 Paulus
3181 3434 3325 3490 papa
3371 3419 3503 3474 95"sl
3553 3419 3695 3474 sedit
3728 3434 3806 3470 an-

2239 3510 2453 3565 nole.

2311 3599 2364 3654 6.
2406 3598 2492 3654 18.
2530 3599 2594 3654 Α.
2631 3597 2692 3653 D.
2740 3598 2899 3654 759'.
2939 3595 3112 3654 Natus
3142 3606 3228 3654 est
3263 3595 3503 3668 Pippina
3533 3599 3806 3671 ωεἰωὶηῂ

2239 3707 2402 3764 quem
2427 3708 2525 3748 sua
2551 3692 2772 3746 nomine
2805 3691 3098 3762 Pippinum
3127 3691 3315 3746 vocari
3346 3708 3376 3743 v
3419 3692 3550 3758 luit;
3585 3693 3679 3746 sed
3703 3706 3808 3760 pllr‘.’

2239 3783 2532 3840 immatura
2569 3795 2746 3839 marte
2784 3792 3098 3854 preventus,
3128 3783 3300 3838 tercia
3326 3792 3456 3854 post
3497 3784 3806 3837 nativitattm

2241 3892 2399 3932 suam
2429 3892 2576 3932 anno
2598 3875 2851 3932 decessit.

2384 4018 2401 4040 ’
2432 4013 2494 4069 D.
2529 4013 2586 4067 E.
2618 4013 2825 4066 addunt
2851 4028 2868 4066 :
2895 4013 3132 4067 Sanctus
3159 4011 3461 4082 Cingulfus
3493 4012 3550 4066 in
3585 4011 3808 4079 Burgun-

2455 4086 2545 4141 dia
2586 4101 2617 4139 a
2643 4085 2884 4154 quodam
2918 4083 3138 4138 occisus
3166 4091 3252 4138 est
3288 4083 3497 4138 eleriw
3523 4099 3632 4154 pro
3653 4083 3814 4137 uxoris

2454 4171 2572 4212 suae
2597 4155 2703 4211 sibi
2729 4155 2984 4208 adamato
3009 4154 3302 4208 adulterio.

2313 4295 2364 4349 7.
2427 4295 2516 4348 19.
2566 4293 2632 4347 Α.
2687 4291 2750 4346 D.
2811 4291 2935 4346 760.
3000 4289 3309 4346 Waifarius
3367 4289 3483 4344 dux
3530 4289 3812 4359 Aquitani?

2243 4404 2369 4443 cum
2431 4402 2522 4443 res
2579 4385 2951 4451 tecclesiarum
2979 4424 2996 4449 ,
3066 4397 3190 4452 quae
3264 4381 3324 4435 in
3387 4395 3492 4436 sua
3579 4388 3808 4452 potestati”

2242 4489 2402 4537 erant
2427 4489 2484 4535 et
2516 4479 2585 4535 ad
2619 4477 2896 4534 ecclesias
2926 4476 3031 4532 sub
3061 4491 3229 4529 manu
3260 4472 3484 4544 Pippini
3523 4475 3678 4544 regis
3707 4487 3810 4526 cen-

2244 4576 2466 4631 stitutas
2514 4572 2880 4644 pertinebant,
2927 4569 3154 4624 reddere
3202 4569 3498 4633 noluisset,
3547 4569 3811 4638 ipsanqre

2243 4683 2426 4738 regem
2461 4682 2562 4736 pro
2600 4664 2688 4719 his
2733 4678 2829 4734 per
2867 4662 3075 4732 legatos
3122 4675 3256 4714 suos
3287 4675 3351 4716 se
3389 4667 3811 4715 commentantes:

2243 4759 2432 4813 audire
2490 4755 2948 4824 contempsisset,
3004 4752 3352 4806 contumacia
3439 4768 3544 4807 sua
3607 4750 3812 4806 eam

2244 4863 2427 4919 regem
2459 4848 2526 4901 ad
2551 4844 2956 4914 suscipiendum
2979 4851 3172 4897 contra
3198 4858 3256 4896 se
3278 4842 3486 4897 bellum
3521 4840 3808 4897 concitavit.

2243 4941 2555 4995 Contractis
2581 4954 2712 5008 ergo
2735 4952 2829 4992 rex
2858 4936 3103 5005 undique
3124 4935 3319 5004 copiis.
3353 4935 3712 5004 Aquitaniam
3747 4931 3812 4981 in-

2243 5029 2427 5095 travit,
2478 5043 2647 5098 seque
2687 5041 2776 5081 res
2810 5041 2875 5080 ac
2905 5024 3158 5094 justicias
3195 5025 3579 5079 teeclesiarnm
3613 5032 3811 5077 enda-

2243 5141 2365 5178 rum
2400 5121 2803 5194 pranunciavit.
2844 5118 3096 5187 Cumque
3125 5117 3179 5170 in
3220 5117 3347 5172 loco
3369 5117 3468 5186 qui
3499 5117 3706 5169 dicitur
3728 5112 3808 5165 τιτι

2245 5217 2387 5273 doad
2437 5216 2632 5287 positis
2679 5213 2877 5269 castris
2914 5209 3276 5273 consedisset,
3333 5208 3648 5264 Waifa-rius
3697 5205 3813 5260 bc!»

2248 5318 2564 5366 concertare
2602 5323 2712 5362 non
2764 5319 2954 5371 ausus,
2985 5302 3155 5358 missa
3202 5301 3488 5372 legatione.
3511 5301 3588 5354 ad
3636 5312 3810 5368 regal.

2249 5403 2563 5474 Spopondit,
2594 5417 2653 5457 se
2687 5402 2954 5471 imperata
2990 5395 3288 5460 facturum,
3317 5394 3700 5450 mlesth
3716 5392 3812 5461 jus-

1842 5519 2076 5576 VARUE
2117 5517 2521 5576 LECTIONES.

625 5631 712 5702 ¹1¹¹
735 5629 969 5685 carisins
996 5639 1132 5700 post.
1169 5647 1304 5685 corr.
1339 5631 1579 5702 parisius
1615 5635 1695 5688 lb.

560 5701 743 5756 addita
769 5711 888 5756 sunt
916 5702 964 5756 1.

1782 5635 1871 5666 ⁸¹¹¹
1894 5634 1950 5688 in
1977 5634 2026 5688 1.
2062 5650 2168 5688 una
2182 5642 2232 5690 et
2255 5633 2482 5688 dimidtn
2515 5633 2654 5688 linea
2676 5649 2843 5688 eram
2867 5639 3010 5686 sunt.
3088 5626 3179 5656 “'3
3207 5622 3445 5678 Sanctus
3463 5631 3630 5679 -ρει
3657 5629 3808 5692 μείω
