3880 6320
91 360 168 417 διε
975 347 1342 406 CllliONlCA.
1381 377 1450 388 ——
1487 345 1880 403 CIIRONICUN
1923 345 2382 401 UNIVERSALE.

3207 347 3316 405 842

88 473 247 529 sticias
271 467 625 528 redditurum;
647 463 794 520 dedit
815 464 980 518 etiam
1007 463 1227 524 obsides
1253 464 1394 520 duos
1415 461 1482 516 de
1506 461 1619 531 pri-
1653 467 1695 524 Α
1727 461 2016 531 positoque
2066 461 2138 515 ibi
2161 470 2218 516 et
2241 462 2295 516 in
2327 459 2566 516 Biturica
2593 459 2814 516 civitate
2842 459 3104 532 presidio,
3129 475 3312 532 regre-

89 563 300 619 inoribus
325 559 501 630 gentis
528 556 874 627 Adalgarium
903 564 960 611 et
1001 555 1281 611 ltherium.
1323 555 1473 624 (Chr.
1508 553 1622 622 W.)

89 656 267 724 Quibus
300 651 548 720 acceptis,
578 663 670 704 rex
708 665 740 702 a
788 648 930 703 bello
973 647 1260 712 abstinuit,
1289 647 1625 715 domumque

87 747 305 804 rediit-~
331 741 562 798 Sanctus
589 739 884 796 0thmarus
919 740 972 794 in
1011 739 1247 796 insulam
1279 753 1402 809 qtae
1425 737 1626 794 dicitur

90 839 213 895 Steiu
237 835 518 904 relegatus,
543 833 796 905 migravit
825 833 916 864 ‘m
938 831 1007 887 ad
1036 831 1227 887 Deum.

143 930 190 985 8.
217 928 298 982 20.
327 925 500 996 (Euan.
524 924 618 995 Α.)
659 924 726 980 Δ.
754 923 818 979 D.
872 924 995 979 76!.
1027 923 1326 978 Waifarius
1359 921 1487 978 licet
1519 923 1621 976 ob-

87 1022 208 1079 sides
225 1017 453 1076 dedisset
479 1025 535 1072 et
562 1024 906 1072 sacramenta
939 1015 1202 1085 iurasset,
1245 1012 1418 1070 satius
1443 1020 1622 1066 tamen

16 1177 18 1180 ,
88 1123 232 1176 ratus.
257 1110 302 1170 si
319 1109 384 1165 de
409 1099 560 1164 illato
589 1106 693 1164 sibi
720 1106 860 1162 bello
888 1103 1157 1176 superiori
1189 1117 1335 1158 anno
1358 1101 1624 1158 ultionem

88 1205 306 1274 exigeret,
345 1201 663 1264 exercitum,
705 1199 799 1267 qui
851 1190 1191 1251 Francorum
1245 1192 1626 1265 possessiones

88 1297 414 1368 popularetur,
434 1307 607 1362 usque
628 1291 702 1348 ad
733 1290 1070 1345 Cabilloncm
1086 1289 1362 1344 civitatem
1391 1281 1521 1342 fecit
1542 1300 1626 1340 ac-

87 1390 263 1445 cedere.
281 1385 430 1453 Quod
459 1400 582 1440 cum
611 1381 844 1454 Pippino
879 1382 1014 1452 regi,
1045 1381 1352 1453 generalem
1388 1394 1626 1434 conven-

89 1492 180 1536 ltltll
205 1478 370 1550 agenti
398 1477 454 1534 in
475 1477 602 1531 villa
626 1475 812 1542 Duria,
840 1473 1158 1531 nunciatum
1183 1471 1397 1537 fuisset,
1422 1471 1627 1526 coactis

90 1573 292 1642 undique
333 1569 596 1635 consiliis,
637 1583 763 1623 cum
821 1581 1022 1637 magno
1069 1564 1196 1619 belli
1249 1571 1512 1634 apparatu
1571 1561 1626 1616 in

90 1661 393 1736 Aquitaniam
421 1661 721 1732 ingressus,
759 1659 942 1713 omnia
975 1657 1120 1713 ferro
1141 1666 1195 1712 et
1219 1657 1343 1728 igne
1368 1654 1624 1716 vastavit,

89 1770 129 1813 et
148 1755 371 1827 quaedam
401 1753 598 1824 oppida
631 1762 686 1807 et
715 1751 936 1806 castella
973 1765 1138 1806 manu
1179 1748 1342 1818 cepit,
1374 1745 1626 1817 quaedam

89 1848 247 1903 victori
280 1861 335 1902 se
362 1845 503 1899 ultro
527 1841 814 1899 dederunt.
847 1841 1095 1911 Cumque
1135 1838 1320 1893 omnia
1362 1837 1629 1892 vastando

94 1937 368 1995 Lemovicas
410 1936 682 2002 venisset,
729 1947 1018 2006 regressus
1057 1941 1174 1998 est,
1212 1932 1520 2000 iterumque
1573 1929 1629 1983 in

88 2031 326 2086 Carisiaco
347 2025 594 2083 hibernis
614 2025 839 2092 habitis,
878 2023 1059 2079 natale
1081 2020 1298 2077 Domini
1339 2028 1394 2074 et
1417 2018 1629 2089 .pascha

91 2123 147 2177 ihi
189 2121 395 2191 peregit.
435 2117 493 2172 ln
535 2118 641 2172 hac
676 2115 1026 2188 expeditione
1069 2111 1176 2168 fuit
1216 2125 1343 2167 cum
1381 2125 1450 2164 eo
1484 2109 1631 2163 titius

89 2214 183 2282 ejus
207 2210 587 2282 prinmgcnittts
619 2208 874 2274 Kal-olus,
898 2207 965 2262 ad
992 2220 1156 2276 quem
1183 2211 1307 2274 post
1327 2204 1499 2272 patris
1519 2199 1631 2254 ubi.

90 2317 180 2360 tum
197 2304 362 2359 omnis
385 2302 596 2372 imperii
624 2316 838 2357 summa
872 2298 1133 2370 pervenit.

143 2399 187 2453 9.
208 2397 288 2451 2|.
321 2396 380 2450 Α.
412 2394 472 2448 D.
507 2393 633 2448 762.
655 2391 922 2464 Pippinus
949 2407 1040 2446 rex
1067 2397 1326 2459 suscepto
1349 2403 1380 2442 a
1411 2401 1472 2442 se
1492 2385 1632 2440 bello

92 2489 220 2543 finem
241 2488 514 2557 imponere
537 2482 978 2554 cupiens,tercio
1007 2480 1358 2551 Aquitaniam
1389 2477 1630 2542 intravit,

91 2581 328 2650 captisque
345 2577 584 2633 Biturica
609 2575 829 2632 civitate
847 2584 903 2630 et
924 2573 1150 2629 castello
1167 2569 1414 2637 Toarcis,
1445 2585 1629 2624 rever—

91 2672 212 2736 titur,
236 2670 594 2740 hiemavitque
621 2667 676 2721 in
704 2665 829 2721 villa
856 2663 1179 2721 Gentiliaco.

145 2758 320 2816 10.22.
353 2761 414 2815 Δ.
441 2759 506 2814 ι).
549 2758 674 2813 76³5.
697 2756 987 2828 Pippinus,
1035 2754 1224 2809 habito
1268 2760 1539 2808 conventu
1576 2749 1632 2804 in

91 2851 318 2918 Nivernis,
358 2861 560 2922 quarto
603 2849 956 2920 Aquitaniam
1013 2846 1256 2912 intravit,
1308 2843 1634 2912 cunctisque

91 2955 212 3000 extra
234 2947 560 3000 munitiones
585 2943 811 3000 vastatis
842 2957 1018 3012 usque
1045 2941 1112 2995 ad
1142 2939 1402 3010 oppidum
1429 2935 1635 2991 Cadra-

91 3037 204 3091 ciam
227 3037 328 3103 “",
355 3051 479 3092 cum
507 3035 726 3104 integro
759 3033 1004 3088 exercitu
1034 3031 1089 3085 in
1135 3029 1420 3084 Franciam
1453 3043 1513 3082 se
1543 3043 1633 3082 re-

94 3137 323 3199 cepturus,
349 3144 442 3199 per
468 3126 826 3182 Lemovicum
852 3123 1175 3195 regreditur.
1203 3122 1363 3191 (Amr.
1395 3119 1634 3173 Laur.—

96 3219 218 3276 Eisu.
255 3221 339 3291 Α.)
384 3219 606 3275 Tassilo
644 3219 756 3274 dux
800 3215 1061 3270 Bawaria:
1089 3223 1423 3288 postponens
1452 3226 1636 3267 sacra-

91 3323 236 3366 menta
275 3328 391 3384 qua:
419 3314 728 3383 iuraverat,
756 3318 812 3365 et
839 3308 1044 3365 oblitus
1085 3307 1268 3362 omnia
1322 3306 1466 3361 bona
1512 3321 1636 3375 quae

92 3417 171 3457 nat
196 3405 484 3460 avunculus
513 3418 656 3458 suus
691 3400 953 3472 Pippinus
982 3414 1078 3454 rex
1109 3396 1332 3464 fecerat,
1379 3396 1634 3452 simulata

92 3492 382 3563 inﬁrmitate,
409 3496 479 3550 ab
514 3496 624 3550 hac
660 3492 1006 3563 expeditione
1046 3505 1144 3561 per
1177 3490 1363 3546 dolum
1411 3503 1471 3544 se
1501 3488 1636 3544 sub-

92 3585 232 3652 duxit,
253 3597 302 3642 ct
334 3587 386 3642 in
421 3585 734 3642 Bawariam
777 3583 968 3650 rediit;
1003 3583 1329 3652 ﬁrmatoque
1363 3580 1432 3636 ad
1483 3579 1636 3636 defc-

90 3680 284 3734 ctioncm
310 3681 514 3744 animo,
535 3679 607 3734 ad
625 3685 984 3748 conspectum
1009 3675 1154 3746 regis
1169 3690 1228 3730 se
1251 3673 1481 3729 ulterius
1508 3688 1638 3726 ven-

91 3779 240 3825 turum
269 3768 562 3842 abjuravit.
616 3769 730 3825 Rex
777 3777 962 3825 autem
1015 3765 1247 3822 dimisso
1287 3765 1552 3832 exercitu,
1584 3764 1638 3818 in

89 3860 190 3917 villa
222 3861 478 3935 Longlarc
502 3860 792 3918 hiemavit.

145 3954 218 4009 ll.
247 3954 331 4012 23.
356 3957 420 4010 Α.
453 3955 517 4011 D.
549 3953 675 4010 764.
706 3951 818 4008 ilex
849 3950 1138 4023 Pippinus,
1165 3947 1427 4005 distracto
1459 3943 1513 4001 in
1557 3945 1642 4001 di-

90 4057 216 4097 versa
247 4045 426 4100 animo
453 4055 682 4116 propter
709 4043 821 4099 duo
850 4043 1014 4108 bella,
1054 4039 1442 4110 Aquitanieum
1491 4037 1640 4092 scili-

88 4141 154 4185 cet
166 4131 264 4201 jam
286 4135 410 4190 oiim
437 4143 761 4204 susceptum
786 4141 841 4188 et
865 4131 1207 4186 Dawaricum
1237 4137 1459 4200 propter
1498 4127 1636 4183 'l‘as—

90 4223 247 4280 silonis
272 4227 425 4282 ducis
449 4226 818 4282 defectionem
841 4223 1274 4295 suscipiendum,
1309 4229 1638 4277 conventum

89 4317 239 4385 populi
264 4317 344 4374 sui
378 4319 581 4374 habuit
614 4317 668 4372 in
699 4317 1036 4382 Wormacia,
1074 4316 1355 4386 dilataque
1397 4313 1451 4368 in
1489 4313 1638 4368 lutu-

92 4420 188 4459 rum
213 4410 578 4480 expeditione,
607 4409 700 4462 illo
729 4424 875 4464 anno
909 4423 969 4463 se
995 4407 1142 4463 domi
1171 4405 1464 4462 continuit.

1724 554 1892 609 ditur.
2677 591 2680 594 .
3329 591 3332 596 .

1799 647 1885 701 14.
1921 645 2010 700 26.
2053 645 2120 698 Α.
2161 643 2228 697 1).
2283 643 2405 698 767.
2442 647 2460 664 ⁶
2491 642 2621 700 Orta
2673 642 2961 714 questione
3001 643 3071 701 de
3120 653 3316 702 sancta
3421 631 3428 639 ⁷

1726 737 1990 795 Trinitate
2013 745 2070 792 et
2093 735 2161 792 de
2189 746 2502 792 sanctorum
2553 735 2885 808 imaginibus
2909 735 3054 793 inter
3077 737 3321 795 orienta-

1724 832 1830 887 lem
1859 839 1915 886 et
1943 828 2334 885 occidentalem
2375 829 2700 898 tecclesiam,
2739 829 2795 886 id
2821 839 2909 888 est
2941 830 3084 888 inter
3107 831 3316 889 Greco:

1724 932 1780 978 et
1809 920 2108 984 Romanos,
2143 919 2404 989 Pippinus
2431 935 2526 977 rex
2556 921 2610 976 in
2635 920 2761 976 villa
2794 919 3098 980 Gentiliaco
3147 920 3168 995 [
3211 921 3318 988 eL,

1727 1012 2109 1069 Salmonciaco
2155 1013 2241 1044 ¹¹¹⁷
2296 1011 2313 1084 ]
2369 1013 2638 1084 synodum
2686 1014 2904 1082 habuit,
2950 1016 3320 1087 ventilataque
3417 1047 3434 1062 τ

1725 1107 2032 1179 questione,
2065 1105 2135 1161 ad
2177 1105 2378 1161 bellant
2416 1107 2717 1176 pt'edictum
2757 1109 3154 1167 conficiendum
3195 1119 3322 1180 post

1728 1201 1908 1258 natale
1935 1199 2154 1255 Domini
2180 1199 2414 1269 septimo
2438 1198 2493 1254 in
2525 1199 2878 1270 Aquitaniam
2906 1202 3275 1273 proficiscitur
3299 1220 3316 1267 ;

1727 1292 2024 1362 multisque
2057 1290 2297 1346 castellis
2329 1298 2385 1345 et
2427 1291 2579 1361 pagis
2608 1291 2805 1362 captis,
2834 1290 3099 1351 Viennam
3133 1308 3318 1349 rever-

1729 1385 1884 1453 titur,
1919 1384 2107 1455 ibiquc
2125 1381 2330 1454 pascha
2359 1382 2636 1438 celebrato
2669 1390 2724 1438 et
2759 1384 2999 1439 exercitu
3036 1397 3314 1454 recreato,

1729 1492 1916 1534 mense
1955 1476 2204 1546 Augusto
2248 1474 2317 1530 ad
2358 1471 2619 1544 reliquias
2644 1472 2770 1528 belli
2819 1472 3096 1544 profectus
3115 1484 3222 1541 est,
3262 1485 3322 1532 et

1727 1566 2026 1622 Bituricam
2061 1563 2325 1629 veniens,
2381 1571 2712 1618 conventum
2749 1562 2806 1616 in
2843 1577 3038 1634 campo
3085 1564 3318 1631 habuit;

1728 1656 1963 1728 indeque
1989 1655 2057 1711 ad
2092 1653 2407 1710 Garonnam
2435 1651 2663 1708 lluVium
2689 1652 2979 1720 accedens,
3012 1654 3184 1721 multa
3223 1670 3321 1711 ea-

1728 1750 1884 1807 stella
1904 1758 1959 1805 et
1972 1756 2156 1819 petras
2167 1754 2330 1816 atque
2353 1744 2664 1815 speluncas,
2695 1745 2749 1798 in
2777 1744 2979 1814 quibus
3000 1760 3061 1800 se
3080 1730 3322 1802 hostium

1731 1840 2023 1897 multitudo
2068 1836 2301 1909 plurima
2344 1835 2698 1902 defendebat,
2743 1836 2906 1906 cepit,
2961 1851 3326 1908 reversusque

1731 1933 2055 1998 Bituricam,
2092 1929 2389 1987 exercitum
2428 1928 2483 1983 in
2509 1928 2736 1984 hiberna
2761 1929 2996 1985 dimisit.

1875 2064 1894 2084 ‘
1930 2058 1992 2114 ι).
2032 2057 2094 2113 Ε.
2137 2057 2372 2112 addunt:
2419 2055 2818 2113 Constantinus
2848 2055 2886 2112 i.
2930 2065 2988 2113 et
3027 2055 3094 2112 11.
3129 2072 3181 2112 a.
3230 2071 3325 2113 rex

1946 2129 2378 2255 Sagrggenorum
2413 2128 2532 2198 pari
2559 2158 2629 2168 ——
2663 2126 3018 2198 profundum.
3045 2144 3112 2184 ea:
3143 2125 3321 2200 Sigeo.

1946 2217 1997 2254 α.
2143 2239 2158 2254 .

1945 2217 1997 2254 a.
2042 2217 2158 2254 [00.

1806 2301 1893 2356 15.
1933 2300 2024 2354 9.7.
2064 2299 2130 2354 Α.
2169 2297 2232 2354 Ι).
2275 2297 2399 2354 768.
2448 2297 2716 2370 Pippinus
2751 2299 2808 2354 in
2863 2297 3103 2355 Biturica
3147 2298 3330 2356 natale

1735 2392 1952 2448 Domini
2001 2392 2342 2458 celebravit,
2383 2401 2438 2446 et
2490 2407 2616 2448 cum
2661 2393 2900 2463 primum
2937 2392 3006 2448 ad
3028 2392 3329 2462 gerendum

1735 2485 1935 2541 bellum
1959 2495 2173 2555 tempus
2201 2493 2388 2554 aptum
2406 2484 2636 2549 videret,
2665 2491 2890 2540 evocato
2911 2482 3154 2555 undique
3175 2498 3331 2540 exer-

1732 2582 1866 2646 citu,
1907 2580 1976 2635 ad
2017 2578 2370 2635 Santonicam
2397 2578 2670 2633 civitatem
2709 2576 3028 2644 contendit;
3061 2585 3334 2648 captoque

1735 2677 1790 2731 in
1817 2675 2010 2731 itinere
2045 2672 2390 2738 Rimisteino,
2423 2685 2549 2727 cum
2579 2671 2646 2726 ad
2677 2670 2868 2725 urbem
2899 2669 3202 2739 predictam
3233 2683 3329 2724 ve-

1735 2768 1928 2834 nisset,
1969 2775 2146 2821 mater
2178 2774 2234 2820 et
2268 2778 2426 2820 soror
2465 2771 2520 2818 et
2563 2771 2753 2832 neptes
2775 2759 3027 2817 Waifarii
3067 2760 3229 2817 ducis
3261 2759 3334 2816 ad

1732 2875 1858 2916 eum
1885 2857 2134 2914 adducta:
2162 2866 2310 2912 sunt.
2335 2854 2487 2922 Quas
2509 2869 2635 2909 cum
2663 2853 2753 2924 pie
2800 2860 3087 2924 susceptas
3120 2852 3331 2908 servari

1731 2951 2027 3022 jussisset,
2069 2949 2138 3003 ad
2172 2947 2486 3003 Garonnam
2523 2945 2750 3001 fluvium
2802 2943 3186 3016 proficiscitur.
3227 2941 3333 2999 Ubi

1734 3042 1786 3096 ei
1816 3039 2122 3111 Heriwigus
2154 3038 2246 3070 “"
2287 3052 2412 3092 cum
2443 3035 2552 3092 alia
2594 3033 2789 3106 prefati
2818 3033 2977 3092 ducis
3001 3047 3191 3090 sorore
3231 3047 3327 3089 oc-

1661 3148 1706 3211 ρ
1736 3133 1927 3198 currit,
1953 3147 2121 3202 seque
2141 3141 2196 3187 et
2223 3130 2372 3186 illam
2395 3127 2510 3200 regi
2548 3127 2793 3184 tradidit.
2822 3125 3008 3182 Rebus
3038 3125 3206 3197 igitur
3227 3125 3334 3182 ali-

1736 3234 1870 3296 quot
1897 3239 2157 3300 prospere
2186 3222 2378 3295 gestis,
2414 3235 2509 3276 rcx
2550 3219 2863 3285 revertitur,
2905 3225 2962 3274 et
3002 3217 3060 3272 in
3105 3216 3336 3274 castello

1736 3319 1884 3391 quod
1907 3316 2108 3374 dicitur
2145 3315 2265 3371 Seis
2310 3311 2515 3384 pascha
2559 3310 2880 3377 celebravit;
2936 3317 3334 3379 assumptaque

1737 3425 1923 3467 secum
1950 3421 2123 3463 uxore
2159 3421 2260 3461 sua
2313 3413 2477 3474 atque
2509 3401 2740 3466 familia,
2774 3400 2975 3456 iterum
3021 3399 3092 3455 ad
3136 3399 3332 3455 urbem

1740 3500 2092 3558 Santonicam
2120 3497 2297 3563 venit;
2327 3494 2668 3564 dimissaque
2696 3492 2770 3548 ibi
2795 3506 2968 3548 uxore
2997 3506 3065 3548 ac
3100 3489 3330 3556 familia,

1737 3607 1864 3647 cum
1905 3590 2163 3644 omnibus
2210 3586 2386 3656 copiis
2415 3583 2484 3640 ad
2525 3583 2964 3655 persequendum
3000 3581 3331 3639 Waifarium

1738 3683 1934 3739 ducem
1968 3681 2212 3736 animum
2247 3676 2501 3743 intendit,
2531 3690 2634 3732 nec
2677 3675 2831 3746 prius
2871 3673 3136 3731 desistere
3165 3673 3331 3732 ἰωῆ-

1740 3775 1865 3840 tuit,
1886 3789 2052 3845 quam
2084 3781 2179 3827 aut
2199 3771 2384 3826 vivum
2409 3777 2630 3838 caperet
2658 3776 2755 3822 aut
2781 3767 3134 3842 rebellantem
3163 3766 3339 3822 inter-

1740 3869 1943 3924 llecrct.
1973 3865 2096 3933 Quo
2123 3863 2409 3918 interfecto
2446 3862 2502 3916 in
2529 3859 2808 3915 territorio
2819 3857 3339 3930 Petragorico,con-

1742 3960 1993 4027 lectoque
2035 3955 2177 4011 bello
2215 3953 2564 4025 Aquitanico,
2611 3950 2888 4006 Santonus
2923 3963 3178 4006 reversus
3208 3959 3294 4006 est
3316 3991 3336 4018 ,

1742 4055 1926 4124 ibique
1954 4052 2246 4107 demorans
2277 4047 2641 4119 aliquamdiu,
2695 4045 3017 4117 aegritudine
3051 4045 3334 4110 decubuit,

1739 4147 1954 4204 delatus
1990 4154 2172 4200 tamen
2209 4141 2462 4196 Turonos
2489 4139 2632 4210 apud
2659 4140 2836 4194 sancti
2871 4137 3089 4195 Martini
3119 4141 3335 4194 memo-
3376 4161 3384 4164 -

1741 4238 1878 4294 riam
1909 4234 2108 4300 oravit,
2159 4231 2391 4302 indeque
2423 4231 2693 4285 Parisium
2715 4224 2968 4296 veniens,
3018 4231 3054 4286 8
3097 4229 3331 4286 Kalend.

1739 4326 1960 4383 Octobr.
2011 4323 2182 4386 obiit,
2236 4334 2544 4391 corpusque
2596 4318 2720 4387 ejus
2766 4319 2823 4372 in
2876 4319 3103 4375 basilica
3159 4320 3336 4376 sancti
3408 4384 3416 4392 ⁸

1743 4415 1976 4472 Dionisii
2003 4415 2291 4469 humatum
2327 4422 2428 4467 est.
2454 4437 2527 4450 —--
2555 4409 2679 4465 Filii
2705 4425 2838 4465 vero
2856 4409 2977 4479 ejus
3007 4409 3242 4466 Karolus
3277 4421 3339 4466 et

144 4498 215 4552 l2.
240 4500 324 4555 24.
353 4501 419 4555 Δ.
445 4501 510 4555 D.
544 4501 670 4556 765.
695 4500 960 4572 Pippinus
982 4501 1289 4566 generalem
1309 4505 1632 4554 conventum

1747 4507 2150 4562 Karlomannus
2191 4504 2436 4560 omnium
2469 4501 2810 4558 Francorum
2854 4516 3126 4558 consensu
3173 4506 3340 4560 ambo

88 4586 129 4640 in
155 4591 383 4649 Atiuiaco
417 4595 551 4650 villa
580 4593 791 4661 habuit,
835 4597 931 4649 sed
963 4602 1018 4648 et
1048 4592 1152 4647 hoc
1195 4608 1341 4646 anno
1369 4604 1642 4660 nusquam

87 4697 278 4742 movens
313 4688 749 4759 expeditionem,
792 4687 966 4756 Aquis
1003 4685 1282 4739 blcmavit.
1305 4715 1369 4723 —
1397 4683 1642 4752 Corpora

87 4775 159 4806 '“‘
179 4788 482 4834 sanctorum
508 4777 795 4847 Gargonii,
824 4777 1057 4834 Naboris
1076 4787 1130 4831 et
1150 4774 1365 4830 Nazarii
1382 4775 1448 4829 de
1471 4774 1641 4829 ltoina

87 4869 309 4925 translata
339 4881 469 4926 sunt
499 4868 894 4925 in'Franeiam.

140 4961 214 5015 l3.
241 4963 328 5018 25.
361 4963 426 5018 A.
458 4963 526 5018 D.
562 4963 683 5016 766.
715 4961 878 5030 Turci
907 4962 1114 5034 egressi
1141 4976 1170 5015 a
1194 4960 1411 5031 Caspiis
1448 4960 1639 5029 portis,

85 5064 186 5106 cum
211 5053 478 5112 Avaribus
518 5056 722 5111 bellum
763 5055 1026 5120 inierunt,
1061 5053 1331 5124 multique
1372 5069 1439 5108 ex
1474 5052 1640 5107 utris-

83 5157 170 5211 que
189 5147 479 5215 perierunt.
504 5147 772 5219 Pippinus
793 5155 1014 5217 propter
1036 5147 1438 5203 conficiendum
1473 5144 1642 5214 Aqui-

85 5236 292 5293 tanicum
321 5240 553 5306 bellum,
577 5248 848 5295 conventu
887 5237 940 5292 in
980 5237 1290 5294 Aurelianis
1333 5235 1540 5300 habito,
1585 5237 1638 5291 in

85 5323 401 5393 Aquitaniam
437 5330 638 5400 quinto
674 5328 956 5400 profectus
990 5337 1096 5396 est,
1144 5337 1200 5384 et
1237 5329 1576 5383 destructum
1608 5343 1640 5383 a

87 5409 318 5475 Waifario
350 5421 821 5494 Argentomagum
855 5430 1098 5478 castrum
1130 5419 1498 5490 reaedilicavit,
1522 5419 1640 5476 αἱς..

1752 4613 1910 4671 reges
1957 4596 2124 4653 creati
2164 4605 2293 4651 sunt
2319 4597 2336 4664 (
2367 4593 2520 4649 Risu.
2553 4591 2731 4662 αὖ),
2765 4607 2830 4648 ea
2861 4591 3175 4648 conditione
3209 4609 3337 4665 pre-

1753 4690 1943 4756 missa,
1972 4697 2031 4742 ut
2063 4695 2236 4742 totum
2271 4685 2420 4756 regni
2446 4699 2649 4754 corpus
2676 4698 2743 4739 ex
2765 4696 2925 4754 sequo
2959 4682 3333 4754 partirentur;

1750 4790 1805 4838 et
1839 4780 2071 4835 Karolus
2111 4793 2231 4833 eam
2258 4787 2464 4847 partem
2508 4793 2673 4848 quam
2715 4785 2871 4846 pater
2915 4776 3036 4847 ejus
3077 4775 3338 4847 Pippinus

1750 4882 2022 4939 tenuerat,
2079 4872 2484 4928 Karlomannus
2531 4887 2662 4927 vero
2717 4887 2839 4928 eam
2893 4887 3058 4942 quam
3103 4877 3335 4941 patruus

1749 4982 1942 5022 eorum
1988 4965 2387 5020 Karlomannus
2430 4965 2694 5034 possedit,
2738 4972 3087 5034 susceperat;
3122 4971 3178 5020 et
3225 4963 3326 5019 lia-

1746 5059 1901 5114 rolus
1939 5058 1970 5109 7
2010 5056 2137 5111 ldus
2167 5055 2420 5110 Octobris
2461 5055 2516 5110 in
2547 5055 2814 5111 Noviomo
2855 5055 3095 5124 civitate,
3140 5055 3339 5114 Karlo-

1746 5163 1982 5204 mannus
2010 5161 2138 5202 vero
2172 5146 2227 5200 in
2256 5144 2577 5213 Sucssiona,
2607 5145 2760 5218 regni
2801 5155 3161 5218 susceperunt
3195 5147 3340 5204 iusi-

1745 5239 1893 5311 gnia.
1922 5239 1941 5310 (
1974 5237 2129 5295 Etuu.
2160 5238 2300 5294 Ann.
2327 5247 2378 5293 et
2409 5237 2576 5293 Laur.
2602 5237 2621 5309 )
2657 5237 3019 5310 Karolusque,
3042 5241 3137 5310 qui
3161 5239 3340 5309 major

1745 5340 1864 5388 erat
1884 5341 2035 5398 natu,
2073 5329 2418 5402 Aquasgraai
2458 5329 2754 5400 profectus,
2784 5331 2968 5387 natale
2995 5331 3211 5388 Domini
3259 5332 3337 5386 ibi

1747 5422 2064 5490 celebravit,
2087 5422 2288 5494 pascha
2319 5437 2452 5480 vero
2472 5423 2527 5478 in
2551 5422 2852 5495 ltotomago
2882 5423 3116 5483 civitate.
3144 5423 3334 5495 (Esau.

1343 5559 1582 5616 VARIE
1619 5561 2019 5619 LECTIONES.

89 5755 156 5792 um
161 5759 182 5793 Γ

461 5911 736 5972 PATnOL.
785 5907 990 5968 CLIV.

89 5761 290 5865 ηιιξνγυιε
332 5761 380 5800 ι.
410 5761 601 5800 eadem
630 5761 685 5800 tu
717 5761 922 5800 videtur
956 5763 1151 5810 manu;
1193 5761 1353 5802 uent.
1391 5763 1680 5816 superam]:

87 5811 159 5864 ubi
197 5817 358 5885 cgitttr
401 5835 415 5871 :
459 5819 628 5873 aliam
662 5819 950 5888 synozlum.
987 5849 1046 5857 —
1078 5817 1450 5871 Salmontiaco
1494 5819 1544 5890 5.
1597 5821 1680 5872 9ο.

144 5671 229 5748 ¹¹¹ξ
247 5673 383 5731 XVI.
417 5675 485 5731 Κ.
514 5673 827 5731 Decembris
849 5691 923 5730 m.
955 5677 1007 5732 5.
1101 5675 1193 5708 ¹¹¹⁸
1207 5674 1534 5748 _carduciam
1565 5651 1678 5730 μ..
1721 5676 2449 5748 “‘fCorpora—Franciam
2485 5688 2662 5748 postea
2696 5688 2884 5735 aaazta
2914 5681 2964 5735 l.
3043 5682 3134 5714 ¹¹¹⁷
3175 5684 3253 5736 ita
3282 5655 3342 5737 iri

249 5692 383 5731 λνι.
418 5692 485 5731 ιι.
517 5692 827 5731 Decembris
849 5692 923 5730 m.
955 5692 1007 5732 ξ).
1102 5692 1193 5708 ····
1223 5692 1534 5731 caruucram
1565 5692 1639 5730 γ’.
1722 5692 1932 5731 ἰι-ωι-

233 5761 290 5798 ne
332 5748 380 5800 1.
410 5748 601 5800 eadem
630 5756 685 5800 ut
717 5748 922 5800 videtur
956 5763 1151 5810 manu;
1193 5746 1353 5802 Gent.
1391 5748 1745 5816 superscripto
1785 5746 1895 5801 Sal.
1934 5692 2004 5801 Et)

2017 5790 2027 5800 .
2061 5748 2431 5802 salmonciaco
2471 5750 2553 5802 vel
2585 5751 2875 5820 gentiliaco
2897 5751 2959 5806 Ι).
2992 5751 3133 5808 deest
3165 5754 3244 5809 Ib.
3275 5755 3330 5809 4.

1729 5819 1812 5872 l0.
1863 5819 1945 5872 Η.
2029 5819 2117 5848 ¹¹¹⁸
2157 5820 2428 5873 itcrwicus
2484 5820 2567 5873 ib.

2029 5819 2117 5848 “"'
2157 5820 2428 5874 itcrwieus

2937 5914 3017 5975 27
