3880 6308
514 339 622 396 845

1685 340 2078 399 ΕΚΚΕΙΙΛΠΜ
2124 342 2586 403 [ἱΙὶᾹίῖϐΙί-ΣΝΞΙΞ

3690 352 3782 410 ω

515 457 556 512 Ι.
590 458 676 528 ι.)
716 457 1003 528 Susceptus,
1030 468 1157 514 sunt
1191 459 1374 529 itaque
1422 459 1763 514 conditiones
1811 461 2107 531 utrimque,
2142 471 2182 525 Α
2214 473 2417 527 autem,
2447 464 2707 519 defuncto
2733 464 2923 530 fratre,
2958 479 3235 522 consensu
3274 466 3526 522 omnium
3561 468 3779 523 Franco-

514 560 569 607 ct.
590 566 719 622 pars
771 552 923 622 regni
966 551 1123 607 divisi
1164 552 1318 622 juxta
1355 551 1577 606 modum
1615 553 1716 606 sibi
1764 555 2103 623 propositum

512 645 588 701 ub
608 653 839 714 utroque
861 652 1076 714 recepta
1105 654 1209 708 est,
1233 643 1551 713 mansitque
1573 644 1673 697 ista
1705 645 1958 713 quamvis
1979 662 2104 701 cum

512 750 709 806 magna
747 734 1063 790 dililcultatc
1087 735 1401 801 concordia,
1427 736 1617 791 multis
1637 751 1700 790 ex
1726 746 1880 806 parte
1917 736 2107 791 Karlo-

513 830 1045 886 nmnniSocietatem
1071 843 1329 900 separare
1351 824 1691 896 'volentilms,
1725 830 1863 884 adeo
1890 838 1950 884 ut
1979 831 2105 901 qui-

509 921 635 975 dam
684 935 780 977 eos
821 920 986 975 etiam
1014 919 1154 976 bello
1177 916 1518 976 committere
1548 920 1660 975 sint
1683 919 1949 975 meditati.
1999 918 2106 976 Sed

508 1012 564 1066 in
597 1012 700 1067 hoc
728 1012 851 1082 plus
877 1012 1117 1082 suspecti
1143 1028 1307 1082 quam
1351 1012 1577 1082 periculi
1617 1010 1811 1078 fuisse,
1864 1011 1981 1082 ipse
2014 1026 2103 1067 re—

510 1116 647 1167 rum,
670 1103 852 1157 exitus
886 1102 1230 1172 approbavit,
1260 1117 1383 1157 cum
1424 1103 1685 1157 det'uneto
1729 1100 2106 1157 Karlomanno

509 1207 647 1247 uxor
674 1191 795 1260 ejus
823 1201 879 1246 et
900 1192 994 1259 filii
1019 1196 1145 1247 eum
1172 1191 1502 1261 quibusdam
1530 1206 1594 1245 ex
1626 1190 1960 1261 primoribus
1980 1191 2104 1261 ejus

504 1282 712 1338 italiam
734 1282 857 1354 fuga
879 1283 1118 1353 petiit,ct
1140 1284 1305 1349 nullis
1326 1283 1690 1339 existentibus
1711 1283 1896 1338 causis
1916 1291 2102 1352 spreto

505 1376 688 1443 mariti
742 1376 928 1441 fratre,
971 1376 1077 1431 sub
1126 1376 1386 1431 llesiderii
1420 1374 1906 1446 Langobardorum
1958 1375 2104 1446 regis

506 1467 873 1535 patrocinium
898 1483 1021 1521 eum
1042 1466 1227 1521 liberis
1249 1467 1366 1522 suis
1382 1482 1441 1521 se.
1463 1466 1712 1521 contulit.
1742 1464 1927 1537 (Elim.
1950 1481 2000 1521 c.
2018 1466 2120 1537 4.).

504 1556 575 1613 Et
604 1556 1006 1613 Karlomannus
1037 1558 1255 1627 quidem
1288 1566 1413 1627 post
1438 1557 1904 1612 amministratum
1942 1571 2099 1611 com-

502 1652 742 1739 muniter
786 1651 1006 1706 biennio
1043 1665 1273 1721 regnum
1322 1651 1518 1705 morbo
1541 1648 1809 1716 decessit;
1844 1646 2119 1703 Karolus.

2214 566 2336 605 rum
2362 567 2453 606 rex
2480 553 2849 608 constituitur.
2886 554 2961 609 De
2990 555 3152 625 cujus
3182 558 3468 612 nativitate
3512 567 3670 628 atque.
3707 560 3781 612 in.

2215 642 2383 697 fantta
2408 643 2491 697 vel
2518 644 2783 712 puericia,
2813 643 2946 700 dicit
2975 654 3198 700 actuum
3222 647 3348 717 ejus
3380 649 3617 717 scriptor
3636 646 3779 717 Egi:-

2215 731 2438 798 ltardus,
2476 733 2546 787 ab
2573 732 2765 788 eodem
2792 734 3039 804 principe
3081 734 3389 803 educatus,
3432 737 3581 807 quod
3625 736 3780 806 bellic

2213 824 2432 895 scriptis
2462 840 2703 896 unquam
2730 826 2938 898 aliquid
2960 828 3297 885 declaratum
3327 832 3422 897 sit,
3455 846 3627 902 neque
3645 833 3781 901 quis-

2211 930 2376 985 quam
2407 932 2511 972 suo
2545 926 2790 989 tempore
2836 920 3094 978 inventus
3127 922 3239 989 sit,
3282 923 3381 994 qui
3427 924 3624 978 borum
3656 924 3780 978 noi—

2207 1008 2349 1064 ciam
2380 1024 2440 1065 se
2468 1010 2668 1068 habere
2694 1012 2896 1067 dixerit
2919 1014 2936 1080 ';
2978 1014 3047 1070 de
3075 1015 3292 1071 actibus
3318 1030 3456 1095 vero
3480 1026 3534 1070 et
3560 1016 3783 1071 moribus

2207 1098 2513 1172 ceterisque
2533 1103 2662 1159 vita:
2696 1103 2844 1160 illius
2868 1106 3120 1175 partibus
3139 1111 3156 1128 ‘
3189 1107 3264 1162 ita
3291 1107 3573 1177 explicuit.

2349 1258 2369 1279 '
2401 1254 2657 1335 Partibus
2703 1259 2876 1335 multa
2911 1261 3158 1331 preclara
3196 1264 3554 1335 multumque
3594 1277 3781 1319 nemo-

2420 1327 2591 1405 randa
2640 1338 2701 1405 et_
2717 1327 2966 1405 omnium
3016 1347 3155 1405 pene
3192 1327 3602 1405 imperatorum,
3632 1337 3782 1405 gestis

2419 1398 2803 1475 excellentiora
2825 1398 3073 1475 facinora
3091 1398 3533 1460 luculeittissime
3554 1398 3778 1475 digEssit.

2420 1465 2484 1541 Ε,
2515 1469 2904 1541 νὺξμβεφιεηιία
2931 1474 3111 1528 omnia
3157 1504 3229 1514 —
3277 1488 3457 1531 ausus
3482 1485 3568 1531 est
3599 1465 3784 1530 ἱῖιιηςο

2422 1538 2548 1609 (col.
2578 1538 2733 1612 855.)
2760 1541 2972 1599 desunt.
3010 1584 3015 1587 Α

1382 1781 1861 1846 DESCRIPTIO
1907 1779 2240 1844 ACTUUM
2281 1780 2590 1847 KAROLI
2618 1784 2923 1850 ‘MAGNI.

576 1891 774 1975 ('Etxn.
819 1906 936 1971 Vita
962 1905 1096 1961 Κατ.
1132 1904 1149 1975 )
1184 1903 1442 1971 Omnium
1478 1905 1884 1975 bellorumun
1922 1901 2091 1975 gessit
2119 1904 2166 1964 Β
2195 1900 2436 1958 humana
2474 1903 2606 1974 jura
2652 1906 2898 1976 polluere
2938 1906 3024 1962 vel
3057 1907 3369 1978 transgredi
3395 1908 3779 1969 arbitrabantur

500 2002 679 2069 primo
704 1999 1111 2069 Aquitanieum,
1136 2014 1166 2053 a
1198 2008 1349 2068 patre
1375 1999 1717 2061 inchoatum,
1742 1997 1835 2053 sed
1855 1985 2096 2069 nondum

503 2072 735 2155 unitum,
791 2088 919 2160 quia
970 2090 1082 2145 cito
1129 2089 1312 2159 peragi
1364 2104 1528 2159 posse
1579 2088 1887 2155 videbatur,
1931 2085 2098 2142 fratre

501 2183 680 2237 adhuc
698 2164 856 2249 ’γὴ-υ,
881 2170 1047 2237 etiam
1069 2181 1403 2237 etauxilium
1429 2180 1570 2236 ferre
1592 2190 1805 2253 rogato,
1834 2180 2095 2249 suscepit,

500 2286 555 2327 et
572 2274 698 2343 licet
715 2290 841 2329 eum
868 2273 1057 2341 frater,
1078 2274 1237 2328 malis
1267 2272 1597 2344 quibusdam
1627 2272 2094 2337 niacbinantibus,

502 2363 1059 2435 auxilio‘frustrasset
1089 2365 1385 2435 promisso,
1432 2377 1744 2435 susceptam
1790 2364 2095 2435 expeditio-

500 2471 628 2512 nem
671 2456 1054 2527 strenuissime
1096 2464 1409 2522 exsecutus,
1470 2471 1579 2511 non
1645 2456 1799 2526 prius
1845 2455 2093 2522 destitit,

498 2542 679 2621 quam
698 2549 801 2620 hoc
821 2548 970 2619 quod
992 2546 1205 2603 elliccre
1233 2547 1561 2603 moliebatur
1591 2545 1843 2618 perfecit.
1878 2545 2015 2602 Nam
2040 2556 2097 2603 et

499 2637 813 2715 linteatum
864 2641 1179 2710 quemdam,
1231 2639 1329 2710 qui
1384 2648 1511 2710 post
1549 2649 1781 2695 mortem
1843 2638 2094 2694 Waifarii

498 2729 849 2806 At’ju‘itsrjsm
871 2732 1159 2805 occupavit
1180 2731 1494 2801 bellumque
1508 2730 1624 2802 jam
1646 2746 1783 2801 pene
1814 2741 2095 2801 peractum

497 2836 756 2897 reparare
810 2821 1133 2897 temptavit,
1171 2820 1882 2897 Aquitaniamrelinquere
1928 2830 1982 2875 et
2037 2820 2094 2875 in

500 2911 855 2987 Wasconiam
884 2912 1073 2987 fugere
1101 2913 1297 2983 coegit.
1347 2911 1521 2979 Quem
1554 2921 1738 2966 tamen
1778 2910 1853 2965 ibi
1899 2910 2090 2965 consi-

497 3016 641 3062 stere
663 3020 772 3075 nou
800 3006 1103 3079 sustinens,
1120 3006 1451 3061 transmisso
1481 3021 1645 3061 amne
1665 3004 1948 3070 Garunna,
1986 3003 2094 3057 Lu-

498 3113 570 3169 po
600 3097 935 3172 Wasconum
998 3098 1125 3154 duci
1172 3098 1415 3164 mandat,
1453 3106 1515 3153 ut
1554 3097 1837 3169 perfugam
1880 3097 2092 3164 reddat,

496 3190 643 3260 quod
672 3188 1020 3265 nilfestinata
1048 3189 1235 3255 faciat,
1268 3190 1409 3245 bello
1437 3205 1497 3244 se
1528 3190 1680 3244 illum
1711 3190 2092 3260 expostulata-

497 3298 643 3337 rum.
680 3281 797 3351 Sed
847 3282 1037 3354 Lupus
1072 3282 1278 3339 saniori
1307 3298 1443 3337 usus
1477 3282 1740 3348 consilio,
1779 3298 1889 3338 nou
1914 3283 2111 3345 solum,

503 3362 829 3443 llnnoltlum
863 3374 1118 3438 reddidit,
1171 3374 1270 3429 sed
1313 3371 1479 3429 cﬁam
1520 3390 1579 3429 se
1607 3375 1787 3444 ipsum
1810 3390 1935 3429 cum
1962 3391 2091 3446 pro-

493 3466 677 3522 vincia
738 3466 825 3521 cui
873 3477 1092 3537 preerat
1137 3466 1259 3535 ejus
1312 3467 1566 3537 potestati
1616 3467 1885 3537 permisit.
1915 3467 2092 3538 (Etxn.

501 3560 636 3613 .rlmt.
666 3576 719 3614 a.
748 3558 871 3617 773.
894 3589 965 3598 —
1010 3558 1148 3613 Vita.
1178 3560 1345 3628 Ann.)
1374 3558 1497 3625 Quo
1524 3559 1666 3614 bello
1697 3558 1869 3625 linito,
1900 3569 2090 3631 rogatu

495 3664 549 3708 et
595 3651 849 3722 precibus
896 3652 1119 3707 Adriani
1169 3651 1443 3721 pontificis
1470 3650 1725 3719 Romani,
1747 3653 2091 3708 insolentiam

500 3745 766 3809 Desiderii
814 3744 1307 3816 Longobardorum
1356 3744 1501 3817 regis
1529 3744 1671 3800 ferre
1696 3760 1807 3801 non
1835 3744 2105 3815 valentis,

497 3836 699 3908 bellum
722 3846 912 3894 contra
938 3836 1326 3908 Longobardos
1352 3838 1616 3907 suscepit,
1640 3838 1938 3908 copiasque
1952 3852 2092 3908 quas

499 3928 801 3984 adduxerat
844 3928 1117 3994 dividens,
1160 3944 1326 3983 unam
1365 3940 1575 3999 partem
1618 3944 1745 3984 cum
1771 3928 2091 3984 Bernhardo

495 4028 695 4090 patruo
720 4034 824 4077 suo
850 4035 948 4090 per
973 4028 1213 4089 montem
1258 4019 1409 4077 Jovis
1437 4020 1518 4076 ire
1559 4020 1832 4091 prccepit,
1861 4020 2107 4099 alteram

496 4111 615 4183 ipse
647 4111 858 4181 ducens
891 4128 986 4183 per
1018 4120 1259 4168 montem
1289 4112 1585 4175 Cinisium,
1613 4111 1823 4167 Italiam
1847 4112 2088 4179 intravit,

493 4202 798 4276 (Vitalncc
837 4204 990 4276 prius
1023 4204 1251 4271 desilit,
1290 4220 1457 4274 quam
1498 4202 1837 4276 Desidet-ium
1881 4219 2086 4275 regem,

496 4296 660 4367 longa
704 4296 988 4352 obsidione
1039 4295 1091 4350 in
1126 4294 1292 4367 Papia
1322 4294 1628 4367 fatigatum,
1669 4294 1723 4349 in
1753 4295 2084 4351 deditionem

492 4389 801 4459 susciperet
823 4398 880 4444 et
907 4396 1171 4457 perpetuo
1200 4386 1366 4442 exilio
1400 4386 1732 4457 deportaret,
1760 4386 1933 4441 lilium
1954 4402 2086 4443 vero

489 4479 612 4550 ejus
631 4478 975 4553 Adalgisum,
1016 4479 1069 4533 iu
1095 4494 1208 4549 quo
1230 4478 1480 4534 omnium
1518 4493 1645 4549 spes
1688 4486 1836 4534 stare
1859 4478 2073 4534 videba-

2203 1995 2553 2052 inltoncstum
2603 1997 2813 2053 haberi.
2859 1996 3188 2069 Susceptum
3229 2009 3318 2055 est
3348 2000 3523 2072 igitur
3545 2002 3778 2059 adrasus

2198 2103 2294 2144 eos
2340 2088 2565 2158 bellum,
2614 2089 2763 2161 quod
2828 2105 3027 2162 magna
3079 2090 3362 2162 utrimque
3418 2092 3778 2157 animositate.

2198 2179 2408 2251 majore
2437 2192 2622 2237 tamen
2671 2181 2953 2237 Saxonum
2980 2183 3225 2253 dampno
3276 2199 3378 2254 per
3404 2184 3693 2242 continuos
3718 2187 3778 2242 3O

2197 2285 2375 2327 annos
2419 2272 2729 2343 gerebatur.
2778 2271 3000 2329 Poterat
3031 2273 3307 2344 siquidem
3352 2276 3529 2332 citius
3557 2277 3711 2343 iniri,
3736 2281 3777 2333 si

2199 2360 2482 2418 Saxonum
2517 2363 2743 2434 perfidia
2783 2365 2893 2420 hoc
2925 2374 3225 2435 pateretur.
3257 2364 3423 2423 Dicte
3448 2367 3668 2424 difﬁcile
3685 2379 3777 2431 cst,

2196 2453 2474 2524 quotiens,
2517 2455 2761 2525 superati
2795 2471 2862 2511 ac
2905 2458 3180 2528 supplices
3213 2458 3329 2529 regi
3359 2474 3425 2515 se
3452 2459 3777 2525 dediderunt,

2197 2545 2463 2616 imperata
2489 2544 2736 2601 facturos
2760 2546 2990 2617 polliciti
3014 2554 3164 2613 sunt,
3187 2547 3422 2604 obsides
3442 2549 3542 2620 qui
3567 2550 3780 2620 impera-

2195 2636 2398 2693 bantur
2431 2638 2641 2709 absque
2663 2639 2925 2694 dilatione
2951 2639 3239 2707 dederunt,
3256 2640 3474 2712 legatos
3499 2642 3593 2713 qui
3619 2643 3783 2701 uitic-

2195 2729 2396 2785 bantur
2420 2738 2811 2800 susceperunt;
2836 2730 3170 2803 aliquotiens
3198 2733 3277 2788 ita
3319 2733 3553 2789 edomiti
3573 2744 3629 2790 et
3644 2750 3781 2790 eno-

2194 2820 2298 2889 liti,
2335 2821 2588 2879 utetiam
2641 2823 2849 2879 cultum
2897 2823 3208 2879 daemonum
3245 2824 3529 2881 dimittere
3557 2836 3613 2882 et
3649 2829 3783 2884 chi-

2195 2914 2388 2971 stiante
2410 2915 2659 2987 religioni
2705 2930 2766 2972 se
2795 2915 3029 2971 subdere
3071 2916 3212 2972 velle
3253 2919 3669 2988 promitterent;
3696 2919 3784 2975 red

2195 3007 2240 3062 si
2248 3015 2339 3063 cut
2365 3006 2568 3079 adnare
2598 3006 2848 3063 facienda
2864 3007 3194 3077 aliquotiens
3208 3008 3398 3079 proni,
3412 3010 3497 3065 sic
3513 3010 3582 3065 ad
3601 3010 3777 3065 cades

2193 3099 2551 3170 pervertenda
2573 3113 2791 3170 semper
2817 3097 2971 3154 fuere
2992 3099 3307 3170 precipites.
3337 3098 3510 3171 Regis
3525 3116 3658 3157 vero
3678 3116 3783 3156 na.

2197 3190 2529 3262 gnanimitas
2569 3200 2666 3246 aut
2709 3205 2805 3261 per
2839 3205 2900 3246 se
2938 3199 3035 3246 aut
3058 3206 3156 3261 per
3183 3182 3423 3249 comites
3447 3207 3602 3261 suos,
3626 3192 3781 3250 misso

2196 3285 2461 3349 exercitu,
2483 3281 2764 3352 perfidiam
2792 3280 3010 3337 illorum
3041 3296 3262 3353 semper
3282 3283 3675 3353 ulciscebatur,
3694 3285 3781 3341 do-

2195 3389 2317 3440 nec,
2353 3373 2613 3429 omnibus
2644 3373 2740 3444 qui
2780 3374 3047 3430 resistere
3075 3373 3333 3431 solebant
3353 3376 3676 3449 ιιι-σωρεία.
3697 3378 3781 3434 de-

2194 3480 2313 3520 cem
2337 3464 2487 3521 milia
2510 3464 2795 3521 hominum
2819 3480 2884 3521 ex
2916 3465 3033 3533 his,
3057 3466 3153 3537 qui
3176 3475 3450 3538 utrasque
3474 3469 3627 3539 ripas
3642 3470 3780 3524 Albis

2193 3553 2439 3610 fluminis
2473 3553 2947 3633 incolebant,cum
2975 3554 3245 3610 uxoribus
3267 3564 3326 3610 et
3346 3557 3600 3627 parvulis
3617 3558 3782 3615 subb-
3868 3618 3869 3635 ἦ

2194 3653 2279 3700 tos
2303 3628 2602 3711 transtulit,
2628 3654 2683 3707 et
2702 3658 2798 3714 per
2809 3642 3041 3699 Galliam
3064 3652 3122 3699 et
3132 3643 3493 3701 Germaniam
3514 3647 3780 3703 multino-

2192 3735 2261 3791 da
2286 3735 2557 3792 divisione
2579 3737 2889 3807 distribuit;
2913 3754 3090 3811 eaque
3118 3741 3443 3798 conditione
3473 3742 3679 3799 bellum
3698 3760 3779 3815 per

2192 3838 2275 3883 tot
2319 3844 2498 3885 annos
2546 3838 2782 3888 tractum
2813 3842 3032 3888 constat
3054 3848 3180 3889 esse
3210 3833 3453 3903 finitum,
3488 3845 3552 3889 ut
3580 3836 3779 3907 abiecto

2190 3920 2504 3977 dannonum
2535 3922 2708 3990 cultu,
2740 3923 3059 3980 christiana!
3101 3926 3390 3998 religionis
3445 3942 3779 3986 sam

2191 4012 2553 4083 susciperent.
2585 4012 2703 4070 Hoc
2726 4023 2912 4071 autem
2935 4015 3140 4072 bellum
3168 4018 3298 4074 licet
3319 4029 3433 4075 tam
3449 4020 3549 4076 diu
3576 4033 3779 4093 pertra-

2191 4103 2433 4173 lieretur,
2458 4106 2575 4176 ipse
2603 4115 2785 4163 tamen
2816 4122 2927 4162 non
2950 4109 3192 4179 amplius
3207 4126 3376 4181 quam
3399 4111 3489 4168 bis
3507 4114 3635 4169 acie
3654 4130 3781 4170 csu-

2188 4194 2327 4251 llixit
2380 4211 2509 4252 cum
2561 4196 2741 4263 hoste,
2772 4198 2942 4253 semel
2976 4198 3135 4269 juxta
3161 4209 3406 4256 montem
3430 4202 3526 4273 qui
3555 4201 3777 4272 om

2187 4287 2390 4343 dicitur
2418 4287 2475 4342 in
2500 4287 2625 4344 loco
2639 4286 2963 4344 Theotmclli
2993 4289 3298 4346 nominato.
3323 4299 3379 4345 et
3410 4291 3617 4348 iterum
3639 4293 3776 4363 jam

2189 4377 2333 4435 Hasa
2371 4378 2623 4447 ﬂuvium,
2654 4391 2709 4437 et
2739 4382 2844 4439 hoc
2870 4397 2981 4436 uno
3005 4398 3218 4449 mense,
3244 4384 3445 4454 paucis
3474 4385 3680 4443 diebus
3698 4389 3776 4441 ia-

2190 4473 2490 4543 terpositis.
2531 4472 2639 4530 Sed
2681 4475 2769 4531 his
2815 4474 3034 4531 duobus
3072 4476 3276 4547 praeliis
3299 4477 3373 4532 ita
3396 4479 3607 4534 devicti
3642 4492 3772 4539 sunt.

486 4564 603 4639 tur,
627 4588 736 4630 non
763 4572 942 4628 solum
979 4586 1146 4643 regno
1166 4571 1261 4627 sed
1285 4571 1453 4627 etiam
1468 4569 1621 4627 Italia
1644 4572 1905 4628 excedere
1927 4588 2079 4627 com-
2112 4588 2161 4647 ι)
2188 4574 2249 4621 ut
2287 4566 2515 4621 ulterius
2548 4581 2731 4638 regem
2764 4581 2942 4637 neque
2987 4582 3313 4637 provocare,
3341 4584 3525 4639 neque
3552 4573 3774 4626 tentati

495 4665 741 4735 pelleret.
770 4662 958 4721 omnia
998 4661 1264 4718 Romanis
1305 4662 1486 4718 ablata
1521 4662 1851 4730 restitueret,
1876 4661 2096 4733 Routb:

490 4755 698 4827 gisum,
722 4752 1052 4831 Forojuliani
1080 4752 1316 4809 ducatus
1335 4751 1660 4824 prefectum.
1687 4768 1828 4808 nova
1856 4753 2088 4808 molien-

488 4857 599 4911 tem
651 4843 1007 4918 obprimeret,
1036 4852 1337 4915 totamque,
1364 4842 1575 4899 Italiam
1605 4859 1718 4900 sua:
1738 4844 1931 4899 ditioni
1955 4845 2097 4913 sub:

482 4939 725 5011 jugarct,
760 4937 1112 5007 subactaque
1155 4934 1328 4991 filium
1375 4952 1536 4993 suum
1584 4935 1874 5007 Pippinum
1901 4952 2084 5008 regem

492 5040 834 5109 preponeret.
867 5029 1004 5087 Post
1031 5029 1192 5101 cujus
1218 5028 1345 5085 belli
1372 5029 1535 5085 linem
1563 5026 1918 5096 Saxonicum,
1936 5030 2082 5100 quod

489 5123 652 5193 quasi
708 5122 1084 5178 intermissum
1137 5118 1444 5187 videbatur,
1494 5119 1787 5190 repetitum
1820 5127 1933 5183 est,
1972 5134 2083 5190 quo

490 5215 703 5280 nullum
730 5229 909 5284 neque
931 5212 1198 5284 prolixius
1228 5227 1405 5283 neque
1435 5212 1678 5284 atrocius
1718 5210 2103 5267 Francorum—.

491 5318 598 5377 que
619 5304 819 5375 pepulo
846 5303 1176 5359 laboriosius
1197 5312 1511 5373 susceptum
1533 5311 1639 5369 est,
1656 5302 1782 5373 quia
1814 5299 2082 5365 Saxones,

491 5398 637 5473 sicut
655 5410 848 5472 omnes
859 5393 970 5469 fere
982 5394 1288 5450 Germaniae
1304 5393 1576 5465 nationes,
1588 5404 1645 5449 ct
1662 5402 1857 5448 natura
1875 5391 2083 5447 feroces

487 5499 547 5546 ct
607 5489 993 5544 idolorum'm
1013 5488 1186 5543 cultui
1239 5488 1426 5554 dediti,
1461 5502 1636 5559 neque
1689 5486 1872 5541 divina
1903 5499 2081 5555 neque

2189 4660 2466 4724 resistere,
2497 4659 2602 4714 nisi
2656 4658 2840 4729 aliqua
2880 4659 2988 4713 loci
3027 4660 3335 4715 munitione
3357 4659 3603 4729 defensi,
3626 4665 3775 4718 alii.

2189 4759 2333 4808 rent.
2363 4749 2557 4806 Plures
2587 4758 2769 4805 tamen
2796 4766 2863 4806 eo
2899 4750 3041 4805 bello
3069 4759 3179 4805 tam
3204 4766 3273 4806 ex
3304 4750 3588 4809 nobilibus
3618 4752 3773 4807 Flauo

2187 4860 2381 4900 eorum
2417 4859 2583 4914 quam
2630 4841 2909 4897 Saxonum
2932 4852 2986 4897 et
3016 4841 3189 4899 functi
3218 4843 3456 4898 summis
3476 4843 3774 4900 honoribus

2189 4936 2293 4990 viri
2321 4934 2633 5004 consumpti
2663 4941 2809 4988 sunt.
2845 4931 3091 4989 Tandem
3120 4948 3268 4988 anno
3295 4933 3590 4989 tricesimo
3624 4936 3772 4990 tertio

2188 5024 2402 5080 finitum
2438 5030 2542 5079 est.
2587 5020 2700 5077 Nec
2746 5022 2932 5078 minus
2966 5022 3177 5078 interea
3216 5020 3549 5093 Hispaniam
3571 5038 3773 5095 quoque

2188 5114 2503 5179 debellavit;
2534 5129 2663 5169 nam
2687 5113 3043 5185 Aquitaniam
3069 5122 3126 5169 ct
3156 5113 3514 5170 Wasconiam
3546 5131 3769 5187 primum

2188 5208 2439 5279 subjecit.
2468 5205 2720 5261 Britones
2754 5221 2975 5277 quoque
3010 5206 3226 5261 domuit
3250 5207 3541 5278 missaque
3567 5208 3771 5281 expedi-

2188 5300 2337 5352 tione
2384 5295 2649 5365 imperata
2696 5294 2878 5351 facere
2921 5296 3118 5365 coegit.
3172 5325 3245 5335 —
3277 5294 3397 5366 Ipse
3425 5308 3629 5365 postea
3663 5314 3769 5354 cm

2187 5388 2429 5445 exercitu
2457 5387 2666 5461 Italiam
2689 5387 2993 5460 ingressus,
3009 5402 3075 5444 ac
3094 5402 3191 5458 per
3214 5385 3447 5443 Rouiam
3468 5391 3583 5446 iter
3600 5406 3769 5464 agas

2189 5480 2433 5552 Capuam
2464 5481 2653 5535 urbem
2691 5477 3005 5550 Campania:
3051 5479 3319 5550 accessit,
3346 5479 3544 5552 ibique
3596 5482 3770 5555 [mitis

1739 5648 1974 5703 VARI/i2
2018 5642 2306 5704 LECTION
2316 5644 2420 5702 ES.

566 5768 661 5802 ω’
699 5776 814 5838 post
840 5767 1010 5836 suppl.
1054 5766 1100 5819 l.
