3880 6308
144 302 230 359 διε

1009 285 1377 344 CllRO'NlCA.
1416 315 1488 324 -—
1523 282 1915 381 CHRONIFON
1960 284 2417 355 UNlVEllSALE.

3256 291 3362 359 846

138 413 320 477 castris,
345 408 532 464 bellum
563 403 987 465 Beneventanis.
1039 404 1095 457 ni
1128 403 1475 466 dederentur,
1509 415 1664 457 com-
1699 411 1742 467 Α
1769 401 2063 457 comitibus
2105 403 2269 457 etiam
2320 417 2385 457 ac
2436 400 2627 473 legatis
2678 402 3006 472 perﬁcienda
3061 405 3365 466 commisit.

137 508 342 563 minatus
369 507 467 555 est.
491 497 742 555 Prevenit
774 497 878 552 hoc
917 497 1026 552 dux
1060 484 1236 567 gentis
1265 494 1527 566 Aragisus
1555 494 1668 560 ¹¹²⁰,

136 599 351 664 ﬁliosque
370 605 496 647 suos
520 590 848 645 Rumoldum
878 597 934 644 et
961 588 1301 644 Grimoldum
1323 603 1449 643 cum
1473 602 1670 658 magna

135 685 330 758 pecunia
365 682 474 753 regi
522 682 739 736 obviam
788 681 1031 746 mittens,
1055 688 1232 750 rogat,
1269 687 1329 735 ut
1354 678 1496 734 ﬁlios
1541 693 1672 733 suos

135 776 318 832 obsides
336 772 610 842 suscipiat,
636 787 805 842 seque
842 787 969 828 cum
995 780 1153 843 gente
1182 771 1447 839 imperata
1499 768 1673 825 factu-

134 882 253 931 rum,
277 873 445 936 preter
468 864 571 919 hoc
591 863 769 918 solum
797 863 844 917 si
871 862 989 934 ipse
1014 862 1084 916 ad
1108 870 1461 931 conspectum
1486 861 1673 916 venire

132 967 394 1031 cogeretur.
441 956 554 1012 Rex
601 957 836 1012 utilitate
887 955 1062 1028 gentis
1111 955 1289 1025 magis
1331 969 1497 1025 quam
1552 954 1672 1024 ejus

131 1052 456 1109 obstinatione
474 1050 838 1116 considerata,
870 1048 1082 1105 oblatos
1110 1046 1213 1102 sibi
1239 1047 1459 1103 obsides
1485 1062 1674 1111 susce-

128 1146 208 1216 pit,
234 1144 396 1214 eique,
438 1150 497 1197 ut
528 1142 595 1197 ad
617 1149 970 1212 conspectum
1012 1139 1200 1195 venire
1227 1154 1337 1195 non
1365 1148 1670 1210 cogeretur,

130 1251 210 1306 pro
232 1249 417 1307 magno
458 1250 701 1290 munere
722 1233 1014 1297 concessit,
1046 1246 1103 1287 et
1121 1231 1334 1286 minore
1357 1231 1470 1286 ﬁlio
1497 1231 1671 1301 gratia

128 1326 373 1380 obsidatus
400 1333 632 1391 retento,
655 1324 919 1395 majorem
944 1322 1086 1394 patri
1116 1321 1346 1385 remisit,
1371 1320 1673 1391 legatisque

129 1417 186 1470 ob
225 1423 553 1471 sacramenta
600 1416 876 1471 ﬁdelitatis
913 1432 945 1470 a
973 1413 1371 1470 Beneventanis
1407 1413 1672 1483 exigenda

134 1521 227 1561 :um
244 1504 462 1577 Aragiso
483 1507 750 1572 dimissis,
776 1506 1007 1562 Romam
1023 1505 1202 1571 rediit,
1224 1505 1673 1575 consumptisque

128 1597 185 1651 ibi
208 1597 257 1651 in
277 1600 584 1653 Sanctorum
615 1599 963 1654 veneratione
982 1599 1189 1668 aliquot
1209 1597 1421 1663 diebus,
1440 1598 1671 1652 Galliam

125 1688 398 1743 revertitur.
426 1719 500 1730 —
522 1688 869 1759 Bajoaricum
904 1689 1100 1745 deinde
1133 1688 1331 1743 bellum
1361 1697 1417 1744 et
1451 1698 1672 1759 repente

124 1786 277 1833 ortum
303 1786 356 1834 et
377 1780 539 1835 celeri
584 1781 693 1836 ﬁne
718 1781 1048 1851 completum
1087 1789 1192 1845 est,
1226 1779 1374 1849 quod
1415 1780 1670 1850 superbia

123 1869 260 1924 simul
285 1879 336 1925 et
361 1871 611 1945 socordia
626 1870 931 1927 Tassilonis
950 1870 1106 1928 ducis
1125 1871 1403 1936 excitavit,
1424 1872 1521 1942 qui
1543 1871 1673 1927 hor-

126 1968 217 2014 tatu
247 1962 443 2028 uxoris,
481 1978 608 2032 quae
645 1962 757 2018 ﬁlia
809 1962 1076 2019 Desiderii
1103 1962 1245 2035 regis
1266 1971 1386 2018 erat
1411 1979 1477 2019 ac
1500 1964 1673 2034 patris

123 2051 314 2106 exilium
366 2068 461 2122 per
506 2054 765 2109 maritum
809 2053 999 2110 ulcisci
1025 2069 1187 2124 posse
1218 2056 1673 2126 putabat,juncto

125 2140 296 2196 [ledere
339 2159 463 2198 cum
521 2142 714 2209 llunis,
762 2146 856 2215 qui
887 2145 1156 2215 Bajoariis
1204 2157 1336 2202 sunt
1361 2148 1433 2203 ab
1464 2148 1674 2202 oriente

122 2235 431 2299 contermini,
469 2252 579 2289 non
620 2236 800 2290 solum
829 2236 1094 2306 imperata
1121 2252 1231 2292 non
1254 2237 1434 2293 facere
1462 2238 1557 2293 sed
1582 2252 1672 2292 re-

123 2338 220 2393 gem
240 2324 371 2380 bello
391 2341 692 2396 provocare
715 2328 1032 2397 temptabat.
1049 2327 1221 2398 Cujus
1248 2329 1670 2397 contumaciam,

122 2414 228 2482 quia
252 2415 412 2473 nimia
441 2418 749 2484 videbatur,
794 2418 1119 2474 animositas
1139 2419 1281 2489 regis
1305 2420 1448 2474 ferre
1474 2420 1670 2489 nequi-

120 2514 266 2572 verat,
298 2523 363 2563 ac
408 2510 640 2579 proinde
668 2511 964 2566 contractis
993 2511 1234 2580 undique
1255 2510 1451 2580 copiis,
1476 2509 1670 2579 Bagoa-

121 2595 235 2651 riam
276 2600 568 2667 petiturus.
596 2602 662 2655 ad
696 2600 887 2657 Licum
913 2617 1130 2657 amnem
1159 2602 1324 2669 venit,
1355 2601 1449 2672 qui
1474 2601 1673 2671 Bajoa~

120 2681 214 2738 rios
233 2685 299 2740 ab
322 2686 663 2744 Alemanniis
691 2690 1091 2760 dividit.Cujus
1118 2691 1173 2744 in
1203 2706 1321 2760 ripa
1349 2691 1548 2747 castris
1565 2692 1675 2746 col-

122 2769 300 2841 locatis,
315 2778 641 2850 priusquam
669 2781 1007 2850 provinciam
1031 2783 1277 2849 intraret,
1305 2782 1548 2838 animum
1571 2783 1673 2838 du-

119 2863 186 2918 cis
209 2880 296 2935 per
318 2869 531 2941 legatos
577 2872 768 2928 statuit
787 2875 1043 2944 experiri.
1077 2876 1183 2929 Sed
1206 2876 1295 2930 ille
1326 2875 1674 2944 pertinaciter

117 2968 253 3024 agere
279 2974 376 3014 nec
416 2963 527 3017 sibi
557 2964 641 3019 vel
678 2964 826 3035 genti
857 2965 988 3020 utile
1012 2975 1184 3031 ratus,
1218 2967 1327 3035 regi
1356 2981 1415 3022 se
1444 2968 1672 3037 supplex

117 3043 353 3113 permisit,
369 3048 598 3103 obsides
619 3052 715 3120 qui
742 3051 1153 3122 imperabantur
1172 3056 1339 3123 dedit,
1366 3056 1507 3113 inter
1532 3072 1672 3127 quos
1699 3082 1744 3142 ς

116 3136 161 3184 et
183 3131 339 3190 ﬁlium
371 3154 540 3194 suum
581 3140 953 3211 Theodonem,
979 3146 1104 3201 data
1135 3147 1357 3216 insuper
1393 3148 1499 3204 ﬁde
1544 3164 1671 3204 cunt

112 3218 416 3297 jurameuto,
444 3232 599 3302 quod
639 3234 710 3289 ab
740 3236 888 3291 illius
916 3244 1187 3306 potestate
1213 3239 1283 3292 ad
1311 3238 1670 3298 defectionem

115 3316 295 3371 nemini
342 3324 601 3379 suadenti
652 3330 1019 3397 consentiret;
1069 3332 1259 3402 sicque
1302 3333 1479 3401 bello.
1526 3336 1673 3405 (ιιιοά

114 3406 249 3470 quasi
275 3412 582 3469 maximum
618 3417 902 3473 videbatur
931 3418 1200 3488 futurum,
1231 3422 1552 3496 celerrimus
1589 3434 1673 3481 est

114 3491 219 3550 ﬁnis
252 3501 562 3571 impositus.
617 3505 829 3564 Tassilo
877 3517 1058 3565 tamen
1097 3522 1283 3580 postea
1312 3491 1575 3584 evocatus
1602 3518 1671 3573 ad

112 3595 291 3655 regem,
319 3606 504 3663 nequc
534 3595 711 3650 redire
738 3599 1043 3666 permissus
1061 3608 1167 3666 est,
1191 3617 1368 3671 neque
1390 3604 1671 3673 provincia

109 3687 251 3741 quam
278 3684 499 3739 tenebat
525 3685 755 3742 ulterius
782 3687 931 3754 duci,
964 3688 1060 3743 scd
1087 3691 1381 3748 comitibus
1405 3704 1488 3750 est
1516 3709 1671 3750 eom-

108 3763 273 3823 missa.
297 3769 384 3841 (ν.
410 3774 560 3829 Ann.
588 3791 640 3830 a.
667 3776 814 3848 788.)
842 3776 980 3834 Nam
1008 3795 1135 3835 cum
1182 3780 1518 3841 Tassilodux
1544 3802 1671 3842 reus

105 3855 385 3925 maiestatis
410 3865 717 3936 judicatus,
744 3870 922 3940 capite
942 3871 1352 3943 dampnaretur,
1383 3875 1669 3944 clementia

106 3947 231 4018 regis
255 3952 361 4009 vita
405 3957 518 4012 sibi
542 3973 823 4027 concessa,
855 3971 1066 4018 mutato
1094 3965 1279 4021 habitu
1313 3967 1367 4021 in
1396 3976 1672 4025 monaste-

104 4035 228 4094 rium
252 4045 457 4102 missus
478 4056 585 4116 est,
613 4049 756 4105 ﬁlius
781 4066 1000 4123 quoque
1024 4055 1145 4125 ejus
1168 4054 1390 4113 Thcodo
1408 4059 1671 4117 detonsus

104 4135 398 4223 monasticae
438 4141 847 4196 conversationi
898 4144 1192 4215 deputatus
1234 4157 1336 4204 est.
1368 4180 1441 4189 —
1467 4150 1486 4219 (
1502 4150 1668 4223 Vita.)

102 4214 183 4275 llis
206 4227 447 4287 motibus
474 4230 552 4285 ita
581 4233 919 4304 compositis,
941 4214 1170 4304 Sclavis,
1200 4240 1296 4310 qui
1317 4214 1502 4296 nostra
1531 4214 1667 4298 con;

103 4313 368 4370 suetudine
413 4316 604 4384 Wilci,
632 4326 852 4391 propria
905 4338 1038 4380 vero
1078 4325 1263 4399 lingua
1293 4327 1557 4387 Weletabi
1583 4330 1670 4387 di-

1702 1744 1745 1803 Β

1772 490 1905 557 Qua:
1927 507 2052 547 cum
2087 493 2157 547 ab
2185 492 2272 549 bis
2292 492 2672 549 strenuissime
2705 491 2940 549 fuissent
2989 494 3231 566 impleta.
3267 512 3365 553 oc-

1773 589 1898 636 tavo
1938 582 2155 638 tandem
2204 598 2351 638 anno
2374 583 2518 639 idem
2563 583 2763 639 bellum
2786 600 3231 643 consummatum
3259 597 3366 648 est.

1773 672 1919 739 Quot
1945 675 2131 745 praelia
2151 676 2206 729 in
2236 691 2303 731 eo
2335 685 2485 747 gesta
2513 676 2641 744 sint,
2679 687 3055 749 quantumque
3077 678 3370 753 sanguinis

1773 765 2028 832 effusum,
2075 774 2304 822 testatur
2350 767 2633 823 Pannonia
2679 770 2831 824 omni
2864 785 3003 840 pene
3051 771 3367 829 habitatore

1774 872 1945 913 vacua
1978 865 2034 913 et
2060 859 2234 925 locus,
2266 859 2321 914 in
2364 875 2475 930 quo
2495 861 2644 932 regia
2671 860 2876 933 Cagani
2902 872 3040 928 erat,
3070 863 3144 918 ita
3167 864 3367 920 deser-

1777 957 1886 1015 tus,
1914 956 1975 1003 ut
2001 964 2071 1004 ne
2117 951 2407 1021 vestigium
2447 952 2669 1023 quidem
2705 953 2961 1009 humanae
3002 954 3368 1013 habitationis-

1774 1039 1830 1094 in
1857 1054 1923 1095 eo
1948 1050 2225 1110 appareat.
2251 1041 2388 1097 Tota
2415 1043 2472 1098 in
2494 1044 2600 1100 hoc
2625 1044 2768 1100 bello
2795 1043 3080 1103 Hunorum
3102 1049 3360 1105 nobilitas

1773 1130 1954 1199 periit,
1985 1139 2097 1186 tota
2120 1132 2290 1206 gloria
2314 1132 2536 1202 decidit,
2565 1136 2747 1191 omnis
2771 1137 3002 1207 pecunia
3029 1146 3084 1196 et
3112 1140 3358 1211 congesti

1772 1235 1841 1273 ex
1872 1220 2034 1292 longo
2054 1229 2299 1292 tempore
2329 1223 2568 1279 thesauri
2582 1224 2777 1296 direpti
2804 1234 2953 1294 sunt,
2979 1242 3157 1299 neque
3184 1230 3359 1287 ullum

1774 1310 1976 1366 bellum
2004 1323 2195 1368 contra
2220 1312 2463 1370 Francos
2500 1325 2751 1373 exortum
2781 1318 3020 1376 humana
3042 1324 3223 1391 potest
3241 1335 3359 1378 me-

1774 1403 1949 1459 moria
1971 1406 2269 1472 recordari,
2291 1421 2402 1477 quo
2433 1407 2508 1462 illi
2538 1408 2712 1480 magis
2736 1410 2892 1465 ditati
2916 1419 2972 1466 et
2992 1412 3188 1483 opibus
3209 1412 3359 1470 aucti

1774 1494 1905 1562 sint,
1928 1495 2128 1567 quippe
2154 1512 2291 1552 cum
2309 1513 2484 1568 usque
2518 1499 2573 1553 in
2600 1499 2654 1556 id
2676 1502 2935 1571 temporis
2977 1518 3113 1573 pene
3153 1519 3360 1575 paupe-

1774 1601 1863 1643 res
1881 1587 2216 1644 viderentur.
2249 1588 2484 1646 Tantum
2531 1591 2652 1647 auri
2675 1601 2731 1647 et
2758 1595 2969 1665 argenti
3009 1595 3065 1649 in
3094 1596 3242 1669 regia
3263 1610 3356 1650 re-

1774 1681 2010 1747 pertum,
2051 1688 2131 1736 tot
2175 1681 2348 1750 spolia
2393 1683 2639 1752 preciosa
2692 1683 2748 1738 in
2799 1685 3001 1754 praeliis
3034 1687 3268 1763 sublata,
3298 1697 3360 1743 ut

1773 1770 1969 1826 merito
2005 1772 2154 1832 credi
2184 1773 2380 1842 possit,
2407 1775 2514 1830 hoc
2561 1775 2804 1832 Francos
2830 1776 3007 1834 Hunis
3021 1777 3148 1848 jure
3170 1778 3358 1833 abstu-

1773 1861 1923 1929 lisse,
1961 1863 2107 1933 quod
2138 1862 2281 1919 Huni
2306 1865 2459 1935 prius
2486 1867 2607 1922 aliis
2632 1868 2884 1939 gentibus
2919 1869 3123 1940 injuste
3143 1870 3359 1940 eripue-

1772 1961 1921 2007 runt.
1961 1983 2034 1993 —
2081 1953 2379 2027 Descriptio
2435 1958 2525 1989 ¹¹¹¹
2572 1969 2727 2015 εει-ηε
2785 1959 3067 2017 Hunorum
3108 1976 3127 2015 :
3183 1960 3357 2019 Terra

1773 2045 1974 2115 quippe
1994 2043 2303 2114 Hunorum,
2331 2057 2391 2103 ut
2424 2050 2777 2120 antiquorum
2816 2060 3125 2123 temporum
3154 2049 3356 2108 relato-

1774 2142 1864 2190 res
1906 2145 2178 2193 testantur
2216 2139 2384 2209 (Man.
2429 2140 2593 2212 Sang.
2647 2159 2720 2208 ll,
2754 2143 2829 2213 l),
2868 2159 3065 2200 novem
3108 2145 3354 2205 circulis.

1773 2241 1914 2296 quos
1964 2226 2248 2286 Teutonici
2314 2233 2453 2304 haga
2498 2235 2707 2301 dicunt,
2758 2235 3095 2305 cingebatur,
3118 2252 3356 2307 quorum

1775 2316 1976 2388 singuli
2028 2320 2102 2375 ita
2147 2322 2424 2393 stipitibus
2462 2327 2690 2396 quernis
2713 2327 2829 2383 sive
2859 2326 3057 2400 faginis
3090 2330 3175 2385 vel
3202 2331 3357 2387 abie-

1774 2407 1896 2476 gnis
1941 2419 2099 2465 erant
2133 2415 2419 2481 exstructi,
2465 2424 2525 2470 ut
2569 2417 2636 2472 de
2680 2418 2926 2489 margine
2956 2420 3025 2475 ad
3053 2420 3357 2491 marginem

1774 2497 1966 2569 viginti
1994 2501 2193 2569 pedum
2233 2505 2477 2575 spacium
2510 2507 2829 2564 tenderetur
2855 2509 2909 2563 in
2943 2509 3112 2565 latum
3141 2520 3197 2567 et
3224 2513 3357 2567 toti-

1772 2589 1896 2644 dem
1931 2592 2342 2664 subrigerentur
2373 2596 2425 2651 in
2463 2598 2654 2664 altum,
2677 2600 2885 2656 cavitas
2904 2601 2993 2633 ¹¹²²
3023 2611 3205 2658 autem
3233 2606 3359 2662 uni-

1774 2696 1930 2736 versa
1959 2691 2055 2737 aut
2081 2684 2398 2742 durissimis
2419 2688 2689 2758 lapidibus
2713 2701 2808 2746 aut
2830 2700 2975 2748 creta
3006 2694 3356 2754 tenacissima

1776 2772 2093 2841 repleretur,
2122 2790 2284 2844 porro
2311 2778 2629 2846 superﬁcies
2659 2781 2922 2837 vallorum
2945 2783 3242 2841 eorundem
3272 2786 3361 2841 in-

1773 2864 2080 2934 tegerrimis
2096 2867 2392 2937 Cespitibus
2407 2876 2694 2940 tegeretur.
2708 2870 2853 2927 Inter
2873 2887 3108 2943 quorum
3120 2875 3358 2934 conﬁnia

1773 2956 2154 3025 plantahantur
2207 2959 2535 3027 arbusculae,
2570 2977 2713 3032 quae,
2748 2973 2808 3019 ut
2841 2978 3065 3022 cernere
3092 2969 3356 3034 solemus,

1773 3043 2002 3100 abscisa:
2022 3055 2185 3116 atque
2211 3048 2467 3118 profecta:
2491 3066 2679 3107 comas
2706 3054 2964 3113 caudium
2988 3057 3361 3132 foliorumque

1773 3134 2078 3203 proferunt.
2106 3136 2183 3192 De
2203 3138 2380 3208 primo
2400 3150 2581 3198 autem
2608 3142 2816 3199 circulo
2852 3162 3027 3218 usque
3048 3150 3117 3205 ad
3152 3165 3356 3206 secun-

1771 3225 1902 3280 dum
1940 3227 2011 3282 20
2051 3228 2287 3285 miliaria
2314 3230 2612 3289 Teutonica
2634 3237 3117 3306 protendebantur,
3145 3249 3201 3296 et
3231 3241 3358 3297 inde

1771 3317 2022 3373 similiter
2047 3321 2115 3375 ad
2135 3323 2387 3390 tercium,
2407 3334 2463 3379 et
2486 3325 2562 3381 ita
2581 3341 2756 3396 usque
2773 3327 2840 3382 ad
2857 3344 3085 3397 nonum,
3102 3332 3356 3402 quamvis

1771 3407 1883 3478 ipsi’
1926 3410 2117 3467 circuli
2164 3413 2306 3470 alius
2334 3416 2443 3470 alio
2476 3417 2648 3472 multo
2676 3420 3070 3479 contractiores
3099 3421 3358 3483 fuissent.

1770 3497 1913 3556 Inter
1946 3502 2047 3557 hos
2073 3502 2238 3574 igitur
2266 3521 2490 3577 aggeres
2515 3508 2591 3564 ita
2620 3510 2725 3565 vici
2752 3511 3004 3583 villaeque
3033 3523 3189 3570 erant
3215 3516 3359 3574 low

1769 3597 1856 3655 tae,
1888 3599 1947 3645 ut
1976 3592 2043 3647 de
2084 3595 2206 3649 aliis
2234 3597 2301 3651 ad
2354 3598 2491 3654 alias
2528 3616 2633 3655 vox
2661 3600 2901 3667 humana
2938 3613 3126 3675 posset
3151 3607 3351 3665 audiri.

1768 3678 1973 3738 Contra
2017 3686 2205 3741 eadem
2260 3705 2390 3744 vero
2443 3691 2671 3747 aediﬁcia
2724 3693 2866 3749 inter
2905 3696 3356 3768 inexpugnabiles

1769 3789 1958 3830 muros
1996 3787 2166 3845 portae
2208 3796 2315 3834 non
2360 3782 2494 3838 satis
2526 3784 2649 3839 lata:
2689 3793 2847 3841 erant
2894 3789 3226 3859 constitutae,
3254 3807 3352 3861 per

1768 3879 1907 3934 quas
1929 3867 2289 3927 latrocinandi
2320 3874 2492 3944 gratia
2514 3892 2625 3932 non
2655 3879 2832 3933 solum
2861 3882 3164 3941 exteriores
3193 3925 3209 3950 ,
3252 3887 3347 3942 sed

1768 3958 1931 4012 etiam
1957 3958 2247 4018 interiu'es
2275 3965 2526 4021 solebant
2567 3969 2737 4026 exire.
2772 3970 2848 4028 De
2884 3974 3092 4032 circulo
3132 3992 3354 4048 quoque

1770 4051 1837 4107 ad
1882 4052 2150 4110 circulum
2186 4056 2268 4115 sic
2309 4066 2467 4116 e:ant
2514 4065 2901 4133 possessiones
2928 4067 3020 4102 ¹¹²³
3046 4076 3102 4123 et
3130 4069 3348 4127 habita-

1770 4144 1892 4199 cula
1923 4146 2165 4218 undique
2191 4165 2411 4206 versum
2436 4154 2708 4220 ordinata,
2726 4164 2788 4211 ut
2819 4158 3043 4230 clangor
3091 4162 3348 4218 tubarum

1772 4234 1914 4290 inter
1946 4237 2157 4309 singula
2203 4241 2471 4313 cujusque
2500 4245 2579 4300 rei
2607 4256 2795 4316 posset
2829 4249 3225 4320 signiﬁcativus
3259 4255 3352 4285 ¹¹¹δ

1772 4326 1998 4383 adverti.
2030 4329 2113 4386 Ad
2144 4331 2247 4387 has
2270 4348 2400 4405 ergo
2424 4335 2760 4395 munitiones
2779 4354 2876 4410 per
2907 4340 3173 4399 ducentos
3199 4352 3254 4399 et
3282 4362 3352 4401 eo

98 4409 295 4500 cuntur,
326 4406 539 4464 bellum
581 4410 788 4467 illatum
817 4421 922 4480 est,
953 4414 1010 4469 in
1059 4431 1171 4488 quo
1218 4418 1482 4488 Saxones,
1520 4422 1668 4478 velut
1695 4423 1744 4483 ι)
1770 4420 2006 4490 amplius
2045 4438 2241 4491 annos,
2283 4426 2714 4500 qualescumque
2748 4406 2995 4491 omnium
3031 4437 3347 4494 occidenta-

97 4490 372 4554 auxiliares
401 4498 551 4556 inter
593 4510 803 4560 ceteras
831 4505 1101 4576 nationes,
1122 4525 1436 4582 quanquam
1463 4512 1588 4570 ﬁcta
1610 4524 1668 4570 et

1770 4506 1904 4564 lium
1933 4510 2152 4568 divitias
2181 4490 2597 4589 congregantes,
2622 4490 2760 4577 .cum
2788 4531 2858 4599 et
2891 4490 3054 4581 Gothi
3086 4490 3142 4581 et
3162 4490 3351 4583 libian-

95 4581 259 4642 minus
302 4588 527 4649 devota
550 4593 903 4669 oboedientia,
944 4581 1519 4675 militabant,iunaque
1561 4605 1666 4663 hac
1768 4599 1878 4655 dali
1918 4603 2158 4673 quietem
2205 4581 2493 4669 hominum
2534 4581 2936 4683 perturbarent,
2971 4619 3159 4676 orbem

93 4682 420 4748 expeditione
450 4686 599 4744 idem
632 4687 811 4746 Sclavi
841 4690 915 4746 ita
944 4700 1074 4747 sunt
1111 4692 1323 4760 domiti,
1353 4703 1414 4749 ut
1435 4696 1665 4754 ulterius

87 4766 242 4836 jussis
258 4792 373 4834 non
395 4779 759 4836 contrairent.
779 4812 853 4822 —
870 4781 1167 4838 Maximum
1192 4785 1438 4840 omnium
1464 4803 1588 4858 quae
1628 4805 1660 4844 a

92 4858 274 4947 liarolo
313 4883 470 4941 gesta
506 4882 636 4929 sunt
671 4874 938 4930 bellorum
968 4883 1146 4947 preter
1176 4874 1506 4932 Saxonicnm
1534 4880 1663 4935 huic

89 4946 216 5008 bello
243 4962 544 5029 successit,
576 4962 709 5018 illud
746 4964 995 5020 videlicet
1039 4965 1186 5036 quod
1233 4974 1424 5021 contra
1458 4966 1664 5024 Avarcs

89 5041 192 5099 sive
239 5046 434 5108 Hunos
485 5062 798 5124 susceptum
840 5064 945 5120 est,
970 5056 1117 5126 quod
1164 5055 1253 5112 ille
1279 5065 1335 5114 et
1358 5057 1663 5116 animosius

87 5144 238 5199 quam
271 5147 462 5195 cetera
500 5148 555 5197 et
594 5142 753 5214 longe
783 5144 978 5215 majori
1005 5154 1269 5217 apparatu
1290 5147 1663 5205 amministra-

88 5222 171 5278 tit.
206 5223 385 5285 Unam
420 5239 604 5289 tamen
626 5249 724 5304 per
746 5250 806 5290 se
829 5234 882 5290 in
909 5234 1248 5293 Pannoniam
1274 5268 1347 5278 -—
1369 5255 1495 5294 nam
1518 5239 1662 5298 hanc

1765 4691 1936 4749 duum
1957 4709 2094 4764 pene
2118 4713 2352 4755 vacuum
2373 4701 2719 4760 dimiserunt.
2743 4705 2894 4776 Quos
2912 4717 3029 4766 tum
3052 4709 3352 4767 invictissi-

1767 4798 1892 4841 mus
1921 4784 2153 4847 Karolus
2182 4789 2235 4846 in
2265 4794 2428 4849 annis
2453 4804 2580 4853 octo
2607 4795 2682 4850 ita
2725 4798 3056 4868 perdomuit,
3091 4809 3154 4855 ut
3170 4802 3239 4857 dc
3264 4803 3350 4862 eis

1766 4891 1836 4931 ne
1868 4876 2128 4936 minimas
2146 4881 2367 4952 quidem
2404 4886 2669 4957 reliquias
2708 4903 2992 4947 remanere
3014 4891 3346 4960 permiserit.

1764 4966 1806 5020 A
1840 4965 2167 5040 Vulgaribus
2192 4990 2322 5030 vero
2355 4975 2477 5031 ideo
2515 4994 2742 5037 manum
2771 4983 3017 5048 retraxit,
3043 4987 3172 5053 quia
3196 4986 3349 5041 vide-

1763 5056 1910 5125 licet,
1940 5058 2114 5119 Hunis
2135 5064 2412 5131 cxtinctis,
2440 5083 2609 5139 regno
2634 5067 2972 5127 Francorum
3000 5073 3170 5131 nichil
3194 5076 3348 5131 noci-

1750 5149 1874 5204 ωτι
1902 5151 2234 5211 viderentur.
2276 5156 2450 5213 Porro
2478 5160 2717 5230 prtedam
2745 5162 2802 5216 in
2832 5161 3116 5224 Pannonia
3156 5181 3344 5236 reper-

1764 5249 1875 5300 tam
1906 5258 2002 5316 per
2035 5249 2323 5318 epyscopia
2367 5251 2453 5306 vel
2484 5262 2818 5309 monasteria
2852 5254 3235 5315 liberalissima
3259 5259 3347 5312 diu

86 5318 412 5383 provinciam
445 5338 512 5380 ea
535 5341 669 5397 gens
688 5328 1049 5385 iucolebat—
1068 5331 1475 5407 expeditionem
1504 5334 1678 5403 fecit,
1761 5334 1972 5392 visione
2006 5336 2302 5395 distribuit.
2337 5332 2514 5412 (Erxn.
2551 5340 2673 5399 Vita
2701 5344 2865 5403 Κατ.)
2895 5345 3015 5402 Duo
3040 5356 3251 5406 tantum
3274 5366 3345 5411 ex

84 5415 251 5466 cetera
298 5414 417 5470 ﬁlio
458 5429 561 5473 suo
594 5417 824 5491 Pippin
853 5436 918 5478 ac
941 5421 1197 5493 prefectis
1222 5423 1652 5495 provinciarum,

1760 5428 2080 5496 proceribus
2114 5428 2448 5492 Francorum
2489 5450 2557 5491 eo
2598 5436 2740 5494 bello
2781 5438 3082 5509 perierunt.
3116 5439 3346 5503 Hericus

1354 5533 1589 5593 VARIA‘I
1629 5536 2053 5599 LECTIONES..

151 5612 239 5694 ’Ὗ
276 5630 410 5673 aras
453 5618 578 5678 'lfus
610 5623 689 5677 ιιι.
771 5625 860 5657 ¹¹²¹
904 5624 1032 5682 Hac
1056 5628 1114 5680 in
1144 5643 1384 5698 margine
1410 5628 1569 5682 rubro
1598 5631 1771 5686 colore
1802 5638 2001 5706 scripta
2038 5650 2179 5695 sum.
2220 5643 2267 5697 l.
2347 5643 2440 5676 ""
2467 5647 2659 5707 civitas
2696 5654 2748 5709 σί.
2781 5653 2831 5711 ci
2861 5656 3057 5714 civitas
3092 5656 3178 5714 9°.
3252 5659 3344 5697 ³³⁸³

151 5697 368 5737 35101188
408 5637 468 5737 fr
544 5694 633 5724 ⁸³³⁸⁸
671 5694 1129 5737 cionilh‘nnlinc‘.
1182 5699 1215 5737 Κ
1275 5700 1335 5737 (δι’
1393 5699 1460 5737 ΙΙΙ
1510 5700 1566 5737 ΙΙ
2756 5724 2767 5737 υ

85 5683 368 5742 Dossiones
408 5683 462 5743 Ῐ.
544 5694 633 5724 ων
671 5694 1073 5760 signiﬁcantius
1094 5698 1146 5751 4.
1182 5699 1233 5752 5.
1263 5683 1359 5753 ἲν.
1393 5699 1477 5753 Ιυ.
1510 5700 1594 5756 ll.

1990 5811 2079 5830 αμα,
