3880 6308
483 312 588 370 847

1654 299 2048 357 ΕΚΚΕΙΙᾹΙΨΙ
2086 296 2552 354 URAUGIENSIS

3641 294 3734 351 888

484 429 597 484 dux
624 424 1006 495 Forojulianns
1038 422 1089 475 in
1115 419 1375 473 Liburnia
1400 418 1556 487 juxta
1587 417 1867 471 Tarsicam
1898 416 2067 469 mari-
2099 422 2138 477 Λ
2171 414 2316 467 niam
2351 422 2404 467 et
2444 412 2751 483 appositam
2790 412 2843 465 in
2878 411 3046 465 altera
3087 408 3319 465 Danubii
3362 410 3482 480 ripa
3513 409 3731 481 Daciau,

485 521 675 575 tintam
702 517 974 571 civitatem
1003 512 1216 568 insidiis
1261 510 1661 580 oppidanorum
1714 508 2064 577 interceptus,

484 622 540 668 et
568 609 848 665 vGeroldus
892 607 1154 676 Bajoariae
1195 603 1483 673 praefectus
1516 602 1569 655 in
1608 599 1907 665 Pannonia,
1942 615 2065 654 cum

486 711 675 758 contra
713 700 899 753 llnnos
932 698 1278 767 prteliaturus
1306 694 1476 748 aciem
1512 702 1767 758 strueret,
1800 693 2065 747 incertum

486 808 516 847 a
542 804 673 862 quo,
697 805 822 844 cum
849 788 1064 843 duobus
1102 795 1311 840 tantum
1349 784 1442 853 qui
1494 796 1619 837 eum
1660 781 2064 850 obequitantem

484 895 549 935 ac
574 879 819 951 singulos
855 878 1233 932 cohortantem
1280 873 1706 937 comitabantur,
1750 870 2068 927 interfectus

486 978 587 1023 est.
617 968 872 1023 Ceterum
903 966 1249 1019 incruentum
1286 977 1423 1032 pene
1459 960 1687 1016 Francis
1717 960 1918 1015 bellum
1964 960 2068 1015 hoc

486 1058 590 1115 fuit
612 1067 666 1113 et
686 1056 1114 1127 prosperrimum
1141 1054 1347 1109 exitum
1381 1052 1589 1117 habuit,
1621 1052 1837 1106 tametsi
1860 1051 2068 1106 diutius

486 1154 572 1209 sui
602 1149 972 1221 magnitudine
1007 1148 1333 1203 traheretur.
1378 1144 1511 1200 Post
1558 1145 1705 1214 quod
1732 1153 1787 1200 et
1830 1143 2066 1198 Saxoni-

484 1259 610 1300 eum
655 1258 752 1297 sua
782 1241 1092 1312 prolixitate
1121 1247 1513 1310 congruentem
1544 1237 1707 1291 tinem
1736 1236 1964 1306 accepit.
1999 1267 2068 1276 -—

480 1336 798 1392 Boemicum
826 1349 1044 1405 quoque
1073 1341 1128 1388 et
1159 1331 1486 1397 Lilonieum,
1518 1345 1642 1400 quae
1664 1338 1850 1399 postea
1875 1337 2064 1383 exorta

482 1435 631 1493 sunt,
660 1427 859 1482 durare
889 1441 998 1480 non
1029 1432 1345 1494 potuerunt,
1375 1437 1609 1492 quorum
1640 1431 1937 1489 utrumque
1965 1420 2067 1473 dn-

476 1527 572 1574 ctu
606 1518 787 1573 liaroli
808 1517 1046 1587 junioris
1070 1516 1232 1571 celeri
1257 1516 1362 1569 line
1390 1514 1718 1584 completum
1741 1521 1843 1568 est.
1870 1542 1940 1551 -—
1973 1510 2065 1565 Ul-

480 1612 674 1665 timum
704 1618 895 1664 contra
918 1607 1262 1662 Normannos
1283 1606 1376 1676 qni
1401 1604 1534 1659 Dani
1564 1614 1848 1670 vocantur,
1886 1603 2065 1673 primo

479 1701 781 1772 pyraticam
831 1708 1168 1765 exercentes,
1206 1698 1401 1753 deinde
1448 1697 1642 1767 majori
1687 1697 1864 1751 classe
1901 1697 2061 1750 litora

2170 501 2430 557 Histriam
2469 518 2689 573 quoque
2722 511 2778 557 et
2813 501 3145 573 Lyburniam
3190 510 3363 572 atque
3404 501 3730 571 Dalmatiam,

2166 593 2409 663 exceptis
2438 593 2728 648 maritimis
2754 593 3090 659 civitatibus,
3113 607 3253 662 quas
3277 592 3352 646 ob
3374 593 3671 649 amicieiaut
3688 607 3736 652 et

2163 685 2414 754 junctum
2440 684 2567 739 eum
2598 700 2663 740 co
2689 682 2869 739 fmdus
2891 682 3567 752 Constantinopolitanum
3586 684 3733 755 inpe-

2169 786 2406 832 ratorem
2432 777 2632 832 habere
2654 776 2921 846 permisit,
2955 776 3152 832 deinde
3185 790 3386 831 omnes
3418 777 3736 835 barbaraset

2168 865 2313 923 feras
2343 868 2614 935 nationes,
2656 883 2781 937 qua:
2818 868 2960 923 inter
2990 866 3245 924 Rhenum
3274 885 3343 924 ac
3388 867 3628 924 Visulam
3648 870 3735 924 lu-

2147 960 2287 1016 ‘vios
2314 975 2696 1030 oceanumque
2724 975 2791 1015 ac
2826 959 3137 1016 Danubium
3169 962 3385 1031 positae,
3422 961 3606 1033 lingua
3634 963 3741 1031 qui-

2166 1054 2288 1108 dem
2317 1068 2457 1123 pene
2488 1052 2720 1119 similes,
2754 1053 3002 1108 moribus
3034 1068 3164 1108 vero
3188 1062 3357 1123 atque
3386 1053 3582 1108 habitu
3606 1055 3743 1108 val-le

2166 1146 2485 1212 dissimiles,
2510 1144 2860 1202 Germaniam
2901 1147 3166 1213 incolunt,
3209 1147 3282 1202 ita
3320 1147 3654 1218 perdomuit,
3694 1160 3744 1203 It

2166 1253 2261 1293 eas
2290 1238 2611 1294 tributarias
2648 1238 2902 1295 efﬁceret.
2942 1241 3110 1296 Auxit
3143 1242 3312 1297 etiam
3348 1243 3583 1313 gloriam
3610 1245 3747 1316 regni

2167 1329 2274 1395 sui,
2290 1328 2622 1399 quibusdam
2645 1331 2867 1401 regibus
2875 1346 2942 1386 ac
2951 1332 3205 1402 gentibus
3217 1348 3315 1403 per
3328 1332 3639 1387 amiciciam
3654 1334 3747 1388 sibi

2166 1422 2497 1492 conjunctis.
2512 1422 2663 1477 Adeo
2685 1439 2922 1494 namque
2949 1423 3288 1480 Adefonsum
3308 1466 3325 1490 ,
3351 1424 3579 1480 Galicue
3604 1433 3750 1495 atque

2166 1515 2539 1571 Asturicai‘m
2560 1530 2766 1586 regem,
2788 1516 2894 1572 sibi
2919 1517 3180 1572 societate
3196 1517 3469 1584 devinxit,
3490 1527 3556 1572 ut
3574 1517 3623 1572 is
3638 1532 3748 1572 ca-

2166 1606 2232 1662 ad
2253 1621 2382 1662 eum
2402 1606 2491 1661 vel
2515 1606 2725 1663 litteras
2746 1608 2832 1662 vel
2866 1608 3075 1679 legatos
3105 1609 3369 1674 mitteret,
3388 1623 3504 1664 non
3531 1609 3685 1663 aliter
3698 1623 3750 1663 re

2168 1701 2311 1770 apud
2346 1701 2499 1755 illum
2538 1716 2704 1771 quam
2728 1702 3011 1772 proprium
3043 1717 3205 1756 suum
3234 1702 3504 1772 appellari
3532 1702 3746 1771 juberet.

480 1792 667 1846 Gallia:
699 1800 863 1861 atque
917 1791 1221 1846 Germanite
1258 1797 1572 1855 vastantes,
1621 1788 1823 1843 bellum
1872 1803 2065 1843 susce-
2100 1791 2142 1847 Β
2169 1788 2480 1845 Scottorum
2518 1805 2741 1861 quoque
2774 1807 2931 1862 reges
2961 1787 3044 1847 sic
3070 1792 3263 1847 habuit
3290 1794 3358 1847 ad
3392 1808 3558 1847 suam
3576 1794 3739 1847 velut

478 1893 630 1953 ptnm
659 1891 761 1947 est,
794 1897 1028 1951 quorum
1057 1896 1149 1935 rex
1173 1879 1486 1936 Gotefridus
1513 1880 1650 1935 adeo
1686 1893 1826 1932 vana
1854 1892 1951 1947 spe
1973 1876 2062 1930 in-

478 1976 641 2029 tlatus
664 1983 800 2040 erat,
835 1982 894 2027 ut
922 1973 1022 2029 sibi
1052 1973 1222 2032 totius
1254 1971 1561 2027 Germania:
1594 1970 1936 2040 promitteret
1960 1982 2062 2038 po-

479 2072 760 2130 testatem;
788 2064 1032 2121 Fresiam
1055 2078 1276 2134 quoque
1300 2072 1464 2132 atque
1493 2060 1790 2116 Saxoniam
1814 2060 1947 2114 haut
1969 2059 2066 2114 ali-

479 2166 563 2211 ter
587 2164 752 2226 atque
780 2171 910 2227 snas
936 2155 1247 2226 provincias
1278 2155 1591 2210 estimabat.
1625 2152 1743 2207 .lam
1770 2152 2064 2207 Abodritos

478 2250 689 2305 vicinos
718 2265 852 2305 suos
886 2250 941 2303 in
980 2264 1137 2304 suam
1179 2249 1442 2303 ditionem
1490 2247 1792 2318 redegerat,
1816 2248 1930 2316 jam
1968 2261 2065 2303 cos

479 2342 582 2397 sibi
603 2342 897 2413 vectigales
922 2341 1144 2407 fecerat,
1164 2340 1405 2410 jactabat
1431 2339 1597 2394 etiam
1619 2354 1678 2395 se
1694 2337 1841 2393 brevi
1860 2337 2062 2408 Aquis—-

479 2435 656 2505 grani,
685 2434 778 2490 ubi
810 2433 955 2505 regis
1009 2433 1304 2488 comitatus
1332 2441 1471 2499 erat,
1497 2445 1622 2492 cum
1674 2429 1928 2484 maximis
1965 2444 2062 2484 co-

477 2527 584 2597 piis
612 2527 996 2581 adventuram.
1037 2523 1148 2580 Nec
1177 2524 1339 2579 dictis
1391 2522 1512 2593 ejus
1547 2519 1801 2592 quamvis
1830 2520 2064 2576 vanissi-

478 2618 584 2672 mis
612 2617 839 2672 omnino
891 2616 1024 2671 tldes
1062 2614 1424 2681 abnuebatur,
1457 2613 1589 2683 quin
1632 2612 1816 2682 potius
1856 2610 2062 2680 aliquid

478 2710 585 2764 tale
627 2708 1002 2773 inchoaturus,
1052 2706 1160 2761 nisi
1197 2704 1453 2761 festinata
1502 2702 1697 2758 fuisset
1741 2708 1915 2756 morte
1940 2714 2064 2769 pre-

476 2809 693 2867 ventus,
722 2799 1035 2869 putabatur.
1074 2796 1210 2852 Nam
1254 2812 1283 2850 a
1318 2795 1539 2867 proprio
1567 2794 1822 2859 satellite,
1860 2792 1976 2847 sive
2005 2799 2066 2846 ut

476 2891 699 2961 quidam
727 2891 909 2946 verius
948 2891 1209 2945 estimant
1241 2887 1410 2959 (Man.
1438 2886 1603 2957 Sang.
1633 2902 1692 2952 ιι,
1722 2885 1833 2954 15),
1865 2899 1895 2937 a
1932 2897 2063 2952 pro-

475 2984 597 3053 prio
620 2982 752 3049 tilio,
777 2982 936 3053 cujus
964 2991 1192 3037 matrem
1225 2981 1501 3050 abjccerat
1528 2988 1583 3034 et
1609 2979 1772 3033 aliam
1809 2978 2062 3043 duxerat,

476 3074 817 3141 interfectus,
844 3084 899 3129 et
930 3089 1043 3130 suae
1063 3073 1187 3128 vita:
1218 3081 1274 3127 et
1312 3071 1435 3126 belli
1467 3086 1498 3125 a
1527 3086 1587 3126 sc
1629 3069 1871 3125 inchoati
1896 3070 2059 3140 tjpem

475 3166 625 3221 fecit.

549 3256 727 3325 (Euan.
762 3256 882 3310 Vita
910 3256 1071 3324 Kar.)
1097 3254 1221 3310 llaec
1251 3262 1382 3308 sunt
1411 3253 1572 3319 bella,
1599 3269 1722 3323 quae
1744 3268 1836 3309 rex
1864 3263 2061 3323 poten-

475 3347 723 3403 tissimus
753 3363 849 3417 per
879 3363 1055 3401 annos
1082 3345 2061 3415 Mli—totenimannisregnavit—in

475 3439 709 3494 diversis
740 3448 1010 3493 terrarum
1052 3438 1299 3507 partibus
1339 3452 1553 3491 summa
1582 3436 1869 3507 prudentia
1900 3445 2062 3506 atque

475 3530 735 3584 felicitate
769 3530 956 3601 gessit,
1001 3530 1204 3599 quibus
1253 3527 1291 3581 F
1297 3543 1587 3583 raucorum
1623 3544 1873 3599 regnum,
1914 3530 2058 3599 quod

473 3632 598 3692 post
618 3632 827 3693 patrem
858 3621 1150 3692 Pippinum
1180 3635 1438 3690 magnum
1467 3619 1686 3689 quidem
1709 3628 1763 3674 et
1786 3618 1924 3674 forte
1944 3636 2063 3675 sus-

475 3724 716 3784 ceperat,
758 3715 830 3769 ita
882 3714 1135 3768 nobiliter
1189 3712 1491 3782 ampliavit,
1539 3721 1599 3767 ut
1648 3727 1787 3782 pene
1832 3712 2057 3782 duplum

472 3808 789 3863 reddiderit.
837 3806 974 3862 Nam
1009 3821 1134 3861 cum
1185 3804 1340 3876 prius
1388 3820 1498 3859 non
1525 3805 1759 3875 amplius
1784 3819 1950 3875 quam
1996 3820 2057 3859 ea

473 3915 604 3969 pars
631 3900 837 3968 Gallite,
869 3913 992 3970 quae
1017 3898 1157 3953 inter
1188 3897 1438 3952 Rhenum
1468 3906 1522 3952 et
1545 3896 1791 3967 Ligerem
1832 3897 2056 3952 ﬂuvium

474 4006 848 4061 oceanumque
875 4005 941 4045 ac
959 4004 1108 4045 mare
1131 3987 1473 4043 Balearicum
1499 3987 1666 4057 jacet,
1695 3994 1750 4042 et
1776 4002 1903 4057 pars
1931 3986 2060 4041 Ger-

474 4084 691 4151 maniae,
717 4100 823 4154 que
854 4083 998 4138 inter
1033 4080 1330 4136 Saxoniam
1355 4089 1410 4135 ct
1450 4078 1758 4134 Danubium
1783 4092 1848 4132 ac
1875 4077 2056 4132 Salam

474 4177 719 4243 ﬂuvium,
758 4176 852 4247 qui
890 4174 1204 4245 Thuringos
1248 4181 1310 4228 et
1345 4170 1585 4234 Sorabos
1624 4170 1838 4237 dividit,
1870 4179 2056 4240 postea

474 4269 733 4324 incolitur
792 4285 823 4322 a
876 4265 1103 4321 Francis
1149 4265 1245 4334 qui
1304 4263 1601 4317 orientales
1667 4261 1946 4327 dicuntur,
2005 4270 2059 4316 et

474 4370 674 4431 printer
702 4362 817 4414 haec
840 4356 1127 4412 Alemanni
1149 4363 1313 4424 atque
1329 4352 1590 4423 Bajoarii,
1613 4352 1681 4407 ad
1712 4351 1863 4422 regni
1887 4350 2054 4405 Fran-

2167 1889 2336 1936 tatem
2367 1896 2467 1952 per
2500 1881 2935 1937 muniﬁcentiam
2980 1883 3311 1959 inclinatos,
3353 1894 3418 1940 ut
3467 1899 3598 1940 eum
3625 1901 3749 1940 nna-

2165 1991 2331 2047 quam
2366 1974 2475 2031 nisi
2507 1975 2829 2043 dominum,
2863 1992 3032 2048 seque
3065 1977 3321 2033 subditos
3347 1988 3408 2033 et
3427 1993 3618 2034 servos
3645 1980 3748 2049 ejus

2164 2066 2614 2136 pronunciareut.
2644 2065 2784 2122 Cum
2820 2067 3004 2122 Aaron
3031 2083 3158 2140 rege
3192 2067 3521 2135 Persarum,
3549 2070 3642 2141 qui
3661 2086 3747 2125 et-

2164 2164 2321 2226 cepta
2343 2154 2495 2211 India
2517 2165 2692 2212 totum
2728 2172 2867 2228 pene
2895 2158 3113 2214 tenebat
3133 2158 3444 2227 Orientem,
3472 2163 3637 2216 talem
3666 2163 3747 2216 ba-

2166 2245 2328 2301 bcbat
2351 2246 2407 2301 in
2430 2246 2681 2302 amicicia
2700 2247 3075 2314 concordEam,
3102 2258 3160 2304 ut
3185 2249 3232 2305 is
3248 2252 3491 2320 gratiam
3507 2253 3629 2322 ejus
3645 2266 3748 2306 on-

2167 2341 2317 2393 ninm
2363 2338 2460 2410 qui
2501 2338 2558 2393 in
2603 2347 2718 2394 toto
2747 2348 2905 2395 erant
2935 2342 3070 2397 orbe
3114 2357 3307 2414 regum
3350 2359 3423 2399 ac
3456 2345 3746 2415 principal

2164 2430 2428 2486 amicicia:
2463 2440 2822 2501 praeponeret,
2856 2432 3150 2504 solumque
3189 2436 3407 2490 honore
3440 2450 3513 2491 ac
3548 2437 3745 2490 munii-

2164 2520 2345 2574 centia
2364 2520 2471 2576 sibi
2493 2521 2785 2576 colendum
2806 2521 3097 2592 iudicaret.
3112 2554 3183 2563 —
3198 2522 3576 2595 Imperatores
3601 2526 3746 2581 etia-

2165 2610 2757 2683 Constantinopolitani
2778 2655 2794 2681 ,
2832 2613 3199 2686 Nicephorus,
3241 2604 3524 2674 Michahel
3558 2629 3612 2674 et
3635 2618 3746 2683 ιω,

2168 2704 2311 2759 ultro
2339 2705 2647 2762 amiciciam
2669 2715 2725 2762 et
2747 2706 3065 2763 societatem
3087 2709 3208 2780 ejus
3240 2720 3586 2781 expetentes,
3610 2728 3748 2767 con»

2166 2796 2350 2865 plures
2385 2796 2455 2853 ad
2494 2812 2592 2853 eos
2637 2798 2839 2854 misere
2889 2799 3115 2872 legatos.
3150 2801 3294 2856 Cum
3322 2803 3537 2874 quibus
3563 2816 3747 2869 amen.

2168 2896 2389 2957 propter
2421 2898 2738 2959 susceptum
2773 2905 2806 2944 a
2854 2905 2915 2945 se
2953 2891 3304 2961 imperatoris
3340 2910 3578 2961 nomen,
3605 2907 3658 2951 et
3688 2898 3752 2949 ob

2167 2978 2293 3045 hoc,
2318 2980 2478 3049 quasi
2512 2981 2608 3051 qui
2647 2981 2937 3052 imperium
2965 2984 3047 3039 eis
3081 2984 3363 3057 proripere
3403 2989 3585 3054 vellet,
3613 2988 3752 3042 valde

2166 3080 2542 3140 susspectum,
2585 3071 2766 3128 fmdus
2813 3072 3194 3131 ﬁrmissimum
3242 3079 3473 3144 statuit,
3521 3089 3582 3133 ut
3621 3079 3750 3133 nulla

2087 3142 2134 3205 ο
2164 3162 2307 3220 inter
2341 3175 2525 3236 partes
2567 3167 2861 3237 cujuslibet
2901 3168 3147 3224 scandali
3181 3142 3499 3227 remaneret
3529 3173 3749 3227 occasio.

2164 3253 2295 3310 Erat
2310 3257 2459 3312 enim
2481 3272 2697 3329 semper
2716 3258 2981 3315 Romanis
3001 3270 3056 3315 et
3075 3260 3267 3317 Grecis
3288 3260 3629 3319 Francorum
3649 3278 3753 3319 Sus-

2163 3360 2347 3419 specta
2380 3350 2641 3421 potentia.
2686 3350 2842 3407 Unde
2886 3361 2942 3408 et
2979 3352 3111 3408 illud
3149 3354 3390 3410 Grecum
3426 3366 3610 3411 exstat
3635 3370 3751 3425 ptu-

2163 3441 2410 3496 verbium
2431 3462 2518 3498 τον
2545 3463 2755 3517 typanum
2778 3443 2930 3517 φυλαν
2964 3464 3133 3516 anxir.
3159 3466 3359 3517 γυτονα
3385 3467 3449 3501 ου
3493 3467 3660 3519 ulc.
3689 3476 3747 3485 -—

2162 3531 2268 3599 Qui
2304 3548 2431 3589 cum
2464 3542 2653 3589 tantus
2688 3533 2746 3588 in
2787 3534 3101 3605 amplianda
3143 3551 3313 3606 regno
3356 3546 3414 3591 ct
3447 3538 3754 3608 subigendis

2160 3625 2361 3680 exteris
2382 3625 2697 3702 nationibus
2716 3625 2976 3682 existeret
2998 3635 3054 3681 ct
3076 3627 3130 3680 in
3148 3627 3423 3697 ejusmodi
3449 3631 3752 3700 occupatio.

2160 3716 2325 3773 nibus
2366 3717 2589 3773 assidue
2615 3727 2946 3785 versaretur,
2991 3734 3158 3789 opera
3198 3730 3387 3775 tamen
3429 3722 3666 3791 plurima
3692 3721 3751 3776 ad

2161 3808 2315 3879 regni
2339 3808 2590 3865 decorem
2613 3819 2669 3865 et
2695 3811 3138 3866 commoditatem
3172 3813 3507 3881 pertinentia
3535 3816 3754 3869 diversis

2162 3900 2216 3955 in
2239 3900 2375 3956 locis
2401 3901 2700 3969 inchoavit,
2730 3902 2980 3973 quaedam
3008 3903 3176 3958 etiam
3205 3896 3645 3972 consummavit;
3672 3908 3749 3960 in-

2163 4003 2246 4048 ter
2265 4008 2388 4063 qua:
2411 4008 2666 4064 precipua
2692 4010 2801 4049 non
2838 3994 3114 4050 immerito
3135 3995 3306 4051 videri
3337 4009 3575 4067 possunt
3606 3999 3752 4069 [asy-

2162 4082 2264 4139 lica
2289 4094 2495 4139 sancta-
2522 4083 2617 4140 Dei
2643 4085 2924 4156 genitricis
2951 4085 3286 4158 Aquisgrani
3315 4104 3491 4160 opere
3525 4090 3751 4145 mirabili

2160 4183 2498 4241 constructa,
2530 4184 2585 4231 et
2604 4191 2742 4247 pons
2767 4178 2911 4246 apud
2932 4176 3266 4248 Mogontiam
3294 4179 3352 4234 in
3386 4179 3587 4237 Rheno
3609 4183 3754 4253 quiu-

2160 4275 2449 4336 gentorum
2483 4282 2744 4337 passuum
2782 4268 3169 4339 longitudinis;
3209 4285 3340 4325 nam
3383 4280 3543 4328 tanta
3570 4285 3654 4330 est
3686 4274 3751 4328 ibi

2159 4358 2404 4413 ﬂuminis
2427 4358 2673 4414 latitudo.
2701 4358 2806 4426 Qui
2833 4368 3013 4415 tamen
3035 4376 3149 4415 uno
3166 4376 3317 4417 anno
3342 4373 3645 4437 antequam
3667 4365 3750 4419 de-

474 4466 664 4505 corum
712 4456 1035 4520 potestatem
1064 4444 1400 4515 pertinerent
1431 4460 1442 4496 ε
1471 4442 1588 4510 ipse
1618 4455 1716 4510 per
1750 4439 1885 4494 bella
1936 4455 2055 4493 mc-
2091 4499 2134 4525 ῃ
2159 4447 2379 4501 cederet.
2411 4447 2665 4502 inccndio
2692 4448 3076 4520 conﬂagravit,
3100 4464 3203 4505 nec
3245 4450 3399 4507 refici
3428 4455 3611 4524 potuit
3638 4470 3751 4525 pro-

474 4549 685 4597 morata
754 4541 930 4610 primo
979 4536 1328 4606 Aquitaniam
1382 4542 1437 4589 et
1467 4530 1820 4587 Wasconiam
1849 4538 2054 4584 totum-

474 4648 580 4703 que
639 4631 866 4704 Pyrenci
919 4637 1122 4684 mont.s
1165 4629 1357 4698 jngum
1413 4633 1469 4681 et
1517 4639 1693 4694 usque
1752 4623 1820 4677 ad
1876 4621 2055 4694 Hwa-

471 4738 595 4778 rum
630 4737 869 4787 amnem,
893 4720 986 4790 qui
1020 4719 1163 4789 apud
1193 4717 1470 4774 Novarros
1508 4717 1601 4749 ¹¹²⁸
1625 4724 1781 4770 ortus
1805 4724 1861 4770 et
1897 4715 2053 4770 ferti-

472 4816 716 4873 lissimos
758 4813 1033 4884 Hispania!
1065 4826 1229 4882 agros
1256 4825 1449 4867 secans
1468 4851 1481 4877 ,
1511 4811 1615 4865 sub
1644 4808 1884 4864 Tertosze
1915 4808 2052 4863 civi-

471 4910 601 4966 tatis
622 4909 801 4966 menia
833 4907 1112 4963 ltalearico
1151 4905 1289 4961 mari
1310 4907 1593 4973 miscetur,
1622 4904 1818 4960 deinde
1842 4902 2052 4957 Italiam

469 5011 641 5056 totam
670 5001 741 5056 ab
770 5001 1014 5071 Augusta
1038 4998 1295 5053 Prtetoria
1330 5013 1505 5068 usque
1527 4998 1582 5051 in
1607 4995 1917 5052 Calabriam
1946 4994 2052 5048 mi-

470 5107 685 5160 norem,
714 5093 770 5146 in
803 5109 910 5163 qua
946 5092 1245 5147 Grecorum
1286 5107 1351 5146 ac
1374 5090 1806 5147 Beneventornm
1839 5098 2055 5175 constat

469 5199 595 5239 esse
618 5184 876 5249 confinia,
918 5193 1032 5237 tum
1070 5182 1399 5249 Saxoniam,
1431 5198 1554 5253 quze
1581 5182 1888 5238 Germaniae
1924 5182 2053 5253 qui--

468 5275 595 5331 (lem
628 5289 823 5344 magna
855 5289 983 5344 pars
1011 5283 1115 5340 est,
1146 5283 1201 5328 et
1226 5274 1365 5344 ejus,
1390 5288 1513 5343 quae
1539 5289 1570 5328 a
1599 5272 1826 5329 Francis
1854 5272 2052 5328 incoli-

468 5374 581 5433 tur,
611 5366 835 5435 duplnm
861 5365 917 5419 in
942 5366 1052 5419 lato
1072 5366 1271 5421 habere
1300 5374 1543 5435 putatur,
1574 5379 1700 5420 cum
1730 5364 1780 5419 ei
1804 5365 2047 5435 longitu-

469 5457 597 5513 dine
616 5455 789 5526 possit
810 5469 932 5510 esse
950 5455 1268 5511 consimilis.
1295 5456 1491 5511 deinde
1520 5463 1809 5524 utramque
1831 5451 2045 5508 Panno-

2160 4534 2616 4606 pterj‘estinatum
2640 4537 2788 4594 illius
2810 4538 3119 4605 decessum,
3134 4555 3461 4612 quanquam
3486 4544 3543 4599 in
3563 4560 3628 4601 ea
3648 4561 3749 4600 ute-

2161 4627 2426 4683 ditatione
2467 4637 2633 4695 esset,
2674 4638 2737 4684 ut
2763 4644 2864 4700 pro
2890 4630 3074 4702 ligneo
3114 4632 3391 4704 lapideum
3422 4638 3747 4692 restituent.

2159 4717 2443 4777 inchoavit
2460 4729 2515 4775 et
2530 4720 2730 4791 palatia
2760 4723 2941 4792 operis
2974 4725 3203 4796 egregii,
3229 4741 3404 4782 unum
3429 4729 3582 4785 baud
3603 4730 3751 4800 longe

2160 4826 2191 4865 a
2223 4810 2565 4883 Moguntiaca
2604 4813 2843 4881 civitate,
2882 4814 3042 4885 juxta
3073 4815 3257 4871 villam
3294 4819 3385 4873 cui
3429 4821 3749 4878 vocabulum

2159 4911 2247 4959 est
2274 4903 2664 4977 lngelenheim,
2700 4906 2934 4963 alterum
2956 4905 3275 4982 Noviomagi
3299 4925 3476 4982 super
3496 4911 3748 4969 Vahalem

2162 4992 2409 5050 fluvium.
2440 4992 2708 5066 Precipue
2731 5004 2914 5053 tamen
2943 4999 3089 5054 :edes
3117 5014 3308 5057 sacras
3336 5002 3677 5075 ubicumque
3700 5006 3748 5059 in

2157 5093 2272 5141 toto
2293 5101 2467 5158 regno
2499 5101 2603 5143 suo
2626 5097 2898 5145 vetustate
2930 5091 3205 5162 collapsas
3237 5095 3544 5165 comperit,
3579 5097 3749 5168 ponti-

2155 5176 2351 5234 ﬁcibus
2372 5188 2427 5234 et
2451 5177 2764 5248 abbatibus,
2798 5181 2866 5237 ad
2891 5197 3125 5253 quorum
3154 5199 3349 5240 curam
3381 5189 3745 5258 pertinebant,

2153 5278 2215 5325 ut
2251 5268 2731 5341 restaurarentur,
2775 5274 3086 5345 imperavit,
3126 5277 3398 5335 adhibens
3441 5297 3635 5337 curam
3660 5297 3746 5352 per

2151 5362 2381 5435 legatos,
2411 5373 2474 5421 ut
2494 5366 2763 5437 imperata
2788 5365 3131 5438 perficerent.
3165 5368 3355 5426 Talem
3382 5387 3515 5427 eum
3548 5373 3607 5427 in
3631 5388 3743 5427 am-

2151 5455 2372 5524 miando
2398 5466 2454 5514 et
2483 5457 2689 5515 tuendo
2726 5457 3001 5532 simulque
3026 5460 3336 5520 ordinando
3364 5478 3538 5536 regno
3581 5461 3744 5521 fuisse

1779 5594 2013 5649 vtam;
2051 5583 2453 5655 Leonem-is.

543 5710 632 5742 “’5
673 5712 750 5764 ita
780 5708 931 5763 codd.
1016 5709 1106 5741 ¹¹²⁶
1130 5708 1459 5765 Adel‘ousum
1488 5719 1650 5781 atque
1673 5710 1925 5764 Astrucie
1954 5710 2032 5764 ιδ.
