3880 6308
149 354 232 411 819

1019 350 1389 407 (ΞΙΙΒΟΝΙΟΑ.
1423 383 1492 392 —
1525 351 1919 409 CllRONlCON
1959 350 2409 409 UNIV’EIlSAIE.

3262 316 3368 405 sise

147 475 350 533 constat;
379 470 648 527 ceterum,
679 461 860 532 qualis
892 463 944 517 in
974 463 1273 520 domestica
1303 480 1434 520 cura
1468 465 1681 534 fuisset,
1714 470 1757 526 Α
1784 476 2090 522 extremum
2145 483 2211 522 ex
2267 465 2560 521 satellitum
2612 479 2842 519 numero
2878 465 2943 519 ad
2983 441 3089 520 hoc
3129 464 3366 520 ordinati

145 559 340 616 dicatur.
362 586 425 595 -—
453 552 583 608 Post
612 560 843 607 mortem
878 555 1050 623 patris
1080 569 1204 610 cum
1247 554 1414 611 fratre
1455 572 1684 629 regnum

147 646 340 719 partitus
376 650 524 698 tanta
554 641 811 712 patientia
850 643 1154 699 simultates
1182 653 1237 700 et
1271 644 1526 700 invidiam
1564 647 1685 717 ejus

145 739 261 802 tulit,
290 742 345 790 ut
363 734 616 791 erunibus
638 734 837 789 mirum
869 734 1166 803 videretur,
1194 736 1342 806 quod
1368 753 1438 793 ne
1462 739 1529 793 ad
1570 739 1682 794 ira-

143 829 359 885 cundiam
387 826 606 897 quidem
635 826 708 881 ab
741 840 807 881 eo
843 827 1131 896 provocari
1160 828 1448 897 potuisset.
1481 827 1685 886 Deinde

138 934 240 976 cum
275 917 453 972 matris
488 916 707 973 hortatu
742 916 910 972 ﬁliam
952 916 1217 974 Desiderii
1277 920 1425 991 regis
1467 920 1681 992 Longo-

140 1008 396 1063 bardorum
422 1005 671 1061 duxisset
708 1021 959 1072 uxorem,
990 1015 1117 1076 post
1143 1023 1349 1064 annum
1381 1010 1683 1081 repudiavit

136 1115 255 1163 cani,
275 1107 324 1154 et
352 1092 719 1167 llildigardam
748 1098 818 1153 de
855 1108 1015 1168 gente
1045 1098 1373 1169 Suavorum,
1412 1102 1685 1173 precipua:

138 1189 400 1245 nobilitatis
440 1189 726 1256 feminam,
770 1189 825 1243 in
872 1190 1283 1247 matrimonium
1334 1193 1572 1262 accepit,
1616 1194 1682 1249 de

134 1297 220 1350 qua
259 1280 390 1336 ﬁlios
432 1288 567 1345 tres,
605 1278 864 1336 Karolum
915 1281 1165 1338 videlicet
1201 1298 1266 1339 ac
1295 1282 1582 1355 Pippinum
1628 1296 1682 1341 ct

136 1369 484 1436 Ludowicum,
557 1370 893 1441 totidemque
943 1371 1117 1439 ﬁlias,
1188 1372 1565 1429 Ruothrudcm
1628 1385 1682 1431 et

133 1459 355 1516 fierinam
384 1468 439 1517 et
472 1460 708 1528 Gislam,
743 1461 950 1531 genuit.
987 1461 1189 1518 Habuit
1217 1474 1270 1519 et
1299 1465 1435 1519 alias
1468 1475 1577 1521 tres
1618 1465 1682 1521 ﬁ-

130 1552 231 1616 lias,
246 1551 638 1608 Tltcoderatam
660 1561 716 1608 et
736 1551 1042 1609 Hiltrudam
1059 1563 1114 1609 et
1136 1554 1518 1623 lluotheidem,
1542 1557 1680 1612 duas

128 1642 182 1697 de
200 1641 449 1703 Fastrada
477 1658 669 1711 uxore,
696 1659 820 1714 quae
838 1645 906 1699 de
933 1645 1284 1702 orientalium
1315 1646 1676 1715 Francorum,

1789 558 2099 614 tuebantur.
2153 558 2286 623 Qua:
2309 572 2433 613 cum
2479 556 2861 626 pulcherrimae
2887 567 3072 611 essent
3096 566 3151 612 et
3191 557 3260 611 ab
3298 572 3366 613 eo

1748 714 1751 717 γ
1786 646 2081 716 plurimum
2112 646 2498 717 diligerentur,
2529 645 2733 699 mirum
2760 645 2908 701 dictu
2932 686 2947 711 ,
2986 645 3134 715 quod
3159 646 3365 701 nullam

1785 750 1975 791 earum
2004 735 2261 805 cuiquam
2290 742 2386 789 aut
2420 747 2648 790 suorum
2675 742 2771 788 aut
2792 742 3104 788 exterarum
3132 743 3365 804 nuptum

1784 826 1915 882 dare
1963 826 2177 892 voluit,
2224 826 2325 882 sed
2369 841 2563 882 omnes
2592 841 2781 882 secum
2832 840 3012 895 usque
3049 824 3118 880 ad
3152 826 3364 881 obitum

1785 932 1946 974 suum
1977 921 2030 972 in
2066 917 2233 972 domo
2266 933 2366 974 sua
2392 918 2620 973 retinuit
2640 959 2654 983 ,
2682 917 2900 983 dicens,
2930 932 2991 972 se
3019 932 3212 973 earum
3232 932 3367 972 con-

1784 1006 2046 1065 tubernio
2077 1024 2266 1066 carere
2314 1024 2427 1064 non
2462 1024 2626 1079 posse
2647 1050 2662 1075 ,
2694 1023 2758 1064 ac
2798 1018 3022 1079 propter
3055 1009 3160 1064 hac
3181 1050 3198 1075 ,
3238 1009 3368 1063 licet

1784 1100 1923 1155 alias
1951 1099 2078 1156 felix
2101 1141 2115 1165 ,
2151 1099 2395 1155 adversa:
2423 1099 2657 1154 fortuna:
2700 1099 3076 1168 indignitatem
3107 1106 3364 1168 expertus

1782 1201 1902 1259 est;
1939 1191 2083 1263 quod
2111 1201 2292 1247 tamen
2321 1192 2393 1247 ita
2418 1191 2814 1256 dissimulavit,
2846 1192 2958 1246 acsi
2990 1191 3058 1245 de
3091 1191 3173 1246 eis
3215 1190 3365 1245 nulla

1784 1299 2026 1354 unquam
2067 1282 2303 1352 alicujus
2331 1282 2513 1352 probri
2563 1282 2841 1350 susspicio
2884 1290 3072 1336 exorta
3095 1279 3365 1335 vellfama

1782 1372 2030 1443 dispersa
2076 1372 2287 1429 fuisset.
2312 1400 2382 1411 —
2408 1369 2540 1425 Erat
2562 1369 2609 1423 ei
2653 1370 2798 1425 ﬁlius
2838 1370 3057 1425 nomine
3096 1366 3364 1440 Pippinus

1781 1480 1846 1518 ex
1878 1464 2183 1520 concubina
2211 1462 2392 1518 editus
2412 1504 2425 1529 ,
2447 1462 2606 1532 cujus
2632 1461 2773 1516 inter
2795 1469 3007 1516 ceteros
3030 1462 3364 1516 mentionem

1783 1555 1963 1609 facere
1987 1554 2207 1619 distuli,
2246 1553 2386 1608 facie
2415 1553 2641 1622 quidem
2670 1551 2917 1621 pulcher,
2949 1551 3041 1606 sed
3070 1550 3234 1621 gibbo
3252 1551 3375 1608 rde-

1782 1646 1997 1702 formis.
2035 1645 2086 1701 ls
2116 1662 2241 1701 cum
2287 1653 2439 1715 pater
2469 1645 2612 1699 bello
2647 1658 2772 1700 cum
2821 1642 2997 1698 Hunis
3027 1651 3282 1713 suscepto
3310 1644 3366 1696 in

128 1732 307 1788 scilicet
352 1732 785 1802 Germanorum,
816 1747 976 1805 gente
998 1746 1143 1804 erat,
1181 1738 1405 1793 tereiam
1439 1739 1507 1796 de
1542 1756 1677 1794 con-
1719 1807 1724 1808 γ
1780 1736 2034 1808 Bajoaria
2092 1737 2398 1802 hiemaret,
2452 1751 2577 1791 cum
2620 1734 2948 1806 quihusdam
2981 1750 3013 1789 e
3037 1733 3368 1804 primoribus

125 1824 292 1881 cubilia
338 1825 603 1895 quadam.
656 1826 919 1883 Defuncta
980 1827 1240 1884 Fastrada
1266 1871 1282 1897 ,
1326 1829 1674 1902 Luitgardam
1710 1807 1752 1865 η
1782 1807 2119 1882 Francorum
2147 1868 2160 1893 ,
2200 1825 2295 1895 qui
2343 1840 2470 1881 eum
2512 1841 2653 1879 vana
2704 1824 2856 1894 regni
2887 1823 3252 1894 promissione
3305 1823 3369 1876 il-

124 1912 456 1970 Alamannam
488 1916 668 1984 duxit,
703 1917 771 1972 de
791 1933 899 1988 qua
930 1919 1133 1975 liberos
1161 1936 1269 1976 non
1301 1921 1508 1977 habuit.
1550 1921 1679 1977 Post

122 2004 256 2075 cujus
286 2016 519 2075 mortem
566 2017 677 2065 tres
702 2010 894 2065 habuit
918 2012 1283 2079 concubinas,
1315 2012 1676 2069 Gersuindam

119 2092 348 2152 Saxonici
389 2098 637 2169 generis,
666 2099 735 2156 de
775 2109 887 2170 qua
926 2102 974 2157 ei
1018 2102 1129 2158 ﬁlia
1156 2104 1378 2172 nomine
1415 2104 1677 2161 Adeltrud

120 2195 228 2239 nata
255 2193 354 2253 est,
383 2186 688 2259 llegenam,
714 2206 838 2260 quae
862 2191 910 2247 ei
934 2191 1281 2264 Druogonem
1304 2204 1358 2250 et
1392 2193 1675 2267 nugonem

114 2276 297 2343 genuit,
324 2276 652 2333 Adeiiudam
685 2297 924 2351 quoque,
962 2299 1084 2353 qua:
1117 2283 1512 2343 Theodericum
1545 2304 1675 2358 pro-

116 2366 312 2422 (reavit.
348 2398 421 2412 -η-
448 2366 635 2431 Mater
674 2386 896 2441 quoque
938 2374 1058 2443 ejus
1086 2374 1343 2431 Bertrada
1378 2376 1434 2431 in
1477 2392 1677 2449 magno

112 2457 236 2523 apud
273 2472 398 2513 eum
467 2459 681 2515 honore
729 2464 1307 2529 consenuit;-colcbat
1353 2467 1500 2521 enim
1553 2483 1674 2523 eam

111 2559 218 2599 cum
247 2562 442 2627 magna
462 2553 793 2619 reverentia,
817 2554 888 2608 ita
916 2563 975 2610 ut
998 2557 1145 2611 nulla
1169 2573 1411 2628 unquam
1443 2559 1675 2615 invicem

107 2634 170 2687 sit
185 2648 366 2693 exorta
397 2639 700 2709 discordia,
729 2643 836 2699 nisi
858 2644 914 2698 in
936 2645 1175 2701 divortio
1207 2648 1331 2704 tiliae
1351 2649 1495 2720 regis
1519 2649 1668 2706 Desi-

107 2720 249 2787 derii,
276 2741 445 2794 quam
484 2727 578 2782 illa
623 2730 888 2786 suadente
918 2743 1220 2804 acceperat.
1264 2734 1509 2793 Decessit
1550 2747 1675 2794 tan-

105 2812 212 2867 dem
242 2824 364 2884 post
384 2829 624 2874 mortem
651 2818 987 2892 lliltigardte,
1009 2840 1137 2881 cum
1163 2826 1277 2897 jam
1313 2836 1425 2884 tres
1453 2839 1679 2900 nepotes

106 2919 222 2960 suos
255 2908 603 2980 totidemque
628 2920 815 2981 neptes
842 2913 896 2968 in
920 2914 1015 2970 ﬁlii
1041 2917 1206 2973 domo
1227 2918 1475 2975 vidisset.
1502 2919 1677 2988 Quam

107 2994 184 3049 ille
225 2997 280 3052 in
328 3001 533 3056 eadem
589 3001 829 3074 basyliea
877 3021 987 3076 qua
1020 3016 1175 3077 pater
1215 3009 1356 3065 situs
1393 3021 1496 3079 est,
1538 3014 1680 3083 apud

103 3085 353 3145 Sanctum
382 3088 705 3149 Dionisium
753 3111 955 3168 magno
1006 3114 1134 3153 cum
1173 3100 1383 3157 honore
1428 3102 1683 3158 fecithu-

103 3179 349 3235 mari’m.
388 3212 466 3223 -—
521 3181 655 3238 Erat
692 3184 744 3239 ei
785 3186 947 3242 unica
988 3203 1149 3244 soror-
1178 3191 1401 3246 nomine
1438 3191 1606 3259 Gisia,
1645 3209 1676 3248 a

101 3269 425 3334 puellaribus
483 3274 651 3329 annis
700 3276 974 3347 religiosae
1023 3282 1423 3338 eonversationi
1470 3285 1678 3340 manci-

99 3371 229 3428 pata,
252 3377 425 3432 quam
449 3363 708 3445 similiter
727 3376 788 3422 ut
807 3375 1036 3424 matrem
1053 3385 1250 3442 magna
1269 3373 1438 3429 coluit
1458 3374 1674 3444 pietate,

96 3463 206 3517 qua:
249 3460 423 3509 etiam
484 3456 682 3526 paucis
730 3466 857 3530 ante
879 3459 1089 3515 obitum
1122 3460 1269 3518 illius
1307 3463 1488 3528 annis,
1530 3463 1586 3516 in
1614 3477 1679 3519 eo

97 3552 197 3605 quo
221 3552 558 3599 conversata
588 3554 673 3601 est
703 3547 1035 3603 monasterio
1067 3547 1319 3605 decessit.
1346 3580 1412 3589 —
1454 3550 1678 3607 Liberos

95 3642 214 3683 suos
237 3629 314 3685 ita
345 3629 581 3689 censuit
602 3629 991 3702 instituendos,
1019 3645 1079 3692 ut
1111 3644 1220 3692 tam
1244 3637 1339 3692 ﬁlii
1366 3655 1532 3709 quam
1555 3639 1679 3695 ﬁliae

93 3716 259 3783 primo
299 3721 635 3779 liberalibus
685 3725 904 3793 studiis,
949 3727 1153 3797 quibus
1188 3736 1244 3783 et
1288 3729 1405 3799 ipse
1456 3745 1677 3800 operam

88 3807 274 3878 dabat,
319 3815 712 3883 erudirentur,
751 3824 866 3872 tum
898 3817 1071 3886 ﬁlios,
1118 3812 1244 3876 cum
1273 3820 1511 3889 primum
1545 3828 1678 3877 aetas

90 3900 413 3972 patiebatur,
435 3919 608 3960 more
629 3904 965 3964 Francorum
993 3908 1270 3978 equitare,
1296 3909 1466 3965 armis
1493 3924 1558 3965 ac
1588 3925 1679 3965 ve-

85 3992 298 4051 natibus
313 3997 582 4054 exerceri
597 3995 746 4065 fecit,
764 3998 905 4055 ﬁlias
919 4014 1051 4056 vero
1066 4000 1317 4057 laneﬁcio
1339 4015 1675 4067 assuescere,

84 4083 307 4156 coloque
328 4103 400 4143 ac
424 4088 584 4155 fuso,
608 4104 675 4145 ne
695 4105 791 4158 per
812 4090 983 4146 otium
1007 4100 1307 4162 torperent,
1330 4107 1551 4164 operam
1576 4093 1678 4147 im-

83 4176 334 4245 pendere,
361 4188 547 4251 atque
570 4179 637 4235 ad
663 4195 881 4237 omnem
904 4184 1246 4239 honestatem
1268 4184 1471 4240 erudiri
1486 4182 1673 4254 jussit.

81 4261 150 4319 Ex
175 4266 259 4324 his
300 4271 585 4326 omnibus
611 4271 750 4328 duos
774 4280 986 4328 tantum
1016 4273 1159 4329 ﬁlios
1189 4282 1242 4331 et
1278 4292 1443 4331 unam
1489 4276 1675 4343 ﬁliam,

76 4358 399 4431 priusquam
434 4371 775 4431 moreretur,
816 4365 1020 4434 amisit,
1061 4365 1342 4433 Karolum,
1377 4367 1472 4437 qui
1504 4368 1679 4438 major

1780 1918 2053 1986 lexeram,
2107 1918 2372 1973 adversus
2410 1925 2615 1986 patrem
2654 1916 2983 1996 conjuravit.
3028 1914 3202 1982 Quem
3246 1923 3373 1984 post

1740 2033 1744 2037 έ
1779 2010 2024 2065 fraudem
2071 2010 2336 2065 detectam
2367 2018 2421 2064 et
2445 2008 2856 2078 conjuratorum
2882 2006 3326 2075 dampnationem
3351 2046 3367 2069 ,
3413 2086 3417 2090 ι

1778 2100 2100 2167 detonsum,
2137 2100 2192 2154 in
2234 2099 2485 2156 emnobio
2513 2097 2734 2152 Prumia
2766 2096 3035 2167 religiosae
3076 2096 3204 2151 vitae
3248 2095 3363 2165 jam

1775 2193 2046 2248 volentem
2068 2207 2265 2247 vacare
2287 2190 2555 2262 permisit.
2574 2189 2740 2246 Facta
2759 2198 2910 2245 estet
2931 2188 3035 2243 alia
3052 2188 3207 2257 prius
3230 2201 3371 2243 con-

1779 2295 1860 2341 tra
1885 2299 2011 2340 eum
2033 2284 2088 2340 in
2115 2283 2408 2339 Germania
2439 2282 2619 2338 valida
2641 2280 2967 2351 conjuratio,
2995 2267 3155 2351 cujus
3178 2288 3371 2336 aucto-

1778 2393 1867 2433 res
1891 2378 2090 2447 partim
2116 2376 2419 2432 luminibus
2442 2375 2654 2441 orbati,
2678 2375 2877 2444 partim
2906 2373 3228 2439 incolomes,
3250 2386 3373 2427 om-

1778 2485 1876 2525 nes
1912 2468 2299 2525 tamenexilio
2325 2467 2593 2537 deportati
2616 2474 2774 2532 sunt,
2802 2479 2983 2533 neque
3012 2464 3158 2519 ullus
3191 2477 3259 2518 ex
3286 2462 3368 2518 eis

1779 2560 2104 2616 interfectus
2145 2567 2258 2625 est,
2302 2558 2407 2614 nisi
2443 2566 2555 2613 tres
2593 2564 2839 2621 tantum,
2882 2554 2978 2624 qui
3015 2568 3140 2609 eum
3175 2568 3264 2618 se,
3298 2567 3377 2611 ne

1770 2650 2371 2722 comprehenderentur
2394 2690 2409 2716 ,
2467 2647 2675 2703 strictis
2717 2645 2926 2716 gladiis,
2969 2642 3363 2707 defenderent,

1779 2743 1992 2814 aliquos
2024 2742 2189 2799 etiam
2214 2740 2573 2804 occidissent,
2606 2737 2736 2808 quia
2781 2735 2934 2791 aliter
2973 2733 3212 2791 coerceri
3253 2746 3368 2787 non

1780 2844 2067 2906 poterant,
2094 2832 2402 2902 interempti
2415 2838 2570 2889 sunt.
2596 2828 2802 2884 [larunt
2826 2836 3006 2882 tamen
3029 2822 3371 2894 coniuratio-

1783 2942 1913 2981 num
1944 2925 2223 2982 Fastradre
2254 2924 2458 2992 regina:
2489 2920 2786 2977 crudelitas
2824 2934 2993 2977 causa
3021 2924 3076 2973 et
3104 2916 3260 2987 origo
3282 2913 3383 2969 di-.

1786 3017 1929 3072 citur
1946 3017 2194 3071 extitisse
2219 3058 2233 3081 ,
2260 3022 2331 3083 et,
2348 3013 2551 3069 idcirco
2583 3012 2637 3066 in
2659 3010 2927 3066 ambabus
2956 3016 3145 3065 contra
3182 3021 3369 3078 regem

1786 3108 2159 3178 conspiratum
2211 3115 2294 3161 est
2317 3146 2332 3172 ,
2375 3104 2503 3175 quia
2541 3103 2729 3159 uxoris
2771 3100 3079 3157 crudelitati
3130 3112 3368 3155 consen-

1788 3202 1954 3269 tiens,
1989 3216 2020 3255 a
2060 3215 2177 3256 sua:
2216 3207 2425 3256 natura:
2464 3196 2793 3267 benignitate
2843 3210 2908 3251 ac
2948 3191 3371 3250 mansuetudine

1784 3292 2070 3347 videbatur
2102 3291 2462 3348 exorbitassc.
2501 3289 2759 3344 Ceterum
2784 3301 2882 3357 per
2908 3301 3072 3342 omne
3098 3298 3213 3341 suae
3246 3285 3372 3339 vita:

1785 3392 2001 3453 tempus
2028 3383 2102 3436 ita
2125 3397 2249 3438 cum
2274 3395 2492 3438 summo
2509 3380 2754 3435 omnium
2785 3394 2972 3434 amore
2997 3386 3161 3448 atque
3185 3376 3373 3432 favore

1785 3474 1933 3530 domi
1959 3482 2014 3529 et
2057 3472 2191 3529 foris
2217 3481 2574 3529 conversatus
2613 3479 2739 3538 est,
2774 3478 2835 3525 ut
2871 3484 3155 3539 nunquam
3188 3470 3243 3524 ei
3285 3468 3383 3523 vel.

1786 3566 2011 3620 minima
2044 3565 2260 3635 injustas
2282 3563 2621 3620 credulitatis
2645 3570 2775 3618 nota
2797 3577 2828 3616 a
2864 3575 3143 3631 quoquam
3173 3556 3376 3615 fuisset

1784 3656 2016 3727 objecta.
2056 3656 2291 3711 Amabat
2336 3655 2654 3726 peregrinos
2686 3664 2741 3708 et
2788 3653 2844 3707 in
2882 3652 2962 3708 eis
3004 3650 3373 3721 suscipiendis

1786 3762 2041 3819 magnam
2087 3747 2320 3802 habebat
2341 3760 2552 3813 curam,
2586 3745 2724 3800 adeo
2760 3752 2820 3799 ut
2858 3755 3048 3798 eorum
3078 3740 3373 3797 multitudo

1787 3854 1895 3893 non
1926 3838 2104 3894 solum
2132 3837 2334 3907 palatio
2358 3880 2373 3904 ,
2402 3851 2592 3893 vcrum
2633 3836 2797 3891 etiam
2827 3849 2995 3904 regno
3031 3848 3137 3889 non
3170 3832 3370 3888 imme-

1788 3929 1894 3985 rito
1921 3929 2199 3984 videretur
2216 3943 2472 3984 onerosa.
2504 3925 2625 3996 Ipse
2656 3935 2838 3981 tamen
2862 3939 2972 3993 prae
2997 3921 3379 3994 magnitudine

1787 4018 1953 4075 animi
1990 4018 2365 4088 hujuscemodi
2390 4017 2629 4088 pondere
2655 4017 2743 4049 “’9
2769 4016 2996 4071 minime
3019 4015 3377 4084 gravabatur,

1785 4126 1909 4165 cum
1942 4111 2104 4166 etiam
2129 4110 2365 4181 ingentia
2388 4107 2733 4164 incommoda
2760 4105 2920 4161 laude
2940 4104 3281 4161 liberalitatis
3306 4120 3372 4159 ae

1785 4202 1941 4258 bonae
1983 4200 2141 4256 famas
2173 4200 2422 4255 mercede
2465 4204 2862 4267 compensaret.
2884 4194 3215 4266 ι-Οονροιιθ
3269 4194 3373 4251 fuit

1785 4292 1964 4361 amplo
2000 4302 2164 4360 atque
2187 4290 2440 4355 robusto,
2471 4297 2678 4344 statura
2707 4286 3002 4352 eminenti,
3039 4300 3164 4355 quae
3186 4293 3374 4341 tamen

1785 4394 1893 4434 non
1921 4378 2207 4435 excederet
2227 4408 2299 4418 --
2318 4393 2446 4433 nam
2473 4386 2678 4447 septem
2705 4390 2930 4431 suorum
2954 4373 3153 4444 pedum
3184 4387 3372 4443 proce-

76 4458 196 4560 natu
228 4462 376 4560 erat,
405 4461 474 4560 et
495 4453 810 4560 Pippinum,
843 4472 1006 4560 quem
1030 4473 1210 4526 regem
1241 4457 1407 4513 Italiae
1437 4459 1678 4529 prefece-
1714 4499 1762 4560 υ
1786 4467 2001 4524 ritatem
2041 4467 2161 4536 ejus
2208 4477 2421 4525 constat
2474 4467 2733 4523 habuisse
2784 4479 3099 4521 mensuram
3120 4492 3191 4504 —-
3217 4463 3371 4533 apice

72 4550 171 4606 rat,
197 4554 257 4599 et
288 4543 722 4613 Ruotbrudem,
750 4563 874 4616 quae
900 4548 1136 4603 ﬁliarum
1166 4549 1287 4619 ejus
1318 4550 1685 4622 primogenita:

69 4640 168 4687 οη
203 4634 599 4693 Constantino
630 4637 930 4694 Grecorum
960 4641 1312 4709 imperatore,
1345 4642 1458 4697 ﬁlio
1481 4641 1681 4699 Leonis

66 4731 117 4779 et
167 4723 400 4799 Myrene
478 4728 665 4784 fuerat
712 4730 1064 4801 desponsata.
1113 4732 1359 4799 Quorum
1421 4733 1683 4803 Pippinus

68 4831 232 4873 tinum
262 4820 457 4876 ﬁlium
484 4819 868 4877 Bernhardum
887 4863 900 4886 ,
933 4822 1071 4879 ﬁlias
1101 4832 1282 4881 autem
1312 4824 1556 4894 quinque
1583 4841 1679 4879 su-

63 4909 322 4975 perstites
366 4911 635 4980 reliquit,
666 4911 721 4966 in
746 4913 947 4982 quibus
974 4930 1066 4969 rex
1111 4914 1328 4986 pietatis
1359 4930 1472 4970 suae
1501 4915 1679 4986 preci-

61 5012 227 5065 puum
264 5004 692 5059 documentum
735 5004 1004 5073 ostendit,
1056 5022 1181 5061 cum
1239 5015 1487 5077 nepotem
1539 5007 1680 5076 patri

58 5091 364 5150 succedere
413 5101 481 5150 et
524 5101 716 5164 neptes
750 5094 893 5151 inter
928 5096 1067 5152 ﬁlias
1096 5113 1227 5153 snas
1269 5097 1488 5154 educari
1526 5097 1678 5154 fecit.

58 5179 334 5239 Filiorum
373 5200 452 5240 ac
483 5183 726 5240 ﬁliarum
759 5188 1072 5243 tantamma
1100 5189 1154 5243 in
1176 5189 1459 5245 educando
1490 5204 1680 5245 curam

56 5270 272 5341 habuit,
298 5284 369 5332 ut
393 5291 697 5351 nunquam
716 5278 864 5333 domi
889 5280 1101 5349 positus
1122 5280 1240 5357 sine
1264 5280 1397 5351 ipsis
1419 5289 1679 5346 cmnaret,

55 5380 349 5437 utinquam
413 5368 537 5423 iter
583 5368 702 5423 sine
746 5369 858 5426 illis
904 5369 1128 5427 faceret.
1176 5371 1581 5441 Adequitahant
1623 5374 1673 5426 ei

56 5456 182 5525 lilii,
229 5460 372 5516 ﬁlia:
423 5473 572 5515 vero
602 5475 744 5530 pone
784 5461 1171 5531 squebantnr,
1219 5477 1451 5531 quarum
1482 5477 1675 5532 agmen

1782 4559 1980 4629 capitis
2039 4559 2302 4627 rotundo,
2356 4559 2533 4615 oculis
2584 4557 2980 4629 pregrandibus
3018 4571 3083 4611 ac
3127 4554 3364 4625 vegetis,

1784 4651 2224 4721 nasopaululum
2264 4651 2318 4706 in
2344 4651 2774 4706 mediocritatem
2810 4646 3096 4703 excedenti
3117 4687 3132 4712 ,
3160 4643 3369 4701 eanicie

1783 4741 2044 4810 pulchra,
2075 4741 2214 4798 facie
2242 4743 2363 4798 laeta
2404 4751 2457 4798 et
2483 4742 2656 4812 hylari
2683 4782 2697 4805 ,
2736 4739 2880 4794 unde
2905 4736 3098 4792 formae
3121 4735 3366 4792 auctori-

1781 4838 1867 4886 tas
1892 4846 1957 4886 ac
1983 4831 2222 4901 dignitas
2250 4839 2360 4885 tam
2387 4830 2552 4886 stanti
2581 4843 2747 4899 quam
2772 4827 2978 4883 sedenti
3000 4826 3239 4897 plurima
3276 4840 3368 4881 ac-

1783 4920 2121 4989 quirebatur.
2160 4921 2487 4989 Quanquam
2534 4919 2680 4973 enim
2732 4916 2915 4974 cervix
2953 4915 3121 4971 obesa
3153 4922 3208 4970 et
3245 4914 3368 4970 bre-

1783 5006 1904 5064 vior
1935 5017 2229 5079 venterque
2260 5007 2537 5063 videretur
2562 5005 2876 5076 projectior,
2916 5012 3094 5069 tamen
3134 5004 3254 5059 haec
3278 5016 3369 5058 ce-

1784 5110 2025 5156 terorum
2091 5099 2461 5155 membrorum
2520 5098 2733 5153 celabat
2787 5095 3091 5166 aequalitas.
3145 5092 3367 5149 incessu

1784 5200 1902 5246 erat
1939 5190 2123 5257 ﬁrmo,
2157 5199 2378 5262 totaque
2412 5189 2655 5259 corporis
2682 5187 3001 5244 habitudine
3038 5186 3204 5254 virili,
3238 5199 3369 5241 voce

1785 5284 1932 5339 clara
1964 5283 2215 5353 quidem,
2251 5282 2345 5338 sed
2369 5297 2493 5353 quae
2521 5281 2705 5337 minus
2731 5278 2979 5350 corporis
3015 5277 3204 5334 forma
3233 5293 3366 5332 eon-

1782 5375 2020 5440 veniret,
2052 5372 2347 5429 valitudine
2380 5387 2661 5442 prospera,
2690 5380 2870 5441 preter
2899 5368 3049 5442 quod
3072 5378 3368 5439 antequam

1784 5464 2065 5539 decederet
2092 5478 2186 5533 per
2213 5472 2447 5533 quatuor
2474 5478 2648 5518 annos
2693 5462 2885 5518 crebro
2918 5459 3163 5518 febribus
3189 5457 3364 5517 corri~

1372 5621 1605 5676 νΛίὶΙΛΞ
1647 5623 2050 5680 LECTIONES.

120 5738 213 5768 “’7
241 5737 511 5792 humare
550 5750 683 5788 corr.
725 5738 940 5793 humari
972 5737 1016 5790 l.

1102 5738 1188 5771 “2"
1210 5746 1420 5792 tantum
1453 5738 1610 5805 (corr.
1643 5737 1900 5805 tantam?)
1946 5736 1994 5792 1.
2027 5743 2237 5791 tantum
2272 5736 2353 5790 9“.
2402 5734 2481 5789 10.
2530 5734 2626 5789 ΕΙ.

2698 5737 2722 5789 ,³
2735 5735 2797 5766 ¹²⁹
2818 5748 2982 5791 onere
3022 5731 3072 5788 5.
