3880 6308
609 481 713 540 Βΰί

1814 472 2211 532 EKKEHARDI
2255 472 2713 532 Uft.\UGlE.\‘SiS
3700 485 3770 542 εει

608 596 883 666 picbatur,
915 596 983 652 ad
1003 604 1304 652 extremum
1330 594 1494 649 etiam
1527 609 1636 648 uno
1669 593 1804 663 pede
1829 592 2192 647 claudicabat.
2225 599 2270 653 Α
2299 592 2549 646 ctoritate
2574 633 2590 656 ,
2626 600 2678 645 et
2701 591 2931 646 ecclesia
2957 593 3132 648 sancti
3167 592 3308 648 Pctri
3346 611 3434 664 per
3459 594 3587 650 illum
3607 614 3687 652 non
3710 617 3771 655 so-

611 685 744 741 Erat
767 674 1076 756 eloquentia
1106 684 1362 754 copiosus
1391 692 1446 738 et
1489 684 1826 747 exuberans,
1874 690 2195 751 poteratque

607 777 872 848 quicquid
913 777 1074 832 vellet
1116 775 1461 846 apertissime
1489 775 1835 844 exprimere;
1885 793 1987 833 nec
2017 775 2194 845 patrio

607 885 867 926 sermone
913 878 1234 935 contentus,
1287 868 1452 922 etiam
1491 869 1795 938 peregrinis
1825 870 2030 939 linguis
2074 871 2192 925 edi-

593 962 826 1016 scendis
861 975 1083 1031 operam
1114 961 1309 1027 dabat,
1355 959 1410 1012 in
1439 960 1642 1029 quibus
1671 959 1924 1016 Latinam
1950 963 2026 1016 ita
2047 961 2194 1017 didi-

605 1052 714 1117 cit,
742 1063 803 1106 ut
821 1068 884 1107 ea
917 1068 982 1108 ac
1006 1061 1180 1122 patria
1205 1053 1390 1124 lingua
1419 1068 1579 1107 orare
1606 1052 1676 1107 sit
1697 1053 1924 1122 solitus,
1963 1054 2192 1110 Grecam

606 1157 738 1206 vero
767 1144 964 1199 melius
995 1144 1306 1214 intellegere
1357 1159 1520 1212 quam
1553 1145 1920 1213 pronunciare
1959 1153 2190 1216 poterat.

605 1234 766 1290 Artes
794 1235 1046 1291 liberales
1090 1235 1498 1290 studiosissime
1532 1236 1732 1303 coluit,
1765 1252 2067 1308 earumque
2092 1238 2196 1292 do-

603 1333 787 1380 ctores
814 1325 1113 1394 plurimum
1137 1335 1460 1392 veneratus,
1498 1325 1714 1396 magnis
1748 1326 1943 1383 extulit
1971 1327 2196 1384 honori—

605 1413 728 1470 bus.
771 1415 826 1470 ln
853 1417 1115 1472 discenda
1145 1419 1504 1486 grammatica
1527 1417 1750 1474 Petrum
1784 1417 2046 1474 Pisanum
2075 1419 2196 1475 dia-

605 1520 800 1559 conem
833 1521 1020 1561 senem
1044 1507 1269 1567 audivit,
1300 1507 1356 1561 in
1382 1508 1580 1564 ceteris
1599 1509 1908 1579 disciplinis
1935 1510 2193 1564 Albinum

605 1610 969 1669 cognomento
992 1601 1319 1667 Alcwinum,
1347 1602 1473 1656 item
1497 1603 1790 1659 diaconum
1815 1605 1883 1660 de
1903 1603 2192 1674 Brittania,

607 1691 789 1743 virum
817 1691 1202 1761 undecumque
1241 1693 1620 1749 doctissimum
1645 1737 1659 1761 ,
1691 1705 2062 1766 preeeptorem
2098 1697 2197 1752 ba-

610 1780 729 1835 buit
753 1819 767 1847 ,
805 1783 948 1851 apud
984 1799 1145 1854 quem
1179 1793 1233 1838 et
1265 1786 1552 1841 rethorirte
1575 1795 1630 1840 et
1655 1787 1988 1854 dialecticae,
2017 1788 2194 1857 preci-

609 1885 716 1936 pue
770 1878 950 1925 tamen
998 1874 1385 1929 astronomiae
1425 1875 1730 1930 ediscenda:
1789 1877 2085 1945 plurimuu
2143 1888 2197 1934 et

610 1962 873 2030 temporis
915 1970 971 2018 et
1016 1963 1221 2019 laboris
1266 1965 1584 2035 impertivit.
1640 1965 1897 2022 Discebat
1934 1978 1989 2024 et
2022 1977 2196 2024 artem

608 2055 989 2123 computandi,
1033 2065 1087 2110 et
1143 2056 1448 2112 intentione
1479 2059 1664 2130 sagaci
1694 2059 1936 2114 siderum
1973 2077 2198 2117 cursum

607 2147 984 2203 curiosissime
1017 2149 1339 2205 rimabatur.
1375 2149 1700 2220 Temptabat
1731 2161 1787 2208 et
1815 2155 2077 2222 scribere,
2113 2166 2198 2211 ta-

608 2235 767 2291 bulas
797 2246 852 2292 et
895 2239 1187 2296 codicellos
1213 2241 1280 2295 ad
1314 2241 1420 2296 hoc
1450 2242 1506 2295 in
1538 2242 1682 2298 lecto
1707 2244 1810 2298 sub
1839 2246 2200 2304 cervicalibus

539 2363 545 2370 .
607 2327 965 2384 circumferre
1008 2331 1243 2398 solebat,
1279 2341 1339 2386 ut
1366 2349 1492 2388 cum
1517 2350 1751 2390 vacuum
1780 2344 1996 2408 tempus
2023 2349 2196 2406 esset,

611 2433 834 2474 manum
870 2420 1070 2478 litteris
1102 2423 1406 2494 elligiandis
1443 2437 1826 2496 assuesceret;
1861 2429 1956 2484 sed
2004 2446 2196 2500 parum

607 2512 875 2566 successit
905 2513 1058 2568 labor
1086 2524 1438 2584 preposterus
1461 2533 1525 2572 ac
1547 2533 1673 2574 sero
1698 2519 2008 2576 inchoatus.
2041 2522 2197 2578 Assi—

605 2601 713 2655 due
760 2604 1118 2659 exercebatur
1154 2606 1452 2675 equitando
1500 2623 1565 2664 ac
1598 2611 1846 2666 venando
1872 2653 1887 2679 ,
1933 2611 2079 2682 quod
2121 2613 2198 2668 iili

604 2692 942 2761 gentilicium
979 2704 1125 2762 erat,
1170 2697 1300 2767 quia
1328 2698 1416 2752 vix
1449 2699 1556 2753 ulla
1585 2699 1640 2754 in
1669 2702 1831 2757 terris
1861 2704 2014 2758 natio
2043 2705 2194 2761 inve-

605 2781 774 2848 nitur,
809 2799 933 2853 qua:
954 2784 1010 2840 in
1037 2785 1140 2841 hac
1167 2795 1284 2841 arte
1304 2787 1534 2845 Francis
1556 2791 1731 2860 possit
1770 2794 2065 2862 coaequari.
2094 2794 2197 2851 De-

606 2872 910 2928 lct'tabatur
942 2875 1106 2930 etiam
1132 2878 1429 2946 vaporibus
1449 2896 1719 2950 aquarum
1743 2885 2064 2939 naturaliter
2099 2900 2196 2940 ca-

608 2963 838 3020 lentium
865 3007 880 3034 ,
921 2965 1194 3037 frequenti
1235 2979 1424 3025 natatu
1470 2987 1672 3042 corpus
1704 2989 1998 3042 exercens,
2035 2977 2196 3046 cujus

607 3055 745 3109 adeo
775 3057 982 3126 peritus
1005 3057 1135 3125 fuit,
1161 3071 1220 3116 ut
1249 3062 1432 3117 nullus
1461 3063 1510 3116 ci
1534 3063 1682 3132 juste
1706 3065 1883 3119 valeat
1911 3065 2190 3121 anteferri.

604 3144 688 3200 0b
723 3149 826 3203 hoc
855 3149 1020 3204 etiam
1073 3151 1403 3222 Aquisgrani
1449 3153 1654 3224 regiam
1707 3157 1976 3222 extruxit,
2010 3157 2196 3227 ibique

603 3247 882 3294 extremos
931 3242 1057 3296 vitae
1106 3259 1284 3298 annos
1336 3261 1513 3314 usque
1564 3247 1630 3300 ad
1678 3248 1886 3302 obitum
1928 3252 2192 3319 perpetim

603 3329 779 3384 duxit.
825 3357 896 3368 -—
923 3329 980 3385 ln
1025 3331 1150 3386 cibo
1171 3341 1224 3386 et
1273 3343 1404 3402 potu
1455 3345 1575 3390 erat
1604 3346 1948 3405 temperans,
1995 3341 2090 3394 sed
2139 3341 2195 3395 in

605 3431 735 3488 potu
773 3422 1182 3490 temperantior,
1236 3422 1308 3476 ita
1369 3433 1427 3478 ut
1453 3439 1618 3493 super
1661 3440 1875 3480 cumam
1924 3443 2051 3483 raro
2074 3430 2196 3499 plus

602 3530 770 3584 quam
803 3524 888 3570 ter
921 3516 1158 3583 biberet;
1193 3517 1317 3572 cibo
1351 3532 1461 3572 non
1486 3519 1622 3574 adeo
1649 3518 1928 3577 abstinere
1956 3531 2192 3592 poterat,

555 3596 563 3603 ’
606 3615 666 3660 ut
699 3621 828 3676 sepe
851 3616 1202 3676 quereretur,
1233 3608 1396 3663 noxia
1419 3625 1521 3666 suo
1555 3610 1774 3681 corpori
1807 3628 1930 3670 esse
1960 3615 2190 3686 jejunia.

599 3698 1012 3754 Convivabatur
1060 3699 1380 3768 rarissime,
1423 3711 1479 3757 et
1529 3703 1634 3758 hoc
1669 3705 1944 3775 precipuis
1983 3715 2192 3762 tantum

602 3787 992 3845 festivitatibus
1017 3831 1031 3854 ,
1089 3800 1218 3846 tunc
1257 3801 1440 3847 tamen
1490 3809 1617 3848 cum
1664 3811 1865 3866 magno
1906 3797 2191 3854 hominum

601 3896 849 3936 numero.
879 3881 1048 3937 Coena
1075 3884 1372 3939 cottidiana
1406 3888 1690 3957 quaternis
1726 3898 1936 3945 tantum
1969 3891 2193 3947 ferculis

604 3972 930 4039 prebcbatur
951 4015 964 4038 ,
995 3986 1175 4043 preter
1196 3991 1417 4031 carnem
1451 3994 1632 4034 assam
1657 4021 1673 4047 ,
1701 3997 1868 4051 quam
1907 3990 2192 4038 venatores

602 4063 819 4119 veribus
879 4063 1084 4120 inferre
1124 4067 1404 4135 solebant,
1454 4086 1563 4139 qua
1607 4071 1698 4126 ille
1736 4072 1995 4128 libentius
2023 4089 2190 4143 quam

599 4154 711 4208 ullo
747 4154 854 4210 alio
883 4156 1007 4210 cibo
1050 4156 1391 4214 vescebatur.
1427 4159 1572 4216 later
1600 4163 1932 4218 eaanandum
1967 4174 2062 4218 aut
2090 4165 2192 4219 ali-

596 4247 741 4314 quod
782 4263 1000 4302 acroma
1037 4257 1134 4302 aut
1159 4250 1416 4307 lectorem
1453 4254 1728 4309 audiebat.
1770 4254 2112 4326 Legebantur
2139 4258 2190 4313 ei

599 4338 858 4407 bystoriu:
907 4347 962 4393 et
1008 4339 1362 4410 antiquorum
1432 4359 1520 4398 res
1569 4353 1765 4414 gestae,
1817 4346 2192 4402 delectabatur

593 4429 762 4482 etiam
805 4429 959 4485 libris
993 4432 1169 4485 sancti
1207 4433 1532 4502 Augustini,
1574 4437 1942 4507 precipueque
1973 4438 2060 4494 bis
2093 4440 2186 4509 qui

591 4518 664 4574 de
712 4519 931 4574 civitate
976 4519 1070 4574 Dei
1106 4523 1403 4590 pretitulati
1449 4527 1871 4582 sunt.—Circa
1919 4543 2188 4598 pauperes

595 4612 987 4668 sustentandos
1009 4624 1061 4669 et
1085 4617 1376 4685 gratuitam
1406 4617 1806 4686 liberalitatem,
1826 4635 1995 4691 quam
2023 4622 2182 4678 Greci

2294 4613 2693 4668 lteiliemanotb.
2721 4613 2852 4669 lten)
2876 4622 3068 4668 ventos
3090 4614 3154 4667 ιε
3165 4615 3408 4686 propriis
3431 4604 3758 4684 appellationilas

595 4705 954 4760 elemosinam
997 4717 1223 4774 vocant,
1253 4709 1641 4767 devotissimus
1681 4724 1826 4782 erat,
1866 4725 1926 4770 ut
1950 4715 2043 4786 qui
2075 4731 2184 4771 non

598 4795 652 4850 in
683 4797 860 4865 patria
891 4798 1066 4852 solum
1096 4808 1150 4854 et
1192 4800 1244 4854 in
1273 4817 1375 4855 suo
1399 4819 1564 4873 regno
1588 4805 1638 4858 id
1668 4805 1847 4860 facere
1876 4808 2180 4873 curaverit,

593 4907 784 4945 verum
829 4900 983 4947 trans
1029 4895 1203 4948 maria
1237 4895 1288 4948 iu
1322 4895 1534 4966 Syriam
1575 4909 1633 4953 et
1680 4899 1973 4970 {Egyptum
2020 4910 2184 4970 atque

596 4983 866 5050 Africam,
893 4983 1299 5052 Hierosolimis,
1329 4988 1704 5057 Alexandriae,
1735 4992 2046 5063 Iiartagiui,
2090 4993 2181 5047 ubi

596 5076 929 5131 christianos
961 5078 1012 5132 iu
1045 5088 1359 5148 paupertate
1385 5081 1565 5137 vivere
1588 5093 1929 5154 compererat
1955 5127 1968 5149 ,
2003 5101 2176 5154 penu-

595 5165 694 5220 ria:
727 5166 942 5220 illorum
975 5171 1312 5239 compaticus
1338 5214 1352 5237 ,
1382 5173 1668 5242 pecuniam
1698 5175 1912 5229 mittere
1941 5175 2178 5241 solebat,

593 5257 664 5312 ob
706 5257 812 5310 hoc
847 5259 1084 5314 maxime
1124 5263 1618 5318 transmarinorum
1672 5281 1858 5335 regum
1901 5266 2181 5320 amicitias

591 5356 886 5417 expetens,
914 5357 971 5404 ut
995 5351 1310 5408 clrristianis
1336 5355 1440 5408 sub
1460 5370 1650 5409 eorum
1681 5356 1964 5410 dominatu
1987 5357 2182 5426 degen-

593 5439 741 5494 tibus
790 5439 1128 5511 refrigerium
1177 5445 1396 5514 aliquod
1441 5461 1506 5501 ac
1546 5447 1804 5502 relevatio
1845 5449 2175 5518 proveniret.

589 5527 818 5585 Colebat
846 5547 940 5600 pre
983 5536 1178 5591 ceteris
1215 5537 1389 5592 sacris
1411 5537 1550 5592 locis
1579 5539 1724 5608 apud
1757 5538 2176 5595 Romambcati

590 5618 740 5674 Petri
762 5623 991 5691 apostoli
1025 5625 1356 5691 :ecclesiam,
1385 5625 1439 5680 in
1474 5627 1633 5696 cujus
1655 5627 1880 5683 donaria
1920 5644 2171 5700 magnam

591 5710 703 5764 vim
751 5713 996 5780 p.cuni.e
1033 5727 1323 5784 congessit.
1371 5715 1559 5785 Neque
1607 5717 1696 5772 ille
1744 5728 1858 5774 toto
1901 5719 2049 5789 regni
2088 5720 2172 5773 sui

590 5808 834 5868 tenuiore
865 5817 1157 5871 qumquam
1190 5803 1348 5857 duxit
1381 5805 1660 5874 antiquius
1688 5849 1701 5871 ,
1731 5825 1894 5877 quam
1940 5817 1999 5861 ut
2043 5808 2174 5862 urbs

595 5889 764 5944 liutna
798 5908 896 5946 sua
943 5908 1103 5962 opera
1142 5912 1346 5965 suoque
1384 5896 1566 5951 labore
1598 5907 1774 5953 vetere
1798 5900 2024 5970 pollcrct
2069 5914 2169 5954 au-

2298 686 2411 739 lum
2444 693 2559 738 tuta
2604 699 2671 740 ac
2701 683 2925 740 defensa
2950 725 2966 751 ,
3008 685 3106 741 sed
3148 687 3315 742 etiam
3345 687 3456 742 suis
3475 690 3680 758 operibus
3709 709 3771 762 po:

2297 776 2552 831 omnibus
2596 776 2860 831 aecclcsiis
2905 787 3053 840 esset
3083 787 3278 833 emata
3301 788 3456 850 atque
3475 780 3633 836 ditata.
3653 782 3772 850 Quam

2298 883 2422 920 cum
2455 868 2588 922 tanti
2626 868 2923 936 penderet,
2953 876 3136 925 tamen
3173 869 3315 924 intra
3350 869 3416 924 46
3443 887 3665 927 annorum
3693 876 3771 944 qui-

2297 959 2402 1014 bus
2435 969 2756 1030 regnaverat
2787 962 3035 1029 spacium
3055 969 3251 1032 quater
3281 970 3482 1018 tantum
3509 963 3773 1018 illovotomn

2299 1049 2684 1104 solvendorum
2719 1065 2785 1104 ac
2819 1051 3162 1121 supplicandi
3186 1067 3354 1107 causa
3373 1051 3615 1123 profectus
3629 1054 3776 1110 astili»

2301 1141 2418 1194 timi
2447 1141 2716 1197 adventus
2735 1143 2823 1198 sui
2848 1159 2956 1198 nou
2984 1127 3164 1198 solum
3191 1145 3276 1199 ha:
3301 1143 3511 1199 fuerunt
3534 1161 3773 1212 causa,“-

2297 1247 2421 1286 rum
2445 1232 2611 1286 etiam
2642 1233 2790 1302 quod
2826 1231 3061 1288 Romani
3091 1232 3331 1289 Leonem
3357 1235 3633 1305 pontiﬁcem
3651 1238 3774 1291 multis

2297 1323 2550 1378 affectum
2575 1323 2710 1394 iujm
2727 1324 2825 1392 iis,
2851 1326 3026 1381 erutis
3057 1326 3295 1392 scilicet,
3321 1335 3381 1382 ut
3417 1327 3610 1398 quidam
3627 1327 3773 1411 dicunt,

2297 1414 2474 1469 oculis
2499 1456 2514 1481 ,
2544 1414 2842 1486 linguaque
2879 1425 3192 1486 amputata,
3222 1416 3383 1471 fidem
3420 1417 3548 1488 regis
3574 1417 3774 1488 implorare

2297 1505 2699 1574 compulerunt.
2726 1505 2936 1561 Idcirco
2963 1506 3196 1562 Romam
3230 1507 3450 1562 veniens
3483 1516 3659 1578 propter
3672 1523 3773 1577 repa-

2298 1598 2530 1652 randum
2560 1639 2576 1663 ,
2611 1599 2704 1669 qui
2738 1599 2904 1655 nimis
2935 1600 3299 1655 conturbatus
3321 1609 3462 1666 erat,
3491 1599 3763 1654 :ecclesiasu

2300 1695 2414 1742 tum
2442 1730 2456 1754 ,
2498 1689 2570 1744 ibi
2604 1698 2780 1744 totum
2827 1690 3024 1746 hiemis
3055 1700 3274 1761 tempus
3311 1692 3550 1746 extraxit.
3572 1689 3665 1758 Quo
3690 1700 3774 1745 tal—

2299 1795 2430 1850 pore
2481 1781 2830 1851 imperatoris
2864 1790 2919 1837 et
2967 1782 3187 1854 augusti
3231 1797 3434 1837 nomen
3465 1783 3772 1852 accepit,un

2300 1872 2481 1942 primo
2511 1873 2566 1926 in
2596 1881 2808 1928 tantum
2832 1884 3118 1931 aversatus
3139 1883 3226 1931 est
3247 1917 3263 1941 ,
3299 1883 3359 1930 ut
3379 1874 3650 1938 affirmaret,
3679 1889 3773 1928 seco

2300 1962 2388 2017 die
2414 2003 2428 2028 ,
2473 1963 2727 2033 quamvis
2775 1966 3034 2036 prccipua
3070 1964 3346 2021 festivitas
3372 1973 3537 2031 esset,
3568 1965 3772 2019 ecclesiam

2299 2072 2408 2110 non
2441 2057 2770 2112 intraturum
2793 2099 2809 2125 ,
2833 2057 2880 2112 si
2904 2058 3144 2127 prescire
3165 2057 3438 2128 potuisset
3459 2055 3680 2126 pontificis
3693 2069 3773 2108 oon-

2300 2147 2506 2203 silium.
2535 2147 2798 2203 Invidiam
2836 2158 3019 2204 tamen
3049 2149 3291 2219 suscepti
3319 2148 3575 2213 nominis,
3601 2146 3773 2200 Romanis

2300 2239 2724 2307 imperatoribus
2749 2255 2915 2310 super
2945 2245 3046 2295 hoc
3070 2239 3506 2310 indignantibus,
3534 2254 3682 2308 magna
3700 2237 3772 2289 tum

2299 2330 2560 2400 patientia
2588 2372 2602 2397 ,
2653 2331 2891 2400 vicitque
2915 2346 3109 2386 eorum
3147 2330 3543 2385 contumaciam
3580 2327 3772 2398 magnam

2299 2421 2510 2489 mitate,
2547 2437 2654 2491 qua
2685 2423 2765 2477 eis
2792 2423 2982 2481 procul
3011 2423 3180 2478 dubio
3212 2422 3376 2494 longe
3400 2420 3677 2492 prestantior
3689 2429 3769 2472 erat.

2298 2513 2564 2569 mittendo
2613 2514 2679 2569 ad
2719 2529 2815 2569 eos
2861 2515 3084 2570 crebras
3126 2514 3429 2584 legationes
3467 2522 3516 2570 et
3551 2513 3596 2568 in
3615 2509 3771 2580 epistol}:

2298 2603 2495 2660 fratres
2531 2621 2626 2660 eos
2674 2606 3014 2675 appellando.
3067 2605 3197 2661 Post
3239 2616 3545 2675 susceptum
3590 2602 3770 2672 impediit

2298 2709 2495 2750 nomen
2545 2707 2668 2750 cum
2723 2697 3030 2751 adverteret
3087 2698 3264 2752 multa
3325 2698 3526 2768 legibus
3556 2694 3691 2767 papuli
3722 2695 3772 2747 sui

2296 2786 2488 2842 deesse
2515 2817 2588 2826 —
2607 2803 2733 2842 nam
2764 2787 2960 2844 Franci
2987 2789 3126 2845 duas
3167 2789 3378 2845 habent
3414 2791 3578 2861 leges,
3600 2789 3641 2840 in
3664 2787 3769 2856 pluri-

2297 2879 2403 2933 mis
2430 2877 2566 2934 locis
2602 2878 2758 2934 valde
2801 2879 3049 2935 diversas
3069 2911 3161 2946 —,
3195 2881 3487 2952 cogitavit,
3511 2895 3611 2950 qua:
3631 2879 3771 2934 deerant

2297 2967 2518 3036 addere,
2550 2978 2606 3024 et
2622 2969 2990 3040 discrepantia
3019 2971 3178 3027 unire
3199 3014 3216 3039 ,
3246 2988 3416 3042 prava
3438 2986 3623 3042 quoque
3638 2984 3682 3021 ac
3700 2982 3769 3035 pcr-

2297 3076 2482 3130 peram
2509 3062 2720 3131 prolata
2746 3063 3059 3134 corrigere;
3094 3064 3190 3120 sed
3234 3066 3305 3120 de
3336 3065 3423 3121 bis
3452 3063 3596 3120 nichil
3615 3059 3713 3116 aliud
3731 3059 3768 3110 ab

2296 3168 2362 3207 eo
2393 3150 2598 3208 factum
2628 3163 2750 3221 est,
2792 3155 2897 3210 nisi
2932 3155 3081 3225 quod
3111 3172 3290 3225 pauca
3325 3156 3548 3227 capitula
3583 3151 3766 3209 etenim-

2300 3243 2535 3312 perfecta
2579 3246 2790 3316 legibus
2818 3247 3046 3303 addidit.
3080 3246 3347 3305 Omnium
3373 3259 3542 3306 tamen
3563 3245 3765 3301 nationum.

2297 3354 2419 3408 qua:
2452 3338 2557 3394 sub
2588 3339 2709 3410 ejus
2742 3341 3025 3396 dominatu
3063 3351 3223 3396 erant
3247 3383 3264 3410 ,
3312 3343 3437 3412 jura
3458 3383 3473 3406 ,
3520 3353 3618 3409 qua:
3646 3335 3767 3401 suith

2297 3445 2405 3484 non
2457 3441 2647 3498 erant,
2687 3433 2853 3488 scribi
2898 3447 2964 3488 ac
3011 3433 3212 3489 litteris
3261 3433 3504 3488 mandari
3537 3429 3664 3492 fecit;
3693 3426 3766 3479 in“

2297 3523 2530 3578 barbara
2575 3532 2631 3579 et
2669 3525 3056 3594 antiquissima
3101 3527 3388 3593 carmina,
3416 3525 3592 3596 quibus
3615 3530 3764 3574 veterum

2296 3631 2486 3686 regum
2517 3626 2672 3672 actus
2710 3627 2764 3672 et
2793 3618 2931 3672 bella
2961 3613 3328 3686 canebantur,
3367 3617 3566 3689 scripsit
3582 3623 3625 3669 et
3641 3625 3765 3666 meae

2296 3707 2390 3762 ria:
2412 3705 2709 3760 mandavit.
2739 3706 3019 3762 lnclroavit
3051 3716 3105 3762 et
3135 3709 3541 3779 grammaticam
3566 3702 3684 3774 patrii
3703 3712 3764 3751 Stt-

2295 3798 2516 3865 monis;
2565 3799 2848 3855 mensibus
2893 3799 3058 3854 etiam
3104 3800 3267 3870 juxta
3325 3800 3577 3871 propriam
3615 3796 3763 3860 lini!!!”

2293 3891 2558 3946 vocabula
2587 3891 2868 3960 imposuit,
2894 3892 2988 3962 qui
3017 3901 3146 3947 ante
3173 3893 3228 3947 id
3257 3891 3514 3962 temporis
3530 3887 3641 3958 apud
3665 3883 3764 3935 fras»

2294 3995 2389 4035 cos
2423 3981 2618 4050 partim
2647 3981 2878 4047 Latinis,
2904 3983 3101 4052 partim
3130 3981 3392 4038 barbaris
3412 3979 3669 4036 nominibus
3688 3983 3762 4040 ῐ-το·

2294 4071 2716 4137 nuuciabantur,
2763 4080 2819 4127 ct
2858 4071 3184 4126 Januarium
3230 4073 3520 4144 appellavit
3556 4067 3793 4145 wintrnlﬂ-J

2293 4163 2450 4226 uoth,
2471 4161 2828 4218 Februarium
2854 4163 3128 4234 bornuug,
3157 4163 3417 4220 Martium
3443 4151 3758 4218 leneinmanolh.
3789 4181 3791 4227 ι

2291 4251 2532 4321 Aprilem
2555 4255 2952 4321 ostermanoth,
2980 4253 3182 4308 Maium
3207 4252 3609 4315 vunnemanotlt,
3624 4245 3759 4301 JurJIII

2291 4342 2658 4396 brabmanotb
2680 4385 2695 4409 ,
2726 4343 2930 4397 Julium
2967 4344 3382 4411 liowimanoth,
3407 4345 3658 4415 Augustum
3683 4347 3756 4386 ιη·

2291 4433 2548 4500 manotb,
2583 4433 2958 4503 Septembrem
2992 4435 3389 4501 \vitcmanotb,
3422 4434 3656 4489 Octobrem
3681 4424 3758 4474 Ii}

2289 4525 2582 4580 demanoth
2599 4569 2614 4592 ,
2638 4524 3000 4581 Novembrem
3038 4526 3495 4590 herbistmauoth,
3521 4519 3756 4576 Metabum

3781 4259 3789 4359 λ

3769 4359 3787 4628 J

3762 4628 3781 4813 l

3757 5108 3770 5268 l

3756 5268 3766 5370 l

2289 4705 2590 4776 insignivit,
2611 4721 2735 4761 cum
2753 4706 2908 4776 prius
2936 4721 3046 4760 non
3083 4706 3325 4775 amplius
3348 4720 3501 4776 quam
3524 4703 3594 4756 vix
3610 4701 3770 4776 φηωέ

2286 4807 2574 4852 ventorum
2596 4799 2861 4854 vocabula
2890 4807 3116 4868 possent
3151 4797 3406 4853 inveniri.
3438 4796 3497 4850 Et
3514 4787 3754 4849 subsolani!“

2287 4891 2501 4946 vocavit
2521 4891 2837 4956 osterwint,
2873 4905 3070 4945 eurum
3091 4890 3469 4954 ostsundroni,
3487 4883 3752 4940 eumnam“

2285 4985 2658 5052 suudostroni,
2683 4993 2933 5040 austrum
2956 4984 3245 5052 sundroni,
3269 4979 3641 5040 austroafricual
3656 4963 3754 5060 sulti'

2286 5077 2565 5143 westroni,
2590 5075 2822 5130 africum
2845 5074 3274 5142 westsundroui,
3291 5074 3552 5144 zephirum
3569 5067 3750 5117 πεδίων

2285 5165 2514 5219 chorum
2536 5163 2954 5230 westnordroni,
2972 5163 3198 5218 circium
3216 5154 3602 5218 nordwestroni,
3618 5155 3758 5216 πίω*-

2288 5256 2519 5310 trionem
2543 5256 2825 5321 nordroni,
2840 5255 3150 5326 aquilonem
3172 5251 3526 5315 nordustroni,
3538 5237 3756 5332 νυιωῗπφῖ

2283 5349 2653 5403 ostnordroni.
2671 5379 2739 5387 —-
2761 5347 3098 5417 Religionem
3130 5347 3511 5409 christianam,
3540 5351 3622 5409 qui
3637 5330 3682 5384 εδ

2287 5438 2456 5493 fantia
2505 5440 2686 5494 fuerat
2726 5439 3002 5506 imbutus,
3040 5439 3388 5494 sanctissime
3415 5445 3466 5490 et
3487 5446 3588 5488 cum
3611 5437 3690 5514 sua

2287 5531 2486 5601 pietate
2515 5532 2752 5587 excriluit
2768 5573 2781 5597 ,
2811 5547 2880 5587 ac
2904 5539 3128 5601 propter
3156 5531 3261 5586 hoc
3286 5528 3522 5599 plurima:
3544 5514 3688 5592 pulchr!

2279 5622 2422 5676 diuis
2457 5622 2747 5693 basylicam
2777 5621 3108 5693 Aquisgrani
3129 5621 3400 5678 exstruxit
3430 5611 3740 5698 ευτοίιπκίί

2278 5723 2438 5784 geuto
2468 5723 2522 5768 ct
2551 5714 2916 5768 luminaribus
2961 5724 3124 5785 atque
3159 5729 3220 5768 ex
3255 5728 3366 5767 tere
3393 5707 3550 5766 solido
3575 5691 3744 5785 σιιιίΐεῖιίξ

2276 5814 2330 5859 et
2364 5806 2548 5875 januis
2591 5805 2896 5860 adornavit.
2926 5806 3009 5860 Ad
3039 5806 3198 5876 cujus
3236 5812 3548 5859 structuram
3577 5797 3717 5888 τίπτ’

2276 5899 2491 5953 lumnas
2515 5908 2565 5953 ct
2597 5887 2869 5953 marmora
2905 5897 3123 5954 aliunde
3162 5896 3356 5952 babcrc
3382 5909 3478 5949 non
3497 5871 3724 5961 possit"?
