  <div class='ocr_page' id='page_1' title='image "/cluster/home/n/w/nwhite01/storage/ocr_20150623/154/hvd.32044015473820/432.png"; bbox 0 0 3880 6308; ppageno 0'>
   <div class='ocr_carea' id='block_1_1' title="bbox 116 410 207 467">
    <p class='ocr_par' dir='ltr' id='par_1_1' title="bbox 116 410 207 467">
     <span class='ocr_line' id='line_1_1' title="bbox 116 410 207 467; baseline -0.022 0"><span class='ocrx_word' id='word_1_1' title='bbox 116 410 207 467; x_wconf 76' lang='lat'><strong>853</strong></span> 
     </span>
    </p>
   </div>
   <div class='ocr_carea' id='block_1_2' title="bbox 982 406 2361 465">
    <p class='ocr_par' dir='ltr' id='par_1_2' title="bbox 982 406 2361 465">
     <span class='ocr_line' id='line_1_2' title="bbox 982 406 2361 465; baseline -0.001 -1"><span class='ocrx_word' id='word_1_2' title='bbox 982 406 1345 465; x_wconf 63' lang='lat' dir='ltr'><strong>CHRONICA.</strong></span> <span class='ocrx_word' id='word_1_3' title='bbox 1394 440 1452 447; x_wconf 92' lang='lat'><strong>—</strong></span> <span class='ocrx_word' id='word_1_4' title='bbox 1489 407 1880 464; x_wconf 65' lang='lat' dir='ltr'><strong>CIIRONICOX</strong></span> <span class='ocrx_word' id='word_1_5' title='bbox 1925 408 2361 465; x_wconf 70' lang='lat' dir='ltr'><strong>IJNlVl-ZliSALE</strong></span> 
     </span>
    </p>
   </div>
   <div class='ocr_carea' id='block_1_3' title="bbox 3250 412 3377 470">
    <p class='ocr_par' dir='ltr' id='par_1_3' title="bbox 3250 412 3377 470">
     <span class='ocr_line' id='line_1_3' title="bbox 3250 412 3377 470; baseline 0.016 -2"><span class='ocrx_word' id='word_1_6' title='bbox 3250 412 3377 470; x_wconf 68' lang='grc' dir='ltr'><strong>εει»</strong></span> 
     </span>
    </p>
   </div>
   <div class='ocr_carea' id='block_1_4' title="bbox 118 518 3369 592">
    <p class='ocr_par' dir='ltr' id='par_1_4' title="bbox 118 518 3369 592">
     <span class='ocr_line' id='line_1_4' title="bbox 118 518 3369 592; baseline 0.001 -13"><span class='ocrx_word' id='word_1_7' title='bbox 118 540 191 579; x_wconf 82' lang='lat' dir='ltr'><strong>tua</strong></span> <span class='ocrx_word' id='word_1_8' title='bbox 229 530 385 592; x_wconf 83' lang='lat' dir='ltr'><strong>atque</strong></span> <span class='ocrx_word' id='word_1_9' title='bbox 422 518 678 575; x_wconf 75' lang='lat' dir='ltr'><strong>Ravenna</strong></span> <span class='ocrx_word' id='word_1_10' title='bbox 706 520 1020 577; x_wconf 73' lang='lat' dir='ltr'><strong>devehenda.</strong></span> <span class='ocrx_word' id='word_1_11' title='bbox 1057 525 1288 579; x_wconf 80' lang='lat' dir='ltr'><strong>curavit.</strong></span> <span class='ocrx_word' id='word_1_12' title='bbox 1336 522 1663 578; x_wconf 63' lang='lat' dir='ltr'><strong>Ecclesnam</strong></span> <span class='ocrx_word' id='word_1_13' title='bbox 1694 529 1739 585; x_wconf 75' lang='grc' dir='ltr'><strong>Α</strong></span> <span class='ocrx_word' id='word_1_14' title='bbox 1767 531 2087 592; x_wconf 89' lang='lat' dir='ltr'><strong>correptus,</strong></span> <span class='ocrx_word' id='word_1_15' title='bbox 2141 523 2398 577; x_wconf 88' lang='lat' dir='ltr'><strong>decubuit</strong></span> <span class='ocrx_word' id='word_1_16' title='bbox 2431 563 2444 587; x_wconf 92' lang='lat'><strong>,</strong></span> <span class='ocrx_word' id='word_1_17' title='bbox 2498 521 2792 592; x_wconf 90' lang='lat' dir='ltr'><strong>statimque</strong></span> <span class='ocrx_word' id='word_1_18' title='bbox 2818 566 2831 588; x_wconf 90' lang='lat'><strong>,</strong></span> <span class='ocrx_word' id='word_1_19' title='bbox 2893 531 2953 578; x_wconf 91' lang='lat' dir='ltr'><strong>ut</strong></span> <span class='ocrx_word' id='word_1_20' title='bbox 3007 523 3060 577; x_wconf 93' lang='lat' dir='ltr'><strong>in</strong></span> <span class='ocrx_word' id='word_1_21' title='bbox 3086 528 3089 531; x_wconf 73' lang='grc'><em>’</em></span> <span class='ocrx_word' id='word_1_22' title='bbox 3116 523 3369 583; x_wconf 77' lang='lat' dir='ltr'><strong>febribus</strong></span> 
     </span>
    </p>
   </div>
   <div class='ocr_carea' id='block_1_5' title="bbox 118 612 1667 683">
    <p class='ocr_par' dir='ltr' id='par_1_5' title="bbox 118 612 1667 683">
     <span class='ocr_line' id='line_1_5' title="bbox 118 612 1667 683; baseline -0.002 -11"><span class='ocrx_word' id='word_1_23' title='bbox 118 630 258 672; x_wconf 84' lang='lat' dir='ltr'><strong>tuane</strong></span> <span class='ocrx_word' id='word_1_24' title='bbox 283 622 335 669; x_wconf 90' lang='lat' dir='ltr'><strong>et</strong></span> <span class='ocrx_word' id='word_1_25' title='bbox 373 627 623 683; x_wconf 81' lang='lat' dir='ltr'><strong>vespere,</strong></span> <span class='ocrx_word' id='word_1_26' title='bbox 651 612 780 667; x_wconf 91' lang='lat' dir='ltr'><strong>item</strong></span> <span class='ocrx_word' id='word_1_27' title='bbox 822 615 1107 670; x_wconf 79' lang='lat' dir='ltr'><strong>nocturnis</strong></span> <span class='ocrx_word' id='word_1_28' title='bbox 1142 615 1293 670; x_wconf 77' lang='lat' dir='ltr'><strong>horis</strong></span> <span class='ocrx_word' id='word_1_29' title='bbox 1319 624 1372 670; x_wconf 92' lang='lat' dir='ltr'><strong>et</strong></span> <span class='ocrx_word' id='word_1_30' title='bbox 1416 614 1667 670; x_wconf 78' lang='lat' dir='ltr'><strong>sacrificii</strong></span> 
     </span>
    </p>
   </div>
   <div class='ocr_carea' id='block_1_6' title="bbox 121 704 1670 777">
    <p class='ocr_par' dir='ltr' id='par_1_6' title="bbox 121 704 1670 777">
     <span class='ocr_line' id='line_1_6' title="bbox 121 704 1670 777; baseline -0.001 -14"><span class='ocrx_word' id='word_1_31' title='bbox 121 719 364 777; x_wconf 73' lang='lat' dir='ltr'><strong>tempore,</strong></span> <span class='ocrx_word' id='word_1_32' title='bbox 399 705 578 776; x_wconf 81' lang='lat' dir='ltr'><strong>quoad</strong></span> <span class='ocrx_word' id='word_1_33' title='bbox 609 704 852 760; x_wconf 84' lang='lat' dir='ltr'><strong>valitudo</strong></span> <span class='ocrx_word' id='word_1_34' title='bbox 890 721 1015 762; x_wconf 88' lang='lat' dir='ltr'><strong>eum</strong></span> <span class='ocrx_word' id='word_1_35' title='bbox 1053 706 1408 777; x_wconf 82' lang='lat' dir='ltr'><strong>permiserat,</strong></span> <span class='ocrx_word' id='word_1_36' title='bbox 1443 706 1670 777; x_wconf 87' lang='lat' dir='ltr'><strong>impigre</strong></span> 
     </span>
    </p>
   </div>
   <div class='ocr_carea' id='block_1_7' title="bbox 117 796 1671 869">
    <p class='ocr_par' dir='ltr' id='par_1_7' title="bbox 117 796 1671 869">
     <span class='ocr_line' id='line_1_7' title="bbox 117 796 1671 869; baseline 0.001 -17"><span class='ocrx_word' id='word_1_37' title='bbox 117 796 496 869; x_wconf 86' lang='lat' dir='ltr'><strong>frequentabat,</strong></span> <span class='ocrx_word' id='word_1_38' title='bbox 522 797 861 869; x_wconf 84' lang='lat' dir='ltr'><strong>curabatque</strong></span> <span class='ocrx_word' id='word_1_39' title='bbox 879 812 1239 869; x_wconf 73' lang='lat' dir='ltr'><strong>magnopere,</strong></span> <span class='ocrx_word' id='word_1_40' title='bbox 1266 806 1327 853; x_wconf 92' lang='lat' dir='ltr'><strong>ut</strong></span> <span class='ocrx_word' id='word_1_41' title='bbox 1343 801 1527 854; x_wconf 87' lang='lat' dir='ltr'><strong>omnia</strong></span> <span class='ocrx_word' id='word_1_42' title='bbox 1549 813 1671 869; x_wconf 71' lang='lat' dir='ltr'><strong>qua:</strong></span> 
     </span>
    </p>
   </div>
   <div class='ocr_carea' id='block_1_8' title="bbox 116 888 1667 961">
    <p class='ocr_par' dir='ltr' id='par_1_8' title="bbox 116 888 1667 961">
     <span class='ocr_line' id='line_1_8' title="bbox 116 888 1667 961; baseline 0.001 -16"><span class='ocrx_word' id='word_1_43' title='bbox 116 891 162 945; x_wconf 91' lang='lat' dir='ltr'><strong>in</strong></span> <span class='ocrx_word' id='word_1_44' title='bbox 192 905 247 944; x_wconf 86' lang='lat' dir='ltr'><strong>ea</strong></span> <span class='ocrx_word' id='word_1_45' title='bbox 287 888 612 961; x_wconf 74' lang='lat' dir='ltr'><strong>gerebantur</strong></span> <span class='ocrx_word' id='word_1_46' title='bbox 653 904 779 945; x_wconf 92' lang='lat' dir='ltr'><strong>cum</strong></span> <span class='ocrx_word' id='word_1_47' title='bbox 828 889 1068 946; x_wconf 80' lang='lat' dir='ltr'><strong>maxima</strong></span> <span class='ocrx_word' id='word_1_48' title='bbox 1110 890 1304 946; x_wconf 85' lang='lat' dir='ltr'><strong>tierent</strong></span> <span class='ocrx_word' id='word_1_49' title='bbox 1339 890 1667 960; x_wconf 76' lang='lat' dir='ltr'><strong>honestate,</strong></span> 
     </span>
    </p>
   </div>
   <div class='ocr_carea' id='block_1_9' title="bbox 113 981 1671 1053">
    <p class='ocr_par' dir='ltr' id='par_1_9' title="bbox 113 981 1671 1053">
     <span class='ocr_line' id='line_1_9' title="bbox 113 981 1671 1053; baseline 0 -14"><span class='ocrx_word' id='word_1_50' title='bbox 113 984 305 1039; x_wconf 86' lang='lat' dir='ltr'><strong>edituos</strong></span> <span class='ocrx_word' id='word_1_51' title='bbox 330 981 660 1039; x_wconf 81' lang='lat' dir='ltr'><strong>creberrime</strong></span> <span class='ocrx_word' id='word_1_52' title='bbox 702 996 1089 1049; x_wconf 87' lang='lat' dir='ltr'><strong>commonens,</strong></span> <span class='ocrx_word' id='word_1_53' title='bbox 1130 996 1200 1037; x_wconf 90' lang='lat' dir='ltr'><strong>ne</strong></span> <span class='ocrx_word' id='word_1_54' title='bbox 1241 981 1373 1053; x_wconf 89' lang='lat' dir='ltr'><strong>quid</strong></span> <span class='ocrx_word' id='word_1_55' title='bbox 1411 981 1671 1039; x_wconf 86' lang='lat' dir='ltr'><strong>indecens</strong></span> 
     </span>
    </p>
   </div>
   <div class='ocr_carea' id='block_1_10' title="bbox 111 1073 1670 1145">
    <p class='ocr_par' dir='ltr' id='par_1_10' title="bbox 111 1073 1670 1145">
     <span class='ocr_line' id='line_1_10' title="bbox 111 1073 1670 1145; baseline 0 -15"><span class='ocrx_word' id='word_1_56' title='bbox 111 1083 195 1130; x_wconf 82' lang='lat' dir='ltr'><strong>aut</strong></span> <span class='ocrx_word' id='word_1_57' title='bbox 218 1074 485 1130; x_wconf 85' lang='lat' dir='ltr'><strong>sordidum</strong></span> <span class='ocrx_word' id='word_1_58' title='bbox 513 1075 599 1131; x_wconf 89' lang='lat' dir='ltr'><strong>vel</strong></span> <span class='ocrx_word' id='word_1_59' title='bbox 621 1073 811 1129; x_wconf 79' lang='lat' dir='ltr'><strong>inferri</strong></span> <span class='ocrx_word' id='word_1_60' title='bbox 841 1075 924 1130; x_wconf 89' lang='lat' dir='ltr'><strong>vel</strong></span> <span class='ocrx_word' id='word_1_61' title='bbox 947 1074 1003 1129; x_wconf 90' lang='lat' dir='ltr'><strong>in</strong></span> <span class='ocrx_word' id='word_1_62' title='bbox 1032 1089 1096 1129; x_wconf 87' lang='lat' dir='ltr'><strong>ea</strong></span> <span class='ocrx_word' id='word_1_63' title='bbox 1127 1089 1411 1130; x_wconf 89' lang='lat' dir='ltr'><strong>remanere</strong></span> <span class='ocrx_word' id='word_1_64' title='bbox 1447 1075 1670 1145; x_wconf 87' lang='lat' dir='ltr'><strong>permit-</strong></span> 
     </span>
    </p>
   </div>
   <div class='ocr_carea' id='block_1_11' title="bbox 115 1167 1671 1239">
    <p class='ocr_par' dir='ltr' id='par_1_11' title="bbox 115 1167 1671 1239">
     <span class='ocr_line' id='line_1_11' title="bbox 115 1167 1671 1239; baseline 0 -16"><span class='ocrx_word' id='word_1_65' title='bbox 115 1178 287 1225; x_wconf 85' lang='lat' dir='ltr'><strong>terent.</strong></span> <span class='ocrx_word' id='word_1_66' title='bbox 322 1167 616 1224; x_wconf 83' lang='lat' dir='ltr'><strong>Sacrorum</strong></span> <span class='ocrx_word' id='word_1_67' title='bbox 643 1184 902 1223; x_wconf 80' lang='lat' dir='ltr'><strong>vasorum</strong></span> <span class='ocrx_word' id='word_1_68' title='bbox 930 1184 995 1223; x_wconf 77' lang='lat' dir='ltr'><strong>ex</strong></span> <span class='ocrx_word' id='word_1_69' title='bbox 1022 1182 1159 1223; x_wconf 90' lang='lat' dir='ltr'><strong>auro</strong></span> <span class='ocrx_word' id='word_1_70' title='bbox 1180 1175 1236 1222; x_wconf 89' lang='lat' dir='ltr'><strong>et</strong></span> <span class='ocrx_word' id='word_1_71' title='bbox 1263 1176 1490 1239; x_wconf 87' lang='lat' dir='ltr'><strong>argento</strong></span> <span class='ocrx_word' id='word_1_72' title='bbox 1511 1167 1671 1223; x_wconf 87' lang='lat' dir='ltr'><strong>vesti-</strong></span> 
     </span>
    </p>
   </div>
   <div class='ocr_carea' id='block_1_12' title="bbox 116 1259 1667 1332">
    <p class='ocr_par' dir='ltr' id='par_1_12' title="bbox 116 1259 1667 1332">
     <span class='ocr_line' id='line_1_12' title="bbox 116 1259 1667 1332; baseline -0.001 -18"><span class='ocrx_word' id='word_1_73' title='bbox 116 1270 509 1332; x_wconf 85' lang='lat' dir='ltr'><strong>mentorumque</strong></span> <span class='ocrx_word' id='word_1_74' title='bbox 555 1261 979 1317; x_wconf 87' lang='lat' dir='ltr'><strong>sacerdotalium</strong></span> <span class='ocrx_word' id='word_1_75' title='bbox 1015 1268 1227 1315; x_wconf 82' lang='lat' dir='ltr'><strong>tantam</strong></span> <span class='ocrx_word' id='word_1_76' title='bbox 1262 1259 1319 1315; x_wconf 92' lang='lat' dir='ltr'><strong>in</strong></span> <span class='ocrx_word' id='word_1_77' title='bbox 1352 1275 1417 1315; x_wconf 87' lang='lat' dir='ltr'><strong>ea</strong></span> <span class='ocrx_word' id='word_1_78' title='bbox 1453 1260 1667 1329; x_wconf 85' lang='lat' dir='ltr'><strong>copiam</strong></span> 
     </span>
    </p>
   </div>
   <div class='ocr_carea' id='block_1_13' title="bbox 114 1351 1668 1423">
    <p class='ocr_par' dir='ltr' id='par_1_13' title="bbox 114 1351 1668 1423">
     <span class='ocr_line' id='line_1_13' title="bbox 114 1351 1668 1423; baseline -0.003 -15"><span class='ocrx_word' id='word_1_79' title='bbox 114 1353 429 1423; x_wconf 65' lang='lat' dir='ltr'><strong>procuravit,</strong></span> <span class='ocrx_word' id='word_1_80' title='bbox 465 1362 526 1408; x_wconf 92' lang='lat' dir='ltr'><strong>ut</strong></span> <span class='ocrx_word' id='word_1_81' title='bbox 553 1353 610 1408; x_wconf 92' lang='lat' dir='ltr'><strong>in</strong></span> <span class='ocrx_word' id='word_1_82' title='bbox 633 1353 923 1409; x_wconf 80' lang='lat' dir='ltr'><strong>sacrificiis</strong></span> <span class='ocrx_word' id='word_1_83' title='bbox 946 1351 1287 1408; x_wconf 87' lang='lat' dir='ltr'><strong>celebrandis</strong></span> <span class='ocrx_word' id='word_1_84' title='bbox 1317 1366 1387 1406; x_wconf 90' lang='lat' dir='ltr'><strong>ne</strong></span> <span class='ocrx_word' id='word_1_85' title='bbox 1412 1351 1668 1421; x_wconf 88' lang='lat' dir='ltr'><strong>janitori-</strong></span> 
     </span>
    </p>
   </div>
   <div class='ocr_carea' id='block_1_14' title="bbox 114 1442 1667 1518">
    <p class='ocr_par' dir='ltr' id='par_1_14' title="bbox 114 1442 1667 1518">
     <span class='ocr_line' id='line_1_14' title="bbox 114 1442 1667 1518; baseline -0.002 -18"><span class='ocrx_word' id='word_1_86' title='bbox 114 1448 201 1501; x_wconf 88' lang='lat' dir='ltr'><strong>bus</strong></span> <span class='ocrx_word' id='word_1_87' title='bbox 220 1445 427 1516; x_wconf 90' lang='lat' dir='ltr'><strong>quidem</strong></span> <span class='ocrx_word' id='word_1_88' title='bbox 445 1487 461 1513; x_wconf 95' lang='lat'><strong>,</strong></span> <span class='ocrx_word' id='word_1_89' title='bbox 488 1447 584 1518; x_wconf 89' lang='lat' dir='ltr'><strong>qui</strong></span> <span class='ocrx_word' id='word_1_90' title='bbox 613 1445 788 1501; x_wconf 89' lang='lat' dir='ltr'><strong>ultimi</strong></span> <span class='ocrx_word' id='word_1_91' title='bbox 814 1445 1024 1501; x_wconf 87' lang='lat' dir='ltr'><strong>ordinis</strong></span> <span class='ocrx_word' id='word_1_92' title='bbox 1049 1452 1210 1509; x_wconf 88' lang='lat' dir='ltr'><strong>sunt,</strong></span> <span class='ocrx_word' id='word_1_93' title='bbox 1237 1443 1449 1515; x_wconf 90' lang='lat' dir='ltr'><strong>privato</strong></span> <span class='ocrx_word' id='word_1_94' title='bbox 1477 1442 1667 1497; x_wconf 89' lang='lat' dir='ltr'><strong>habitu</strong></span> 
     </span>
    </p>
   </div>
   <div class='ocr_carea' id='block_1_15' title="bbox 80 1524 1667 1607">
    <p class='ocr_par' dir='ltr' id='par_1_15' title="bbox 80 1524 1667 1607">
     <span class='ocr_line' id='line_1_15' title="bbox 80 1524 1667 1607; baseline -0.003 -15"><span class='ocrx_word' id='word_1_95' title='bbox 80 1524 400 1593; x_wconf 79' lang='lat' dir='ltr'><strong>ministrare</strong></span> <span class='ocrx_word' id='word_1_96' title='bbox 440 1553 668 1594; x_wconf 84' lang='lat' dir='ltr'><strong>necesse</strong></span> <span class='ocrx_word' id='word_1_97' title='bbox 715 1533 1266 1607; x_wconf 86' lang='lat' dir='ltr'><strong>fuisset.—Legendi</strong></span> <span class='ocrx_word' id='word_1_98' title='bbox 1311 1541 1477 1604; x_wconf 84' lang='lat' dir='ltr'><strong>atque</strong></span> <span class='ocrx_word' id='word_1_99' title='bbox 1519 1532 1667 1603; x_wconf 91' lang='lat' dir='ltr'><strong>psal-</strong></span> 
     </span>
    </p>
   </div>
   <div class='ocr_carea' id='block_1_16' title="bbox 114 1625 1671 1701">
    <p class='ocr_par' dir='ltr' id='par_1_16' title="bbox 114 1625 1671 1701">
     <span class='ocr_line' id='line_1_16' title="bbox 114 1625 1671 1701; baseline -0.004 -15"><span class='ocrx_word' id='word_1_100' title='bbox 114 1631 237 1686; x_wconf 86' lang='lat' dir='ltr'><strong>lendi</strong></span> <span class='ocrx_word' id='word_1_101' title='bbox 283 1630 627 1701; x_wconf 84' lang='lat' dir='ltr'><strong>disciplinam</strong></span> <span class='ocrx_word' id='word_1_102' title='bbox 678 1628 1099 1701; x_wconf 77' lang='lat' dir='ltr'><strong>diligentissime</strong></span> <span class='ocrx_word' id='word_1_103' title='bbox 1147 1625 1494 1692; x_wconf 89' lang='lat' dir='ltr'><strong>emendavit;</strong></span> <span class='ocrx_word' id='word_1_104' title='bbox 1551 1636 1671 1680; x_wconf 89' lang='lat' dir='ltr'><strong>erat</strong></span> 
     </span>
    </p>
   </div>
   <div class='ocr_carea' id='block_1_17' title="bbox 84 1715 1669 1793">
    <p class='ocr_par' dir='ltr' id='par_1_17' title="bbox 84 1715 1669 1793">
     <span class='ocr_line' id='line_1_17' title="bbox 84 1715 1669 1793; baseline -0.005 -14"><span class='ocrx_word' id='word_1_105' title='bbox 84 1723 236 1793; x_wconf 50' lang='lat' dir='ltr'><strong>&quot;enim</strong></span> <span class='ocrx_word' id='word_1_106' title='bbox 259 1723 541 1793; x_wconf 88' lang='lat' dir='ltr'><strong>utriusque</strong></span> <span class='ocrx_word' id='word_1_107' title='bbox 561 1722 853 1778; x_wconf 87' lang='lat' dir='ltr'><strong>admodum</strong></span> <span class='ocrx_word' id='word_1_108' title='bbox 884 1720 1162 1785; x_wconf 85' lang='lat' dir='ltr'><strong>eruditus,</strong></span> <span class='ocrx_word' id='word_1_109' title='bbox 1205 1731 1523 1788; x_wconf 87' lang='lat' dir='ltr'><strong>quanquam</strong></span> <span class='ocrx_word' id='word_1_110' title='bbox 1552 1715 1669 1786; x_wconf 89' lang='lat' dir='ltr'><strong>ipse</strong></span> 
     </span>
    </p>
   </div>
   <div class='ocr_carea' id='block_1_18' title="bbox 108 1791 1668 1886">
    <p class='ocr_par' dir='ltr' id='par_1_18' title="bbox 108 1791 1668 1886">
     <span class='ocr_line' id='line_1_18' title="bbox 108 1791 1668 1886; baseline -0.006 -17"><span class='ocrx_word' id='word_1_111' title='bbox 108 1791 198 1869; x_wconf 40' lang='lat' dir='ltr'><strong>&#39;nec</strong></span> <span class='ocrx_word' id='word_1_112' title='bbox 218 1813 423 1884; x_wconf 88' lang='lat' dir='ltr'><strong>publice</strong></span> <span class='ocrx_word' id='word_1_113' title='bbox 452 1791 701 1886; x_wconf 25' lang='lat' dir='ltr'><strong>ilegeret,</strong></span> <span class='ocrx_word' id='word_1_114' title='bbox 734 1828 836 1868; x_wconf 90' lang='lat' dir='ltr'><strong>nec</strong></span> <span class='ocrx_word' id='word_1_115' title='bbox 864 1811 969 1866; x_wconf 88' lang='lat' dir='ltr'><strong>nisi</strong></span> <span class='ocrx_word' id='word_1_116' title='bbox 996 1809 1292 1866; x_wconf 86' lang='lat' dir='ltr'><strong>summisse</strong></span> <span class='ocrx_word' id='word_1_117' title='bbox 1334 1814 1390 1862; x_wconf 91' lang='lat' dir='ltr'><strong>et</strong></span> <span class='ocrx_word' id='word_1_118' title='bbox 1425 1806 1481 1861; x_wconf 92' lang='lat' dir='ltr'><strong>in</strong></span> <span class='ocrx_word' id='word_1_119' title='bbox 1511 1819 1668 1861; x_wconf 86' lang='lat' dir='ltr'><strong>com-</strong></span> 
     </span>
    </p>
   </div>
   <div class='ocr_carea' id='block_1_19' title="bbox 114 1897 1673 1977">
    <p class='ocr_par' dir='ltr' id='par_1_19' title="bbox 114 1897 1673 1977">
     <span class='ocr_line' id='line_1_19' title="bbox 114 1897 1673 1977; baseline -0.006 -16"><span class='ocrx_word' id='word_1_120' title='bbox 114 1921 254 1962; x_wconf 84' lang='lat' dir='ltr'><strong>mune</strong></span> <span class='ocrx_word' id='word_1_121' title='bbox 274 1914 537 1962; x_wconf 85' lang='lat' dir='ltr'><strong>cantaret.</strong></span> <span class='ocrx_word' id='word_1_122' title='bbox 565 1903 836 1977; x_wconf 74' lang='lat' dir='ltr'><strong>(Monach.</strong></span> <span class='ocrx_word' id='word_1_123' title='bbox 873 1900 1117 1974; x_wconf 74' lang='lat' dir='ltr'><strong>Sanga&quot;.</strong></span> <span class='ocrx_word' id='word_1_124' title='bbox 1147 1917 1195 1968; x_wconf 87' lang='grc' dir='ltr'><strong>ι,</strong></span> <span class='ocrx_word' id='word_1_125' title='bbox 1218 1900 1283 1967; x_wconf 83' lang='grc'><strong>5,</strong></span> <span class='ocrx_word' id='word_1_126' title='bbox 1308 1898 1396 1970; x_wconf 86' lang='lat'><strong>7.)</strong></span> <span class='ocrx_word' id='word_1_127' title='bbox 1419 1897 1545 1953; x_wconf 84' lang='lat' dir='ltr'><strong>Fuit</strong></span> <span class='ocrx_word' id='word_1_128' title='bbox 1572 1912 1673 1953; x_wconf 88' lang='lat' dir='ltr'><strong>au-</strong></span> 
     </span>
    </p>
   </div>
   <div class='ocr_carea' id='block_1_20' title="bbox 114 1988 1672 2067">
    <p class='ocr_par' dir='ltr' id='par_1_20' title="bbox 114 1988 1672 2067">
     <span class='ocr_line' id='line_1_20' title="bbox 114 1988 1672 2067; baseline -0.004 -16"><span class='ocrx_word' id='word_1_129' title='bbox 114 2008 206 2052; x_wconf 82' lang='lat' dir='ltr'><strong>tem</strong></span> <span class='ocrx_word' id='word_1_130' title='bbox 231 1998 596 2062; x_wconf 88' lang='lat' dir='ltr'><strong>consuetudo,</strong></span> <span class='ocrx_word' id='word_1_131' title='bbox 626 2006 688 2052; x_wconf 89' lang='lat' dir='ltr'><strong>ut</strong></span> <span class='ocrx_word' id='word_1_132' title='bbox 719 1997 775 2051; x_wconf 92' lang='lat' dir='ltr'><strong>in</strong></span> <span class='ocrx_word' id='word_1_133' title='bbox 804 1995 1046 2067; x_wconf 78' lang='lat' dir='ltr'><strong>hasylica</strong></span> <span class='ocrx_word' id='word_1_134' title='bbox 1077 1993 1199 2064; x_wconf 87' lang='lat' dir='ltr'><strong>ejus</strong></span> <span class='ocrx_word' id='word_1_135' title='bbox 1225 1991 1487 2064; x_wconf 82' lang='lat' dir='ltr'><strong>magister</strong></span> <span class='ocrx_word' id='word_1_136' title='bbox 1508 1988 1672 2046; x_wconf 76' lang='lat' dir='ltr'><strong>scola:</strong></span> 
     </span>
    </p>
   </div>
   <div class='ocr_carea' id='block_1_21' title="bbox 114 2079 1671 2162">
    <p class='ocr_par' dir='ltr' id='par_1_21' title="bbox 114 2079 1671 2162">
     <span class='ocr_line' id='line_1_21' title="bbox 114 2079 1671 2162; baseline -0.006 -19"><span class='ocrx_word' id='word_1_137' title='bbox 114 2089 391 2162; x_wconf 80' lang='lat' dir='ltr'><strong>designaret</strong></span> <span class='ocrx_word' id='word_1_138' title='bbox 420 2089 598 2161; x_wconf 88' lang='lat' dir='ltr'><strong>pridie</strong></span> <span class='ocrx_word' id='word_1_139' title='bbox 633 2087 894 2160; x_wconf 77' lang='lat' dir='ltr'><strong>singulis,</strong></span> <span class='ocrx_word' id='word_1_140' title='bbox 917 2084 1064 2157; x_wconf 90' lang='lat' dir='ltr'><strong>quod</strong></span> <span class='ocrx_word' id='word_1_141' title='bbox 1090 2081 1500 2154; x_wconf 87' lang='lat' dir='ltr'><strong>responsorium</strong></span> <span class='ocrx_word' id='word_1_142' title='bbox 1546 2079 1671 2150; x_wconf 89' lang='lat' dir='ltr'><strong>quis</strong></span> 
     </span>
    </p>
   </div>
   <div class='ocr_carea' id='block_1_22' title="bbox 114 2173 1668 2247">
    <p class='ocr_par' dir='ltr' id='par_1_22' title="bbox 114 2173 1668 2247">
     <span class='ocr_line' id='line_1_22' title="bbox 114 2173 1668 2247; baseline -0.007 -9"><span class='ocrx_word' id='word_1_143' title='bbox 114 2193 306 2238; x_wconf 86' lang='lat' dir='ltr'><strong>cantare</strong></span> <span class='ocrx_word' id='word_1_144' title='bbox 330 2182 556 2238; x_wconf 89' lang='lat' dir='ltr'><strong>deberet</strong></span> <span class='ocrx_word' id='word_1_145' title='bbox 583 2180 639 2236; x_wconf 90' lang='lat' dir='ltr'><strong>in</strong></span> <span class='ocrx_word' id='word_1_146' title='bbox 667 2189 858 2247; x_wconf 91' lang='lat' dir='ltr'><strong>nocte;</strong></span> <span class='ocrx_word' id='word_1_147' title='bbox 894 2176 1155 2233; x_wconf 90' lang='lat' dir='ltr'><strong>lectiones</strong></span> <span class='ocrx_word' id='word_1_148' title='bbox 1177 2191 1305 2231; x_wconf 89' lang='lat' dir='ltr'><strong>vero</strong></span> <span class='ocrx_word' id='word_1_149' title='bbox 1332 2173 1517 2229; x_wconf 90' lang='lat' dir='ltr'><strong>nullus</strong></span> <span class='ocrx_word' id='word_1_150' title='bbox 1546 2173 1668 2228; x_wconf 89' lang='lat' dir='ltr'><strong>eui-</strong></span> 
     </span>
    </p>
   </div>
   <div class='ocr_carea' id='block_1_23' title="bbox 115 2266 1670 2344">
    <p class='ocr_par' dir='ltr' id='par_1_23' title="bbox 115 2266 1670 2344">
     <span class='ocr_line' id='line_1_23' title="bbox 115 2266 1670 2344; baseline -0.006 -15"><span class='ocrx_word' id='word_1_151' title='bbox 115 2290 254 2344; x_wconf 89' lang='lat' dir='ltr'><strong>quam</strong></span> <span class='ocrx_word' id='word_1_152' title='bbox 287 2273 598 2330; x_wconf 87' lang='lat' dir='ltr'><strong>recitandas</strong></span> <span class='ocrx_word' id='word_1_153' title='bbox 630 2272 901 2343; x_wconf 82' lang='lat' dir='ltr'><strong>injuuxit,</strong></span> <span class='ocrx_word' id='word_1_154' title='bbox 927 2270 1113 2326; x_wconf 89' lang='lat' dir='ltr'><strong>nullus</strong></span> <span class='ocrx_word' id='word_1_155' title='bbox 1141 2269 1219 2324; x_wconf 76' lang='lat' dir='ltr'><strong>ad&#39;</strong></span> <span class='ocrx_word' id='word_1_156' title='bbox 1248 2267 1547 2324; x_wconf 87' lang='lat' dir='ltr'><strong>terminum</strong></span> <span class='ocrx_word' id='word_1_157' title='bbox 1583 2266 1670 2321; x_wconf 91' lang='lat' dir='ltr'><strong>vel</strong></span> 
     </span>
    </p>
   </div>
   <div class='ocr_carea' id='block_1_24' title="bbox 113 2360 1669 2437">
    <p class='ocr_par' dir='ltr' id='par_1_24' title="bbox 113 2360 1669 2437">
     <span class='ocr_line' id='line_1_24' title="bbox 113 2360 1669 2437; baseline -0.004 -17"><span class='ocrx_word' id='word_1_158' title='bbox 113 2380 270 2421; x_wconf 83' lang='lat' dir='ltr'><strong>ceram</strong></span> <span class='ocrx_word' id='word_1_159' title='bbox 305 2366 598 2437; x_wconf 88' lang='lat' dir='ltr'><strong>imposuit,</strong></span> <span class='ocrx_word' id='word_1_160' title='bbox 636 2365 723 2422; x_wconf 86' lang='lat' dir='ltr'><strong>vel</strong></span> <span class='ocrx_word' id='word_1_161' title='bbox 772 2363 1052 2436; x_wconf 89' lang='lat' dir='ltr'><strong>unguibus</strong></span> <span class='ocrx_word' id='word_1_162' title='bbox 1084 2362 1274 2419; x_wconf 89' lang='lat' dir='ltr'><strong>saltem</strong></span> <span class='ocrx_word' id='word_1_163' title='bbox 1309 2360 1669 2431; x_wconf 84' lang='lat' dir='ltr'><strong>quantulum—</strong></span> 
     </span>
    </p>
   </div>
   <div class='ocr_carea' id='block_1_25' title="bbox 114 2452 1671 2531">
    <p class='ocr_par' dir='ltr' id='par_1_25' title="bbox 114 2452 1671 2531">
     <span class='ocr_line' id='line_1_25' title="bbox 114 2452 1671 2531; baseline -0.005 -17"><span class='ocrx_word' id='word_1_164' title='bbox 114 2474 318 2530; x_wconf 90' lang='lat' dir='ltr'><strong>cumque</strong></span> <span class='ocrx_word' id='word_1_165' title='bbox 352 2459 574 2531; x_wconf 88' lang='lat' dir='ltr'><strong>signum</strong></span> <span class='ocrx_word' id='word_1_166' title='bbox 616 2456 924 2529; x_wconf 85' lang='lat' dir='ltr'><strong>impressit;</strong></span> <span class='ocrx_word' id='word_1_167' title='bbox 977 2456 1072 2513; x_wconf 87' lang='lat' dir='ltr'><strong>sed</strong></span> <span class='ocrx_word' id='word_1_168' title='bbox 1115 2454 1298 2511; x_wconf 86' lang='lat' dir='ltr'><strong>cuncti</strong></span> <span class='ocrx_word' id='word_1_169' title='bbox 1327 2452 1509 2509; x_wconf 90' lang='lat' dir='ltr'><strong>omnia</strong></span> <span class='ocrx_word' id='word_1_170' title='bbox 1547 2467 1671 2523; x_wconf 67' lang='lat' dir='ltr'><strong>quae</strong></span> 
     </span>
    </p>
   </div>
   <div class='ocr_carea' id='block_1_26' title="bbox 113 2545 1671 2621">
    <p class='ocr_par' dir='ltr' id='par_1_26' title="bbox 113 2545 1671 2621">
     <span class='ocr_line' id='line_1_26' title="bbox 113 2545 1671 2621; baseline -0.004 -18"><span class='ocrx_word' id='word_1_171' title='bbox 113 2550 308 2621; x_wconf 57' lang='lat' dir='ltr'><strong>legenda</strong></span> <span class='ocrx_word' id='word_1_172' title='bbox 346 2560 509 2608; x_wconf 88' lang='lat' dir='ltr'><strong>erant</strong></span> <span class='ocrx_word' id='word_1_173' title='bbox 558 2551 634 2605; x_wconf 89' lang='lat' dir='ltr'><strong>ita</strong></span> <span class='ocrx_word' id='word_1_174' title='bbox 691 2549 794 2605; x_wconf 90' lang='lat' dir='ltr'><strong>sibi</strong></span> <span class='ocrx_word' id='word_1_175' title='bbox 845 2556 974 2603; x_wconf 91' lang='lat' dir='ltr'><strong>nota</strong></span> <span class='ocrx_word' id='word_1_176' title='bbox 1030 2545 1213 2601; x_wconf 82' lang='lat' dir='ltr'><strong>facere</strong></span> <span class='ocrx_word' id='word_1_177' title='bbox 1267 2549 1561 2609; x_wconf 87' lang='lat' dir='ltr'><strong>curarunt,</strong></span> <span class='ocrx_word' id='word_1_178' title='bbox 1609 2552 1671 2597; x_wconf 92' lang='lat' dir='ltr'><strong>ut</strong></span> 
     </span>
    </p>
   </div>
   <div class='ocr_carea' id='block_1_27' title="bbox 112 2634 1668 2712">
    <p class='ocr_par' dir='ltr' id='par_1_27' title="bbox 112 2634 1668 2712">
     <span class='ocr_line' id='line_1_27' title="bbox 112 2634 1668 2712; baseline -0.003 -20"><span class='ocrx_word' id='word_1_179' title='bbox 112 2641 301 2709; x_wconf 84' lang='lat' dir='ltr'><strong>quando</strong></span> <span class='ocrx_word' id='word_1_180' title='bbox 329 2641 611 2712; x_wconf 87' lang='lat' dir='ltr'><strong>inopinate</strong></span> <span class='ocrx_word' id='word_1_181' title='bbox 634 2641 814 2712; x_wconf 85' lang='lat' dir='ltr'><strong>legere</strong></span> <span class='ocrx_word' id='word_1_182' title='bbox 837 2639 1182 2711; x_wconf 90' lang='lat' dir='ltr'><strong>juherentur,</strong></span> <span class='ocrx_word' id='word_1_183' title='bbox 1218 2634 1668 2706; x_wconf 87' lang='lat' dir='ltr'><strong>irreprchensihi-</strong></span> 
     </span>
    </p>
   </div>
   <div class='ocr_carea' id='block_1_28' title="bbox 113 2727 1671 2804">
    <p class='ocr_par' dir='ltr' id='par_1_28' title="bbox 113 2727 1671 2804">
     <span class='ocr_line' id='line_1_28' title="bbox 113 2727 1671 2804; baseline -0.002 -19"><span class='ocrx_word' id='word_1_184' title='bbox 113 2733 177 2787; x_wconf 86' lang='lat' dir='ltr'><strong>les</strong></span> <span class='ocrx_word' id='word_1_185' title='bbox 198 2735 326 2804; x_wconf 84' lang='lat' dir='ltr'><strong>apud</strong></span> <span class='ocrx_word' id='word_1_186' title='bbox 346 2750 472 2790; x_wconf 90' lang='lat' dir='ltr'><strong>eum</strong></span> <span class='ocrx_word' id='word_1_187' title='bbox 514 2733 911 2789; x_wconf 85' lang='lat' dir='ltr'><strong>invenirentur.</strong></span> <span class='ocrx_word' id='word_1_188' title='bbox 939 2730 1121 2804; x_wconf 88' lang='lat' dir='ltr'><strong>Digito</strong></span> <span class='ocrx_word' id='word_1_189' title='bbox 1143 2738 1323 2786; x_wconf 89' lang='lat' dir='ltr'><strong>autem</strong></span> <span class='ocrx_word' id='word_1_190' title='bbox 1351 2728 1435 2783; x_wconf 87' lang='lat' dir='ltr'><strong>vel</strong></span> <span class='ocrx_word' id='word_1_191' title='bbox 1473 2727 1671 2782; x_wconf 90' lang='lat' dir='ltr'><strong>baculo</strong></span> 
     </span>
    </p>
   </div>
   <div class='ocr_carea' id='block_1_29' title="bbox 112 2819 1671 2895">
    <p class='ocr_par' dir='ltr' id='par_1_29' title="bbox 112 2819 1671 2895">
     <span class='ocr_line' id='line_1_29' title="bbox 112 2819 1671 2895; baseline -0.002 -16"><span class='ocrx_word' id='word_1_192' title='bbox 112 2836 331 2894; x_wconf 81' lang='lat' dir='ltr'><strong>porrecto</strong></span> <span class='ocrx_word' id='word_1_193' title='bbox 356 2826 439 2881; x_wconf 79' lang='lat' dir='ltr'><strong>vd</strong></span> <span class='ocrx_word' id='word_1_194' title='bbox 472 2842 545 2881; x_wconf 82' lang='lat' dir='ltr'><strong>cx</strong></span> <span class='ocrx_word' id='word_1_195' title='bbox 576 2826 746 2881; x_wconf 87' lang='lat' dir='ltr'><strong>latere</strong></span> <span class='ocrx_word' id='word_1_196' title='bbox 775 2840 878 2880; x_wconf 91' lang='lat' dir='ltr'><strong>suo</strong></span> <span class='ocrx_word' id='word_1_197' title='bbox 910 2825 977 2880; x_wconf 87' lang='lat' dir='ltr'><strong>ad</strong></span> <span class='ocrx_word' id='word_1_198' title='bbox 998 2823 1189 2895; x_wconf 88' lang='lat' dir='ltr'><strong>procul</strong></span> <span class='ocrx_word' id='word_1_199' title='bbox 1211 2821 1465 2878; x_wconf 83' lang='lat' dir='ltr'><strong>sedentes</strong></span> <span class='ocrx_word' id='word_1_200' title='bbox 1486 2819 1671 2890; x_wconf 87' lang='lat' dir='ltr'><strong>aliquo</strong></span> 
     </span>
    </p>
   </div>
   <div class='ocr_carea' id='block_1_30' title="bbox 112 2910 1669 2989">
    <p class='ocr_par' dir='ltr' id='par_1_30' title="bbox 112 2910 1669 2989">
     <span class='ocr_line' id='line_1_30' title="bbox 112 2910 1669 2989; baseline -0.002 -21"><span class='ocrx_word' id='word_1_201' title='bbox 112 2913 318 2985; x_wconf 84' lang='lat' dir='ltr'><strong>directo,</strong></span> <span class='ocrx_word' id='word_1_202' title='bbox 347 2917 750 2974; x_wconf 85' lang='lat' dir='ltr'><strong>demonstravit</strong></span> <span class='ocrx_word' id='word_1_203' title='bbox 772 2932 935 2989; x_wconf 90' lang='lat' dir='ltr'><strong>quem</strong></span> <span class='ocrx_word' id='word_1_204' title='bbox 956 2917 1136 2987; x_wconf 82' lang='lat' dir='ltr'><strong>legere</strong></span> <span class='ocrx_word' id='word_1_205' title='bbox 1168 2913 1454 2981; x_wconf 80' lang='lat' dir='ltr'><strong>voluisset.</strong></span> <span class='ocrx_word' id='word_1_206' title='bbox 1478 2910 1669 2966; x_wconf 88' lang='lat' dir='ltr'><strong>Finem</strong></span> 
     </span>
    </p>
   </div>
   <div class='ocr_carea' id='block_1_31' title="bbox 115 3003 1667 3081">
    <p class='ocr_par' dir='ltr' id='par_1_31' title="bbox 115 3003 1667 3081">
     <span class='ocr_line' id='line_1_31' title="bbox 115 3003 1667 3081; baseline -0.002 -21"><span class='ocrx_word' id='word_1_207' title='bbox 115 3020 222 3063; x_wconf 69' lang='lat' dir='ltr'><strong>vero</strong></span> <span class='ocrx_word' id='word_1_208' title='bbox 256 3009 504 3066; x_wconf 87' lang='lat' dir='ltr'><strong>lectionis</strong></span> <span class='ocrx_word' id='word_1_209' title='bbox 556 3025 693 3065; x_wconf 88' lang='lat' dir='ltr'><strong>sono</strong></span> <span class='ocrx_word' id='word_1_210' title='bbox 742 3008 979 3081; x_wconf 83' lang='lat' dir='ltr'><strong>gutturis</strong></span> <span class='ocrx_word' id='word_1_211' title='bbox 1013 3005 1351 3079; x_wconf 88' lang='lat' dir='ltr'><strong>designavit;</strong></span> <span class='ocrx_word' id='word_1_212' title='bbox 1394 3003 1461 3059; x_wconf 90' lang='lat' dir='ltr'><strong>ad</strong></span> <span class='ocrx_word' id='word_1_213' title='bbox 1505 3018 1667 3073; x_wconf 88' lang='lat' dir='ltr'><strong>quem</strong></span> 
     </span>
    </p>
   </div>
   <div class='ocr_carea' id='block_1_32' title="bbox 115 3094 1671 3173">
    <p class='ocr_par' dir='ltr' id='par_1_32' title="bbox 115 3094 1671 3173">
     <span class='ocr_line' id='line_1_32' title="bbox 115 3094 1671 3173; baseline -0.002 -22"><span class='ocrx_word' id='word_1_214' title='bbox 115 3099 323 3156; x_wconf 86' lang='lat' dir='ltr'><strong>universi</strong></span> <span class='ocrx_word' id='word_1_215' title='bbox 352 3101 426 3157; x_wconf 87' lang='lat' dir='ltr'><strong>ita</strong></span> <span class='ocrx_word' id='word_1_216' title='bbox 455 3102 670 3158; x_wconf 83' lang='lat' dir='ltr'><strong>intente</strong></span> <span class='ocrx_word' id='word_1_217' title='bbox 693 3101 945 3173; x_wconf 82' lang='lat' dir='ltr'><strong>suspensi</strong></span> <span class='ocrx_word' id='word_1_218' title='bbox 973 3107 1134 3167; x_wconf 91' lang='lat' dir='ltr'><strong>sunt,</strong></span> <span class='ocrx_word' id='word_1_219' title='bbox 1159 3106 1218 3153; x_wconf 91' lang='lat' dir='ltr'><strong>ut</strong></span> <span class='ocrx_word' id='word_1_220' title='bbox 1240 3097 1356 3153; x_wconf 90' lang='lat' dir='ltr'><strong>sive</strong></span> <span class='ocrx_word' id='word_1_221' title='bbox 1379 3094 1528 3150; x_wconf 78' lang='lat' dir='ltr'><strong>(inita</strong></span> <span class='ocrx_word' id='word_1_222' title='bbox 1550 3110 1671 3150; x_wconf 89' lang='lat' dir='ltr'><strong>sen-</strong></span> 
     </span>
    </p>
   </div>
   <div class='ocr_carea' id='block_1_33' title="bbox 115 3187 1740 3266">
    <p class='ocr_par' dir='ltr' id='par_1_33' title="bbox 115 3187 1740 3266">
     <span class='ocr_line' id='line_1_33' title="bbox 115 3187 1740 3266; baseline -0.001 -23"><span class='ocrx_word' id='word_1_223' title='bbox 115 3193 284 3260; x_wconf 82' lang='lat' dir='ltr'><strong>tentia,</strong></span> <span class='ocrx_word' id='word_1_224' title='bbox 324 3194 437 3250; x_wconf 88' lang='lat' dir='ltr'><strong>sive</strong></span> <span class='ocrx_word' id='word_1_225' title='bbox 473 3193 537 3249; x_wconf 85' lang='lat' dir='ltr'><strong>in</strong></span> <span class='ocrx_word' id='word_1_226' title='bbox 584 3193 763 3249; x_wconf 90' lang='lat' dir='ltr'><strong>media</strong></span> <span class='ocrx_word' id='word_1_227' title='bbox 799 3193 1184 3259; x_wconf 85' lang='lat' dir='ltr'><strong>distinctione,</strong></span> <span class='ocrx_word' id='word_1_228' title='bbox 1220 3189 1335 3246; x_wconf 90' lang='lat' dir='ltr'><strong>sive</strong></span> <span class='ocrx_word' id='word_1_229' title='bbox 1369 3187 1671 3243; x_wconf 89' lang='lat' dir='ltr'><strong>subdistiu-</strong></span> <span class='ocrx_word' id='word_1_230' title='bbox 1697 3210 1740 3266; x_wconf 64' lang='grc' dir='ltr'>α</span> 
     </span>
    </p>
   </div>
   <div class='ocr_carea' id='block_1_34' title="bbox 115 3279 1668 3358">
    <p class='ocr_par' dir='ltr' id='par_1_34' title="bbox 115 3279 1668 3358">
     <span class='ocr_line' id='line_1_34' title="bbox 115 3279 1668 3358; baseline -0.002 -21"><span class='ocrx_word' id='word_1_231' title='bbox 115 3284 265 3342; x_wconf 83' lang='lat' dir='ltr'><strong>ctione</strong></span> <span class='ocrx_word' id='word_1_232' title='bbox 288 3287 659 3358; x_wconf 78' lang='lat' dir='ltr'><strong>signiﬁcaret,</strong></span> <span class='ocrx_word' id='word_1_233' title='bbox 693 3286 877 3341; x_wconf 90' lang='lat' dir='ltr'><strong>nullus</strong></span> <span class='ocrx_word' id='word_1_234' title='bbox 903 3299 1141 3356; x_wconf 88' lang='lat' dir='ltr'><strong>sequens</strong></span> <span class='ocrx_word' id='word_1_235' title='bbox 1169 3282 1424 3354; x_wconf 87' lang='lat' dir='ltr'><strong>superius</strong></span> <span class='ocrx_word' id='word_1_236' title='bbox 1456 3288 1551 3335; x_wconf 91' lang='lat' dir='ltr'><strong>aut</strong></span> <span class='ocrx_word' id='word_1_237' title='bbox 1584 3279 1668 3335; x_wconf 91' lang='lat' dir='ltr'><strong>iu-</strong></span> 
     </span>
    </p>
   </div>
   <div class='ocr_carea' id='block_1_35' title="bbox 115 3373 1671 3449">
    <p class='ocr_par' dir='ltr' id='par_1_35' title="bbox 115 3373 1671 3449">
     <span class='ocr_line' id='line_1_35' title="bbox 115 3373 1671 3449; baseline -0.002 -21"><span class='ocrx_word' id='word_1_238' title='bbox 115 3373 261 3433; x_wconf 84' lang='lat' dir='ltr'><strong>ferius</strong></span> <span class='ocrx_word' id='word_1_239' title='bbox 281 3378 523 3449; x_wconf 89' lang='lat' dir='ltr'><strong>incipere</strong></span> <span class='ocrx_word' id='word_1_240' title='bbox 549 3387 920 3449; x_wconf 87' lang='lat' dir='ltr'><strong>presumeret,</strong></span> <span class='ocrx_word' id='word_1_241' title='bbox 949 3385 1456 3448; x_wconf 88' lang='lat' dir='ltr'><strong>quantumcumque</strong></span> <span class='ocrx_word' id='word_1_242' title='bbox 1481 3373 1671 3426; x_wconf 89' lang='lat' dir='ltr'><strong>incon-</strong></span> 
     </span>
    </p>
   </div>
   <div class='ocr_carea' id='block_1_36' title="bbox 115 3462 1741 3535">
    <p class='ocr_par' dir='ltr' id='par_1_36' title="bbox 115 3462 1741 3535">
     <span class='ocr_line' id='line_1_36' title="bbox 115 3462 1741 3535; baseline -0.001 -16"><span class='ocrx_word' id='word_1_243' title='bbox 115 3482 225 3534; x_wconf 83' lang='lat' dir='ltr'><strong>grua</strong></span> <span class='ocrx_word' id='word_1_244' title='bbox 269 3467 389 3524; x_wconf 83' lang='lat' dir='ltr'><strong>finis</strong></span> <span class='ocrx_word' id='word_1_245' title='bbox 445 3478 548 3525; x_wconf 89' lang='lat' dir='ltr'><strong>aut</strong></span> <span class='ocrx_word' id='word_1_246' title='bbox 598 3467 826 3524; x_wconf 91' lang='lat' dir='ltr'><strong>iuicium</strong></span> <span class='ocrx_word' id='word_1_247' title='bbox 866 3468 1211 3535; x_wconf 83' lang='lat' dir='ltr'><strong>viderentur;</strong></span> <span class='ocrx_word' id='word_1_248' title='bbox 1262 3473 1320 3522; x_wconf 90' lang='lat' dir='ltr'><strong>et</strong></span> <span class='ocrx_word' id='word_1_249' title='bbox 1358 3466 1462 3520; x_wconf 93' lang='lat' dir='ltr'><strong>hoc</strong></span> <span class='ocrx_word' id='word_1_250' title='bbox 1507 3462 1672 3519; x_wconf 92' lang='lat' dir='ltr'><strong>modo</strong></span> <span class='ocrx_word' id='word_1_251' title='bbox 1734 3468 1741 3473; x_wconf 86' lang='grc'><em>’</em></span> 
     </span>
    </p>
   </div>
   <div class='ocr_carea' id='block_1_37' title="bbox 114 3550 1669 3630">
    <p class='ocr_par' dir='ltr' id='par_1_37' title="bbox 114 3550 1669 3630">
     <span class='ocr_line' id='line_1_37' title="bbox 114 3550 1669 3630; baseline 0.003 -26"><span class='ocrx_word' id='word_1_252' title='bbox 114 3550 173 3605; x_wconf 66' lang='lat' dir='ltr'><strong>in</strong></span> <span class='ocrx_word' id='word_1_253' title='bbox 188 3563 291 3611; x_wconf 90' lang='lat' dir='ltr'><strong>tum</strong></span> <span class='ocrx_word' id='word_1_254' title='bbox 316 3565 425 3625; x_wconf 91' lang='lat' dir='ltr'><strong>est,</strong></span> <span class='ocrx_word' id='word_1_255' title='bbox 453 3558 707 3614; x_wconf 90' lang='lat' dir='ltr'><strong>utetiam</strong></span> <span class='ocrx_word' id='word_1_256' title='bbox 735 3558 781 3615; x_wconf 87' lang='lat' dir='ltr'><strong>si</strong></span> <span class='ocrx_word' id='word_1_257' title='bbox 810 3574 921 3614; x_wconf 93' lang='lat' dir='ltr'><strong>non</strong></span> <span class='ocrx_word' id='word_1_258' title='bbox 958 3558 1324 3630; x_wconf 90' lang='lat' dir='ltr'><strong>intelligerent</strong></span> <span class='ocrx_word' id='word_1_259' title='bbox 1344 3598 1359 3624; x_wconf 93' lang='lat'><strong>,</strong></span> <span class='ocrx_word' id='word_1_260' title='bbox 1397 3571 1590 3612; x_wconf 90' lang='lat' dir='ltr'><strong>omnes</strong></span> <span class='ocrx_word' id='word_1_261' title='bbox 1616 3554 1669 3609; x_wconf 91' lang='lat' dir='ltr'><strong>in</strong></span> 
     </span>
    </p>
   </div>
   <div class='ocr_carea' id='block_1_38' title="bbox 115 3638 1668 3724">
    <p class='ocr_par' dir='ltr' id='par_1_38' title="bbox 115 3638 1668 3724">
     <span class='ocr_line' id='line_1_38' title="bbox 115 3638 1668 3724; baseline 0 -20"><span class='ocrx_word' id='word_1_262' title='bbox 115 3644 214 3715; x_wconf 76' lang='lat' dir='ltr'><strong>ejus</strong></span> <span class='ocrx_word' id='word_1_263' title='bbox 230 3648 422 3719; x_wconf 87' lang='lat' dir='ltr'><strong>palatio</strong></span> <span class='ocrx_word' id='word_1_264' title='bbox 449 3652 688 3708; x_wconf 88' lang='lat' dir='ltr'><strong>lectores</strong></span> <span class='ocrx_word' id='word_1_265' title='bbox 711 3652 904 3724; x_wconf 89' lang='lat' dir='ltr'><strong>optimi</strong></span> <span class='ocrx_word' id='word_1_266' title='bbox 941 3650 1193 3708; x_wconf 81' lang='lat' dir='ltr'><strong>fuissent.</strong></span> <span class='ocrx_word' id='word_1_267' title='bbox 1220 3648 1416 3705; x_wconf 86' lang='lat' dir='ltr'><strong>Nullus</strong></span> <span class='ocrx_word' id='word_1_268' title='bbox 1436 3638 1668 3716; x_wconf 28' lang='lat' dir='ltr'><strong>alien-us,</strong></span> 
     </span>
    </p>
   </div>
   <div class='ocr_carea' id='block_1_39' title="bbox 117 3736 1668 3814">
    <p class='ocr_par' dir='ltr' id='par_1_39' title="bbox 117 3736 1668 3814">
     <span class='ocr_line' id='line_1_39' title="bbox 117 3736 1668 3814; baseline 0.005 -27"><span class='ocrx_word' id='word_1_269' title='bbox 117 3736 272 3794; x_wconf 86' lang='lat' dir='ltr'><strong>nullus</strong></span> <span class='ocrx_word' id='word_1_270' title='bbox 312 3740 476 3796; x_wconf 83' lang='lat' dir='ltr'><strong>etiam</strong></span> <span class='ocrx_word' id='word_1_271' title='bbox 521 3756 731 3811; x_wconf 89' lang='lat' dir='ltr'><strong>novus,</strong></span> <span class='ocrx_word' id='word_1_272' title='bbox 774 3742 882 3799; x_wconf 89' lang='lat' dir='ltr'><strong>nisi</strong></span> <span class='ocrx_word' id='word_1_273' title='bbox 916 3742 1097 3814; x_wconf 89' lang='lat' dir='ltr'><strong>legere</strong></span> <span class='ocrx_word' id='word_1_274' title='bbox 1125 3741 1312 3798; x_wconf 90' lang='lat' dir='ltr'><strong>sciens</strong></span> <span class='ocrx_word' id='word_1_275' title='bbox 1351 3749 1406 3798; x_wconf 88' lang='lat' dir='ltr'><strong>et</strong></span> <span class='ocrx_word' id='word_1_276' title='bbox 1440 3753 1668 3806; x_wconf 87' lang='lat' dir='ltr'><strong>canere,</strong></span> 
     </span>
    </p>
   </div>
   <div class='ocr_carea' id='block_1_40' title="bbox 115 3823 1013 3902">
    <p class='ocr_par' dir='ltr' id='par_1_40' title="bbox 115 3823 1013 3902">
     <span class='ocr_line' id='line_1_40' title="bbox 115 3823 1013 3902; baseline 0.012 -26"><span class='ocrx_word' id='word_1_277' title='bbox 115 3823 313 3883; x_wconf 82' lang='lat' dir='ltr'><strong>chorum</strong></span> <span class='ocrx_word' id='word_1_278' title='bbox 335 3830 455 3902; x_wconf 88' lang='lat' dir='ltr'><strong>ejus</strong></span> <span class='ocrx_word' id='word_1_279' title='bbox 476 3846 653 3888; x_wconf 90' lang='lat' dir='ltr'><strong>ausus</strong></span> <span class='ocrx_word' id='word_1_280' title='bbox 671 3839 757 3888; x_wconf 87' lang='lat' dir='ltr'><strong>est</strong></span> <span class='ocrx_word' id='word_1_281' title='bbox 789 3832 1013 3889; x_wconf 89' lang='lat' dir='ltr'><strong>intrare.</strong></span> 
     </span>
    </p>
   </div>
   <div class='ocr_carea' id='block_1_41' title="bbox 173 3914 1671 3996">
    <p class='ocr_par' dir='ltr' id='par_1_41' title="bbox 173 3914 1671 3996">
     <span class='ocr_line' id='line_1_41' title="bbox 173 3914 1671 3996; baseline 0.004 -27"><span class='ocrx_word' id='word_1_282' title='bbox 173 3914 410 3977; x_wconf 75' lang='lat' dir='ltr'><strong>Extremo</strong></span> <span class='ocrx_word' id='word_1_283' title='bbox 439 3925 459 3945; x_wconf 82' lang='grc'>⁶</span> <span class='ocrx_word' id='word_1_284' title='bbox 502 3936 638 3979; x_wconf 85' lang='lat' dir='ltr'><strong>vero</strong></span> <span class='ocrx_word' id='word_1_285' title='bbox 676 3930 919 3996; x_wconf 89' lang='lat' dir='ltr'><strong>tempore</strong></span> <span class='ocrx_word' id='word_1_286' title='bbox 958 3938 1085 3980; x_wconf 90' lang='lat' dir='ltr'><strong>cum</strong></span> <span class='ocrx_word' id='word_1_287' title='bbox 1130 3922 1243 3993; x_wconf 87' lang='lat' dir='ltr'><strong>jam</strong></span> <span class='ocrx_word' id='word_1_288' title='bbox 1284 3930 1340 3979; x_wconf 91' lang='lat' dir='ltr'><strong>et</strong></span> <span class='ocrx_word' id='word_1_289' title='bbox 1380 3920 1574 3977; x_wconf 87' lang='lat' dir='ltr'><strong>morbo</strong></span> <span class='ocrx_word' id='word_1_290' title='bbox 1616 3928 1671 3976; x_wconf 91' lang='lat' dir='ltr'><strong>ct</strong></span> 
     </span>
    </p>
   </div>
   <div class='ocr_carea' id='block_1_42' title="bbox 116 4012 1668 4087">
    <p class='ocr_par' dir='ltr' id='par_1_42' title="bbox 116 4012 1668 4087">
     <span class='ocr_line' id='line_1_42' title="bbox 116 4012 1668 4087; baseline 0.002 -22"><span class='ocrx_word' id='word_1_291' title='bbox 116 4019 364 4069; x_wconf 74' lang='lat' dir='ltr'><strong>senectute</strong></span> <span class='ocrx_word' id='word_1_292' title='bbox 398 4024 780 4087; x_wconf 89' lang='lat' dir='ltr'><strong>premeretur,</strong></span> <span class='ocrx_word' id='word_1_293' title='bbox 813 4015 1197 4071; x_wconf 80' lang='lat' dir='ltr'><strong>evocatumad</strong></span> <span class='ocrx_word' id='word_1_294' title='bbox 1232 4030 1291 4070; x_wconf 89' lang='lat' dir='ltr'><strong>se</strong></span> <span class='ocrx_word' id='word_1_295' title='bbox 1316 4012 1668 4070; x_wconf 80' lang='lat' dir='ltr'><strong>Ludewicum</strong></span> 
     </span>
    </p>
   </div>
   <div class='ocr_carea' id='block_1_43' title="bbox 116 4097 1667 4180">
    <p class='ocr_par' dir='ltr' id='par_1_43' title="bbox 116 4097 1667 4180">
     <span class='ocr_line' id='line_1_43' title="bbox 116 4097 1667 4180; baseline 0.007 -29"><span class='ocrx_word' id='word_1_296' title='bbox 116 4097 263 4157; x_wconf 85' lang='lat' dir='ltr'><strong>tilium</strong></span> <span class='ocrx_word' id='word_1_297' title='bbox 307 4121 469 4162; x_wconf 89' lang='lat' dir='ltr'><strong>suum</strong></span> <span class='ocrx_word' id='word_1_298' title='bbox 496 4105 811 4178; x_wconf 73' lang='lat' dir='ltr'><strong>Aquitaniae</strong></span> <span class='ocrx_word' id='word_1_299' title='bbox 857 4123 1070 4180; x_wconf 88' lang='lat' dir='ltr'><strong>regem,</strong></span> <span class='ocrx_word' id='word_1_300' title='bbox 1106 4108 1201 4178; x_wconf 88' lang='lat' dir='ltr'><strong>qui</strong></span> <span class='ocrx_word' id='word_1_301' title='bbox 1246 4107 1397 4163; x_wconf 83' lang='lat' dir='ltr'><strong>solus</strong></span> <span class='ocrx_word' id='word_1_302' title='bbox 1432 4106 1667 4162; x_wconf 79' lang='lat' dir='ltr'><strong>ﬁliorum</strong></span> 
     </span>
    </p>
   </div>
   <div class='ocr_carea' id='block_1_44' title="bbox 117 4187 1671 4273">
    <p class='ocr_par' dir='ltr' id='par_1_44' title="bbox 117 4187 1671 4273">
     <span class='ocr_line' id='line_1_44' title="bbox 117 4187 1671 4273; baseline 0.008 -30"><span class='ocrx_word' id='word_1_303' title='bbox 117 4187 409 4268; x_wconf 75' lang='lat' dir='ltr'><strong>lliidigarda:</strong></span> <span class='ocrx_word' id='word_1_304' title='bbox 440 4199 647 4273; x_wconf 64' lang='lat' dir='ltr'><strong>reginae</strong></span> <span class='ocrx_word' id='word_1_305' title='bbox 675 4210 985 4272; x_wconf 88' lang='lat' dir='ltr'><strong>supererat,</strong></span> <span class='ocrx_word' id='word_1_306' title='bbox 1021 4200 1364 4272; x_wconf 85' lang='lat' dir='ltr'><strong>congregatis</strong></span> <span class='ocrx_word' id='word_1_307' title='bbox 1394 4200 1671 4256; x_wconf 87' lang='lat' dir='ltr'><strong>sollemni-</strong></span> 
     </span>
    </p>
   </div>
   <div class='ocr_carea' id='block_1_45' title="bbox 113 4286 1665 4366">
    <p class='ocr_par' dir='ltr' id='par_1_45' title="bbox 113 4286 1665 4366">
     <span class='ocr_line' id='line_1_45' title="bbox 113 4286 1665 4366; baseline 0.009 -32"><span class='ocrx_word' id='word_1_308' title='bbox 113 4292 181 4337; x_wconf 72' lang='lat' dir='ltr'><strong>ter</strong></span> <span class='ocrx_word' id='word_1_309' title='bbox 198 4286 257 4343; x_wconf 90' lang='lat' dir='ltr'><strong>de</strong></span> <span class='ocrx_word' id='word_1_310' title='bbox 276 4298 388 4346; x_wconf 84' lang='lat' dir='ltr'><strong>toto</strong></span> <span class='ocrx_word' id='word_1_311' title='bbox 409 4292 752 4348; x_wconf 87' lang='lat' dir='ltr'><strong>Francorum</strong></span> <span class='ocrx_word' id='word_1_312' title='bbox 774 4308 942 4363; x_wconf 87' lang='lat' dir='ltr'><strong>regno</strong></span> <span class='ocrx_word' id='word_1_313' title='bbox 963 4293 1295 4366; x_wconf 89' lang='lat' dir='ltr'><strong>primoribus</strong></span> <span class='ocrx_word' id='word_1_314' title='bbox 1318 4292 1493 4365; x_wconf 75' lang='lat' dir='ltr'><strong>(ElNll.</strong></span> <span class='ocrx_word' id='word_1_315' title='bbox 1523 4291 1665 4348; x_wconf 85' lang='lat' dir='ltr'><strong>Vita.</strong></span> 
     </span>
    </p>
   </div>
   <div class='ocr_carea' id='block_1_46' title="bbox 114 4371 1668 4457">
    <p class='ocr_par' dir='ltr' id='par_1_46' title="bbox 114 4371 1668 4457">
     <span class='ocr_line' id='line_1_46' title="bbox 114 4371 1668 4457; baseline 0.009 -31"><span class='ocrx_word' id='word_1_316' title='bbox 114 4371 270 4450; x_wconf 65' lang='lat' dir='ltr'><strong>lion),</strong></span> <span class='ocrx_word' id='word_1_317' title='bbox 285 4392 609 4439; x_wconf 88' lang='lat' dir='ltr'><strong>cunctorum</strong></span> <span class='ocrx_word' id='word_1_318' title='bbox 631 4385 861 4441; x_wconf 90' lang='lat' dir='ltr'><strong>consilio</strong></span> <span class='ocrx_word' id='word_1_319' title='bbox 876 4394 1183 4441; x_wconf 87' lang='lat' dir='ltr'><strong>consortem</strong></span> <span class='ocrx_word' id='word_1_320' title='bbox 1206 4385 1309 4440; x_wconf 91' lang='lat' dir='ltr'><strong>sibi</strong></span> <span class='ocrx_word' id='word_1_321' title='bbox 1331 4384 1497 4442; x_wconf 90' lang='lat' dir='ltr'><strong>totius</strong></span> <span class='ocrx_word' id='word_1_322' title='bbox 1517 4386 1668 4457; x_wconf 87' lang='lat' dir='ltr'><strong>regni</strong></span> 
     </span>
    </p>
   </div>
   <div class='ocr_carea' id='block_1_47' title="bbox 112 4468 1667 4548">
    <p class='ocr_par' dir='ltr' id='par_1_47' title="bbox 112 4468 1667 4548">
     <span class='ocr_line' id='line_1_47' title="bbox 112 4468 1667 4548; baseline 0.009 -29"><span class='ocrx_word' id='word_1_323' title='bbox 112 4476 158 4521; x_wconf 87' lang='lat' dir='ltr'><strong>et</strong></span> <span class='ocrx_word' id='word_1_324' title='bbox 188 4468 476 4544; x_wconf 83' lang='lat' dir='ltr'><strong>imperialis</strong></span> <span class='ocrx_word' id='word_1_325' title='bbox 502 4475 746 4532; x_wconf 89' lang='lat' dir='ltr'><strong>nominis</strong></span> <span class='ocrx_word' id='word_1_326' title='bbox 785 4475 1040 4532; x_wconf 90' lang='lat' dir='ltr'><strong>heredem</strong></span> <span class='ocrx_word' id='word_1_327' title='bbox 1084 4476 1400 4544; x_wconf 89' lang='lat' dir='ltr'><strong>constituit;</strong></span> <span class='ocrx_word' id='word_1_328' title='bbox 1439 4476 1667 4548; x_wconf 89' lang='lat' dir='ltr'><strong>imposi-</strong></span> 
     </span>
    </p>
   </div>
   <div class='ocr_carea' id='block_1_48' title="bbox 1771 612 3367 681">
    <p class='ocr_par' dir='ltr' id='par_1_48' title="bbox 1771 612 3367 681">
     <span class='ocr_line' id='line_1_48' title="bbox 1771 612 3367 681; baseline 0.002 -12"><span class='ocrx_word' id='word_1_329' title='bbox 1771 613 2005 680; x_wconf 87' lang='lat' dir='ltr'><strong>solebat,</strong></span> <span class='ocrx_word' id='word_1_330' title='bbox 2055 612 2160 668; x_wconf 89' lang='lat' dir='ltr'><strong>cibi</strong></span> <span class='ocrx_word' id='word_1_331' title='bbox 2205 613 2593 669; x_wconf 82' lang='lat' dir='ltr'><strong>abstinentiam</strong></span> <span class='ocrx_word' id='word_1_332' title='bbox 2638 614 2744 669; x_wconf 88' lang='lat' dir='ltr'><strong>sibi</strong></span> <span class='ocrx_word' id='word_1_333' title='bbox 2783 613 3017 681; x_wconf 78' lang='lat' dir='ltr'><strong>indixit,</strong></span> <span class='ocrx_word' id='word_1_334' title='bbox 3063 615 3367 673; x_wconf 80' lang='lat' dir='ltr'><strong>arbitratus</strong></span> 
     </span>
    </p>
   </div>
   <div class='ocr_carea' id='block_1_49' title="bbox 1771 705 3360 776">
    <p class='ocr_par' dir='ltr' id='par_1_49' title="bbox 1771 705 3360 776">
     <span class='ocr_line' id='line_1_49' title="bbox 1771 705 3360 776; baseline 0.004 -17"><span class='ocrx_word' id='word_1_335' title='bbox 1771 705 1874 760; x_wconf 88' lang='lat' dir='ltr'><strong>hac</strong></span> <span class='ocrx_word' id='word_1_336' title='bbox 1917 705 2255 761; x_wconf 84' lang='lat' dir='ltr'><strong>continentia</strong></span> <span class='ocrx_word' id='word_1_337' title='bbox 2306 705 2556 761; x_wconf 89' lang='lat' dir='ltr'><strong>morbum</strong></span> <span class='ocrx_word' id='word_1_338' title='bbox 2613 720 2776 775; x_wconf 88' lang='lat' dir='ltr'><strong>posse</strong></span> <span class='ocrx_word' id='word_1_339' title='bbox 2824 705 3019 776; x_wconf 86' lang='lat' dir='ltr'><strong>depelli</strong></span> <span class='ocrx_word' id='word_1_340' title='bbox 3072 707 3159 761; x_wconf 91' lang='lat' dir='ltr'><strong>vel</strong></span> <span class='ocrx_word' id='word_1_341' title='bbox 3212 718 3360 765; x_wconf 82' lang='lat' dir='ltr'><strong>certe</strong></span> 
     </span>
    </p>
   </div>
   <div class='ocr_carea' id='block_1_50' title="bbox 1771 796 3357 868">
    <p class='ocr_par' dir='ltr' id='par_1_50' title="bbox 1771 796 3357 868">
     <span class='ocr_line' id='line_1_50' title="bbox 1771 796 3357 868; baseline 0.003 -16"><span class='ocrx_word' id='word_1_342' title='bbox 1771 797 2029 868; x_wconf 88' lang='lat' dir='ltr'><strong>mitigari.</strong></span> <span class='ocrx_word' id='word_1_343' title='bbox 2081 797 2184 853; x_wconf 87' lang='lat' dir='ltr'><strong>Sed</strong></span> <span class='ocrx_word' id='word_1_344' title='bbox 2223 798 2516 854; x_wconf 87' lang='lat' dir='ltr'><strong>accedente</strong></span> <span class='ocrx_word' id='word_1_345' title='bbox 2547 799 2616 853; x_wconf 92' lang='lat' dir='ltr'><strong>ad</strong></span> <span class='ocrx_word' id='word_1_346' title='bbox 2656 796 2864 854; x_wconf 89' lang='lat' dir='ltr'><strong>febrem</strong></span> <span class='ocrx_word' id='word_1_347' title='bbox 2904 798 3093 859; x_wconf 87' lang='lat' dir='ltr'><strong>lateris</strong></span> <span class='ocrx_word' id='word_1_348' title='bbox 3125 802 3315 857; x_wconf 88' lang='lat' dir='ltr'><strong>dolore</strong></span> <span class='ocrx_word' id='word_1_349' title='bbox 3340 845 3357 867; x_wconf 92' lang='lat'><strong>,</strong></span> 
     </span>
    </p>
   </div>
   <div class='ocr_carea' id='block_1_51' title="bbox 1769 886 3359 963">
    <p class='ocr_par' dir='ltr' id='par_1_51' title="bbox 1769 886 3359 963">
     <span class='ocr_line' id='line_1_51' title="bbox 1769 886 3359 963; baseline 0.004 -22"><span class='ocrx_word' id='word_1_350' title='bbox 1769 902 1932 957; x_wconf 89' lang='lat' dir='ltr'><strong>quem</strong></span> <span class='ocrx_word' id='word_1_351' title='bbox 1954 886 2111 963; x_wconf 83' lang='lat' dir='ltr'><strong>Greci</strong></span> <span class='ocrx_word' id='word_1_352' title='bbox 2140 887 2404 957; x_wconf 84' lang='lat' dir='ltr'><strong>pleurisin</strong></span> <span class='ocrx_word' id='word_1_353' title='bbox 2429 887 2655 955; x_wconf 83' lang='lat' dir='ltr'><strong>dicunt,</strong></span> <span class='ocrx_word' id='word_1_354' title='bbox 2685 889 2888 959; x_wconf 90' lang='lat' dir='ltr'><strong>illoque</strong></span> <span class='ocrx_word' id='word_1_355' title='bbox 2910 891 3091 947; x_wconf 90' lang='lat' dir='ltr'><strong>adhuc</strong></span> <span class='ocrx_word' id='word_1_356' title='bbox 3119 892 3359 949; x_wconf 84' lang='lat' dir='ltr'><strong>inediam</strong></span> 
     </span>
    </p>
   </div>
   <div class='ocr_carea' id='block_1_52' title="bbox 1730 978 3360 1053">
    <p class='ocr_par' dir='ltr' id='par_1_52' title="bbox 1730 978 3360 1053">
     <span class='ocr_line' id='line_1_52' title="bbox 1730 978 3360 1053; baseline 0.002 -19"><span class='ocrx_word' id='word_1_357' title='bbox 1730 993 1736 1002; x_wconf 84' lang='lat'>&#39;</span> <span class='ocrx_word' id='word_1_358' title='bbox 1769 978 2038 1035; x_wconf 87' lang='lat' dir='ltr'><strong>retinente</strong></span> <span class='ocrx_word' id='word_1_359' title='bbox 2064 994 2243 1049; x_wconf 89' lang='lat' dir='ltr'><strong>neque</strong></span> <span class='ocrx_word' id='word_1_360' title='bbox 2273 994 2474 1050; x_wconf 89' lang='lat' dir='ltr'><strong>corpus</strong></span> <span class='ocrx_word' id='word_1_361' title='bbox 2508 980 2667 1035; x_wconf 89' lang='lat' dir='ltr'><strong>aliter</strong></span> <span class='ocrx_word' id='word_1_362' title='bbox 2699 996 2867 1051; x_wconf 90' lang='lat' dir='ltr'><strong>quam</strong></span> <span class='ocrx_word' id='word_1_363' title='bbox 2900 981 3184 1039; x_wconf 88' lang='lat' dir='ltr'><strong>rarissimo</strong></span> <span class='ocrx_word' id='word_1_364' title='bbox 3223 990 3360 1053; x_wconf 86' lang='lat' dir='ltr'><strong>potu</strong></span> 
     </span>
    </p>
   </div>
   <div class='ocr_carea' id='block_1_53' title="bbox 1769 1071 3359 1142">
    <p class='ocr_par' dir='ltr' id='par_1_53' title="bbox 1769 1071 3359 1142">
     <span class='ocr_line' id='line_1_53' title="bbox 1769 1071 3359 1142; baseline 0.003 -17"><span class='ocrx_word' id='word_1_365' title='bbox 1769 1078 2141 1136; x_wconf 88' lang='lat' dir='ltr'><strong>sustentante,</strong></span> <span class='ocrx_word' id='word_1_366' title='bbox 2175 1071 2409 1141; x_wconf 84' lang='lat' dir='ltr'><strong>septimo</strong></span> <span class='ocrx_word' id='word_1_367' title='bbox 2446 1082 2736 1142; x_wconf 87' lang='lat' dir='ltr'><strong>postquam</strong></span> <span class='ocrx_word' id='word_1_368' title='bbox 2764 1072 3025 1129; x_wconf 88' lang='lat' dir='ltr'><strong>decubuit</strong></span> <span class='ocrx_word' id='word_1_369' title='bbox 3046 1073 3162 1141; x_wconf 88' lang='lat' dir='ltr'><strong>die,</strong></span> <span class='ocrx_word' id='word_1_370' title='bbox 3201 1088 3359 1130; x_wconf 83' lang='lat' dir='ltr'><strong>sacra</strong></span> 
     </span>
    </p>
   </div>
   <div class='ocr_carea' id='block_1_54' title="bbox 1769 1162 3359 1233">
    <p class='ocr_par' dir='ltr' id='par_1_54' title="bbox 1769 1162 3359 1233">
     <span class='ocr_line' id='line_1_54' title="bbox 1769 1162 3359 1233; baseline 0.003 -16"><span class='ocrx_word' id='word_1_371' title='bbox 1769 1162 2157 1218; x_wconf 84' lang='lat' dir='ltr'><strong>communione</strong></span> <span class='ocrx_word' id='word_1_372' title='bbox 2176 1171 2447 1233; x_wconf 87' lang='lat' dir='ltr'><strong>percepta,</strong></span> <span class='ocrx_word' id='word_1_373' title='bbox 2473 1163 2727 1231; x_wconf 89' lang='lat' dir='ltr'><strong>decessit,</strong></span> <span class='ocrx_word' id='word_1_374' title='bbox 2752 1178 2898 1218; x_wconf 88' lang='lat' dir='ltr'><strong>anno</strong></span> <span class='ocrx_word' id='word_1_375' title='bbox 2929 1164 3104 1220; x_wconf 62' lang='lat' dir='ltr'><strong>aetatis</strong></span> <span class='ocrx_word' id='word_1_376' title='bbox 3133 1180 3248 1221; x_wconf 63' lang='lat' dir='ltr'><strong>sua;</strong></span> <span class='ocrx_word' id='word_1_377' title='bbox 3270 1164 3359 1221; x_wconf 80' lang='lat'><strong>72&#39;</strong></span> 
     </span>
    </p>
   </div>
   <div class='ocr_carea' id='block_1_55' title="bbox 1769 1256 3355 1326">
    <p class='ocr_par' dir='ltr' id='par_1_55' title="bbox 1769 1256 3355 1326">
     <span class='ocr_line' id='line_1_55' title="bbox 1769 1256 3355 1326; baseline 0.001 -17"><span class='ocrx_word' id='word_1_378' title='bbox 1769 1261 1824 1309; x_wconf 88' lang='lat' dir='ltr'><strong>et</strong></span> <span class='ocrx_word' id='word_1_379' title='bbox 1842 1271 1907 1309; x_wconf 80' lang='lat' dir='ltr'><strong>ex</strong></span> <span class='ocrx_word' id='word_1_380' title='bbox 1930 1269 2043 1325; x_wconf 91' lang='lat' dir='ltr'><strong>quo</strong></span> <span class='ocrx_word' id='word_1_381' title='bbox 2066 1270 2294 1326; x_wconf 84' lang='lat' dir='ltr'><strong>regnare</strong></span> <span class='ocrx_word' id='word_1_382' title='bbox 2319 1265 2562 1325; x_wconf 67' lang='lat' dir='ltr'><strong>eruperat</strong></span> <span class='ocrx_word' id='word_1_383' title='bbox 2589 1256 2703 1324; x_wconf 64' lang='lat'><strong>46‘,</strong></span> <span class='ocrx_word' id='word_1_384' title='bbox 2726 1257 2918 1313; x_wconf 91' lang='lat' dir='ltr'><strong>indict.</strong></span> <span class='ocrx_word' id='word_1_385' title='bbox 2951 1257 2981 1311; x_wconf 91' lang='lat'><strong>7</strong></span> <span class='ocrx_word' id='word_1_386' title='bbox 3013 1258 3126 1326; x_wconf 79' lang='grc'><strong>¹¹³⁹,</strong></span> <span class='ocrx_word' id='word_1_387' title='bbox 3170 1259 3204 1314; x_wconf 88' lang='lat'><strong>5</strong></span> <span class='ocrx_word' id='word_1_388' title='bbox 3236 1257 3355 1317; x_wconf 82' lang='lat' dir='ltr'><strong>Kal.</strong></span> 
     </span>
    </p>
   </div>
   <div class='ocr_carea' id='block_1_56' title="bbox 1770 1344 3359 1419">
    <p class='ocr_par' dir='ltr' id='par_1_56' title="bbox 1770 1344 3359 1419">
     <span class='ocr_line' id='line_1_56' title="bbox 1770 1344 3359 1419; baseline 0.001 -18"><span class='ocrx_word' id='word_1_389' title='bbox 1770 1346 1955 1414; x_wconf 77' lang='lat' dir='ltr'><strong>Febr.,</strong></span> <span class='ocrx_word' id='word_1_390' title='bbox 1992 1346 2124 1403; x_wconf 89' lang='lat' dir='ltr'><strong>hora</strong></span> <span class='ocrx_word' id='word_1_391' title='bbox 2155 1344 2263 1401; x_wconf 87' lang='lat' dir='ltr'><strong>diei</strong></span> <span class='ocrx_word' id='word_1_392' title='bbox 2290 1346 2483 1402; x_wconf 87' lang='lat' dir='ltr'><strong>tercia.</strong></span> <span class='ocrx_word' id='word_1_393' title='bbox 2512 1346 2687 1417; x_wconf 91' lang='lat' dir='ltr'><strong>Cujus</strong></span> <span class='ocrx_word' id='word_1_394' title='bbox 2713 1363 2913 1419; x_wconf 90' lang='lat' dir='ltr'><strong>corpus</strong></span> <span class='ocrx_word' id='word_1_395' title='bbox 2941 1363 3097 1406; x_wconf 88' lang='lat' dir='ltr'><strong>more</strong></span> <span class='ocrx_word' id='word_1_396' title='bbox 3126 1349 3359 1407; x_wconf 87' lang='lat' dir='ltr'><strong>solemni</strong></span> 
     </span>
    </p>
   </div>
   <div class='ocr_carea' id='block_1_57' title="bbox 1730 1438 3359 1511">
    <p class='ocr_par' dir='ltr' id='par_1_57' title="bbox 1730 1438 3359 1511">
     <span class='ocr_line' id='line_1_57' title="bbox 1730 1438 3359 1511; baseline 0.001 -18"><span class='ocrx_word' id='word_1_397' title='bbox 1730 1450 1735 1455; x_wconf 86' lang='lat'><strong>‘</strong></span> <span class='ocrx_word' id='word_1_398' title='bbox 1769 1439 1942 1493; x_wconf 86' lang='lat' dir='ltr'><strong>lotum</strong></span> <span class='ocrx_word' id='word_1_399' title='bbox 1962 1446 2016 1494; x_wconf 91' lang='lat' dir='ltr'><strong>et</strong></span> <span class='ocrx_word' id='word_1_400' title='bbox 2038 1447 2309 1500; x_wconf 87' lang='lat' dir='ltr'><strong>curatum.</strong></span> <span class='ocrx_word' id='word_1_401' title='bbox 2335 1438 2575 1493; x_wconf 72' lang='lat' dir='ltr'><strong>maximo</strong></span> <span class='ocrx_word' id='word_1_402' title='bbox 2599 1438 2767 1495; x_wconf 88' lang='lat' dir='ltr'><strong>totius</strong></span> <span class='ocrx_word' id='word_1_403' title='bbox 2788 1440 2975 1511; x_wconf 88' lang='lat' dir='ltr'><strong>populi</strong></span> <span class='ocrx_word' id='word_1_404' title='bbox 2999 1441 3149 1497; x_wconf 90' lang='lat' dir='ltr'><strong>luctu</strong></span> <span class='ocrx_word' id='word_1_405' title='bbox 3171 1442 3359 1497; x_wconf 44' lang='lat' dir='ltr'><strong>accele.</strong></span> 
     </span>
    </p>
   </div>
   <div class='ocr_carea' id='block_1_58' title="bbox 1769 1530 3354 1605">
    <p class='ocr_par' dir='ltr' id='par_1_58' title="bbox 1769 1530 3354 1605">
     <span class='ocr_line' id='line_1_58' title="bbox 1769 1530 3354 1605; baseline -0.001 -18"><span class='ocrx_word' id='word_1_406' title='bbox 1769 1533 1865 1588; x_wconf 73' lang='lat' dir='ltr'><strong>sia:</strong></span> <span class='ocrx_word' id='word_1_407' title='bbox 1885 1532 2094 1586; x_wconf 87' lang='lat' dir='ltr'><strong>illatum</strong></span> <span class='ocrx_word' id='word_1_408' title='bbox 2110 1540 2273 1601; x_wconf 88' lang='lat' dir='ltr'><strong>atque</strong></span> <span class='ocrx_word' id='word_1_409' title='bbox 2292 1530 2576 1587; x_wconf 85' lang='lat' dir='ltr'><strong>humatum</strong></span> <span class='ocrx_word' id='word_1_410' title='bbox 2600 1541 2702 1588; x_wconf 88' lang='lat' dir='ltr'><strong>est.</strong></span> <span class='ocrx_word' id='word_1_411' title='bbox 2726 1531 3041 1589; x_wconf 89' lang='lat' dir='ltr'><strong>Dubitatum</strong></span> <span class='ocrx_word' id='word_1_412' title='bbox 3056 1542 3141 1591; x_wconf 88' lang='lat' dir='ltr'><strong>est</strong></span> <span class='ocrx_word' id='word_1_413' title='bbox 3154 1535 3354 1605; x_wconf 73' lang='lat' dir='ltr'><strong>primo,</strong></span> 
     </span>
    </p>
   </div>
   <div class='ocr_carea' id='block_1_59' title="bbox 1771 1624 3363 1695">
    <p class='ocr_par' dir='ltr' id='par_1_59' title="bbox 1771 1624 3363 1695">
     <span class='ocr_line' id='line_1_59' title="bbox 1771 1624 3363 1695; baseline 0.001 -17"><span class='ocrx_word' id='word_1_414' title='bbox 1771 1624 1861 1681; x_wconf 78' lang='lat' dir='ltr'><strong>ubi</strong></span> <span class='ocrx_word' id='word_1_415' title='bbox 1895 1624 2085 1695; x_wconf 91' lang='lat' dir='ltr'><strong>reponi</strong></span> <span class='ocrx_word' id='word_1_416' title='bbox 2115 1625 2359 1689; x_wconf 84' lang='lat' dir='ltr'><strong>deberet,</strong></span> <span class='ocrx_word' id='word_1_417' title='bbox 2383 1639 2449 1679; x_wconf 90' lang='lat' dir='ltr'><strong>eo</strong></span> <span class='ocrx_word' id='word_1_418' title='bbox 2476 1624 2622 1695; x_wconf 90' lang='lat' dir='ltr'><strong>quod</strong></span> <span class='ocrx_word' id='word_1_419' title='bbox 2649 1624 2766 1694; x_wconf 91' lang='lat' dir='ltr'><strong>ipse</strong></span> <span class='ocrx_word' id='word_1_420' title='bbox 2792 1625 2946 1681; x_wconf 88' lang='lat' dir='ltr'><strong>vivus</strong></span> <span class='ocrx_word' id='word_1_421' title='bbox 2967 1626 3034 1682; x_wconf 79' lang='lat' dir='ltr'><strong>de</strong></span> <span class='ocrx_word' id='word_1_422' title='bbox 3059 1626 3165 1683; x_wconf 91' lang='lat' dir='ltr'><strong>hoc</strong></span> <span class='ocrx_word' id='word_1_423' title='bbox 3190 1626 3363 1685; x_wconf 76' lang='lat' dir='ltr'><strong>nichil</strong></span> 
     </span>
    </p>
   </div>
   <div class='ocr_carea' id='block_1_60' title="bbox 1727 1713 3361 1789">
    <p class='ocr_par' dir='ltr' id='par_1_60' title="bbox 1727 1713 3361 1789">
     <span class='ocr_line' id='line_1_60' title="bbox 1727 1713 3361 1789; baseline 0.002 -18"><span class='ocrx_word' id='word_1_424' title='bbox 1727 1713 1733 1718; x_wconf 84' lang='grc'><em>’</em></span> <span class='ocrx_word' id='word_1_425' title='bbox 1769 1717 2119 1787; x_wconf 83' lang='lat' dir='ltr'><strong>precepisset.</strong></span> <span class='ocrx_word' id='word_1_426' title='bbox 2140 1715 2381 1772; x_wconf 87' lang='lat' dir='ltr'><strong>Tandem</strong></span> <span class='ocrx_word' id='word_1_427' title='bbox 2406 1715 2653 1773; x_wconf 91' lang='lat' dir='ltr'><strong>omnium</strong></span> <span class='ocrx_word' id='word_1_428' title='bbox 2674 1717 2876 1774; x_wconf 88' lang='lat' dir='ltr'><strong>animis</strong></span> <span class='ocrx_word' id='word_1_429' title='bbox 2899 1716 3065 1785; x_wconf 70' lang='lat' dir='ltr'><strong>se&#39;dit,‘</strong></span> <span class='ocrx_word' id='word_1_430' title='bbox 3086 1734 3361 1789; x_wconf 70' lang='lat' dir='ltr'><strong>nusqua&#39;n</strong></span> 
     </span>
    </p>
   </div>
   <div class='ocr_carea' id='block_1_61' title="bbox 1772 1809 3360 1884">
    <p class='ocr_par' dir='ltr' id='par_1_61' title="bbox 1772 1809 3360 1884">
     <span class='ocr_line' id='line_1_61' title="bbox 1772 1809 3360 1884; baseline 0.003 -21"><span class='ocrx_word' id='word_1_431' title='bbox 1772 1809 2054 1864; x_wconf 82' lang='lat' dir='ltr'><strong>honestius</strong></span> <span class='ocrx_word' id='word_1_432' title='bbox 2090 1824 2217 1864; x_wconf 90' lang='lat' dir='ltr'><strong>eum</strong></span> <span class='ocrx_word' id='word_1_433' title='bbox 2254 1810 2513 1865; x_wconf 89' lang='lat' dir='ltr'><strong>tumulari</strong></span> <span class='ocrx_word' id='word_1_434' title='bbox 2538 1826 2720 1881; x_wconf 88' lang='lat' dir='ltr'><strong>posse,</strong></span> <span class='ocrx_word' id='word_1_435' title='bbox 2745 1827 2910 1881; x_wconf 90' lang='lat' dir='ltr'><strong>quam</strong></span> <span class='ocrx_word' id='word_1_436' title='bbox 2938 1811 2994 1866; x_wconf 92' lang='lat' dir='ltr'><strong>in</strong></span> <span class='ocrx_word' id='word_1_437' title='bbox 3010 1827 3076 1868; x_wconf 88' lang='lat' dir='ltr'><strong>ea</strong></span> <span class='ocrx_word' id='word_1_438' title='bbox 3097 1812 3295 1884; x_wconf 74' lang='lat' dir='ltr'><strong>basylit</strong></span> <span class='ocrx_word' id='word_1_439' title='bbox 3307 1830 3360 1878; x_wconf 88' lang='lat' dir='ltr'><strong>a,</strong></span> 
     </span>
    </p>
   </div>
   <div class='ocr_carea' id='block_1_62' title="bbox 1770 1902 3361 1973">
    <p class='ocr_par' dir='ltr' id='par_1_62' title="bbox 1770 1902 3361 1973">
     <span class='ocr_line' id='line_1_62' title="bbox 1770 1902 3361 1973; baseline 0.001 -17"><span class='ocrx_word' id='word_1_440' title='bbox 1770 1917 1935 1971; x_wconf 86' lang='lat' dir='ltr'><strong>quam</strong></span> <span class='ocrx_word' id='word_1_441' title='bbox 1985 1902 2103 1972; x_wconf 90' lang='lat' dir='ltr'><strong>ipse</strong></span> <span class='ocrx_word' id='word_1_442' title='bbox 2148 1910 2370 1973; x_wconf 92' lang='lat' dir='ltr'><strong>propter</strong></span> <span class='ocrx_word' id='word_1_443' title='bbox 2415 1918 2659 1957; x_wconf 89' lang='lat' dir='ltr'><strong>amorem</strong></span> <span class='ocrx_word' id='word_1_444' title='bbox 2709 1902 2805 1958; x_wconf 90' lang='lat' dir='ltr'><strong>Dei</strong></span> <span class='ocrx_word' id='word_1_445' title='bbox 2842 1913 2898 1960; x_wconf 92' lang='lat' dir='ltr'><strong>et</strong></span> <span class='ocrx_word' id='word_1_446' title='bbox 2938 1903 3151 1959; x_wconf 88' lang='lat' dir='ltr'><strong>domini</strong></span> <span class='ocrx_word' id='word_1_447' title='bbox 3187 1906 3361 1961; x_wconf 67' lang='lat' dir='ltr'><strong>nostri</strong></span> 
     </span>
    </p>
   </div>
   <div class='ocr_carea' id='block_1_63' title="bbox 1732 1992 3361 2061">
    <p class='ocr_par' dir='ltr' id='par_1_63' title="bbox 1732 1992 3361 2061">
     <span class='ocr_line' id='line_1_63' title="bbox 1732 1992 3361 2061; baseline 0.002 -14"><span class='ocrx_word' id='word_1_448' title='bbox 1732 2002 1738 2007; x_wconf 78' lang='lat'><strong>‘</strong></span> <span class='ocrx_word' id='word_1_449' title='bbox 1768 1992 1935 2048; x_wconf 82' lang='lat' dir='ltr'><strong>Jhesu</strong></span> <span class='ocrx_word' id='word_1_450' title='bbox 1966 1992 2195 2061; x_wconf 85' lang='lat' dir='ltr'><strong>Christi,</strong></span> <span class='ocrx_word' id='word_1_451' title='bbox 2227 2001 2282 2050; x_wconf 90' lang='lat' dir='ltr'><strong>et</strong></span> <span class='ocrx_word' id='word_1_452' title='bbox 2322 1992 2395 2049; x_wconf 89' lang='lat' dir='ltr'><strong>oh</strong></span> <span class='ocrx_word' id='word_1_453' title='bbox 2420 2008 2663 2049; x_wconf 88' lang='lat' dir='ltr'><strong>amorem</strong></span> <span class='ocrx_word' id='word_1_454' title='bbox 2690 2004 2892 2051; x_wconf 79' lang='lat' dir='ltr'><strong>sach</strong></span> <span class='ocrx_word' id='word_1_455' title='bbox 2919 2003 2973 2051; x_wconf 92' lang='lat' dir='ltr'><strong>et</strong></span> <span class='ocrx_word' id='word_1_456' title='bbox 2992 2005 3208 2052; x_wconf 72' lang='lat' dir='ltr'><strong>teternzc</strong></span> <span class='ocrx_word' id='word_1_457' title='bbox 3247 1996 3361 2051; x_wconf 89' lang='lat' dir='ltr'><strong>vir-</strong></span> 
     </span>
    </p>
   </div>
   <div class='ocr_carea' id='block_1_64' title="bbox 1768 2085 3364 2158">
    <p class='ocr_par' dir='ltr' id='par_1_64' title="bbox 1768 2085 3364 2158">
     <span class='ocr_line' id='line_1_64' title="bbox 1768 2085 3364 2158; baseline 0.003 -18"><span class='ocrx_word' id='word_1_458' title='bbox 1768 2086 1914 2158; x_wconf 85' lang='lat' dir='ltr'><strong>ginis</strong></span> <span class='ocrx_word' id='word_1_459' title='bbox 1946 2085 2227 2157; x_wconf 89' lang='lat' dir='ltr'><strong>genitricis</strong></span> <span class='ocrx_word' id='word_1_460' title='bbox 2251 2086 2392 2157; x_wconf 79' lang='lat' dir='ltr'><strong>cjus,</strong></span> <span class='ocrx_word' id='word_1_461' title='bbox 2424 2087 2645 2158; x_wconf 85' lang='lat' dir='ltr'><strong>proprio</strong></span> <span class='ocrx_word' id='word_1_462' title='bbox 2674 2097 2894 2158; x_wconf 90' lang='lat' dir='ltr'><strong>sumptu</strong></span> <span class='ocrx_word' id='word_1_463' title='bbox 2919 2089 2972 2143; x_wconf 91' lang='lat' dir='ltr'><strong>in</strong></span> <span class='ocrx_word' id='word_1_464' title='bbox 3013 2090 3205 2155; x_wconf 87' lang='lat' dir='ltr'><strong>eodem</strong></span> <span class='ocrx_word' id='word_1_465' title='bbox 3238 2089 3364 2145; x_wconf 87' lang='lat' dir='ltr'><strong>vico</strong></span> 
     </span>
    </p>
   </div>
   <div class='ocr_carea' id='block_1_65' title="bbox 1769 2177 3360 2252">
    <p class='ocr_par' dir='ltr' id='par_1_65' title="bbox 1769 2177 3360 2252">
     <span class='ocr_line' id='line_1_65' title="bbox 1769 2177 3360 2252; baseline 0.001 -18"><span class='ocrx_word' id='word_1_466' title='bbox 1769 2178 2097 2234; x_wconf 80' lang='lat' dir='ltr'><strong>construxit.</strong></span> <span class='ocrx_word' id='word_1_467' title='bbox 2134 2177 2193 2233; x_wconf 89' lang='lat' dir='ltr'><strong>ln</strong></span> <span class='ocrx_word' id='word_1_468' title='bbox 2225 2179 2329 2235; x_wconf 89' lang='lat' dir='ltr'><strong>hae</strong></span> <span class='ocrx_word' id='word_1_469' title='bbox 2372 2180 2619 2250; x_wconf 86' lang='lat' dir='ltr'><strong>sepultus</strong></span> <span class='ocrx_word' id='word_1_470' title='bbox 2656 2189 2742 2235; x_wconf 91' lang='lat' dir='ltr'><strong>est</strong></span> <span class='ocrx_word' id='word_1_471' title='bbox 2774 2180 2964 2236; x_wconf 86' lang='lat' dir='ltr'><strong>eadem</strong></span> <span class='ocrx_word' id='word_1_472' title='bbox 3000 2180 3234 2252; x_wconf 54' lang='lat' dir='ltr'><strong>die’qua</strong></span> <span class='ocrx_word' id='word_1_473' title='bbox 3262 2181 3360 2237; x_wconf 76' lang='lat' dir='ltr'><strong>de~</strong></span> 
     </span>
    </p>
   </div>
   <div class='ocr_carea' id='block_1_66' title="bbox 1772 2269 3363 2342">
    <p class='ocr_par' dir='ltr' id='par_1_66' title="bbox 1772 2269 3363 2342">
     <span class='ocr_line' id='line_1_66' title="bbox 1772 2269 3363 2342; baseline 0.002 -19"><span class='ocrx_word' id='word_1_474' title='bbox 1772 2269 1994 2326; x_wconf 86' lang='lat' dir='ltr'><strong>functus</strong></span> <span class='ocrx_word' id='word_1_475' title='bbox 2015 2278 2119 2338; x_wconf 87' lang='lat' dir='ltr'><strong>est,</strong></span> <span class='ocrx_word' id='word_1_476' title='bbox 2144 2285 2418 2341; x_wconf 88' lang='lat' dir='ltr'><strong>arcusque</strong></span> <span class='ocrx_word' id='word_1_477' title='bbox 2442 2287 2607 2342; x_wconf 83' lang='lat' dir='ltr'><strong>supra</strong></span> <span class='ocrx_word' id='word_1_478' title='bbox 2631 2272 2901 2327; x_wconf 88' lang='lat' dir='ltr'><strong>tumulum</strong></span> <span class='ocrx_word' id='word_1_479' title='bbox 2925 2272 3217 2328; x_wconf 83' lang='lat' dir='ltr'><strong>deauratus</strong></span> <span class='ocrx_word' id='word_1_480' title='bbox 3233 2288 3363 2328; x_wconf 87' lang='lat' dir='ltr'><strong>cum</strong></span> 
     </span>
    </p>
   </div>
   <div class='ocr_carea' id='block_1_67' title="bbox 1769 2360 3362 2433">
    <p class='ocr_par' dir='ltr' id='par_1_67' title="bbox 1769 2360 3362 2433">
     <span class='ocr_line' id='line_1_67' title="bbox 1769 2360 3362 2433; baseline 0.003 -18"><span class='ocrx_word' id='word_1_481' title='bbox 1769 2360 2008 2433; x_wconf 83' lang='lat' dir='ltr'><strong>imagine</strong></span> <span class='ocrx_word' id='word_1_482' title='bbox 2050 2369 2105 2418; x_wconf 90' lang='lat' dir='ltr'><strong>et</strong></span> <span class='ocrx_word' id='word_1_483' title='bbox 2148 2362 2309 2417; x_wconf 89' lang='lat' dir='ltr'><strong>titulo</strong></span> <span class='ocrx_word' id='word_1_484' title='bbox 2349 2370 2663 2421; x_wconf 81' lang='lat' dir='ltr'><strong>exstructus</strong></span> <span class='ocrx_word' id='word_1_485' title='bbox 2709 2373 2811 2419; x_wconf 90' lang='lat' dir='ltr'><strong>est.</strong></span> <span class='ocrx_word' id='word_1_486' title='bbox 2868 2362 2973 2431; x_wconf 87' lang='lat' dir='ltr'><strong>Qui</strong></span> <span class='ocrx_word' id='word_1_487' title='bbox 3024 2364 3217 2423; x_wconf 89' lang='lat' dir='ltr'><strong>titulus</strong></span> <span class='ocrx_word' id='word_1_488' title='bbox 3254 2363 3362 2421; x_wconf 87' lang='lat' dir='ltr'><strong>hoc</strong></span> 
     </span>
    </p>
   </div>
   <div class='ocr_carea' id='block_1_68' title="bbox 1770 2452 3363 2524">
    <p class='ocr_par' dir='ltr' id='par_1_68' title="bbox 1770 2452 3363 2524">
     <span class='ocr_line' id='line_1_68' title="bbox 1770 2452 3363 2524; baseline 0.001 -16"><span class='ocrx_word' id='word_1_489' title='bbox 1770 2454 1936 2508; x_wconf 87' lang='lat' dir='ltr'><strong>modo</strong></span> <span class='ocrx_word' id='word_1_490' title='bbox 1971 2454 2278 2524; x_wconf 90' lang='lat' dir='ltr'><strong>descriptus</strong></span> <span class='ocrx_word' id='word_1_491' title='bbox 2313 2462 2436 2510; x_wconf 87' lang='lat' dir='ltr'><strong>est:</strong></span> <span class='ocrx_word' id='word_1_492' title='bbox 2482 2453 2589 2509; x_wconf 88' lang='lat' dir='ltr'><strong>Sub</strong></span> <span class='ocrx_word' id='word_1_493' title='bbox 2620 2452 2717 2509; x_wconf 84' lang='lat' dir='ltr'><strong>hoc</strong></span> <span class='ocrx_word' id='word_1_494' title='bbox 2750 2456 3046 2510; x_wconf 82' lang='lat' dir='ltr'><strong>conditorio</strong></span> <span class='ocrx_word' id='word_1_495' title='bbox 3080 2458 3243 2511; x_wconf 79' lang='lat' dir='ltr'><strong>situm</strong></span> <span class='ocrx_word' id='word_1_496' title='bbox 3283 2464 3363 2511; x_wconf 78' lang='lat' dir='ltr'><strong>est</strong></span> 
     </span>
    </p>
   </div>
   <div class='ocr_carea' id='block_1_69' title="bbox 1770 2543 3362 2618">
    <p class='ocr_par' dir='ltr' id='par_1_69' title="bbox 1770 2543 3362 2618">
     <span class='ocr_line' id='line_1_69' title="bbox 1770 2543 3362 2618; baseline 0.003 -20"><span class='ocrx_word' id='word_1_497' title='bbox 1770 2561 1959 2614; x_wconf 76' lang='lat' dir='ltr'><strong>corpus</strong></span> <span class='ocrx_word' id='word_1_498' title='bbox 1991 2543 2041 2597; x_wconf 83' lang='grc' dir='ltr'><em>Κ</em></span> <span class='ocrx_word' id='word_1_499' title='bbox 2045 2544 2182 2599; x_wconf 87' lang='lat' dir='ltr'><strong>aroli</strong></span> <span class='ocrx_word' id='word_1_500' title='bbox 2206 2546 2384 2616; x_wconf 85' lang='lat' dir='ltr'><strong>magni</strong></span> <span class='ocrx_word' id='word_1_501' title='bbox 2406 2556 2564 2616; x_wconf 84' lang='lat' dir='ltr'><strong>atque</strong></span> <span class='ocrx_word' id='word_1_502' title='bbox 2586 2547 2866 2602; x_wconf 73' lang='lat' dir='ltr'><strong>orthodoxi</strong></span> <span class='ocrx_word' id='word_1_503' title='bbox 2890 2547 3249 2618; x_wconf 71' lang='lat' dir='ltr'><strong>imperatoris,</strong></span> <span class='ocrx_word' id='word_1_504' title='bbox 3275 2549 3362 2608; x_wconf 62' lang='grc' dir='ltr'><strong>πεί</strong></span> 
     </span>
    </p>
   </div>
   <div class='ocr_carea' id='block_1_70' title="bbox 1772 2633 3362 2709">
    <p class='ocr_par' dir='ltr' id='par_1_70' title="bbox 1772 2633 3362 2709">
     <span class='ocr_line' id='line_1_70' title="bbox 1772 2633 3362 2709; baseline 0.001 -18"><span class='ocrx_word' id='word_1_505' title='bbox 1772 2652 1987 2706; x_wconf 80' lang='lat' dir='ltr'><strong>regnum</strong></span> <span class='ocrx_word' id='word_1_506' title='bbox 2026 2633 2357 2690; x_wconf 80' lang='lat' dir='ltr'><strong>Francorum</strong></span> <span class='ocrx_word' id='word_1_507' title='bbox 2391 2636 2641 2691; x_wconf 80' lang='lat' dir='ltr'><strong>nobiliter</strong></span> <span class='ocrx_word' id='word_1_508' title='bbox 2675 2637 2955 2709; x_wconf 74' lang='lat' dir='ltr'><strong>ampliavit</strong></span> <span class='ocrx_word' id='word_1_509' title='bbox 2987 2647 3037 2694; x_wconf 79' lang='lat' dir='ltr'><strong>et</strong></span> <span class='ocrx_word' id='word_1_510' title='bbox 3072 2655 3166 2709; x_wconf 82' lang='lat' dir='ltr'><strong>per</strong></span> <span class='ocrx_word' id='word_1_511' title='bbox 3194 2655 3362 2694; x_wconf 74' lang='lat' dir='ltr'><strong>atinas</strong></span> 
     </span>
    </p>
   </div>
   <div class='ocr_carea' id='block_1_71' title="bbox 1772 2728 2285 2799">
    <p class='ocr_par' dir='ltr' id='par_1_71' title="bbox 1772 2728 2285 2799">
     <span class='ocr_line' id='line_1_71' title="bbox 1772 2728 2285 2799; baseline 0 -16"><span class='ocrx_word' id='word_1_512' title='bbox 1772 2730 1841 2783; x_wconf 74' lang='grc'>46</span> <span class='ocrx_word' id='word_1_513' title='bbox 1868 2728 2099 2799; x_wconf 77' lang='lat' dir='ltr'><strong>feliciter</strong></span> <span class='ocrx_word' id='word_1_514' title='bbox 2130 2729 2285 2783; x_wconf 68' lang='lat' dir='ltr'><strong>rexit.</strong></span> 
     </span>
    </p>
   </div>
   <div class='ocr_carea' id='block_1_72' title="bbox 1916 2830 3361 2904">
    <p class='ocr_par' dir='ltr' id='par_1_72' title="bbox 1916 2830 3361 2904">
     <span class='ocr_line' id='line_1_72' title="bbox 1916 2830 3361 2904; baseline 0.003 -20"><span class='ocrx_word' id='word_1_515' title='bbox 1916 2836 1932 2853; x_wconf 85' lang='grc'>⁶</span> <span class='ocrx_word' id='word_1_516' title='bbox 1974 2830 2035 2885; x_wconf 84' lang='grc' dir='ltr'><strong>Ε.</strong></span> <span class='ocrx_word' id='word_1_517' title='bbox 2080 2831 2250 2904; x_wconf 70' lang='lat' dir='ltr'><strong>pergit</strong></span> <span class='ocrx_word' id='word_1_518' title='bbox 2287 2846 2304 2883; x_wconf 87' lang='lat'><strong><em>:</em></strong></span> <span class='ocrx_word' id='word_1_519' title='bbox 2346 2830 2490 2886; x_wconf 82' lang='lat' dir='ltr'><strong>Idem</strong></span> <span class='ocrx_word' id='word_1_520' title='bbox 2540 2846 2671 2886; x_wconf 86' lang='lat' dir='ltr'><strong>vero</strong></span> <span class='ocrx_word' id='word_1_521' title='bbox 2727 2832 3025 2889; x_wconf 73' lang='lat' dir='ltr'><strong>imperator</strong></span> <span class='ocrx_word' id='word_1_522' title='bbox 3066 2848 3214 2890; x_wconf 72' lang='lat' dir='ltr'><strong>cum</strong></span> <span class='ocrx_word' id='word_1_523' title='bbox 3247 2834 3361 2904; x_wconf 79' lang='lat' dir='ltr'><strong>jam</strong></span> 
     </span>
    </p>
   </div>
   <div class='ocr_carea' id='block_1_73' title="bbox 1985 2902 2893 2969">
    <p class='ocr_par' dir='ltr' id='par_1_73' title="bbox 1985 2902 2893 2969">
     <span class='ocr_line' id='line_1_73' title="bbox 1985 2902 2893 2969; baseline -0.001 -13"><span class='ocrx_word' id='word_1_524' title='bbox 1985 2902 2197 2967; x_wconf 90' lang='lat' dir='ltr'><strong>morbo,</strong></span> <span class='ocrx_word' id='word_1_525' title='bbox 2225 2909 2325 2956; x_wconf 85' lang='lat' dir='ltr'><strong>etc.</strong></span> <span class='ocrx_word' id='word_1_526' title='bbox 2616 2962 2622 2969; x_wconf 40' lang='grc'><em>,</em></span> <span class='ocrx_word' id='word_1_527' title='bbox 2890 2966 2893 2967; x_wconf 19' lang='grc' dir='ltr'><em>ν</em></span> 
     </span>
    </p>
   </div>
   <div class='ocr_carea' id='block_1_74' title="bbox 1846 2984 3363 3064">
    <p class='ocr_par' dir='ltr' id='par_1_74' title="bbox 1846 2984 3363 3064">
     <span class='ocr_line' id='line_1_74' title="bbox 1846 2984 3363 3064; baseline 0.004 -18"><span class='ocrx_word' id='word_1_528' title='bbox 1846 2998 1862 3015; x_wconf 76' lang='grc'><strong>⁸</strong></span> <span class='ocrx_word' id='word_1_529' title='bbox 1895 2993 2205 3063; x_wconf 81' lang='lat' dir='ltr'><strong>Stephanus</strong></span> <span class='ocrx_word' id='word_1_530' title='bbox 2232 2993 2320 3026; x_wconf 77' lang='lat'><strong>“&quot;</strong></span> <span class='ocrx_word' id='word_1_531' title='bbox 2353 3009 2489 3064; x_wconf 84' lang='lat' dir='ltr'><strong>papa</strong></span> <span class='ocrx_word' id='word_1_532' title='bbox 2518 2993 2647 3049; x_wconf 65' lang='lat'><strong>94&#39;&quot;</strong></span> <span class='ocrx_word' id='word_1_533' title='bbox 2676 2994 2815 3050; x_wconf 89' lang='lat' dir='ltr'><strong>sedit</strong></span> <span class='ocrx_word' id='word_1_534' title='bbox 2841 2984 3017 3052; x_wconf 87' lang='lat' dir='ltr'><strong>annos</strong></span> <span class='ocrx_word' id='word_1_535' title='bbox 3047 2996 3109 3063; x_wconf 77' lang='grc'><strong>5,</strong></span> <span class='ocrx_word' id='word_1_536' title='bbox 3142 3010 3363 3053; x_wconf 85' lang='lat' dir='ltr'><strong>menses</strong></span> 
     </span>
    </p>
   </div>
   <div class='ocr_carea' id='block_1_75' title="bbox 1773 3084 2350 3146">
    <p class='ocr_par' dir='ltr' id='par_1_75' title="bbox 1773 3084 2350 3146">
     <span class='ocr_line' id='line_1_75' title="bbox 1773 3084 2350 3146; baseline -0.005 -9"><span class='ocrx_word' id='word_1_537' title='bbox 1773 3085 1826 3146; x_wconf 82' lang='grc'><strong>5,</strong></span> <span class='ocrx_word' id='word_1_538' title='bbox 1858 3084 1977 3139; x_wconf 80' lang='lat' dir='ltr'><strong>dies</strong></span> <span class='ocrx_word' id='word_1_539' title='bbox 2006 3084 2098 3139; x_wconf 75' lang='lat'><strong>’28.</strong></span> <span class='ocrx_word' id='word_1_540' title='bbox 2217 3096 2222 3105; x_wconf 89' lang='lat'><strong>&#39;</strong></span> <span class='ocrx_word' id='word_1_541' title='bbox 2346 3130 2350 3134; x_wconf 92' lang='lat'><strong>.</strong></span> 
     </span>
    </p>
   </div>
   <div class='ocr_carea' id='block_1_76' title="bbox 1914 3174 3362 3235">
    <p class='ocr_par' dir='ltr' id='par_1_76' title="bbox 1914 3174 3362 3235">
     <span class='ocr_line' id='line_1_76' title="bbox 1914 3174 3362 3235; baseline 0.004 -6"><span class='ocrx_word' id='word_1_542' title='bbox 1914 3179 1934 3200; x_wconf 81' lang='grc'><strong><em>⁶</em></strong></span> <span class='ocrx_word' id='word_1_543' title='bbox 1968 3175 2031 3230; x_wconf 91' lang='lat' dir='ltr'><strong>D.</strong></span> <span class='ocrx_word' id='word_1_544' title='bbox 2076 3174 2137 3230; x_wconf 80' lang='grc' dir='ltr'><strong>Ε.</strong></span> <span class='ocrx_word' id='word_1_545' title='bbox 2178 3176 2382 3231; x_wconf 84' lang='lat' dir='ltr'><strong>addunt</strong></span> <span class='ocrx_word' id='word_1_546' title='bbox 2406 3176 2431 3231; x_wconf 40' lang='lat'><strong>:‘</strong></span> <span class='ocrx_word' id='word_1_547' title='bbox 2454 3177 2626 3234; x_wconf 78' lang='lat' dir='ltr'><strong>Rome</strong></span> <span class='ocrx_word' id='word_1_548' title='bbox 2651 3178 2820 3233; x_wconf 83' lang='lat' dir='ltr'><strong>Paulo</strong></span> <span class='ocrx_word' id='word_1_549' title='bbox 2842 3208 2914 3218; x_wconf 94' lang='lat'><strong>—</strong></span> <span class='ocrx_word' id='word_1_550' title='bbox 2936 3179 3213 3234; x_wconf 87' lang='lat' dir='ltr'><strong>seandalo.</strong></span> <span class='ocrx_word' id='word_1_551' title='bbox 3249 3178 3362 3235; x_wconf 80' lang='lat' dir='ltr'><strong>Hoc</strong></span> 
     </span>
    </p>
   </div>
   <div class='ocr_carea' id='block_1_77' title="bbox 1984 3248 3364 3319">
    <p class='ocr_par' dir='ltr' id='par_1_77' title="bbox 1984 3248 3364 3319">
     <span class='ocr_line' id='line_1_77' title="bbox 1984 3248 3364 3319; baseline 0.003 -18"><span class='ocrx_word' id='word_1_552' title='bbox 1984 3261 2080 3319; x_wconf 81' lang='lat' dir='ltr'><strong>per</strong></span> <span class='ocrx_word' id='word_1_553' title='bbox 2104 3248 2279 3319; x_wconf 77' lang='lat' dir='ltr'><strong>zelum</strong></span> <span class='ocrx_word' id='word_1_554' title='bbox 2300 3278 2372 3287; x_wconf 92' lang='lat'><strong>——</strong></span> <span class='ocrx_word' id='word_1_555' title='bbox 2393 3249 2626 3319; x_wconf 80' lang='lat' dir='ltr'><strong>privato.</strong></span> <span class='ocrx_word' id='word_1_556' title='bbox 2667 3259 2715 3304; x_wconf 86' lang='lat' dir='ltr'><strong>et</strong></span> <span class='ocrx_word' id='word_1_557' title='bbox 2742 3259 2857 3319; x_wconf 75' lang='lat' dir='ltr'><strong>post</strong></span> <span class='ocrx_word' id='word_1_558' title='bbox 2884 3249 2991 3305; x_wconf 89' lang='lat'><strong>28:</strong></span> <span class='ocrx_word' id='word_1_559' title='bbox 3030 3248 3129 3305; x_wconf 85' lang='lat' dir='ltr'><strong>ilic</strong></span> <span class='ocrx_word' id='word_1_560' title='bbox 3157 3259 3269 3319; x_wconf 77' lang='lat' dir='ltr'><strong>tam</strong></span> <span class='ocrx_word' id='word_1_561' title='bbox 3291 3280 3364 3290; x_wconf 83' lang='lat'><strong>——-</strong></span> 
     </span>
    </p>
   </div>
   <div class='ocr_carea' id='block_1_78' title="bbox 1941 3316 3359 3392">
    <p class='ocr_par' dir='ltr' id='par_1_78' title="bbox 1941 3316 3359 3392">
     <span class='ocr_line' id='line_1_78' title="bbox 1941 3316 3359 3392; baseline 0.002 -19"><span class='ocrx_word' id='word_1_562' title='bbox 1941 3352 1947 3359; x_wconf 68' lang='grc' dir='ltr'><strong><em>ε</em></strong></span> <span class='ocrx_word' id='word_1_563' title='bbox 1980 3317 2205 3392; x_wconf 66' lang='lat' dir='ltr'><strong>erisma,</strong></span> <span class='ocrx_word' id='word_1_564' title='bbox 2237 3316 2653 3392; x_wconf 67' lang='lat' dir='ltr'><strong>venerationem</strong></span> <span class='ocrx_word' id='word_1_565' title='bbox 2686 3316 2868 3377; x_wconf 54' lang='lat' dir='ltr'><strong>s.&#39;i.c.</strong></span> <span class='ocrx_word' id='word_1_566' title='bbox 2888 3335 3010 3391; x_wconf 90' lang='lat' dir='ltr'><strong>e.p.</strong></span> <span class='ocrx_word' id='word_1_567' title='bbox 3039 3337 3169 3376; x_wconf 60' lang='lat' dir='ltr'><strong>mea:</strong></span> <span class='ocrx_word' id='word_1_568' title='bbox 3182 3318 3359 3392; x_wconf 71' lang='lat' dir='ltr'><strong>Sigeo.</strong></span> 
     </span>
    </p>
   </div>
   <div class='ocr_carea' id='block_1_79' title="bbox 1981 3387 2404 3444">
    <p class='ocr_par' dir='ltr' id='par_1_79' title="bbox 1981 3387 2404 3444">
     <span class='ocr_line' id='line_1_79' title="bbox 1981 3387 2404 3444; baseline 0.002 -3"><span class='ocrx_word' id='word_1_569' title='bbox 1981 3404 2035 3442; x_wconf 84' lang='grc' dir='ltr'><strong>α.</strong></span> <span class='ocrx_word' id='word_1_570' title='bbox 2070 3387 2173 3443; x_wconf 88' lang='grc'>767</span> <span class='ocrx_word' id='word_1_571' title='bbox 2201 3396 2253 3444; x_wconf 75' lang='lat' dir='ltr'><strong>et</strong></span> <span class='ocrx_word' id='word_1_572' title='bbox 2283 3387 2404 3444; x_wconf 83' lang='lat'><strong>768.</strong></span> 
     </span>
    </p>
   </div>
   <div class='ocr_carea' id='block_1_80' title="bbox 1895 3498 2363 3555">
    <p class='ocr_par' dir='ltr' id='par_1_80' title="bbox 1895 3498 2363 3555">
     <span class='ocr_line' id='line_1_80' title="bbox 1895 3498 2363 3555; baseline 0.006 -3"><span class='ocrx_word' id='word_1_573' title='bbox 1895 3498 2039 3554; x_wconf 81' lang='lat' dir='ltr'><strong>Anni</strong></span> <span class='ocrx_word' id='word_1_574' title='bbox 2198 3498 2363 3555; x_wconf 86' lang='lat' dir='ltr'><strong>Anni.</strong></span> 
     </span>
    </p>
   </div>
   <div class='ocr_carea' id='block_1_81' title="bbox 1770 3567 2382 3627">
    <p class='ocr_par' dir='ltr' id='par_1_81' title="bbox 1770 3567 2382 3627">
     <span class='ocr_line' id='line_1_81' title="bbox 1770 3567 2382 3627; baseline 0.01 -6"><span class='ocrx_word' id='word_1_575' title='bbox 1770 3567 2134 3625; x_wconf 83' lang='lat' dir='ltr'><strong>Constantini.</strong></span> <span class='ocrx_word' id='word_1_576' title='bbox 2175 3567 2382 3627; x_wconf 83' lang='lat' dir='ltr'><strong>Karoli.</strong></span> 
     </span>
    </p>
   </div>
   <div class='ocr_carea' id='block_1_82' title="bbox 1909 3660 3358 3724">
    <p class='ocr_par' dir='ltr' id='par_1_82' title="bbox 1909 3660 3358 3724">
     <span class='ocr_line' id='line_1_82' title="bbox 1909 3660 3358 3724; baseline 0.006 -10"><span class='ocrx_word' id='word_1_577' title='bbox 1909 3660 2003 3715; x_wconf 91' lang='lat'><strong>28.</strong></span> <span class='ocrx_word' id='word_1_578' title='bbox 2246 3661 2297 3716; x_wconf 77' lang='grc'><strong>1.</strong></span> <span class='ocrx_word' id='word_1_579' title='bbox 2478 3662 2637 3719; x_wconf 88' lang='lat' dir='ltr'><strong>Anno</strong></span> <span class='ocrx_word' id='word_1_580' title='bbox 2658 3663 2947 3720; x_wconf 64' lang='lat' dir='ltr'><strong>dominicae</strong></span> <span class='ocrx_word' id='word_1_581' title='bbox 2966 3665 3358 3724; x_wconf 85' lang='lat' dir='ltr'><strong>incarnationis</strong></span> 
     </span>
    </p>
   </div>
   <div class='ocr_carea' id='block_1_83' title="bbox 1771 3748 3358 3828">
    <p class='ocr_par' dir='ltr' id='par_1_83' title="bbox 1771 3748 3358 3828">
     <span class='ocr_line' id='line_1_83' title="bbox 1771 3748 3358 3828; baseline 0.006 -26"><span class='ocrx_word' id='word_1_582' title='bbox 1771 3749 1895 3816; x_wconf 79' lang='lat'><strong>769,</strong></span> <span class='ocrx_word' id='word_1_583' title='bbox 1910 3748 2140 3807; x_wconf 82' lang='lat' dir='ltr'><strong>Karolus</strong></span> <span class='ocrx_word' id='word_1_584' title='bbox 2153 3749 2401 3823; x_wconf 86' lang='lat' dir='ltr'><strong>Magnus,</strong></span> <span class='ocrx_word' id='word_1_585' title='bbox 2415 3751 2627 3824; x_wconf 86' lang='lat' dir='ltr'><strong>Pippini</strong></span> <span class='ocrx_word' id='word_1_586' title='bbox 2645 3755 2807 3822; x_wconf 77' lang='lat' dir='ltr'><strong>filius,</strong></span> <span class='ocrx_word' id='word_1_587' title='bbox 2822 3756 2999 3818; x_wconf 82' lang='lat' dir='ltr'><strong>diviso</strong></span> <span class='ocrx_word' id='word_1_588' title='bbox 3014 3766 3134 3828; x_wconf 89' lang='lat' dir='ltr'><strong>post</strong></span> <span class='ocrx_word' id='word_1_589' title='bbox 3149 3767 3358 3828; x_wconf 90' lang='lat' dir='ltr'><strong>patrem</strong></span> 
     </span>
    </p>
   </div>
   <div class='ocr_carea' id='block_1_84' title="bbox 1772 3844 3362 3922">
    <p class='ocr_par' dir='ltr' id='par_1_84' title="bbox 1772 3844 3362 3922">
     <span class='ocr_line' id='line_1_84' title="bbox 1772 3844 3362 3922; baseline 0.005 -24"><span class='ocrx_word' id='word_1_590' title='bbox 1772 3859 1960 3914; x_wconf 89' lang='lat' dir='ltr'><strong>regno,</strong></span> <span class='ocrx_word' id='word_1_591' title='bbox 1986 3860 2110 3900; x_wconf 91' lang='lat' dir='ltr'><strong>cum</strong></span> <span class='ocrx_word' id='word_1_592' title='bbox 2139 3845 2307 3901; x_wconf 88' lang='lat' dir='ltr'><strong>fratre</strong></span> <span class='ocrx_word' id='word_1_593' title='bbox 2334 3844 2429 3917; x_wconf 86' lang='lat' dir='ltr'><strong>(cf.</strong></span> <span class='ocrx_word' id='word_1_594' title='bbox 2458 3846 2585 3903; x_wconf 84' lang='lat' dir='ltr'><strong>Chr.</strong></span> <span class='ocrx_word' id='word_1_595' title='bbox 2603 3847 2716 3918; x_wconf 88' lang='lat' dir='ltr'><strong>W.)</strong></span> <span class='ocrx_word' id='word_1_596' title='bbox 2740 3847 3109 3905; x_wconf 88' lang='lat' dir='ltr'><strong>Karlomanno</strong></span> <span class='ocrx_word' id='word_1_597' title='bbox 3132 3865 3362 3922; x_wconf 87' lang='lat' dir='ltr'><strong>regnare</strong></span> 
     </span>
    </p>
   </div>
   <div class='ocr_carea' id='block_1_85' title="bbox 1768 3924 3359 4005">
    <p class='ocr_par' dir='ltr' id='par_1_85' title="bbox 1768 3924 3359 4005">
     <span class='ocr_line' id='line_1_85' title="bbox 1768 3924 3359 4005; baseline 0.003 -16"><span class='ocrx_word' id='word_1_598' title='bbox 1768 3935 1953 4003; x_wconf 84' lang='lat' dir='ltr'><strong>coepit,</strong></span> <span class='ocrx_word' id='word_1_599' title='bbox 1972 3942 2028 3990; x_wconf 93' lang='lat' dir='ltr'><strong>et</strong></span> <span class='ocrx_word' id='word_1_600' title='bbox 2054 3934 2123 3989; x_wconf 76' lang='grc'><strong>46</strong></span> <span class='ocrx_word' id='word_1_601' title='bbox 2146 3924 2392 4005; x_wconf 83' lang='lat' dir='ltr'><strong>regnavit</strong></span> <span class='ocrx_word' id='word_1_602' title='bbox 2409 3936 2589 4004; x_wconf 92' lang='lat' dir='ltr'><strong>annis,</strong></span> <span class='ocrx_word' id='word_1_603' title='bbox 2613 3937 2790 3993; x_wconf 91' lang='lat' dir='ltr'><strong>tribus</strong></span> <span class='ocrx_word' id='word_1_604' title='bbox 2816 3953 2940 3994; x_wconf 91' lang='lat' dir='ltr'><strong>cum</strong></span> <span class='ocrx_word' id='word_1_605' title='bbox 2964 3938 3151 4005; x_wconf 87' lang='lat' dir='ltr'><strong>fratre,</strong></span> <span class='ocrx_word' id='word_1_606' title='bbox 3175 3939 3244 3994; x_wconf 73' lang='grc'><strong>45</strong></span> <span class='ocrx_word' id='word_1_607' title='bbox 3266 3954 3359 3994; x_wconf 84' lang='lat' dir='ltr'><strong>se-</strong></span> 
     </span>
    </p>
   </div>
   <div class='ocr_carea' id='block_1_86' title="bbox 1769 4013 3363 4097">
    <p class='ocr_par' dir='ltr' id='par_1_86' title="bbox 1769 4013 3363 4097">
     <span class='ocr_line' id='line_1_86' title="bbox 1769 4013 3363 4097; baseline 0.004 -21"><span class='ocrx_word' id='word_1_608' title='bbox 1769 4013 2061 4093; x_wconf 75' lang='lat' dir='ltr'><strong>lus&#39;postea</strong></span> <span class='ocrx_word' id='word_1_609' title='bbox 2087 4021 2266 4094; x_wconf 75' lang='lat' dir='ltr'><strong>(EINII.</strong></span> <span class='ocrx_word' id='word_1_610' title='bbox 2296 4023 2483 4094; x_wconf 82' lang='lat' dir='ltr'><strong>Ann.).</strong></span> <span class='ocrx_word' id='word_1_611' title='bbox 2511 4024 2684 4096; x_wconf 83' lang='lat' dir='ltr'><strong>Cujus</strong></span> <span class='ocrx_word' id='word_1_612' title='bbox 2703 4042 2851 4082; x_wconf 88' lang='lat' dir='ltr'><strong>anno</strong></span> <span class='ocrx_word' id='word_1_613' title='bbox 2871 4028 3050 4097; x_wconf 90' lang='lat' dir='ltr'><strong>primo</strong></span> <span class='ocrx_word' id='word_1_614' title='bbox 3074 4025 3363 4083; x_wconf 83' lang='lat' dir='ltr'><strong>liunoldus</strong></span> 
     </span>
    </p>
   </div>
   <div class='ocr_carea' id='block_1_87' title="bbox 1767 4113 3354 4185">
    <p class='ocr_par' dir='ltr' id='par_1_87' title="bbox 1767 4113 3354 4185">
     <span class='ocr_line' id='line_1_87' title="bbox 1767 4113 3354 4185; baseline 0.002 -17"><span class='ocrx_word' id='word_1_615' title='bbox 1767 4113 1989 4184; x_wconf 90' lang='lat' dir='ltr'><strong>quidam</strong></span> <span class='ocrx_word' id='word_1_616' title='bbox 2011 4113 2385 4185; x_wconf 86' lang='lat' dir='ltr'><strong>Aquitaniam,</strong></span> <span class='ocrx_word' id='word_1_617' title='bbox 2419 4130 2541 4185; x_wconf 73' lang='lat' dir='ltr'><strong>qua:</strong></span> <span class='ocrx_word' id='word_1_618' title='bbox 2568 4114 2622 4169; x_wconf 92' lang='lat' dir='ltr'><strong>in</strong></span> <span class='ocrx_word' id='word_1_619' title='bbox 2654 4125 2855 4171; x_wconf 79' lang='lat' dir='ltr'><strong>sortem</strong></span> <span class='ocrx_word' id='word_1_620' title='bbox 2881 4114 3064 4171; x_wconf 82' lang='lat' dir='ltr'><strong>Karoli</strong></span> <span class='ocrx_word' id='word_1_621' title='bbox 3093 4128 3354 4182; x_wconf 90' lang='lat' dir='ltr'><strong>cesserat,</strong></span> 
     </span>
    </p>
   </div>
   <div class='ocr_carea' id='block_1_88' title="bbox 1770 4203 3360 4275">
    <p class='ocr_par' dir='ltr' id='par_1_88' title="bbox 1770 4203 3360 4275">
     <span class='ocr_line' id='line_1_88' title="bbox 1770 4203 3360 4275; baseline 0.005 -15"><span class='ocrx_word' id='word_1_622' title='bbox 1770 4203 1989 4272; x_wconf 86' lang='lat' dir='ltr'><strong>invasit,</strong></span> <span class='ocrx_word' id='word_1_623' title='bbox 2016 4213 2069 4260; x_wconf 90' lang='lat' dir='ltr'><strong>et</strong></span> <span class='ocrx_word' id='word_1_624' title='bbox 2101 4205 2518 4275; x_wconf 88' lang='lat' dir='ltr'><strong>provincialium</strong></span> <span class='ocrx_word' id='word_1_625' title='bbox 2541 4207 2756 4262; x_wconf 88' lang='lat' dir='ltr'><strong>animos</strong></span> <span class='ocrx_word' id='word_1_626' title='bbox 2785 4208 2853 4262; x_wconf 88' lang='lat' dir='ltr'><strong>ad</strong></span> <span class='ocrx_word' id='word_1_627' title='bbox 2878 4208 3199 4263; x_wconf 88' lang='lat' dir='ltr'><strong>concitanda</strong></span> <span class='ocrx_word' id='word_1_628' title='bbox 3222 4226 3360 4269; x_wconf 81' lang='lat' dir='ltr'><strong>nova</strong></span> 
     </span>
    </p>
   </div>
   <div class='ocr_carea' id='block_1_89' title="bbox 1768 4296 3361 4369">
    <p class='ocr_par' dir='ltr' id='par_1_89' title="bbox 1768 4296 3361 4369">
     <span class='ocr_line' id='line_1_89' title="bbox 1768 4296 3361 4369; baseline 0 -16"><span class='ocrx_word' id='word_1_629' title='bbox 1768 4296 2263 4364; x_wconf 76' lang='lat' dir='ltr'><strong>exeitaus,bellum,</strong></span> <span class='ocrx_word' id='word_1_630' title='bbox 2278 4297 2422 4367; x_wconf 83' lang='lat' dir='ltr'><strong>quod</strong></span> <span class='ocrx_word' id='word_1_631' title='bbox 2442 4307 2595 4368; x_wconf 92' lang='lat' dir='ltr'><strong>pater</strong></span> <span class='ocrx_word' id='word_1_632' title='bbox 2605 4298 2725 4368; x_wconf 89' lang='lat' dir='ltr'><strong>ejus</strong></span> <span class='ocrx_word' id='word_1_633' title='bbox 2736 4297 2793 4351; x_wconf 87' lang='lat' dir='ltr'><strong>Pi</strong></span> <span class='ocrx_word' id='word_1_634' title='bbox 2798 4299 2997 4369; x_wconf 92' lang='lat' dir='ltr'><strong>ppinus</strong></span> <span class='ocrx_word' id='word_1_635' title='bbox 3008 4299 3193 4355; x_wconf 90' lang='lat' dir='ltr'><strong>occiso</strong></span> <span class='ocrx_word' id='word_1_636' title='bbox 3208 4299 3361 4362; x_wconf 63' lang='lat' dir='ltr'><strong>Wa}-</strong></span> 
     </span>
    </p>
   </div>
   <div class='ocr_carea' id='block_1_90' title="bbox 1771 4387 3463 4471">
    <p class='ocr_par' dir='ltr' id='par_1_90' title="bbox 1771 4387 3463 4471">
     <span class='ocr_line' id='line_1_90' title="bbox 1771 4387 3463 4471; baseline 0.002 -29"><span class='ocrx_word' id='word_1_637' title='bbox 1771 4387 1910 4443; x_wconf 90' lang='lat' dir='ltr'><strong>fario</strong></span> <span class='ocrx_word' id='word_1_638' title='bbox 1926 4402 2339 4444; x_wconf 88' lang='lat' dir='ltr'><strong>consummasse</strong></span> <span class='ocrx_word' id='word_1_639' title='bbox 2352 4388 2503 4445; x_wconf 90' lang='lat' dir='ltr'><strong>visus</strong></span> <span class='ocrx_word' id='word_1_640' title='bbox 2516 4397 2623 4455; x_wconf 91' lang='lat' dir='ltr'><strong>est,</strong></span> <span class='ocrx_word' id='word_1_641' title='bbox 2649 4390 2947 4445; x_wconf 88' lang='lat' dir='ltr'><strong>renovavit.</strong></span> <span class='ocrx_word' id='word_1_642' title='bbox 2962 4389 3168 4451; x_wconf 87' lang='lat' dir='ltr'><strong>Contra</strong></span> <span class='ocrx_word' id='word_1_643' title='bbox 3193 4406 3359 4462; x_wconf 84' lang='lat' dir='ltr'><strong>quem</strong></span> <span class='ocrx_word' id='word_1_644' title='bbox 3456 4465 3463 4471; x_wconf 83' lang='lat'><strong>_</strong></span> 
     </span>
    </p>
   </div>
   <div class='ocr_carea' id='block_1_91' title="bbox 1772 4478 3361 4551">
    <p class='ocr_par' dir='ltr' id='par_1_91' title="bbox 1772 4478 3361 4551">
     <span class='ocr_line' id='line_1_91' title="bbox 1772 4478 3361 4551; baseline 0.006 -19"><span class='ocrx_word' id='word_1_645' title='bbox 1772 4478 2004 4535; x_wconf 84' lang='lat' dir='ltr'><strong>Karolus</strong></span> <span class='ocrx_word' id='word_1_646' title='bbox 2030 4478 2339 4550; x_wconf 87' lang='lat' dir='ltr'><strong>profectus,</strong></span> <span class='ocrx_word' id='word_1_647' title='bbox 2380 4478 2567 4535; x_wconf 86' lang='lat' dir='ltr'><strong>fratris</strong></span> <span class='ocrx_word' id='word_1_648' title='bbox 2598 4480 2861 4535; x_wconf 72' lang='lat' dir='ltr'><strong>auxilium</strong></span> <span class='ocrx_word' id='word_1_649' title='bbox 2895 4480 3226 4551; x_wconf 90' lang='lat' dir='ltr'><strong>postulavit;</strong></span> <span class='ocrx_word' id='word_1_650' title='bbox 3263 4483 3361 4541; x_wconf 88' lang='lat' dir='ltr'><strong>sed</strong></span> 
     </span>
    </p>
   </div>
   <div class='ocr_carea' id='block_1_92' title="bbox 115 4555 3355 4644">
    <p class='ocr_par' dir='ltr' id='par_1_92' title="bbox 115 4555 3355 4644">
     <span class='ocr_line' id='line_1_92' title="bbox 115 4555 3355 4644; baseline 0.003 -25"><span class='ocrx_word' id='word_1_651' title='bbox 115 4566 253 4630; x_wconf 80' lang='lat' dir='ltr'><strong>loque</strong></span> <span class='ocrx_word' id='word_1_652' title='bbox 277 4566 437 4637; x_wconf 84' lang='lat' dir='ltr'><strong>capiti</strong></span> <span class='ocrx_word' id='word_1_653' title='bbox 461 4568 585 4638; x_wconf 84' lang='lat' dir='ltr'><strong>ejus</strong></span> <span class='ocrx_word' id='word_1_654' title='bbox 608 4567 935 4634; x_wconf 88' lang='lat' dir='ltr'><strong>diademate,</strong></span> <span class='ocrx_word' id='word_1_655' title='bbox 963 4568 1347 4639; x_wconf 85' lang='lat' dir='ltr'><strong>imperatorem</strong></span> <span class='ocrx_word' id='word_1_656' title='bbox 1379 4577 1433 4626; x_wconf 92' lang='lat' dir='ltr'><strong>et</strong></span> <span class='ocrx_word' id='word_1_657' title='bbox 1461 4585 1667 4641; x_wconf 82' lang='lat' dir='ltr'><strong>augus-</strong></span> <span class='ocrx_word' id='word_1_658' title='bbox 1698 4555 1746 4616; x_wconf 83' lang='grc' dir='ltr'><strong>Ῑ)</strong></span> <span class='ocrx_word' id='word_1_659' title='bbox 1773 4566 2196 4640; x_wconf 88' lang='lat' dir='ltr'><strong>impedientibus</strong></span> <span class='ocrx_word' id='word_1_660' title='bbox 2229 4569 2391 4625; x_wconf 87' lang='lat' dir='ltr'><strong>malis</strong></span> <span class='ocrx_word' id='word_1_661' title='bbox 2418 4570 2759 4639; x_wconf 90' lang='lat' dir='ltr'><strong>hominibus,</strong></span> <span class='ocrx_word' id='word_1_662' title='bbox 2789 4572 2989 4633; x_wconf 83' lang='lat' dir='ltr'><strong>habere</strong></span> <span class='ocrx_word' id='word_1_663' title='bbox 3015 4574 3355 4644; x_wconf 86' lang='lat' dir='ltr'><strong>non’potuit;</strong></span> 
     </span>
    </p>
   </div>
   <div class='ocr_carea' id='block_1_93' title="bbox 115 4653 1669 4731">
    <p class='ocr_par' dir='ltr' id='par_1_93' title="bbox 115 4653 1669 4731">
     <span class='ocr_line' id='line_1_93' title="bbox 115 4653 1669 4731; baseline 0.006 -26"><span class='ocrx_word' id='word_1_664' title='bbox 115 4659 210 4706; x_wconf 87' lang='lat' dir='ltr'><strong>tum</strong></span> <span class='ocrx_word' id='word_1_665' title='bbox 235 4653 397 4724; x_wconf 89' lang='lat' dir='ltr'><strong>jussit</strong></span> <span class='ocrx_word' id='word_1_666' title='bbox 423 4656 708 4729; x_wconf 85' lang='lat' dir='ltr'><strong>appellari.</strong></span> <span class='ocrx_word' id='word_1_667' title='bbox 748 4656 1073 4729; x_wconf 85' lang='lat' dir='ltr'><strong>Susceptum</strong></span> <span class='ocrx_word' id='word_1_668' title='bbox 1100 4667 1185 4714; x_wconf 89' lang='lat' dir='ltr'><strong>est</strong></span> <span class='ocrx_word' id='word_1_669' title='bbox 1210 4659 1317 4715; x_wconf 87' lang='lat' dir='ltr'><strong>hoc</strong></span> <span class='ocrx_word' id='word_1_670' title='bbox 1337 4658 1458 4731; x_wconf 90' lang='lat' dir='ltr'><strong>ejus</strong></span> <span class='ocrx_word' id='word_1_671' title='bbox 1484 4660 1669 4716; x_wconf 89' lang='lat' dir='ltr'><strong>consi-</strong></span> 
     </span>
    </p>
   </div>
   <div class='ocr_carea' id='block_1_94' title="bbox 113 4739 1662 4823">
    <p class='ocr_par' dir='ltr' id='par_1_94' title="bbox 113 4739 1662 4823">
     <span class='ocr_line' id='line_1_94' title="bbox 113 4739 1662 4823; baseline 0.007 -27"><span class='ocrx_word' id='word_1_672' title='bbox 113 4739 227 4800; x_wconf 86' lang='lat' dir='ltr'><strong>lium</strong></span> <span class='ocrx_word' id='word_1_673' title='bbox 265 4746 333 4802; x_wconf 94' lang='lat' dir='ltr'><strong>ab</strong></span> <span class='ocrx_word' id='word_1_674' title='bbox 366 4750 628 4806; x_wconf 88' lang='lat' dir='ltr'><strong>omnibus</strong></span> <span class='ocrx_word' id='word_1_675' title='bbox 658 4750 753 4823; x_wconf 91' lang='lat' dir='ltr'><strong>qui</strong></span> <span class='ocrx_word' id='word_1_676' title='bbox 786 4750 1013 4806; x_wconf 89' lang='lat' dir='ltr'><strong>aderant</strong></span> <span class='ocrx_word' id='word_1_677' title='bbox 1048 4766 1172 4806; x_wconf 91' lang='lat' dir='ltr'><strong>cum</strong></span> <span class='ocrx_word' id='word_1_678' title='bbox 1209 4766 1408 4823; x_wconf 89' lang='lat' dir='ltr'><strong>magno</strong></span> <span class='ocrx_word' id='word_1_679' title='bbox 1439 4750 1662 4817; x_wconf 84' lang='lat' dir='ltr'><strong>favore;</strong></span> 
     </span>
    </p>
   </div>
   <div class='ocr_carea' id='block_1_95' title="bbox 113 4838 1666 4914">
    <p class='ocr_par' dir='ltr' id='par_1_95' title="bbox 113 4838 1666 4914">
     <span class='ocr_line' id='line_1_95' title="bbox 113 4838 1666 4914; baseline 0.008 -29"><span class='ocrx_word' id='word_1_680' title='bbox 113 4847 219 4890; x_wconf 82' lang='lat' dir='ltr'><strong>nam</strong></span> <span class='ocrx_word' id='word_1_681' title='bbox 247 4838 507 4899; x_wconf 84' lang='lat' dir='ltr'><strong>divinitus</strong></span> <span class='ocrx_word' id='word_1_682' title='bbox 541 4839 591 4898; x_wconf 90' lang='lat' dir='ltr'><strong>ei</strong></span> <span class='ocrx_word' id='word_1_683' title='bbox 626 4850 848 4914; x_wconf 84' lang='lat' dir='ltr'><strong>propter</strong></span> <span class='ocrx_word' id='word_1_684' title='bbox 875 4842 1028 4914; x_wconf 85' lang='lat' dir='ltr'><strong>regni</strong></span> <span class='ocrx_word' id='word_1_685' title='bbox 1064 4843 1350 4900; x_wconf 89' lang='lat' dir='ltr'><strong>utilitatem</strong></span> <span class='ocrx_word' id='word_1_686' title='bbox 1382 4843 1666 4899; x_wconf 85' lang='lat' dir='ltr'><strong>videbatur</strong></span> 
     </span>
    </p>
   </div>
   <div class='ocr_carea' id='block_1_96' title="bbox 114 4922 1665 5005">
    <p class='ocr_par' dir='ltr' id='par_1_96' title="bbox 114 4922 1665 5005">
     <span class='ocr_line' id='line_1_96' title="bbox 114 4922 1665 5005; baseline 0.004 -23"><span class='ocrx_word' id='word_1_687' title='bbox 114 4922 449 5001; x_wconf 68' lang='lat' dir='ltr'><strong>inspiratum;</strong></span> <span class='ocrx_word' id='word_1_688' title='bbox 484 4933 747 5005; x_wconf 78' lang='lat' dir='ltr'><strong>auxitque</strong></span> <span class='ocrx_word' id='word_1_689' title='bbox 779 4932 1121 5005; x_wconf 87' lang='lat' dir='ltr'><strong>majestatem</strong></span> <span class='ocrx_word' id='word_1_690' title='bbox 1149 4934 1267 5004; x_wconf 86' lang='lat' dir='ltr'><strong>ejus</strong></span> <span class='ocrx_word' id='word_1_691' title='bbox 1304 4934 1406 4990; x_wconf 90' lang='lat' dir='ltr'><strong>hoc</strong></span> <span class='ocrx_word' id='word_1_692' title='bbox 1439 4932 1665 5001; x_wconf 84' lang='lat' dir='ltr'><strong>factum,</strong></span> 
     </span>
    </p>
   </div>
   <div class='ocr_carea' id='block_1_97' title="bbox 111 5021 1665 5082">
    <p class='ocr_par' dir='ltr' id='par_1_97' title="bbox 111 5021 1665 5082">
     <span class='ocr_line' id='line_1_97' title="bbox 111 5021 1665 5082; baseline 0.01 -16"><span class='ocrx_word' id='word_1_693' title='bbox 111 5022 357 5077; x_wconf 71' lang='lat' dir='ltr'><strong>dexteris</strong></span> <span class='ocrx_word' id='word_1_694' title='bbox 380 5021 700 5080; x_wconf 82' lang='lat' dir='ltr'><strong>nationibus</strong></span> <span class='ocrx_word' id='word_1_695' title='bbox 721 5038 829 5079; x_wconf 90' lang='lat' dir='ltr'><strong>non</strong></span> <span class='ocrx_word' id='word_1_696' title='bbox 856 5023 1145 5079; x_wconf 88' lang='lat' dir='ltr'><strong>minimum</strong></span> <span class='ocrx_word' id='word_1_697' title='bbox 1168 5024 1392 5079; x_wconf 89' lang='lat' dir='ltr'><strong>terroris</strong></span> <span class='ocrx_word' id='word_1_698' title='bbox 1416 5022 1665 5082; x_wconf 85' lang='lat' dir='ltr'><strong>incussit.</strong></span> 
     </span>
    </p>
   </div>
   <div class='ocr_carea' id='block_1_98' title="bbox 114 5106 1671 5189">
    <p class='ocr_par' dir='ltr' id='par_1_98' title="bbox 114 5106 1671 5189">
     <span class='ocr_line' id='line_1_98' title="bbox 114 5106 1671 5189; baseline 0.01 -29"><span class='ocrx_word' id='word_1_699' title='bbox 114 5106 420 5171; x_wconf 66' lang='lat' dir='ltr'><strong>~Dimisso</strong></span> <span class='ocrx_word' id='word_1_700' title='bbox 448 5115 648 5173; x_wconf 88' lang='lat' dir='ltr'><strong>deinde</strong></span> <span class='ocrx_word' id='word_1_701' title='bbox 690 5115 745 5173; x_wconf 92' lang='lat' dir='ltr'><strong>in</strong></span> <span class='ocrx_word' id='word_1_702' title='bbox 782 5116 1131 5189; x_wconf 85' lang='lat' dir='ltr'><strong>Aquitaniam</strong></span> <span class='ocrx_word' id='word_1_703' title='bbox 1175 5115 1320 5185; x_wconf 84' lang='lat' dir='ltr'><strong>tilio,</strong></span> <span class='ocrx_word' id='word_1_704' title='bbox 1360 5116 1476 5188; x_wconf 90' lang='lat' dir='ltr'><strong>ipse</strong></span> <span class='ocrx_word' id='word_1_705' title='bbox 1519 5134 1671 5177; x_wconf 86' lang='lat' dir='ltr'><strong>more</strong></span> 
     </span>
    </p>
   </div>
   <div class='ocr_carea' id='block_1_99' title="bbox 112 5198 1666 5281">
    <p class='ocr_par' dir='ltr' id='par_1_99' title="bbox 112 5198 1666 5281">
     <span class='ocr_line' id='line_1_99' title="bbox 112 5198 1666 5281; baseline 0.01 -30"><span class='ocrx_word' id='word_1_706' title='bbox 112 5198 276 5269; x_wconf 76' lang='lat' dir='ltr'><strong>solito,</strong></span> <span class='ocrx_word' id='word_1_707' title='bbox 309 5206 565 5277; x_wconf 89' lang='lat' dir='ltr'><strong>quamvis</strong></span> <span class='ocrx_word' id='word_1_708' title='bbox 608 5217 885 5265; x_wconf 88' lang='lat' dir='ltr'><strong>senectute</strong></span> <span class='ocrx_word' id='word_1_709' title='bbox 929 5207 1233 5275; x_wconf 87' lang='lat' dir='ltr'><strong>confectus,</strong></span> <span class='ocrx_word' id='word_1_710' title='bbox 1280 5223 1390 5264; x_wconf 92' lang='lat' dir='ltr'><strong>non</strong></span> <span class='ocrx_word' id='word_1_711' title='bbox 1435 5210 1595 5281; x_wconf 90' lang='lat' dir='ltr'><strong>longe</strong></span> <span class='ocrx_word' id='word_1_712' title='bbox 1635 5227 1666 5266; x_wconf 88' lang='lat' dir='ltr'><strong>a</strong></span> 
     </span>
    </p>
   </div>
   <div class='ocr_carea' id='block_1_100' title="bbox 114 5293 1669 5375">
    <p class='ocr_par' dir='ltr' id='par_1_100' title="bbox 114 5293 1669 5375">
     <span class='ocr_line' id='line_1_100' title="bbox 114 5293 1669 5375; baseline 0.004 -21"><span class='ocrx_word' id='word_1_713' title='bbox 114 5293 240 5361; x_wconf 66' lang='lat'><strong>“381:1</strong></span> <span class='ocrx_word' id='word_1_714' title='bbox 270 5296 438 5368; x_wconf 66' lang='lat' dir='ltr'><strong>Aqua:</strong></span> <span class='ocrx_word' id='word_1_715' title='bbox 474 5300 582 5356; x_wconf 91' lang='lat' dir='ltr'><strong>nisi</strong></span> <span class='ocrx_word' id='word_1_716' title='bbox 626 5310 880 5358; x_wconf 88' lang='lat' dir='ltr'><strong>venatum</strong></span> <span class='ocrx_word' id='word_1_717' title='bbox 922 5304 1289 5375; x_wconf 74' lang='lat' dir='ltr'><strong>proﬁciscitur</strong></span> <span class='ocrx_word' id='word_1_718' title='bbox 1312 5346 1327 5372; x_wconf 87' lang='lat'><strong>,</strong></span> <span class='ocrx_word' id='word_1_719' title='bbox 1366 5313 1669 5375; x_wconf 74' lang='lat' dir='ltr'><strong>exactoque</strong></span> 
     </span>
    </p>
   </div>
   <div class='ocr_carea' id='block_1_101' title="bbox 114 5380 1667 5468">
    <p class='ocr_par' dir='ltr' id='par_1_101' title="bbox 114 5380 1667 5468">
     <span class='ocr_line' id='line_1_101' title="bbox 114 5380 1667 5468; baseline 0.012 -33"><span class='ocrx_word' id='word_1_720' title='bbox 114 5380 159 5434; x_wconf 84' lang='lat' dir='ltr'><strong>in</strong></span> <span class='ocrx_word' id='word_1_721' title='bbox 176 5384 543 5457; x_wconf 88' lang='lat' dir='ltr'><strong>hujuscemodi</strong></span> <span class='ocrx_word' id='word_1_722' title='bbox 567 5394 786 5464; x_wconf 90' lang='lat' dir='ltr'><strong>negotio</strong></span> <span class='ocrx_word' id='word_1_723' title='bbox 804 5395 952 5465; x_wconf 92' lang='lat' dir='ltr'><strong>quod</strong></span> <span class='ocrx_word' id='word_1_724' title='bbox 970 5382 1239 5468; x_wconf 83' lang='lat' dir='ltr'><strong>reliquum</strong></span> <span class='ocrx_word' id='word_1_725' title='bbox 1264 5406 1382 5453; x_wconf 90' lang='lat' dir='ltr'><strong>erat</strong></span> <span class='ocrx_word' id='word_1_726' title='bbox 1394 5397 1667 5464; x_wconf 90' lang='lat' dir='ltr'><strong>autumni,</strong></span> 
     </span>
    </p>
   </div>
   <div class='ocr_carea' id='block_1_102' title="bbox 114 5473 1664 5560">
    <p class='ocr_par' dir='ltr' id='par_1_102' title="bbox 114 5473 1664 5560">
     <span class='ocr_line' id='line_1_102' title="bbox 114 5473 1664 5560; baseline 0.01 -30"><span class='ocrx_word' id='word_1_727' title='bbox 114 5473 241 5532; x_wconf 79' lang='lat' dir='ltr'><strong>circa</strong></span> <span class='ocrx_word' id='word_1_728' title='bbox 298 5478 569 5539; x_wconf 80' lang='lat' dir='ltr'><strong>Kalendas</strong></span> <span class='ocrx_word' id='word_1_729' title='bbox 627 5483 889 5543; x_wconf 85' lang='lat' dir='ltr'><strong>Novemb.</strong></span> <span class='ocrx_word' id='word_1_730' title='bbox 954 5488 1299 5560; x_wconf 86' lang='lat' dir='ltr'><strong>Aquasgrani</strong></span> <span class='ocrx_word' id='word_1_731' title='bbox 1354 5490 1664 5546; x_wconf 88' lang='lat' dir='ltr'><strong>revertitur.</strong></span> 
     </span>
    </p>
   </div>
   <div class='ocr_carea' id='block_1_103' title="bbox 110 5564 1667 5662">
    <p class='ocr_par' dir='ltr' id='par_1_103' title="bbox 110 5564 1667 5662">
     <span class='ocr_line' id='line_1_103' title="bbox 110 5564 1667 5662; baseline 0.01 -41"><span class='ocrx_word' id='word_1_732' title='bbox 110 5564 336 5641; x_wconf 71' lang='lat' dir='ltr'><strong>Cumque</strong></span> <span class='ocrx_word' id='word_1_733' title='bbox 360 5573 434 5629; x_wconf 89' lang='lat' dir='ltr'><strong>ibi</strong></span> <span class='ocrx_word' id='word_1_734' title='bbox 465 5574 732 5660; x_wconf 87' lang='lat' dir='ltr'><strong>hiemaret</strong></span> <span class='ocrx_word' id='word_1_735' title='bbox 756 5620 784 5662; x_wconf 16' lang='grc' dir='ltr'><strong>,λ</strong></span> <span class='ocrx_word' id='word_1_736' title='bbox 803 5594 990 5636; x_wconf 85' lang='lat' dir='ltr'><strong>mense</strong></span> <span class='ocrx_word' id='word_1_737' title='bbox 1028 5577 1291 5635; x_wconf 85' lang='lat' dir='ltr'><strong>Januario</strong></span> <span class='ocrx_word' id='word_1_738' title='bbox 1320 5580 1471 5638; x_wconf 85' lang='lat' dir='ltr'><strong>febre</strong></span> <span class='ocrx_word' id='word_1_739' title='bbox 1492 5582 1667 5638; x_wconf 84' lang='lat' dir='ltr'><strong>valida</strong></span> 
     </span>
    </p>
   </div>
   <div class='ocr_carea' id='block_1_104' title="bbox 1774 4661 3392 4735">
    <p class='ocr_par' dir='ltr' id='par_1_104' title="bbox 1774 4661 3392 4735">
     <span class='ocr_line' id='line_1_104' title="bbox 1774 4661 3392 4735; baseline 0.002 -19"><span class='ocrx_word' id='word_1_740' title='bbox 1774 4661 2047 4732; x_wconf 91' lang='lat' dir='ltr'><strong>colloquio</strong></span> <span class='ocrx_word' id='word_1_741' title='bbox 2082 4669 2265 4717; x_wconf 89' lang='lat' dir='ltr'><strong>tamen</strong></span> <span class='ocrx_word' id='word_1_742' title='bbox 2293 4677 2416 4717; x_wconf 90' lang='lat' dir='ltr'><strong>cum</strong></span> <span class='ocrx_word' id='word_1_743' title='bbox 2449 4677 2515 4719; x_wconf 86' lang='lat' dir='ltr'><strong>eo</strong></span> <span class='ocrx_word' id='word_1_744' title='bbox 2551 4663 2736 4721; x_wconf 87' lang='lat' dir='ltr'><strong>habito</strong></span> <span class='ocrx_word' id='word_1_745' title='bbox 2758 4705 2774 4729; x_wconf 90' lang='lat'><strong>,</strong></span> <span class='ocrx_word' id='word_1_746' title='bbox 2812 4663 2879 4718; x_wconf 90' lang='lat' dir='ltr'><strong>ad</strong></span> <span class='ocrx_word' id='word_1_747' title='bbox 2919 4666 3358 4735; x_wconf 84' lang='lat' dir='ltr'><strong>persequendum</strong></span> <span class='ocrx_word' id='word_1_748' title='bbox 3389 4721 3392 4724; x_wconf 73' lang='grc'><strong><em>,</em></strong></span> 
     </span>
    </p>
   </div>
   <div class='ocr_carea' id='block_1_105' title="bbox 1775 4751 3356 4826">
    <p class='ocr_par' dir='ltr' id='par_1_105' title="bbox 1775 4751 3356 4826">
     <span class='ocr_line' id='line_1_105' title="bbox 1775 4751 3356 4826; baseline 0.002 -19"><span class='ocrx_word' id='word_1_749' title='bbox 1775 4751 2089 4809; x_wconf 82' lang='lat' dir='ltr'><strong>Hunoldum</strong></span> <span class='ocrx_word' id='word_1_750' title='bbox 2116 4751 2393 4823; x_wconf 89' lang='lat' dir='ltr'><strong>profectus</strong></span> <span class='ocrx_word' id='word_1_751' title='bbox 2433 4762 2537 4822; x_wconf 86' lang='lat' dir='ltr'><strong>est,</strong></span> <span class='ocrx_word' id='word_1_752' title='bbox 2573 4770 2831 4825; x_wconf 89' lang='lat' dir='ltr'><strong>eumque,</strong></span> <span class='ocrx_word' id='word_1_753' title='bbox 2859 4755 2927 4811; x_wconf 89' lang='lat' dir='ltr'><strong>ad</strong></span> <span class='ocrx_word' id='word_1_754' title='bbox 2965 4753 3180 4826; x_wconf 91' lang='lat' dir='ltr'><strong>Lupum</strong></span> <span class='ocrx_word' id='word_1_755' title='bbox 3221 4753 3356 4817; x_wconf 80' lang='lat' dir='ltr'><strong>Wa-</strong></span> 
     </span>
    </p>
   </div>
   <div class='ocr_carea' id='block_1_106' title="bbox 1775 4843 3364 4920">
    <p class='ocr_par' dir='ltr' id='par_1_106' title="bbox 1775 4843 3364 4920">
     <span class='ocr_line' id='line_1_106' title="bbox 1775 4843 3364 4920; baseline 0.003 -21"><span class='ocrx_word' id='word_1_756' title='bbox 1775 4844 1975 4901; x_wconf 74' lang='lat' dir='ltr'><strong>seonia:</strong></span> <span class='ocrx_word' id='word_1_757' title='bbox 2012 4844 2205 4900; x_wconf 91' lang='lat' dir='ltr'><strong>ducem</strong></span> <span class='ocrx_word' id='word_1_758' title='bbox 2254 4843 2542 4915; x_wconf 84' lang='lat' dir='ltr'><strong>fugitivum</strong></span> <span class='ocrx_word' id='word_1_759' title='bbox 2594 4846 2762 4903; x_wconf 87' lang='lat' dir='ltr'><strong>missa</strong></span> <span class='ocrx_word' id='word_1_760' title='bbox 2811 4846 3110 4918; x_wconf 87' lang='lat' dir='ltr'><strong>legatione,</strong></span> <span class='ocrx_word' id='word_1_761' title='bbox 3158 4848 3364 4920; x_wconf 87' lang='lat' dir='ltr'><strong>recepit</strong></span> 
     </span>
    </p>
   </div>
   <div class='ocr_carea' id='block_1_107' title="bbox 1774 4934 3361 5007">
    <p class='ocr_par' dir='ltr' id='par_1_107' title="bbox 1774 4934 3361 5007">
     <span class='ocr_line' id='line_1_107' title="bbox 1774 4934 3361 5007; baseline 0.003 -18"><span class='ocrx_word' id='word_1_762' title='bbox 1774 4950 1898 4989; x_wconf 91' lang='lat' dir='ltr'><strong>cum</strong></span> <span class='ocrx_word' id='word_1_763' title='bbox 1928 4949 2099 4990; x_wconf 84' lang='lat' dir='ltr'><strong>uxore</strong></span> <span class='ocrx_word' id='word_1_764' title='bbox 2136 4949 2266 5002; x_wconf 89' lang='lat' dir='ltr'><strong>sua,</strong></span> <span class='ocrx_word' id='word_1_765' title='bbox 2307 4934 2535 5007; x_wconf 86' lang='lat' dir='ltr'><strong>ipsoque</strong></span> <span class='ocrx_word' id='word_1_766' title='bbox 2568 4934 2721 5006; x_wconf 86' lang='lat' dir='ltr'><strong>Lupo</strong></span> <span class='ocrx_word' id='word_1_767' title='bbox 2750 4950 2876 4992; x_wconf 90' lang='lat' dir='ltr'><strong>cum</strong></span> <span class='ocrx_word' id='word_1_768' title='bbox 2913 4944 3029 4995; x_wconf 86' lang='lat' dir='ltr'><strong>tota</strong></span> <span class='ocrx_word' id='word_1_769' title='bbox 3065 4935 3361 5000; x_wconf 84' lang='lat' dir='ltr'><strong>Wasconia</strong></span> 
     </span>
    </p>
   </div>
   <div class='ocr_carea' id='block_1_108' title="bbox 1774 5025 2665 5095">
    <p class='ocr_par' dir='ltr' id='par_1_108' title="bbox 1774 5025 2665 5095">
     <span class='ocr_line' id='line_1_108' title="bbox 1774 5025 2665 5095; baseline 0.001 -14"><span class='ocrx_word' id='word_1_770' title='bbox 1774 5026 1877 5082; x_wconf 90' lang='lat' dir='ltr'><strong>sibi</strong></span> <span class='ocrx_word' id='word_1_771' title='bbox 1910 5025 2218 5093; x_wconf 86' lang='lat' dir='ltr'><strong>obediente,</strong></span> <span class='ocrx_word' id='word_1_772' title='bbox 2250 5040 2534 5095; x_wconf 80' lang='lat' dir='ltr'><strong>regressus</strong></span> <span class='ocrx_word' id='word_1_773' title='bbox 2562 5033 2665 5082; x_wconf 90' lang='lat' dir='ltr'><strong>est.</strong></span> 
     </span>
    </p>
   </div>
   <div class='ocr_carea' id='block_1_109' title="bbox 1842 5113 3361 5191">
    <p class='ocr_par' dir='ltr' id='par_1_109' title="bbox 1842 5113 3361 5191">
     <span class='ocr_line' id='line_1_109' title="bbox 1842 5113 3361 5191; baseline 0.005 -20"><span class='ocrx_word' id='word_1_774' title='bbox 1842 5115 1934 5171; x_wconf 88' lang='lat'><strong>29.</strong></span> <span class='ocrx_word' id='word_1_775' title='bbox 1968 5116 2023 5171; x_wconf 89' lang='lat'><strong>2.</strong></span> <span class='ocrx_word' id='word_1_776' title='bbox 2058 5115 2126 5173; x_wconf 85' lang='lat' dir='ltr'><strong>A.</strong></span> <span class='ocrx_word' id='word_1_777' title='bbox 2166 5113 2231 5172; x_wconf 75' lang='lat' dir='ltr'><strong>Il.</strong></span> <span class='ocrx_word' id='word_1_778' title='bbox 2269 5114 2390 5170; x_wconf 90' lang='lat'><strong>770.</strong></span> <span class='ocrx_word' id='word_1_779' title='bbox 2431 5114 2665 5174; x_wconf 84' lang='lat' dir='ltr'><strong>Karolus</strong></span> <span class='ocrx_word' id='word_1_780' title='bbox 2700 5133 2792 5173; x_wconf 81' lang='lat' dir='ltr'><strong>rex</strong></span> <span class='ocrx_word' id='word_1_781' title='bbox 2831 5118 3024 5174; x_wconf 89' lang='lat' dir='ltr'><strong>habuit</strong></span> <span class='ocrx_word' id='word_1_782' title='bbox 3048 5119 3361 5191; x_wconf 86' lang='lat' dir='ltr'><strong>generalem</strong></span> 
     </span>
    </p>
   </div>
   <div class='ocr_carea' id='block_1_110' title="bbox 1771 5212 3355 5282">
    <p class='ocr_par' dir='ltr' id='par_1_110' title="bbox 1771 5212 3355 5282">
     <span class='ocr_line' id='line_1_110' title="bbox 1771 5212 3355 5282; baseline 0.004 -11"><span class='ocrx_word' id='word_1_783' title='bbox 1771 5223 2103 5272; x_wconf 85' lang='lat' dir='ltr'><strong>conventum</strong></span> <span class='ocrx_word' id='word_1_784' title='bbox 2147 5214 2202 5269; x_wconf 91' lang='lat' dir='ltr'><strong>in</strong></span> <span class='ocrx_word' id='word_1_785' title='bbox 2236 5212 2551 5269; x_wconf 88' lang='lat' dir='ltr'><strong>Wormacia</strong></span> <span class='ocrx_word' id='word_1_786' title='bbox 2588 5215 2828 5271; x_wconf 86' lang='lat' dir='ltr'><strong>civitate.</strong></span> <span class='ocrx_word' id='word_1_787' title='bbox 2868 5214 3169 5272; x_wconf 86' lang='lat' dir='ltr'><strong>Berthrada</strong></span> <span class='ocrx_word' id='word_1_788' title='bbox 3195 5229 3355 5282; x_wconf 75' lang='lat' dir='ltr'><strong>vero.</strong></span> 
     </span>
    </p>
   </div>
   <div class='ocr_carea' id='block_1_111' title="bbox 1773 5304 3360 5376">
    <p class='ocr_par' dir='ltr' id='par_1_111' title="bbox 1773 5304 3360 5376">
     <span class='ocr_line' id='line_1_111' title="bbox 1773 5304 3360 5376; baseline -0.001 -14"><span class='ocrx_word' id='word_1_789' title='bbox 1773 5317 1947 5362; x_wconf 83' lang='lat' dir='ltr'><strong>mater</strong></span> <span class='ocrx_word' id='word_1_790' title='bbox 1973 5321 2161 5376; x_wconf 89' lang='lat' dir='ltr'><strong>regum</strong></span> <span class='ocrx_word' id='word_1_791' title='bbox 2186 5346 2207 5372; x_wconf 93' lang='lat'><strong>,</strong></span> <span class='ocrx_word' id='word_1_792' title='bbox 2248 5320 2375 5361; x_wconf 89' lang='lat' dir='ltr'><strong>cum</strong></span> <span class='ocrx_word' id='word_1_793' title='bbox 2428 5304 2801 5362; x_wconf 83' lang='lat' dir='ltr'><strong>Karlomanno</strong></span> <span class='ocrx_word' id='word_1_794' title='bbox 2848 5306 2941 5339; x_wconf 82' lang='lat'><strong>“&quot;</strong></span> <span class='ocrx_word' id='word_1_795' title='bbox 2985 5307 3203 5365; x_wconf 87' lang='lat' dir='ltr'><strong>minore</strong></span> <span class='ocrx_word' id='word_1_796' title='bbox 3245 5306 3360 5366; x_wconf 82' lang='lat' dir='ltr'><strong>lilio</strong></span> 
     </span>
    </p>
   </div>
   <div class='ocr_carea' id='block_1_112' title="bbox 1773 5395 3360 5471">
    <p class='ocr_par' dir='ltr' id='par_1_112' title="bbox 1773 5395 3360 5471">
     <span class='ocr_line' id='line_1_112' title="bbox 1773 5395 3360 5471; baseline 0.001 -18"><span class='ocrx_word' id='word_1_797' title='bbox 1773 5396 1915 5468; x_wconf 90' lang='lat' dir='ltr'><strong>apud</strong></span> <span class='ocrx_word' id='word_1_798' title='bbox 1950 5395 2233 5453; x_wconf 90' lang='lat' dir='ltr'><strong>Salussam</strong></span> <span class='ocrx_word' id='word_1_799' title='bbox 2265 5396 2474 5465; x_wconf 89' lang='lat' dir='ltr'><strong>locata,</strong></span> <span class='ocrx_word' id='word_1_800' title='bbox 2512 5397 2665 5468; x_wconf 89' lang='lat' dir='ltr'><strong>pacis</strong></span> <span class='ocrx_word' id='word_1_801' title='bbox 2697 5413 2866 5455; x_wconf 86' lang='lat' dir='ltr'><strong>causa</strong></span> <span class='ocrx_word' id='word_1_802' title='bbox 2901 5397 2958 5453; x_wconf 90' lang='lat' dir='ltr'><strong>in</strong></span> <span class='ocrx_word' id='word_1_803' title='bbox 2991 5395 3200 5459; x_wconf 80' lang='lat' dir='ltr'><strong>italiam</strong></span> <span class='ocrx_word' id='word_1_804' title='bbox 3228 5413 3360 5471; x_wconf 86' lang='lat' dir='ltr'><strong>pro-</strong></span> 
     </span>
    </p>
   </div>
   <div class='ocr_carea' id='block_1_113' title="bbox 1774 5487 3358 5560">
    <p class='ocr_par' dir='ltr' id='par_1_113' title="bbox 1774 5487 3358 5560">
     <span class='ocr_line' id='line_1_113' title="bbox 1774 5487 3358 5560; baseline 0.003 -17"><span class='ocrx_word' id='word_1_805' title='bbox 1774 5488 2059 5556; x_wconf 85' lang='lat' dir='ltr'><strong>ficiscitur,</strong></span> <span class='ocrx_word' id='word_1_806' title='bbox 2083 5496 2415 5560; x_wconf 86' lang='lat' dir='ltr'><strong>peractoque</strong></span> <span class='ocrx_word' id='word_1_807' title='bbox 2450 5488 2668 5559; x_wconf 89' lang='lat' dir='ltr'><strong>negotio</strong></span> <span class='ocrx_word' id='word_1_808' title='bbox 2693 5504 2794 5560; x_wconf 76' lang='lat' dir='ltr'><strong>pro</strong></span> <span class='ocrx_word' id='word_1_809' title='bbox 2815 5504 2926 5560; x_wconf 91' lang='lat' dir='ltr'><strong>quo</strong></span> <span class='ocrx_word' id='word_1_810' title='bbox 2948 5487 3081 5557; x_wconf 87' lang='lat' dir='ltr'><strong>ibat,</strong></span> <span class='ocrx_word' id='word_1_811' title='bbox 3115 5488 3358 5549; x_wconf 76' lang='lat' dir='ltr'><strong>adoratis</strong></span> 
     </span>
    </p>
   </div>
   <div class='ocr_carea' id='block_1_114' title="bbox 1771 5579 3357 5652">
    <p class='ocr_par' dir='ltr' id='par_1_114' title="bbox 1771 5579 3357 5652">
     <span class='ocr_line' id='line_1_114' title="bbox 1771 5579 3357 5652; baseline 0.004 -16"><span class='ocrx_word' id='word_1_812' title='bbox 1771 5583 1936 5637; x_wconf 90' lang='lat' dir='ltr'><strong>etiam</strong></span> <span class='ocrx_word' id='word_1_813' title='bbox 1974 5579 2161 5635; x_wconf 66' lang='lat' dir='ltr'><strong>Romae</strong></span> <span class='ocrx_word' id='word_1_814' title='bbox 2187 5587 2503 5637; x_wconf 89' lang='lat' dir='ltr'><strong>sanctorum</strong></span> <span class='ocrx_word' id='word_1_815' title='bbox 2539 5581 2909 5652; x_wconf 88' lang='lat' dir='ltr'><strong>apostolorum</strong></span> <span class='ocrx_word' id='word_1_816' title='bbox 2940 5580 3244 5650; x_wconf 83' lang='lat' dir='ltr'><strong>liminibus,</strong></span> <span class='ocrx_word' id='word_1_817' title='bbox 3287 5583 3357 5643; x_wconf 74' lang='lat' dir='ltr'><strong>ad</strong></span> 
     </span>
    </p>
   </div>
   <div class='ocr_carea' id='block_1_115' title="bbox 1393 5691 2059 5750">
    <p class='ocr_par' dir='ltr' id='par_1_115' title="bbox 1393 5691 2059 5750">
     <span class='ocr_line' id='line_1_115' title="bbox 1393 5691 2059 5750; baseline -0.006 0"><span class='ocrx_word' id='word_1_818' title='bbox 1393 5693 1624 5750; x_wconf 69' lang='lat' dir='ltr'><strong>VARIAS</strong></span> <span class='ocrx_word' id='word_1_819' title='bbox 1663 5691 2059 5749; x_wconf 71' lang='lat' dir='ltr'><strong>LECTIONES.</strong></span> 
     </span>
    </p>
   </div>
   <div class='ocr_carea' id='block_1_116' title="bbox 115 5742 1638 5868">
    <p class='ocr_par' dir='ltr' id='par_1_116' title="bbox 115 5742 1638 5868">
     <span class='ocr_line' id='line_1_116' title="bbox 115 5742 1638 5868; baseline 0.022 -68"><span class='ocrx_word' id='word_1_820' title='bbox 115 5742 470 5868; x_wconf 7' lang='lat' dir='ltr'><strong>m&quot;;’glndict.</strong></span> <span class='ocrx_word' id='word_1_821' title='bbox 525 5758 565 5813; x_wconf 87' lang='lat'><strong>7.</strong></span> <span class='ocrx_word' id='word_1_822' title='bbox 614 5762 793 5818; x_wconf 77' lang='lat' dir='ltr'><strong>eadem</strong></span> <span class='ocrx_word' id='word_1_823' title='bbox 832 5780 988 5820; x_wconf 77' lang='lat' dir='ltr'><strong>man</strong></span> <span class='ocrx_word' id='word_1_824' title='bbox 1043 5768 1397 5837; x_wconf 70' lang='lat' dir='ltr'><strong>superscripta</strong></span> <span class='ocrx_word' id='word_1_825' title='bbox 1437 5774 1557 5820; x_wconf 72' lang='lat' dir='ltr'><strong>81W</strong></span> <span class='ocrx_word' id='word_1_826' title='bbox 1595 5766 1638 5820; x_wconf 78' lang='grc' dir='ltr'><strong>ίο</strong></span> 
     </span>
    </p>
   </div>
   <div class='ocr_carea' id='block_1_117' title="bbox 1751 5764 3359 5835">
    <p class='ocr_par' dir='ltr' id='par_1_117' title="bbox 1751 5764 3359 5835">
     <span class='ocr_line' id='line_1_117' title="bbox 1751 5764 3359 5835; baseline -0.002 -16"><span class='ocrx_word' id='word_1_827' title='bbox 1751 5765 1837 5797; x_wconf 85' lang='grc'>¹¹³¹</span> <span class='ocrx_word' id='word_1_828' title='bbox 1882 5764 2194 5835; x_wconf 78' lang='lat' dir='ltr'><strong>Stephanus</strong></span> <span class='ocrx_word' id='word_1_829' title='bbox 2229 5796 2295 5803; x_wconf 91' lang='lat'><strong>—</strong></span> <span class='ocrx_word' id='word_1_830' title='bbox 2325 5764 2413 5819; x_wconf 78' lang='lat'><strong>‘28.</strong></span> <span class='ocrx_word' id='word_1_831' title='bbox 2450 5775 2565 5834; x_wconf 68' lang='lat' dir='ltr'><strong>post</strong></span> <span class='ocrx_word' id='word_1_832' title='bbox 2589 5766 2792 5820; x_wconf 82' lang='lat' dir='ltr'><strong>udd..l.</strong></span> <span class='ocrx_word' id='word_1_833' title='bbox 2899 5768 2988 5800; x_wconf 85' lang='grc'>¹¹³¹</span> <span class='ocrx_word' id='word_1_834' title='bbox 3010 5765 3359 5824; x_wconf 66' lang='lat' dir='ltr'><strong>Kalrloman»</strong></span> 
     </span>
    </p>
   </div>
  </div>
