3880 6308
571 348 684 413 ’855

1774 356 2167 421 EKKEIIARDI

2272 357 2671 418 RAUGIENSIS
3632 367 3727 423 -855

534 553 541 561 ν
580 454 724 527 filios
754 470 1087 561 regreditur.
1111 502 1182 512 ——
1210 472 1360 547 (Chr.
1411 473 1524 543 W.)
1566 474 1781 544 Corpus
1817 473 1991 529 sancti
2033 472 2168 530 Otlt—
2199 485 2241 541 Λ
2271 476 2412 545 ciam
2434 476 2746 541 revertitur,
2770 475 3270 547 captivum'duceus
3291 473 3727 550 Desiihriumugern.

581 562 722 647 mari
759 560 815 617 in
846 564 1027 621 insula
1058 557 1167 636 qua
1197 565 1490 646 defunctus
1518 575 1603 621 est
1641 582 1736 636 per
1765 565 1954 622 decem
1991 581 2168 622 annos
2267 568 2490 641 Adalgis
2518 583 2680 635 vero,
2713 567 2858 623 tilius
2884 568 3035 638 ejus,
3076 566 3130 626 in
3160 566 3401 642 Greciam
3428 567 3489 620 ad
3511 566 3731 623 Constanti-

581 642 957 727 incorruptum
970 657 1264 734 reperitur,
1280 642 1633 729 ablatumque
1649 658 1707 713 in
1730 657 1968 730 basylica
1991 658 2166 714 sancti

580 745 721 802 Galli
746 750 1039 818 sepelitur.
1644 804 1647 809 .

649 837 739 894 se.
780 834 839 894 5.
869 836 1048 910 (Elim.
1076 838 1242 910 Ann.)
1279 839 1346 896 Α.
1389 838 1452 896 D.
1496 839 1618 895 'm.
1655 826 2070 905 Karlomannus
2104 838 2164 894 in

578 932 707 988 villa
732 948 858 1005 qua:
880 924 1083 991 dicitur
1109 932 1525 990 Salmonciacus
1545 932 1838 989 defunctus
1862 941 1947 989 est
1969 932 2005 987 2
2026 931 2164 988 Non.

579 1020 861 1092 Decemb.,
901 1031 958 1082 et
992 1021 1229 1082 Karolus
1262 1040 1358 1081 rex
1394 1025 1462 1081 ad
1490 1025 1819 1096 capiendum
1858 1040 1927 1083 ex
1956 1026 2169 1098 integro

578 1131 808 1187 regnum
863 1115 1109 1172 animum
1162 1116 1496 1184 intendens,
1549 1117 1932 1173 Carbonacum
1984 1117 2167 1173 villam

579 1209 757 1276 venit,
797 1208 981 1280 ibique
1021 1208 1367 1265 Williharius
1404 1210 1697 1279 cpiscopus
1743 1208 2081 1265 Sedunensis
2114 1219 2170 1264 et

580 1296 847 1357 l-‘olradus
870 1300 1130 1375 presbiter
1160 1300 1362 1370 aliique
1387 1300 1569 1369 plures
1588 1299 1920 1368 sacerdotes,
1941 1300 2170 1356 comites

535 1380 543 1387 ’
578 1388 744 1444 etiam
782 1397 947 1461 atque
985 1389 1247 1460 primates
1286 1386 1472 1444 fratris
1500 1388 1584 1445 sui
1620 1388 1686 1443 ad
1723 1404 1847 1445 eum
1879 1396 2165 1454 venerunt,

583 1496 722 1550 uxor
748 1494 879 1536 vero
901 1478 1259 1535 Karlomanni
1283 1495 1408 1534 cum
1438 1479 1566 1535 filiis
1590 1490 1644 1536 ct
1672 1490 1824 1551 parte
1844 1480 2167 1552 optimatum

538 1570 541 1575 ⁴
581 1571 649 1626 ad
678 1569 891 1626 Italiam
927 1569 1173 1641 profecta
1210 1579 1312 1626 est.

651 1660 742 1718 31.
783 1661 838 1716 4.
880 1661 944 1716 Α.
989 1659 1054 1715 D.
1091 1660 1213 1716 772.
1247 1659 1361 1717 Rex
1386 1659 1641 1728 Karolns,
1669 1671 1999 1736 congregato
2014 1661 2173 1718 Wor—

585 1752 778 1807 maeia:
815 1750 1055 1824 generali
1089 1762 1391 1819 conventu,
1435 1751 1731 1808 Saxoniam
1767 1753 1910 1808 bello
1951 1754 2170 1826 aggredi

2268 676 2402 717 num
2436 660 2854 732 imperatorem,
2890 659 3145 716 dillidens
3169 660 3332 715 rebus
3354 659 3541 730 patriae,
3573 675 3619 717 se
3644 677 3731 716 col-

2270 752 2413 821 tulit,
2440 752 2626 822 ibique
2661 752 2716 807 in
2755 752 3079 827 patriciatus
3112 753 3320 809 honore
3345 752 3497 809 vitam
3521 752 3666 806 ﬁnivit.
3688 756 3730 806 ’Ἰ

2414 848 2429 867 ⁶
2454 845 2479 899 1
2521 845 2580 899 ll
2613 844 2765 899 addit
2791 860 2803 896 :
2844 842 2923 899 Eo
2941 859 3089 899 anno
3108 841 3307 914 llirene
3328 842 3641 914 piissimum
3657 861 3735 899 uin
3824 841 3825 914 ᾖ

2480 914 2844 985 Constantino
2875 913 3110 985 gloriose
3142 912 3402 985 divinitus
3428 912 3738 985 imperiumin-

2482 985 2642 1056 cepit.
2679 983 2865 1056 Primo
2882 983 3061 1054 'hujns
3097 983 3313 1055 imperii
3348 996 3482 1056 anno
3644 984 3739 1036 (Zon-

2481 1052 2759 1110 stantinns
2787 1052 3013 1111 {ﬂesset
3035 1052 3331 1120 annorum,
3354 1054 3503 1109 homo
3519 1052 3688 1123 quida-
3702 1055 3740 1107 is

2482 1124 2663 1195 longis
2696 1124 2908 1195 Thrace
2949 1125 3127 1181 muris
3155 1124 3394 1190 fodiens,
3424 1123 3599 1179 invenit
3620 1138 3740 1195 arm

2481 1192 2769 1264 lapideam.
2785 1192 2961 1266 Quam
2978 1211 3047 1251 cu
3056 1193 3741 1266 mexpurgassctetrevelasset,

2489 1263 2728 1336 repperit
2747 1265 2926 1319 virum
2952 1265 3006 1320 in
3034 1280 3100 1321 ea
3122 1263 3415 1337 jacentem,
3440 1273 3488 1318 et
3507 1263 3742 1337 litepsanc

2481 1333 2925 1407 conglutinatas,
2949 1333 3297 1392 continentes
3335 1336 3478 1389 haec:
3521 1353 3538 1407 ς
3566 1333 3743 1407 Christus

2483 1403 2745 1478 nascelur
2776 1422 2844 1462 ex
2878 1405 3051 1463 Maria
3084 1407 3404 1478 virgine,__et
3426 1404 3565 1478 credo
3588 1403 3629 1457 in
3647 1418 3741 1457 an.

2485 1475 2601 1531 Sub
2643 1478 3010 1532 Constantino
3052 1472 3199 1532 vero.
3222 1485 3279 1531 et
3323 1473 3508 1530 llireue
3542 1472 3746 1532 inuento—

2485 1488 2601 1531 aun
2643 1488 3010 1532 uonstantmo
3052 1492 3183 1532 vero
3222 1488 3279 1531 et
3323 1488 3508 1530 riu-ene
3542 1488 3743 1595 nugone-

2480 1547 2657 1625 Libus,
2683 1547 2847 1625 o_s_ol,
2871 1544 3610 1625 iternmmevidebis.‘erku1
3622 1557 3635 1592 ι
3667 1560 3743 1625 τη.

2416 1621 2455 1641 ”
2485 1615 2557 1671 Ι).
2578 1612 2872 1672 Reddam
2902 1633 2921 1669 :
2950 1618 3227 1673 Adrianus
3254 1629 3395 1686 papa
3416 1612 3529 1683 (υἱέ
3542 1612 3613 1680 ι⁵ο)
3642 1613 3745 1686 3!"

2485 1630 2557 1671 u.
2578 1630 2639 1672 ελ.
2666 1630 2872 1672 addunt
2902 1633 2921 1669 :
2950 1630 3227 1673 Adrianus
3254 1630 3395 1741 ἕνα
3416 1630 3529 1683 (ωε
3542 1630 3613 1680 υ.)
3642 1630 3745 1666 κσ-

2483 1688 2756 1744 solidavit.
2790 1704 2858 1745 ea:
2898 1687 3074 1759 Sigeb.
3099 1705 3154 1743 a.
3184 1687 3251 1743 Π
3340 1695 3391 1740 et
3416 1694 3603 1755 parqu
3623 1682 3747 1737 :ch

2486 1774 2646 1830 papa,
2670 1768 2772 1815 etc.

580 1844 801 1912 statuit,
852 1858 1082 1915 eamque
1135 1844 1254 1901 sine
1298 1860 1453 1900 mora
1500 1844 1812 1916 ingressus,
1863 1847 2244 1915 cunctaque‘B
2340 1851 2429 1907 55.
2455 1826 2508 1909 6⁷.
2535 1826 2683 1906 ᾸᾸ).
2718 1850 2843 1906 774.
2871 1826 3749 1918 Karolusdomumregrcssus,prins-

546 1986 555 1991 -
581 1934 729 1993 ferro
761 1945 816 1993 et
846 1934 957 2009 igni
994 1937 1376 2008 depopulatus,
1406 1935 1681 2008 Eresburg
1713 1946 1956 1992 castrum
1993 1937 2165 2008 cepit,

582 2027 830 2108 idolum,
880 2030 1029 2101 quod
1082 2044 1114 2085 a
1163 2028 1479 2085 Saxonibus
1524 2027 1785 2101 lrmjnsul
1827 2029 2166 2095 vocabatur,

579 2120 792 2176 evertit.
843 2119 903 2185 ln
939 2120 1099 2192 cujus
1140 2119 1515 2177 destructione
1551 2134 1678 2176 cum
1721 2119 1778 2175 in
1819 2119 2011 2176 eodem
2050 2120 2172 2176 loco

580 2225 676 2281 per
707 2208 949 2266 triduum
984 2219 1324 2278 moraretur,
1356 2210 1617 2282 contigit,
1654 2218 1717 2265 ut
1741 2218 1962 2281 propter
1989 2210 2168 2265 conti-

581 2314 749 2355 nuam
783 2299 902 2356 caeli
948 2299 1297 2355 serenitatem
1323 2341 1339 2368 ,
1383 2299 1678 2356 exsiccatis
1724 2299 1981 2356 omnibus
2026 2298 2171 2354 illius

582 2390 688 2447 loci
719 2391 854 2448 rivis
892 2400 947 2448 et
977 2389 1253 2460 fontibus,
1300 2407 1444 2463 aqua
1483 2390 1552 2447 ad
1597 2391 1895 2447 bibendum
1939 2390 2170 2447 inveniri

582 2500 690 2540 non
717 2494 918 2557 posset.
959 2484 1066 2543 Sed
1093 2485 1278 2543 subito
1307 2484 1591 2554 divinitus,
1625 2492 1685 2539 ut
1715 2482 1957 2539 creditur
1985 2469 2038 2538 in
2069 2500 2168 2540 cu-

578 2577 1097 2656 jusdamtorrentis
1125 2592 1370 2634 concavo
1393 2586 1544 2632 tanta
1584 2577 1667 2633 vis
1700 2592 1856 2647 aqua:
1885 2583 2169 2647 eruperat,

583 2670 996 2740 quiescentibus
1026 2670 1241 2728 cunctis
1277 2680 1521 2741 tempore
1553 2668 1886 2735 meridiano,
1922 2678 1983 2724 ut
2018 2668 2169 2723 onmi

581 2763 847 2820 exercitui
906 2762 1197 2820 sulliceret.
1255 2761 1412 2818 Tunc
1463 2777 1560 2819 rex
1583 2760 1619 2829 ,'
1653 2760 1800 2818 idolo
1841 2759 2122 2817 destructo
2151 2802 2168 2825 ,

585 2853 855 2912 Wisaram
888 2854 1114 2912 fluvium
1150 2855 1411 2923 accessit,
1434 2854 1646 2925 .ibique
1663 2853 1900 2924 acceptis
1931 2868 1961 2907 a
1993 2851 2167 2907 Saxo-

582 2949 746 3004 ιιηηιε
783 2948 1071 3011 duodecim
1108 2947 1427 3016 obsidibus,
1477 2946 1724 3005 recessit.
1772 2945 2050 3003 Adrianus
2078 2945 2169 2978 ⁸⁸³³

582 3055 720 3112 papa
754 3040 884 3103 95‘"I
909 3040 1197 3095 ordinatus
1222 3038 1363 3095 sedit
1385 3052 1562 3094 annos
1590 3038 1682 3093 24.

652 3132 742 3193 ⁸52.
783 3134 837 3190 5.
871 3132 937 3191 Α.
975 3130 1037 3188 D.
1078 3132 1201 3189 775.
1229 3135 1247 3154 ⁸
1287 3131 1561 3188 Adrianus
1588 3146 1750 3202 papa,
1778 3146 1905 3188 cum
1930 3131 2168 3187 insolen-

580 3222 715 3279 tiant
728 3222 992 3280 Desiderii
1013 3222 1157 3293 regis
1169 3231 1225 3278 et
1241 3222 1657 3292 oppressionem
1678 3221 2168 3291 Longobardorum

581 3313 726 3369 ferre
763 3328 873 3368 non
912 3322 1122 3383 posset,
1158 3312 1488 3383 legationem
1523 3311 1590 3369 ad
1627 3311 1888 3367 Karolum
1924 3313 2170 3381 mittens,

585 3419 744 3475 opem
767 3403 889 3474 ejus
907 3402 1236 3474 imploravit.
1265 3402 1372 3470 Qui
1399 3403 1632 3460 collecto
1657 3403 1898 3459 exercitu
1919 3405 2167 3473 veniens,

586 3496 929 3555 Desiderium
957 3497 1103 3553 intra
1135 3494 1391 3551 Ticinum
1418 3496 1650 3563 obsedit,
1682 3504 1967 3567 totumque
1990 3496 2169 3553 hiber-

585 3605 718 3646 num
749 3597 964 3660 tempus
999 3588 1171 3643 multa
1199 3587 1478 3644 moliendo
1504 3588 1559 3643 in
1589 3589 1692 3644 hac
1722 3588 2008 3644 obsidione
2036 3604 2169 3644 eon-

584 3681 838 3753 sumpsit.
871 3710 937 3721 —-
963 3679 1102 3736 Dum
1130 3681 1246 3737 lucc
1285 3679 1342 3736 in
1377 3679 1531 3736 Italia
1565 3688 1858 3751 geruntur,
1891 3679 2167 3745 Saxones,

585 3782 745 3829 nacta
779 3772 1073 3829 occasione
1107 3789 1207 3843 pro
1245 3773 1490 3828 absentia
1526 3773 1698 3845 regis,
1746 3773 2032 3844 contiguos
2064 3774 2167 3829 sibi

587 3866 890 3922 "asserum
937 3864 1203 3922 terminos
1248 3867 1616 3936 populantur;
1672 3866 2063 3936 venientesque
2113 3865 2167 3919 in

544 3958 549 3963 ’
583 3957 764 4013 locum
793 3956 888 4031 qui
921 3955 1181 4012 Friteslar
1210 3957 1554 4023 nominatur,
1594 3957 1898 4013 mcclesiam
1935 3972 1967 4010 a
2008 3956 2169 4011 beato

542 4052 547 4059 ‘
583 4046 867 4105 lionifacio
881 4048 1183 4105 dedicatam
1203 4050 1492 4106 incendere
1508 4048 1683 4104 moliti
1695 4058 1827 4105 sunt
1848 4048 1912 4119 (Α
1923 4089 1936 4102 .
1950 4047 2165 4117 Latin),

581 4156 746 4212 qnam
788 4140 904 4212 ipse
935 4150 1157 4199 sanctus
1202 4150 1410 4214 martyr
1449 4157 1545 4212 per
1580 4141 1836 4212 spiritum
1869 4140 2171 4211 prophetia:

581 4248 864 4303 nunquam
895 4234 1147 4290 incendio
1177 4234 1369 4288 violari
1403 4232 1657 4303 predixit.
1705 4230 1957 4301 Cumque
1996 4230 2167 4285 multa

578 4326 630 4378 vi
661 4341 780 4379 eam
817 4324 1105 4381 incendere
1133 4331 1505 4390 conarentur,
1529 4330 1899 4395 apparuerunt
1934 4320 2165 4392 quibus~

578 4417 706 4472 dam
737 4426 790 4473 et
816 4432 848 4472 e
874 4416 1192 4474 christianis
1228 4424 1395 4487 atque
1434 4414 1663 4488 paganis
1700 4414 1810 4470 duo
1848 4413 2078 4485 juvenes
2111 4411 2165 4468 in

579 4508 858 4580 albishqui
882 4500 1003 4563 eam
1037 4517 1388 4577 protexerunt
1419 4509 1488 4563 ab
1518 4508 1679 4579 igne;
1714 4513 1960 4576 nutuque
1980 4504 2179 4584 divino.

580 4600 832 4656 immisso
873 4610 1109 4667 terrore,
1150 4616 1341 4657 onmcs
1386 4601 1441 4655 in
1480 4600 1665 4670 fugam
1706 4598 1954 4655 conversi
1999 4608 2162 4663 sunt,

580 4690 798 4745 nemine
819 4676 1159 4746 extrinsecus
1191 4697 1567 4761 persequente.
1599 4689 1854 4744 Inventus
1877 4696 1961 4744 est
1982 4696 2167 4744 autem

581 4792 766 4853 postea
814 4798 958 4838 unus
1009 4798 1073 4837 ex
1114 4781 1317 4837 eisdem
1360 4780 1668 4837 Saxonibus
1711 4790 1960 4836 mortuus
2011 4780 2166 4850 juxta

575 4874 879 4931 .ecclesi'am
918 4875 1091 4944 ipsam
1129 4875 1359 4945 genibus
1404 4873 1654 4937 acclivis,
1708 4873 1851 4944 ligna
1890 4880 1947 4928 et
1987 4873 2165 4945 ignem

577 4967 789 5022 habens
819 4966 873 5020 in
905 4967 1179 5032 manibus,
1207 4977 1263 5021 et
1287 4967 1445 5037 quasi
1473 4982 1568 5022 ore
1598 4967 1737 5021 flans
1765 4964 1833 5020 ad
1867 4965 2164 5020 incenden-

575 5061 702 5115 dam
731 5060 960 5115 eaudent
994 5060 1311 5132 basylicam.
1340 5058 1515 5129 (Emit.
1548 5059 1713 5123 Ann.)
1736 5057 1804 5112 At
1826 5073 1920 5113 rex
1937 5057 2169 5111 dimisso

576 5147 644 5202 ad
685 5147 1026 5204 obsidionem
1072 5158 1127 5204 et
1161 5147 1619 5224 expugnationem
1661 5145 1836 5203 Ticini
1890 5146 2163 5207 exercitu,

575 5236 769 5292 orandi
783 5238 957 5309 gratia
979 5236 1209 5294 Romam
1227 5238 1613 5309 proficiscitur,
1638 5237 1983 5308 peractisque
2005 5237 2163 5302 votis,

576 5328 641 5382 ad
679 5329 981 5384 exercitum
1024 5347 1278 5387 reversus
1302 5372 1318 5399 ,
1362 5329 1643 5400 fatigatam
1684 5330 1841 5400 longa
1881 5328 2165 5384 obsidione

573 5418 851 5476 civitatem
900 5422 966 5478 ad
1017 5422 1348 5479 deditionem
1399 5422 1696 5492 compulit;
1751 5435 1916 5491 quam
1971 5431 2164 5475 cetera:

570 5511 826 5569 civitates
865 5524 1092 5581 secutae,
1135 5512 1279 5584 regis
1308 5528 1367 5570 se
1399 5512 1649 5583 potestati
1688 5512 2067 5589 subdiderunt.
2100 5509 2164 5564 Iit

571 5616 689 5673 rex,
719 5603 944 5663 subacta
970 5620 1033 5662 ac
1048 5620 1147 5675 pro
1177 5614 1420 5676 tempore
1445 5605 1692 5660 ordinata
1720 5604 1889 5669 Italia,
1915 5604 1969 5657 in
1993 5601 2164 5656 Fran-

2268 1957 2436 2013 quatn
2491 1940 2741 1997 Saxones
2783 1955 2910 1997 eum
2943 1940 3182 1999 venisse
3211 1936 3490 2003 sentirent,
3521 1934 3748 2006 tripertitus

2270 2033 2326 2088 in
2351 2048 2544 2089 eorum
2570 2031 2823 2104 regiones
2876 2031 3027 2089 misit
3071 2028 3397 2098 exercitum,
3420 2026 3506 2098 qui
3532 2023 3751 2095 dit-epioni-

2270 2125 2374 2182 bus
2399 2134 2456 2181 ct
2491 2124 2758 2180 incendiis
2781 2133 2981 2180 cuncta
3021 2130 3326 2188 vastantes,
3348 2116 3665 2190 compluribus
3694 2115 3753 2183 qui

2270 2217 2528 2275 resistere
2559 2216 2740 2273 conati
2764 2225 2894 2272 sunt
2942 2212 3269 2285 interfectis,
3304 2227 3429 2270 cum
3463 2207 3630 2283 ingenti
3649 2206 3751 2279 prela

2274 2309 2504 2382 regressi
2536 2317 2688 2365 sunt.

2341 2401 2432 2457 54.
2472 2400 2525 2455 7.
2561 2400 2628 2454 A.
2666 2398 2731 2455 D.
2773 2398 2898 2473 775.
2966 2396 3202 2454 Karolus
3257 2411 3351 2452 rex
3403 2391 3604 2450 consilio
3632 2388 3751 2443 habito

2270 2492 2512 2563 decrevit
2545 2490 2845 2548 Saxoniam
2902 2489 3112 2561 ingredi
3141 2499 3197 2545 et
3224 2489 3281 2542 in
3313 2503 3378 2543 ea
3419 2495 3520 2541 tam
3547 2484 3618 2539 diu
3636 2495 3752 2552 pense-

2270 2599 2482 2647 verare.
2509 2583 2642 2640 dum
2698 2592 2794 2637 aut
2851 2581 3167 2639 christiana:
3211 2577 3463 2649 religioni
3498 2573 3753 2651 subderth

2270 2682 2368 2728 aut
2395 2686 2625 2729 omnmo
2675 2671 3017 2727 tollerentur.
3076 2669 3237 2724 Totis
3295 2683 3426 2738 ergo
3462 2663 3592 2736 regni
3622 2662 3755 2715 virilia

2273 2762 2569 2817 Saxoniatn
2594 2770 2804 2832 petens,
2862 2761 3039 2831 primo
3093 2760 3305 2829 iutpetu
3354 2755 3654 2828 Sigiburgum
3691 2764 3749 2804 a-

2272 2863 2469 2919 strum,
2496 2851 2551 2907 in
2580 2867 2691 2923 quo
2719 2851 3001 2907 Saxonum
3033 2840 3340 2922 presidium
3367 2856 3499 2915 erat,
3534 2846 3657 2915 cepit,
3677 2841 3756 2894 Ere

2271 2942 2537 3013 sburgum
2563 2952 2805 2998 castrum
2831 2959 2862 2998 a
2891 2940 3202 2998 Saxonibus
3233 2942 3569 2996 destructum
3587 2931 3755 2991 munivit,

2273 3031 2326 3086 in
2354 3047 2530 3102 eoque
2567 3031 2906 3089 Francorum
2968 3032 3274 3103 presidium
3332 3029 3524 3102 posuit,
3571 3025 3757 3092 multata:

2272 3132 2454 3194 strage
2485 3122 2650 3191 facta,
2682 3123 2905 3181 obsides
2939 3125 3009 3179 ab
3027 3123 3107 3179 eis
3124 3133 3178 3179 et
3207 3120 3520 3178 Westfalais
3557 3116 3755 3185 accipim.

2272 3230 2555 3285 regressus
2577 3225 2680 3271 est.
2737 3212 2809 3255 -'——
2856 3216 3101 3286 Corpora
3160 3222 3482 3269 sanctorum
3523 3206 3759 3266 Gordiano!

2273 3303 2555 3376 Epimaclti
2580 3306 2648 3361 de
2677 3304 2849 3360 Bonna
2881 3307 2934 3362 in
2990 3305 3380 3360 Alamanniam
3425 3301 3644 3358 translata
3663 3302 3757 3351 sal.

2272 3427 2339 3436 -ο
2363 3396 2512 3467 (Chr.
2547 3395 2634 3452 W.
2671 3427 2738 3437 -—
2764 3396 2838 3453 11.
2886 3397 2983 3468 m.)
3012 3398 3418 3454 Constantinus
3460 3386 3760 3464 imperator,i-

2271 3490 2379 3544 lius
2416 3489 2633 3557 Leonis,
2666 3501 2983 3560 persecutor
3009 3488 3448 3545 Christianorum
3488 3497 3535 3542 et
3571 3479 3758 3540 κράτεί»

2272 3597 2395 3637 rxm
2418 3582 2663 3653 legisque
2689 3582 3024 3649 destructor,
3055 3589 3072 3602 ⁶
3096 3582 3257 3637 obiit.

2414 3674 2431 3693 ⁶
2458 3671 3194 3759 destruc'torqilaga.WSsinti
3232 3668 3666 3759 :‘miserabililct
3685 3678 3758 3717 M-

2484 3744 2642 3798 ritur.
2670 3742 2734 3799 D.
2761 3742 2822 3798 Ε.
2854 3760 2921 3798 ex
2949 3742 3126 3814 Sigeb.
3151 3761 3205 3797 a.
3235 3743 3365 3798 7'76.
3824 3746 3825 3814 ξ

2339 3853 2499 3910 Anno
2524 3854 2815 3928 dominicae
2842 3853 3243 3909 incarnationis
3269 3853 3400 3920 776,
3425 3854 3490 3907 ab
3509 3848 3629 3905 Urbe
3644 3852 3759 3898 Im

2270 3942 2486 4000 condita
2508 3944 2800 4000 millesimo
2825 3945 2950 4012 59.7,
3004 3943 3133 4011 Leo,
3188 3943 3341 3999 filius
3367 3935 3762 4003 Constantiniptr

2272 4037 2558 4102 secutoris,
2592 4036 2681 4090 Ἠν
2702 4037 2825 4091 loco
2849 4037 2919 4091 ab
2938 4036 3208 4106 Augusto,
3265 4034 3563 4089 Romanum
3598 4020 3758 4090 suscepi

2272 4129 2582 4200 imperium,
2603 4127 2850 4200 regnavit
2866 4143 2975 4198 que
2993 4129 3157 4183 annis
3187 4128 3241 4182 5.
3265 4127 3373 4184 llic
3393 4127 3458 4182 ad
3471 4126 3608 4180 breve
3621 4124 3761 4185 ιαιιςιις

2270 4223 2423 4279 visus
2441 4230 2526 4278 est
2553 4221 2675 4291 pius
2702 4236 2827 4276 esse
2851 4228 3162 4296 satiareque
3188 4219 3283 4275 Dei
3330 4215 3589 4291 genitricis
3609 4225 3658 4266 ac
3690 4220 3759 4260 ι*
3824 4226 3825 4296 3

2270 4314 2572 4367 nacltorum
2609 4311 2850 4375 amicus;
2877 4311 3021 4365 unde
3055 4318 3111 4364 et
3155 4308 3652 4380 metropolitanosex
3686 4310 3757 4351 II°°

2270 4403 2536 4460 nacltisin
2573 4402 2767 4473 primis
2789 4400 3010 4458 sedibus
3047 4402 3362 4468 collocavit,
3418 4399 3675 4464 multosque
3702 4402 3757 4439 α’
3824 4414 3825 4471 1

2269 4496 2425 4552 dines
2469 4497 2525 4551 in
2550 4497 2684 4551 urbe
2707 4496 2844 4550 bene
2883 4495 3183 4564 ampliavit.
3215 4494 3550 4565 Quapropter
3572 4484 3758 4560 principe!
3824 4480 3825 4495 ‘

2272 4603 2465 4644 omnes
2485 4603 2609 4644 cum
2636 4587 2981 4644 multitudine
3002 4587 3185 4658 populi
3224 4588 3449 4658 copiosa
3480 4578 3758 4661 ingrediwtﬁ.
3824 4598 3825 4661 ἦ

2273 4681 2546 4751 petierunt
2576 4679 2746 4735 ﬁlium
2815 4679 2937 4749 ejus
2986 4679 3417 4735 Constantinum
3454 4676 3754 4745 imperatorm
3824 4676 3825 4723 ξ

2272 4772 2529 4839 Quicum
2560 4772 2785 4837 diceret,
2821 4770 2971 4825 illum
2995 4769 3100 4825 sibi
3140 4770 3367 4824 unicum
3392 4784 3507 4824 esse
3538 4772 3584 4820 et
3629 4768 3757 4830 νᾶπυ’

2274 4868 2409 4933 lum,
2433 4881 2600 4936 seque
2620 4864 2793 4921 vereri
2819 4880 2918 4936 pro
2954 4864 3077 4929 hoc,
3110 4863 3156 4917 si
3181 4863 3324 4919 forte
3371 4859 3474 4915 sibi
3521 4848 3756 4916 malim"
3824 4854 3825 4879 ’

2269 4959 2423 5028 quod
2463 4959 2905 5022 humanumcst,
2938 4956 3090 5009 illum
3142 4954 3312 5009 abeis
3340 4949 3555 5008 interﬁci
3577 4954 3619 5001 et
3651 4940 3756 4993 alim
3824 4968 3825 5013 Ε

2270 5048 2600 5119 promoveri,
2627 5047 2952 5118 juraverunt
2985 5045 3034 5100 ei
3056 5060 3268 5110 omnes,
3296 5060 3358 5099 se
3384 5058 3487 5096 non
3515 5032 3757 5092 rtde

2270 5140 2407 5198 alios
2422 5147 2779 5210 nnperatores
2800 5144 2981 5208 preter
3011 5135 3248 5191 Leonem
3278 5143 3333 5188 ct
3353 5126 3707 5189 Constantinum
3724 5120 3758 5162 ά

2268 5249 2333 5288 ex
2358 5232 2567 5289 semine
2590 5231 2855 5301 ipsorum,
2907 5237 2961 5282 et
2997 5229 3101 5282 hoc
3136 5228 3341 5296 scripto
3375 5211 3752 5279 confinnawml

2272 5323 2337 5377 lit
2366 5322 2447 5377 sic
2476 5320 2529 5375 in
2565 5327 2756 5374 sancto
2788 5318 2877 5373 die
2899 5317 3117 5388 pasclue
3154 5323 3451 5372 coronatus
3491 5316 3567 5364 est
3600 5305 3757 5369 imper"

2266 5426 2375 5470 tor.
2408 5413 2610 5467 —Leo
2652 5418 2835 5465 autem
2882 5424 3008 5464 cum
3056 5415 3306 5477 regnaret
3363 5415 3530 5458 annos
3573 5391 3753 5487 qni-tl":

2272 5514 2521 5562 mortuus
2556 5511 2660 5570 est,
2691 5510 2747 5557 et
2784 5499 3034 5573 regnavit
3095 5489 3240 5571 filius
3292 5497 3414 5567 ejus
3457 5484 3755 5547 Constantini

2274 5615 2370 5668 pro
2385 5614 2451 5653 eo
2474 5612 2598 5652 eum
2626 5593 2839 5666 Ilyrcne
2866 5601 3039 5648 matre
3065 5605 3184 5646 sua.

1846 5684 2095 5751 -V'Ali|/E
2139 5690 2542 5749 LECTIONES.
2600 5754 2603 5757 _

650 5790 740 5826 “3"
765 5790 1042 5850 Adrianus
1064 5823 1132 5834 υ»
1151 5790 1241 5847 2i.
1272 5790 1322 5846 in
1351 5790 1584 5862 margine
1611 5792 1807 5859 scripta
1834 5787 2038 5844 exhibet
2080 5788 2128 5856 1,
2167 5786 2261 5841 hoc
2286 5785 2399 5863 loco
2429 5783 2489 5838 D.
2519 5781 2607 5852 E.,
2635 5781 2702 5836 ad
2729 5782 2882 5851 [mem
2910 5797 2960 5834 α.
2998 5780 3118 5834 77l.
3150 5780 3202 5834 5.
3241 5777 3425 5831 desunt
3452 5772 3500 5826 ι.
3538 5767 3567 5821 ο
3596 5803 3608 5817 -
