3880 6308
54 328 133 385 857
902 310 1270 368 CIIRONICA.
1306 338 1375 347 —
1411 301 1586 387 enim

1701 304 1800 359 iON
1844 306 2181 381 UNIVERSA
2192 310 2295 375 LE,
3127 308 3233 387 858

84 433 194 491 Anni
280 431 414 485 Anni
1199 449 1206 457 ·
1597 417 1616 471 Α

1736 417 1789 472 5.
1826 419 1912 475 12.
1955 421 2017 476 Α.
2056 421 2100 473 D
2156 421 2277 476 780.
2305 422 2503 477 Karolo
2536 421 2828 477 Saxoniam
2851 421 3086 482 venienti
3127 437 3240 476 om-

57 524 232 581 l.eouis.
254 518 445 575 [aroli'
470 500 473 505 ί
530 533 537 540 ·
770 518 776 527 ⁸
946 524 950 531 '
1394 502 1401 517 ’
1652 527 1769 568 nes
1788 512 2135 567 orientalium
2157 495 2391 582 partium
2422 508 2665 566 Saxones
2690 518 3062 575 occurrerunt,
3095 511 3240 581 inut--

128 615 172 670 1.
329 609 380 666 8.
508 605 683 679 (Emit.
704 605 866 675 Ann.)
885 604 1258 658 Primo-autem
1276 612 1421 675 anno
1437 597 1568 652 ιθοο
1669 603 1817 671 tique
1844 602 1911 657 de
1930 602 2129 672 popqu
2155 602 2411 671 baptizati
2434 611 2594 669 sunt;
2620 600 2950 677 veniensque
2970 599 3035 675 in
3060 601 3239 654 locutu
3278 626 3283 629 ι

60 704 329 776 nis,quicst
348 708 569 756 octavus
596 696 797 762 liamli,
827 694 1116 750 nunciatur
1143 691 1317 746 eidem
1345 688 1566 754 Karolo,
1638 776 1643 777 γ
1670 692 1763 748 ubi
1791 689 1936 747 Bora
1975 702 2029 747 ct
2052 693 2208 751 Albia
2248 691 2548 759 conﬂuunt,
2579 690 2849 771 ordinavit
2870 704 2961 746 res
3149 689 3245 745 Sa-

60 795 382 868 ltuotgaudum
397 788 1100 861 “"Longobardum,quem
1116 783 1229 853 ipsc
1240 779 1572 850 Forojulien—
1671 800 1874 838 xonum
1898 799 2062 853 quam
2080 781 2397 859 Sclavorum
2412 801 2441 849 ;.
2456 798 2819 852 reversusque
2848 780 2907 837 in
2930 780 3242 848 Fra'neiam,

58 891 176 946 sibus
200 881 647 943 duccm'dederat,
667 893 839 936 novas
864 877 1031 932 resin
1055 873 1205 930 italia
1221 869 1490 941 meditari,
1517 877 1574 926 et
1640 912 1651 919 .
1672 875 1858 931 habito
1881 874 2132 939 consilio,
2167 873 2397 929 Romam
2431 886 2596 930 causa
2614 873 2882 929 orationis
2920 888 3046 929 cum
3066 889 3243 930 uxore

58 978 311 1049 wnplures
347 974 591 1031 civitates
634 972 701 1027 ad
729 984 856 1026 eum
906 966 1187 1024 defecisse.
1237 962 1358 1039 Quo
1388 960 1572 1017 statim
1638 979 1771 1023 sua
1787 963 2081 1036 Riltigarda
2124 972 2179 1020 et
2206 965 2392 1021 liberis
2425 963 2684 1035 perrexit,
2713 972 2768 1019 et
2806 962 2984 1020 natale
3029 962 3270 1023 domini

58 1071 259 1135 tendens,
286 1066 663 1137 Ruotgaudum
708 1059 1003 1126 interfecit,
1020 1057 1280 1115 civitates
1306 1067 1429 1123 qua
1456 1065 1490 1106 a
1513 1064 1574 1106 se
1671 1055 1851 1127 Papiae
1878 1056 2186 1112 celebravit.
2218 1083 2288 1095 —-
2309 1055 2419 1110 Leo
2440 1056 2736 1126 imperator
2757 1054 2910 1111 obiit.
3029 1115 3034 1119 ,

57 1160 317 1215 deiecerant
340 1155 558 1226 recepit,
604 1151 985 1224 impositisque
1040 1147 1374 1203 Francorum
1398 1140 1575 1213 presi-
1744 1147 1841 1215 (11.
1873 1163 1945 1202 in.
1977 1147 2100 1204 cotl.
2124 1144 2279 1202 litari.
2326 1144 2447 1201 Vita
2467 1162 2518 1202 c.
2548 1146 2829 1217 l9.)Anno
2848 1143 3134 1201 dominica:
3163 1143 3246 1197 in-

57 1250 155 1313 diis,
176 1247 338 1313 rediit,
374 1253 429 1301 ct
467 1244 649 1301 statim
698 1241 926 1298 audiens
984 1236 1228 1294 Saxones
1261 1233 1574 1296 rebellasse,
1674 1237 2006 1295 carnationis
2027 1237 2151 1304 78l,
2174 1236 2338 1293 Urbis
2360 1244 2538 1293 autem
2552 1236 2784 1292 conditae
2810 1234 3099 1291 millesimo
3118 1234 3247 1299 532,
3298 1308 3299 1311 η

58 1338 427 1404 illuctctcndit;
481 1336 579 1392 sed
612 1333 896 1395 inveniens
938 1346 1035 1387 eos
1072 1331 1254 1389 denuo
1280 1325 1576 1396 supplices,
1675 1330 2088 1403 Constantinus,
2128 1330 2274 1385 ﬂlius
2331 1328 2549 1395 Leonis,
2577 1328 2668 1382 72°
2715 1328 2837 1383 ioco
2880 1327 2949 1382 ab
2981 1327 3247 1397 Augusto,
3282 1374 3285 1387 λ

60 1431 231 1485 veniam
254 1429 415 1496 dedft,
442 1425 841 1497 baptizatisque
889 1437 986 1496 qui
1036 1421 1311 1485 volebant,
1345 1425 1401 1472 et
1424 1413 1575 1471 obsi-

1719 1439 1801 1479 um
1832 1432 2004 1479 matre
2035 1437 2135 1480 sua
2184 1421 2393 1493 Hyrene
2420 1435 2647 1493 regnum
2697 1420 2960 1489 suscepit,
2987 1427 3043 1473 et
3076 1432 3251 1472 annos

59 1518 454 1588 dibusgaccoptis,
484 1517 682 1577 iterum
708 1515 764 1569 in
785 1513 1075 1570 Franciam
1103 1523 1386 1579 regressus
1402 1512 1523 1565 est-

1721 1514 2029 1586 7regnavit.
2061 1513 2200 1569 Huic
2227 1512 2336 1568 lilia
2383 1511 2569 1567 Karoli
2619 1521 2673 1566 et
2707 1509 3021 1581 lliltigardis
3054 1508 3253 1577 regina:

110 1609 152 1662 ἳ-
175 1609 221 1663 9ο
242 1608 307 1663 Α-
331 1606 394 1662 Do
420 1606 547 1664 777.
570 1605 803 1662 Κπθῑαβ
830 1620 945 1672 τοι,
1004 1602 1189 1658 habito
1230 1598 1463 1663 εοηοῦἱο
1521 1594 1579 1649 in
1681 1606 2041 1664 Ruothtrudis
2065 1609 2392 1678 desponsata
2414 1606 2611 1674 fuerat,
2633 1605 2728 1662 sed
2752 1613 2927 1667 mater
2949 1605 3069 1675 eius
3092 1603 3253 1669 aliam
3280 1636 3283 1643 ι

60 1699 243 1768 locoqui
270 1697 656 1753 Paderbrunno
679 1703 933 1759 vocatur,
948 1694 1147 1749 iterum
1178 1689 1472 1751 Saxouiam
1489 1686 1576 1740 ίιι-
1613 1747 1656 1768 “
1682 1697 1733 1753 ci
1768 1698 1937 1754 invito
1961 1697 2341 1768 coniungebat.

849 1747 1326 1841 devotosinvenit.
1352 1747 1355 1751 ν
1380 1747 1659 1867 (ΣιιικιιίτΒ
1686 1747 1732 1753 ν
1768 1747 2083 1844 "nium

62 1874 221 1945 quippe
243 1874 305 1929 ad
328 1889 457 1930 eum
485 1880 757 1929 venerunt
792 1880 973 1941 preter
1004 1868 1383 1934 Witiltindum,
1408 1881 1579 1922 unum

1750 1878 2042 1935 mstantinl.
2072 1877 2275 1934 Karoii.
3248 1932 3255 1939 ,
3280 1932 3282 1935 λ

62 1981 109 2019 ex
131 1966 430 2037 primoribus
444 1963 861 2030 Westl'alorum,
891 1961 988 2033 qui
1006 1962 1303 2019 multorum
1314 1960 1421 2017 sibi
1449 1974 1581 2014 con-
1856 1967 1907 2022 i.
2124 1966 2212 2021 i3.
2344 1964 2521 2036 (Eun.
2547 1966 2710 2038 Ann.)
2733 1964 2904 2036 Cuius
2919 1976 3064 2020 anno
3083 1962 3260 2034 primo
3284 2020 3285 2023 η

63 2057 175 2112 scius
189 2055 501 2123 facinorum,
527 2070 711 2126 regem
746 2053 928 2111 timuit
946 2062 1001 2108 et
1025 2053 1095 2108 ad
1116 2050 1446 2123 Sigeiridum
1470 2049 1579 2106 Da-
1682 2055 1914 2111 liarolus
1928 2052 2157 2110 Romam
2182 2055 2426 2123 veniens,
2450 2056 2519 2111 ab
2534 2056 2772 2111 Adriano
2789 2070 2927 2126 papa
2962 2053 3261 2110 honoriﬁce

64 2161 216 2203 norm
236 2162 407 2219 regem
420 2163 557 2205 cum
580 2145 772 2221 paucis
795 2143 1053 2216 profugit.
1091 2141 1271 2199 Ceteri
1302 2142 1398 2212 qui
1423 2155 1583 2203 vene-
1683 2143 2012 2214 suscipitur;
2035 2153 2234 2201 et'cum
2252 2145 2325 2200 ibi
2341 2153 2589 2201 sanctum
2604 2147 2806 2217 pascha
2824 2146 3141 2210 celebraret,
3164 2145 3261 2198 ha—

65 2246 157 2295 rant
174 2237 221 2293 in
242 2246 441 2294 tantum
467 2253 532 2294 se
568 2236 712 2307 regis
738 2236 991 2307 potestati
1018 2233 1403 2305 pennissrant,
1440 2240 1500 2289 ut
1518 2246 1591 2295 ea
1683 2234 1906 2305 ptizavit
1930 2234 2071 2290 idem
2099 2235 2343 2306 pontifex
2368 2236 2540 2292 tilium
2556 2238 2676 2309 ejus
2696 2235 3007 2308 Pippinum,
3027 2249 3264 2304 cumque

64 2318 317 2382 conditione
342 2327 558 2382 veniam
585 2335 713 2383 tunc
734 2334 1094 2389 mererentur,
1117 2323 1400 2393 quatinus,
1426 2337 1478 2379 si
1502 2321 1586 2376 ul-
1683 2323 1753 2379 de
1779 2338 1940 2379 sacro
1960 2322 2107 2391 fonte
2128 2327 2388 2398 suscepit,
2409 2336 2465 2383 et
2484 2344 2693 2403 ungens
2712 2340 2837 2383 cum
2865 2327 2919 2381 in
2950 2341 3133 2397 regem
3154 2323 3277 2379 lta—'

66 2416 298 2474 teriussua
320 2426 522 2474 statuta
548 2416 833 2483 violarent,
860 2415 1033 2485 patria
1054 2423 1111 2477 et
1134 2413 1381 2468 libertate
1400 2412 1584 2484 priva-
1684 2415 1793 2481 liae,
1816 2415 2074 2485 imposuit
2102 2418 2152 2473 ei
2189 2433 2475 2485 coronam,
2507 2418 2729 2475 fratrem
2762 2433 2893 2477 vero
2927 2418 3047 2488 ejus
3078 2417 3257 2473 Lude-

67 2516 230 2564 rentur.
269 2507 544 2579 Baptizata
592 2517 679 2567 est
729 2516 909 2565 autem
958 2514 1015 2560 et
1038 2503 1329 2560 multitudo
1370 2516 1586 2574 magna,
1686 2504 1884 2560 wicum
1906 2505 1963 2560 in
1985 2521 2165 2578 regem
2212 2508 2519 2579 Aquitaniae
2564 2508 2743 2574 unxit,
2768 2508 2979 2578 ipsique
3002 2521 3261 2573 coronam

67 2611 158 2666 qua
178 2612 247 2663 se,
276 2598 397 2656 licet
418 2598 585 2664 falso,
615 2597 968 2655 christianam
997 2593 1114 2652 fore
1135 2593 1480 2666 promiserat.
1689 2595 1968 2666 imposuit.
2001 2596 2114 2653 Rex
2141 2590 2277 2654 vero
2308 2596 2483 2654 Roma
2530 2600 2860 2671 digrediens,
2893 2596 3261 2667 Mediolanum

117 2687 160 2740 3.
181 2686 256 2743 ιο.
276 2688 337 2743 Δ.
367 2688 430 2743 ι).
462 2688 590 2743 778.
621 2686 851 2743 Karolus
875 2702 972 2741 rex
991 2694 1174 2756 partes
1206 2683 1478 2754 Hispaniae
1496 2697 1591 2754 pe-
1689 2687 1857 2753 venit,
1878 2687 2062 2757 ibique
2084 2687 2354 2759 baptizata
2375 2696 2456 2745 est
2485 2688 2609 2759 ﬁlia
2626 2689 2747 2759 ejus
2768 2687 2948 2744 Gisela
2964 2687 3048 2761 ab
3074 2689 3277 2743 archi-.

70 2785 179 2842 tces,
205 2780 450 2848 quasdam
492 2780 657 2835 urbes
706 2777 940 2847 subegit,
955 2776 1173 2834 obsides
1204 2791 1235 2831 a
1272 2775 1592 2832 Sarracenis
1690 2773 1946 2846 episcopo
1973 2775 2206 2844 Thema,
2235 2778 2378 2833 etab
2404 2778 2595 2835 eodem
2641 2786 2725 2835 est
2744 2778 2810 2851 de
2834 2792 2994 2845 sacro
3016 2775 3164 2832 fonte
3187 2774 3277 2843 ιετ-

70 2870 265 2939 accepit;
289 2872 379 2927 sed
406 2873 461 2928 in
485 2886 738 2941 regressu
773 2869 963 2926 fraude
992 2857 1325 2925 Waseouum
1350 2868 1594 2939 plerique
1648 2864 1655 2869 ’
1691 2874 1836 2924 rata.
1860 2867 2010 2924 Misit
2037 2875 2221 2925 autem
2251 2869 2524 2927 Adrianus
2550 2885 2688 2941 papa
2723 2869 3048 2927 Formosum
3078 2881 3133 2924 et
3162 2869 3267 2924 Da-

71 2959 314 3021 aulicorum
337 2979 427 3033 per
452 2961 691 3017 insidias
709 2959 979 3017 Interieeti
1003 2969 1150 3014 sunt.
1179 2958 1389 3014 Interea
1422 2956 1595 3013 Saxo-
1694 2970 1908 3011 masum
1928 2956 2218 3028 episcopos
2252 2973 2376 3014 cum
2423 2959 2615 3031 legatis
2659 2958 2822 3031 regis,
2858 2957 3108 3037 Rieholt‘o
3145 2959 3264 3013 dia-

72 3065 143 3103 nes
163 3063 409 3124 comperto
431 3053 586 3123 quod
630 3061 741 3108 tam
767 3053 924 3123 longe
968 3050 1308 3115 recessisset,
1360 3048 1593 3119 sumptis
1620 3069 1666 3132 c
1695 3061 1836 3102 cono
1862 3057 1917 3103 et
1949 3047 2266 3106 Eberhardo
2292 3049 2675 3121 pincernarum
2702 3050 2989 3124 magistro,
3035 3051 3100 3105 ad
3134 3048 3269 3105 Tas-

72 3143 217 3209 armis,
234 3143 470 3201 Rhenum
502 3159 676 3214 usque
696 3142 921 3214 profecti
947 3152 1075 3198 sunt
1098 3161 1113 3207 ;
1134 3142 1226 3198 sed
1240 3157 1364 3195 cum
1378 3155 1589 3195 amnem
1695 3138 1924 3194 silonem
1947 3139 2163 3211 ducem,
2189 3149 2249 3196 ut
2268 3150 2677 3198 eommonerent
2704 3155 2829 3196 eum
2849 3140 2915 3197 de
2933 3140 3269 3213 iuramento,

72 3234 257 3291 transite
280 3250 379 3292 non
401 3244 654 3306 possent,
680 3234 938 3304 quicquid
978 3250 1010 3287 a
1031 3233 1224 3288 Tnicio
1262 3233 1478 3287 civitate
1500 3247 1594 3287 us—
1628 3262 1636 3268 -
1694 3231 1838 3300 quod
1863 3229 2093 3302 Pippino
2135 3242 2189 3288 et
2216 3232 2341 3289 ﬁliis
2386 3233 2508 3303 ejus
2540 3232 2669 3287 olim
2714 3231 3012 3304 iuraverat.
3050 3231 3152 3297 Qui
3184 3247 3272 3285 ve—

74 3335 152 3386 Que
177 3324 236 3378 ad
252 3324 463 3380 ﬂuvium
506 3322 786 3378 Mosellam
810 3324 1053 3378 vicorum
1091 3322 1451 3391 villarumque
1470 3319 1595 3386 fuit,
1694 3321 1925 3386 niente-s,
1953 3337 2050 3377 cor
2074 3323 2196 3394 ejus
2248 3323 2615 3387 emollierunt.
2647 3330 2708 3378 ut
2734 3338 2861 3378 cum
2909 3323 2991 3393 eis
3024 3321 3273 3399 Worma-

74 3410 181 3466 ferro
205 3423 250 3467 et
270 3414 369 3485 igni
393 3413 638 3485 populati
683 3420 840 3479 sunt;
884 3410 1092 3465 nullum
1119 3409 1412 3465 discrimen
1434 3423 1597 3464 sexus
1695 3409 1837 3465 ciam
1870 3410 1937 3464 ad
1985 3425 2166 3481 regem
2198 3411 2428 3477 veniret,
2455 3412 2709 3482 datisque
2736 3411 2804 3466 η
2827 3410 3113 3467 obsidibus
3158 3411 3271 3474 ω’,

74 3503 404 3559 autntatisim
438 3501 619 3559 hostis
638 3499 862 3572 iecerat,
914 3488 975 3553 ut
1032 3497 1240 3570 liquido
1290 3504 1596 3566 appareret,
1698 3500 1811 3569 regi
1834 3499 2144 3556 fidelitatem
2167 3501 2523 3571 juraret;sed
2564 3502 2660 3558 ubi
2696 3501 2919 3558 domum
2942 3501 3123 3567 rediit,
3162 3516 3270 3556 non

74 3604 145 3643 cos
164 3607 254 3645 non
283 3592 563 3662 predaudi,
602 3591 695 3646 sed
742 3590 1035 3646 ulciscendi
1059 3605 1118 3644 se
1142 3588 1314 3659 gratia
1337 3587 1600 3643 terminos
1698 3590 1791 3647 diu
1819 3591 1874 3645 in
1904 3592 2006 3646 lide
2032 3593 2349 3661 permansit.
2388 3638 2397 3649 .
3216 3626 3219 3629 λ

75 3673 350 3737 Francorum
369 3680 651 3751 introisse.
675 3680 832 3747 Quod
862 3695 986 3735 cum
1008 3695 1102 3734 rex
1121 3678 1473 3737 Autisiodoro
1504 3692 1601 3747 po-
1768 3680 1823 3736 2.
1853 3681 1939 3735 14.
1978 3681 2044 3735 Α.
2077 3681 2139 3736 Ι).
2173 3682 2295 3737 782.
2348 3682 2584 3739 Karolus
2634 3683 2690 3738 in
2716 3681 3007 3738 Saxoniam
3033 3681 3273 3737 eundum

76 3764 182 3823 situs
198 3770 443 3838 audisset,
504 3770 797 3826 orientales
828 3768 1066 3823 Francos
1102 3777 1155 3823 et
1179 3768 1513 3822 Alamannos
1533 3766 1602 3822 ad
1700 3779 1755 3828 et
1775 3771 1848 3828 ibi
1874 3759 2009 3827 utin
2033 3771 2262 3827 Francia
2292 3773 2588 3843 quotannis
2616 3773 2917 3843 generalem
2950 3779 3275 3825 conventuin

76 3861 416 3925 propulsandus
436 3878 541 3918 eos
562 3861 821 3917 continuo
844 3859 1012 3915 misit.
1040 3846 1285 3925 Quorum
1311 3859 1603 3934 adventum

1747 3863 1918 3918 ensuit
1945 3863 2283 3928 habendum;
2308 3864 2645 3933 traiectoque
2663 3864 2804 3933 apud
2831 3861 3111 3918 Coloniam
3133 3862 3279 3914 Rhe-

78 3948 277 4008 Sixones
298 3954 603 4021 audientes,
635 3960 1006 4018 recesserunt;
1036 3952 1129 4007 sed
1156 3950 1231 4004 illi
1258 3965 1355 4005 eos
1380 3965 1411 4005 e
1439 3949 1604 4005 vesti-
1654 3976 1659 3981 σ
1704 3968 1798 4020 no,
1826 3953 1891 4008 ad
1931 3952 2133 4007 fontem
2184 3952 2387 4022 Lippiaa
2412 3954 2581 4018 venit,
2605 3952 2790 4022 ibique
2813 3952 3002 4022 positis
3059 3950 3280 4016 castris,

78 4038 145 4106 gio
165 4044 336 4111 secuti,
356 4044 685 4099 invenerunt
707 4057 802 4098 eos
840 4042 895 4096 in
920 4041 1165 4113 partibus
1187 4039 1484 4097 llassorum
1507 4054 1603 4094 su-
1706 4045 1846 4100 inter
1867 4052 2044 4100 cetera
2076 4043 2291 4114 negotia
2316 4045 2525 4112 legatos
2544 4041 2786 4114 Sigit'ridi
2812 4042 2955 4109 regis
2978 4040 3281 4097 Danorum.

79 4131 366 4195 pcrlluvium
386 4134 700 4199 Adernam;
733 4132 1028 4201 statimque
1092 4131 1147 4185 in
1197 4130 1317 4201 ipso
1365 4128 1607 4183 ﬂuminis
1704 4146 1762 4194 ει
1784 4153 1924 4209 quos
1974 4136 2229 4209 (laganus
2265 4143 2320 4190 et
2355 4134 2625 4205 Jugurrus
2670 4134 2942 4204 principes
2999 4131 3282 4186 Hunorum

80 4220 186 4274 vado
214 4223 323 4281 illos
370 4223 572 4291 adorti,
623 4231 769 4279 tanta
824 4222 953 4277 cede
994 4229 1323 4289 straverunt,
1353 4230 1413 4277 ut
1432 4236 1499 4275 ex
1524 4219 1608 4275 ἰη-
1708 4226 1866 4297 quasi
1897 4225 2049 4295 pacis
2066 4238 2233 4279 causa
2263 4222 2531 4278 miserunt
2556 4223 2624 4277 ad
2644 4237 2724 4287 se,
2756 4220 2964 4276 audivit
3006 4227 3062 4274 et
3103 4220 3284 4273 absol-

82 4311 193 4374 gcuti
211 4315 543 4370 multitudine
574 4313 662 4368 vix
685 4313 843 4383 pauci
870 4311 1151 4368 redierint.
1708 4316 1803 4370 vit.
1830 4314 2077 4384 Cumque
2110 4313 2291 4367 soiuto
2311 4320 2578 4366 conventu
2626 4310 2680 4365 in
2719 4310 3005 4365 Franciam
3033 4308 3286 4375 redisset,

136 4400 177 4453 4.
214 4402 286 4457 ll.
318 4404 381 4459 A.
409 4403 471 4459 D.
499 4403 625 4458 779.
664 4401 823 4458 Venit
853 4403 920 4457 ad
948 4400 1204 4456 Karolum
1234 4400 1609 4457 lliltihrandus
1638 4391 1688 4448 Ῐ)
1713 4405 2044 4461 Witikindus
2076 4403 2133 4458 in
2161 4402 2395 4473 patriam
2442 4416 2715 4469 reversus,
2749 4400 2994 4456 Saxones
3025 4398 3290 4455 rebellare

86 4487 170 4543 dux
195 4490 632 4563 Spolitanuscum
656 4493 866 4565 magnis
887 4492 1203 4547 muneribus
1226 4492 1281 4546 in
1308 4492 1433 4547 villa
1464 4492 1623 4551 Wirs
1692 4484 2001 4567 persuasit.
2032 4492 2358 4548 Nuneiatum
2390 4498 2475 4546 est
2494 4498 2672 4544 autem
2723 4490 2859 4560 regi,
2914 4489 3062 4559 quod
3093 4487 3289 4543 Sorahi

83 4579 275 4651 riniaco;
302 4601 461 4657 quem
492 4586 582 4641 ille
619 4584 847 4656 benigne
877 4584 1135 4654 suscepit,
1162 4583 1530 4653 donatumque
1550 4583 1607 4638 in
1716 4586 1918 4652 Selavi,
1942 4585 2037 4656 qui
2062 4599 2288 4655 campos
2319 4583 2462 4639 inter
2506 4580 2723 4636 Albiam
2749 4590 2802 4635 et
2831 4579 3013 4636 Salam
3047 4580 3295 4649 iacentes

84 4686 211 4728 suum
242 4676 492 4733 ducatum
528 4677 773 4743 remisit;
802 4676 918 4746 ipse
960 4690 1087 4729 vero
1128 4674 1314 4730 animo
1348 4674 1403 4728 in
1443 4673 1611 4729 Saxo—
1713 4679 1979 4745 incolunt,
2006 4678 2062 4732 in
2122 4676 2260 4731 ﬁnes
2302 4672 2704 4744 Thuriugorum
2766 4688 2831 4726 ac
2870 4670 3149 4727 Saxonum
3188 4669 3292 4723 sibi

83 4761 198 4817 uiam
225 4767 462 4833 tendens,
501 4767 749 4821 Rhenum
776 4767 831 4819 in
861 4779 927 4820 eo
949 4765 1067 4819 loco
1084 4763 1178 4834 qui
1226 4762 1414 4834 Lippia
1449 4779 1613 4819 voca-

1758 4770 1957 4827 )nﬂnes
2021 4766 2353 4838 depredandi
2386 4780 2555 4820 causa
2597 4763 2689 4795 ⁸⁸³⁸
2760 4760 2991 4817 fuissent
3036 4756 3290 4828 ingressi.

83 4858 152 4905 ιιιι·
191 4871 305 4913 cum
336 4859 580 4915 exercitu
610 4857 841 4928 trajecit.
872 4856 972 4912 Cui
994 4871 1118 4912 cum
1166 4854 1408 4911 Saxones
1443 4855 1499 4911 in
1546 4871 1613 4911 eo
1672 4902 1677 4907 .
1708 4860 1917 4915 Contra
1946 4874 2087 4929 quos
2114 4872 2240 4911 cum
2264 4864 2376 4910 tres
2397 4853 2678 4909 ministros
2722 4867 2853 4908 suos
2893 4866 3019 4906 cum
3051 4849 3293 4905 orienta-

83 4940 285 5017 hcoqui
311 4949 622 5007 Buohcbolz
643 4950 843 5006 dicitur
870 4947 1123 5004 resistere
1152 4954 1497 5016 temptarent,
1530 4947 1611 5002 vi-
1710 4951 1860 5006 libus
1913 4947 2143 5004 Francis
2188 4944 2499 5010 direxisset,
2551 4942 2628 4997 illi
2673 4942 2950 4996 Saxonum
3007 4937 3297 4994 audientes

82 5032 138 5085 cti
161 5034 423 5111 fugatique
442 5049 601 5108 sunt;
623 5048 678 5095 et
704 5056 799 5095 rex
821 5038 1209 5095 Westl'alorum
1230 5035 1505 5107 regionem
1532 5038 1615 5092 in-
1716 5050 1947 5105 motum,
1984 5038 2054 5094 ad
2078 5037 2202 5093 illos
2242 5036 2608 5100 divertcrunt;
2632 5031 2728 5088 sed
2747 5031 2963 5087 incaute
2990 5034 3235 5101 agentes,
3265 5042 3297 5080 ει

81 5139 270 5191 ςτεεδαε
308 5146 403 5187 eos
428 5146 621 5187 omnes
648 5130 703 5184 in
739 5129 1069 5186 deditionem
1107 5129 1344 5200 accepit;
1385 5127 1616 5199 indeque
1719 5129 2032 5186 Saxonibus
2080 5126 2438 5185 circumventi
2459 5133 2514 5180 et
2562 5138 2701 5195 pene
2745 5136 2940 5178 omnes
2980 5120 3150 5177 occisi
3208 5119 3296 5151 ""

84 5216 136 5267 al
157 5217 411 5279 Wisaram
433 5222 689 5288 veniens,
718 5230 898 5277 castra
933 5219 1147 5292 posuit;
1175 5219 1249 5275 ibi
1288 5218 1538 5291 Angrarii
1564 5227 1619 5274 ct
1701 5228 1849 5278 .sunt
1903 5219 1979 5274 Ad
1994 5234 2158 5289 quam
2182 5233 2295 5273 rem
2325 5213 2745 5299 examinandam
2770 5226 2896 5266 cum
2919 5226 3015 5265 rex
3030 5209 3293 5273 venisset,

83 5302 273 5365 Ostialai
292 5313 517 5368 obsides
537 5313 801 5367 dederunt
819 5320 874 5367 et
897 5320 1237 5368 sacramenta
1273 5311 1615 5380 iuraverunt.
1721 5326 1916 5368 omnes
1936 5308 2296 5364 Witikindum
2328 5306 2492 5376 huius
2521 5302 2744 5359 sceleris
2766 5309 3044 5358 auctorem
3090 5300 3300 5369 procla-

85 5395 264 5460 Quibus
292 5420 373 5474 pe:
387 5407 543 5474 actis,
576 5424 667 5461 rex
704 5406 1064 5461 Wormaciam
1102 5405 1157 5460 in
1188 5406 1410 5461 hiberna
1442 5420 1500 5460 se
1530 5420 1616 5459 rc-

1768 5410 2036 5467 uavcrunt;
2075 5400 2169 5459 Sed
2222 5399 2372 5453 illum
2395 5438 2412 5462 ,
2437 5397 2530 5466 qui
2578 5394 2808 5464 aufugit,
2837 5393 3048 5447 tradere
3075 5404 3183 5445 non
3208 5401 3300 5441 va-

86 5489 217 5557 θεένίι-
284 5514 289 5519 ‘
1720 5494 1912 5555 lentes,
1942 5508 2007 5545 ex
2032 5490 2152 5545 aliis
2174 5488 2301 5559 quia
2317 5488 2366 5543 ei
2387 5491 2780 5541 consenserunt
2802 5497 2972 5552 usque
2993 5481 3058 5535 ad
3073 5485 3301 5549 quatuor

1332 5585 1563 5639 VARRE
1607 5581 2001 5639 LECTIONES.

148 5666 227 5701 “"
250 5675 608 5745 rnotgaudum
642 5691 777 5728 corr.
809 5668 1167 5745 rut'itgaudum
1202 5677 1244 5729 i.
1330 5675 1420 5706 “"
1442 5673 1818 5729 obsidionibus
1846 5671 1893 5724 l.
1973 5671 2062 5701 ""
2097 5669 2246 5724 causi
2278 5669 2323 5722 l.
2407 5667 2494 5698 “3"
2523 5664 2791 5720 interfecti
2817 5662 2877 5716 ί).
2905 5660 2965 5715 Ε.
