3880 6308
1833 379 2233 439 EKKEHARDI
2265 380 2733 440 URALGIENSIS
3763 384 3828 440 Μ

611 486 786 560 ,αιίιὲο
807 496 862 543 et
880 488 1209 562 quingentos
1248 490 1610 558 tradiderunt,
1647 491 1743 566 qui
1767 508 1961 550 omnes
1991 510 2100 550 una
2128 494 2218 551 die
2245 500 2293 561 Α
2319 511 2445 552 cum
2481 496 2731 551 detinens
2752 537 2768 563 ,
2788 495 3035 566 Capuam
3063 495 3243 554 venit:
3297 495 3536 567 indeque
3570 495 3752 552 belium
3773 514 3827 567 εε-

628 577 789 648 jussu
816 580 961 651 regis
981 581 1233 638 decollati
1254 592 1406 638 sunt.
1423 585 1442 606 ⁶

819 668 896 746 ι).
922 671 990 746 β.
1018 674 1227 728 addam
1247 690 1269 729 :
1293 674 1842 746 Constantinopolim
1860 676 2101 746 quidam
2135 676 2215 731 la-

841 743 1055 814 pideam
1081 760 1264 815 aream
1289 744 1496 815 invenit
1515 755 1569 799 et
1608 743 1690 799 in'
1710 762 1775 800 ea
1820 743 1999 801 virum
2025 745 2215 815 jacen-

845 824 956 885 tem
974 830 1104 885 cum
1138 814 1239 871 hac
1266 814 1537 885 scriptura
1566 834 1582 869 :
1618 835 1636 867 ι
1667 815 1920 873 Christus
1958 814 2216 872 nascetur

850 899 916 937 ex
942 882 1111 958 Maria
1140 884 1353 958 virgine
1380 882 1442 958 et
1459 886 1626 941 credo
1648 886 1705 940 in
1735 902 1907 958 eum;
1936 886 2211 958 subgCou—

844 955 1087 1009 stantino
1106 964 1163 1010 et
1184 954 1399 1026 llj'rene
1431 955 1878 1026 imperatoribus.
1896 954 1949 1013 Vo
1981 957 2086 1026 sol,
2110 957 2214 1013 ite-

844 1040 967 1079 rum
990 1041 1078 1081 me
1099 1026 1327 1081 videbis.
1360 1045 1379 1079 ι
1403 1041 1473 1082 ex
1494 1026 1669 1101 Sigrb.

703 1118 759 1173 3.
802 1117 889 1173 15.
926 1118 994 1172 Α.
1018 1117 1083 1173 Ι).
1115 1118 1237 1174 785.
1276 1118 1416 1174 Cum
1444 1119 1517 1174 ad
1542 1119 1945 1190 expeditionem
1977 1118 2214 1174 Saxoni-

631 1225 753 1267 cam
780 1225 876 1265 rex
907 1226 967 1266 se
989 1222 1334 1281 preparasset
1354 1253 1372 1279 ,
1399 1220 1692 1283 antequam
1728 1222 1971 1268 moveret
2002 1210 2214 1268 exerci-

629 1311 772 1365 tum,
806 1299 1127 1373 Hiltigardis
1158 1304 1368 1376 regina,
1393 1319 1531 1360 uxor
1557 1304 1711 1376 ejus,
1741 1305 1879 1360 obiit
1903 1304 1940 1360 2
1983 1304 2210 1361 Kalend.

630 1388 762 1458 Mai,
779 1391 839 1445 in
868 1391 1072 1462 quibus
1097 1402 1227 1465 tunc
1252 1402 1411 1449 erant
1434 1394 1636 1465 vigilia:
1655 1394 2019 1450 ascensionis.
2042 1393 2216 1466 Cujus

630 1482 813 1538 funeri
846 1501 974 1541 eum
998 1486 1267 1556 soletnpni
1291 1501 1443 1542 more
1461 1486 1614 1558 justa
1639 1487 2009 1557 persolveret,
2040 1487 2217 1542 Saxo-

630 1573 781 1627 niam
825 1574 1094 1641 tetendit,
1134 1591 1497 1647 pugnansque
1540 1593 1665 1633 eum
1716 1578 1798 1634 eis
1848 1578 1904 1633 in
1945 1579 2069 1635 loco
2120 1579 2213 1649 qui

629 1663 960 1721 'l‘heotmelli
994 1676 1255 1735 vocatur,
1291 1668 1424 1725 vicit
1449 1685 1576 1736 eos;
1621 1669 1857 1740 indeque
1900 1669 1966 1725 ad
2010 1668 2215 1724 Padero-

629 1754 882 1811 brunnen
899 1757 1144 1823 veniens,
1174 1758 1381 1814 audivit
1401 1774 1496 1815 eos
1515 1760 1570 1813 in
1598 1761 1800 1815 ﬁnibus
1821 1758 2213 1815 Wcstfalorum

630 1846 830 1899 iterum
853 1856 1072 1915 paratos
1091 1848 1158 1902 ad
1185 1865 1451 1919 pugnam;
1484 1850 1550 1904 ad
1580 1866 1721 1920 quos
1749 1850 1999 1916 tendens,
2024 1849 2211 1905 eadem
2249 1840 2290 1896 Β

630 1950 740 2004 qua
769 1935 924 2004 prius
948 1934 1205 1993 felicitate
1224 1955 1350 1994 cum
1381 1940 1465 1995 eis
1483 1940 1785 1996 dimicavit.
1811 1938 1942 1995 lude
1963 1957 2216 1995 reversus

630 2024 686 2078 in
722 2023 1027 2095 Franciam,
1060 2028 1218 2084 duxit
1243 2046 1471 2086 uxorem
1496 2032 1662 2087 ﬁliam
1690 2031 1887 2088 Ratolﬁ
1908 2032 2129 2087 comitis
2148 2031 2219 2087 de

627 2117 882 2173 orientali
908 2118 1140 2176 Francia
1168 2123 1389 2179 nomine
1408 2122 1728 2179 Fastradam
1748 2165 1764 2190 ,
1788 2123 1856 2179 de
1889 2139 1998 2195 qua
2025 2123 2217 2179 habuit

629 2209 770 2265 ﬁlias
796 2211 960 2267 duas.
982 2242 1055 2251 —
1088 2212 1293 2269 Eodem
1328 2230 1476 2271 anno
1516 2215 1776 2273 defuncta
1797 2225 1884 2272 est
1915 2217 2072 2272 bonae
2103 2231 2217 2271 me-

630 2302 819 2357 moria:
841 2302 1137 2360 Berhtrada
1158 2306 1375 2378 regina,
1404 2316 1581 2364 mater
1600 2307 1745 2380 regis
1766 2349 1782 2375 ,
1830 2309 1865 2363 4
1899 2307 2025 2364 ldus
2062 2306 2213 2363 Julii.

699 2394 755 2448 4.
801 2394 885 2450 l6.
924 2397 989 2450 Α.
1024 2397 1087 2452 ι).
1125 2398 1248 2454 784.
1299 2398 1569 2468 Karolus,
1606 2401 1902 2473 transjeeto
1937 2399 2129 2456 Rheno
2161 2400 2214 2455 in

628 2484 751 2539 loco
780 2485 875 2518 m'
894 2486 990 2557 qui
1022 2486 1341 2558 Lippeheim
1365 2499 1616 2558 vocatur,
1631 2506 1800 2562 pagos
1821 2489 2215 2545 Wcstfalorum

627 2576 899 2645 vastavit;
940 2578 1277 2652 veniensque
1308 2582 1378 2638 ad
1408 2582 1724 2649 Wisaram,
1766 2599 1892 2639 eum
1926 2583 2218 2640 inundatio

627 2682 901 2737 aquarum
943 2670 1234 2726 transitum
1277 2683 1540 2745 negaret,
1572 2672 1785 2728 dimisit
1823 2674 1995 2729 ﬁlis":
2051 2688 2215 2728 suum

628 2753 892 2812 Karolum
916 2758 972 2812 in
1000 2758 1201 2816 ﬁnibus
1221 2760 1671 2831 Westl'alaorum,
1696 2763 1922 2834 ipseque
1949 2780 2045 2834 per
2067 2764 2217 2818 Thu-

625 2845 862 2916 ringiam
888 2847 1191 2916 diverteris,
1228 2850 1590 2922 depopulatus
1615 2861 1700 2908 est
1724 2861 1908 2923 partes
1931 2869 2056 2923 quae
2088 2863 2218 2910 sunt

629 2938 775 2993 circa
793 2938 1029 3005 Albium,
1056 2957 1422 3014 reversusque
1445 2954 1530 3000 est
1548 2945 1604 3000 in
1627 2943 1938 3000 Franciam.
1969 2944 2217 3001 Saxones

629 3044 761 3085 vero
788 3033 1102 3103 congregati
1142 3035 1461 3106 pugnabant
1500 3051 1628 3092 eum
1669 3036 1783 3092 ﬁlio
1827 3037 1949 3106 ejus
1980 3036 2214 3104 Karolo;

628 3121 725 3177 sed
755 3122 874 3189 ille,
907 3139 1103 3195 magna
1130 3127 1262 3182 cede
1297 3125 1441 3184 facta
1461 3168 1478 3195 ,
1525 3143 1651 3184 cum
1681 3128 1911 3184 victoria
1957 3129 2119 3186 rediit
2147 3129 2214 3185 ad

629 3223 841 3284 patrem
866 3214 1258 3274 Wormaciam.

700 3305 754 3360 5.
797 3306 884 3363 l7.
925 3306 991 3361 Α.
1020 3307 1082 3362 D.
1117 3309 1242 3365 785.
1283 3309 1538 3366 Witikint
1562 3320 1619 3367 et
1660 3312 1836 3369 Abbio
1863 3329 1930 3369 ex
1967 3313 2218 3370 Transal-

628 3395 794 3451 biana
834 3397 1056 3468 regione
1103 3410 1375 3456 venerunt
1413 3402 1483 3458 ad
1534 3401 1795 3459 Karolum
1842 3421 2023 3476 regem
2070 3407 2215 3477 apud

631 3486 998 3556 Attiniacum,
1045 3488 1351 3547 adducente
1393 3492 1701 3551 Amalwino
1756 3494 1846 3527 “"
1907 3496 2215 3552 aulicorum

503 3621 515 3633 .
629 3592 762 3642 uno,
788 3578 973 3648 ibique
998 3579 1054 3633 in
1083 3580 1313 3649 gratiam
1342 3582 1564 3652 recepti,
1590 3583 1854 3654 baptizati
1878 3594 2036 3653 sunt;
2067 3587 2217 3655 quie-

626 3667 816 3738 vitque
858 3668 1144 3728 Saxonica:
1188 3672 1432 3742 perﬁdiae
1474 3674 1835 3745 pervicacitas
1881 3691 1979 3747 per
2006 3676 2217 3747 aliquot

629 3775 657 3810 ἃ.
664 3771 827 3815 unus.

698 3849 752 3905 6.
794 3850 881 3908 l8.
918 3854 984 3908 A.
1018 3852 1079 3910 ι).
1106 3854 1227 3911 786.
1251 3854 1494 3912 Audiens
1519 3872 1636 3925 rex,
1661 3856 1866 3928 Anglos
1886 3865 1941 3913 et
1969 3855 2215 3913 Saxones

590 4006 595 4013 .
626 3939 966 3999 B.itauniam
999 3945 1268 4003 invasisse
1295 3947 1564 4020 (229-30),
1580 3949 1731 4005 misit
1755 3949 1885 4004 illuc
1910 3965 2036 4005 cum
2064 3964 2216 4004 exer-

587 4097 596 4109 .
628 4031 740 4087 nitu
777 4032 1106 4103 Audolfum,
1141 4037 1481 4108 propositum
1513 4054 1720 4097 mensa:
1751 4039 1934 4110 regiae.
1980 4039 2088 4106 Qui
2120 4054 2213 4094 ve-

624 4136 806 4191 niens,
831 4124 1052 4194 perﬁdae
1090 4128 1271 4197 gentis
1312 4129 1717 4186 contumaciam
1754 4130 1865 4185 cito
1913 4128 2208 4200 repressit,

619 4225 986 4285 acceptosque
1007 4216 1228 4273 obsides
1251 4234 1377 4274 cum
1393 4219 1647 4288 plurimis
1669 4219 1857 4289 populi
1879 4219 2213 4290 primoribus

624 4300 995 4360 Wormaciam
1043 4306 1111 4361 ad
1155 4323 1337 4378 regem
1367 4308 1614 4364 adduxit.
1659 4308 1775 4365 Rex
1812 4319 2030 4377 autem,
2079 4324 2213 4379 pace

619 4392 865 4464 undique
886 4404 1072 4465 parta,
1101 4399 1294 4454 statuit
1314 4399 1546 4455 Romam
1570 4400 1671 4467 ire,
1702 4410 1757 4456 et
1778 4411 1986 4472 partem
2022 4400 2210 4468 italiae,

2315 596 2539 656 sturus,
2564 597 2748 642 castra
2782 586 2855 641 ibi
2878 587 3077 657 posuit.
3107 587 3372 655 Aragisus
3395 603 3557 650 vero,
3586 588 3752 643 relicta
3769 588 3830 643 Br-

2316 687 2580 744 nevento,
2616 693 2741 748 quae
2773 687 2939 749 caput
2977 687 3063 733 est
3109 678 3257 734 illius
3298 690 3491 745 teme,
3524 678 3830 735 Salernum:

2282 772 2478 841 .quasi
2519 772 2871 834 munitiorem
2939 772 3204 836 contulit;
3261 772 3545 842 missaque
3595 772 3831 843 κρύη,

2317 872 2581 933 utrosque
2609 862 2751 918 ﬁlios
2785 878 2918 919 suos
2951 865 3063 935 regi
3092 863 3329 929 obtulit,
3365 866 3693 934 promittens
3716 881 3833 934 rem

2315 956 2500 1013 omnia
2529 957 2879 1012 obediturum
2897 998 2914 1024 ,
2946 967 3161 1013 tantum
3192 973 3260 1011 ne
3300 957 3368 1012 ad
3397 969 3742 1027 conspectuin
3759 959 3834 1027 eius

2315 1050 2503 1106 venire
2527 1058 2833 1121 cogeretur.
2866 1048 3044 1122 (Errat.
3085 1049 3210 1105 Vita
3243 1049 3380 1105 Κατ.
3411 1081 3488 1093 —-
3508 1051 3680 1118 Ana.)
3726 1050 3834 1117 Cain

2277 1175 2285 1180 -
2317 1141 2570 1211 precibus
2601 1157 2692 1198 rex
2719 1158 3002 1209 annuens,
3028 1143 3297 1198 minorem
3324 1143 3502 1198 ﬁlium
3536 1142 3836 1198 nominatin-

2280 1233 2561 1289 .moldum
2615 1248 2803 1290 secum
2847 1235 3106 1301 retinuit,
3155 1235 3426 1302 majorem
3482 1234 3633 1305 patri
3676 1234 3832 1288 mea

2280 1374 2283 1381 .
2315 1323 2539 1395 Accepit
2565 1325 2793 1395 insuper
2835 1341 2867 1380 a
2920 1326 3124 1397 populo
3157 1325 3380 1381 obsides
3412 1326 3475 1380 ll
3500 1367 3519 1393 ,
3552 1326 3837 1394 misitque-

2316 1427 2473 1489 gatos
2490 1458 2507 1484 ,
2543 1419 2638 1488 qui
2666 1427 2724 1474 et
2751 1417 2935 1488 ipsum
2955 1417 3152 1475 ducem
3179 1426 3235 1473 et
3259 1433 3484 1473 omnem
3520 1417 3838 1488 popula-ﬂe-

2316 1519 2682 1566 neventanum
2705 1520 3051 1566 sacramento
3071 1510 3484 1566 conﬁrmaan
3504 1509 3637 1581 Ipse
3654 1521 3754 1581 post
3766 1511 3839 1566 hac

2315 1617 2445 1660 cum
2484 1602 2676 1674 legatis
2704 1601 2935 1676 Hyrenze
2973 1612 3030 1660 et
3069 1602 3422 1659 Constantini
3462 1603 3583 1658 ﬁlii
3618 1603 3754 1673 ejus,
3780 1606 3839 1672 qui
3870 1640 3871 1643 η

2316 1704 2539 1768 propter
2559 1694 2850 1765 petendam
2866 1695 3035 1751 ﬁliam
3056 1710 3215 1750 suam
3243 1694 3405 1751 missi
3427 1693 3677 1757 fuerant,
3696 1694 3840 1748 totum
3870 1700 3871 1705 ‘

2316 1797 2430 1855 est,
2462 1788 2682 1857 illisque
2727 1785 3007 1853 dimissis,
3047 1786 3277 1841 Romam
3319 1801 3623 1851 reversus,
3664 1796 3838 1840 sanum

2318 1874 2523 1946 pascha
2555 1873 2629 1928 ibi
2662 1888 2791 1929 cum
2840 1888 3039 1944 magna
3079 1872 3370 1944 hylaritate
3403 1871 3719 1926 celebravit.
3744 1868 3839 1923 In:
3870 1884 3871 1897 ι

2278 1995 2284 1999 -
2317 1974 2591 2023 venerunt
2635 1965 2704 2021 ad
2746 1981 2947 2036 papam
2995 1965 3159 2035 legati
3207 1964 3527 2020 Tassilouis
3567 1962 3743 2023 «luds.
3770 1963 3839 2015 An

2316 2058 2609 2130 cpiscopus
2630 2065 2688 2114 et
2711 2055 2987 2115 Henricus
3021 2055 3194 2111 abbas
3216 2096 3233 2123 ,
3265 2063 3532 2126 rogantes
3554 2042 3669 2119 {ut
3686 2053 3789 2106 inter
3804 2067 3841 2103 se

2275 2176 2281 2182 -
2316 2158 2374 2206 et
2399 2147 2881 2221 regemmediator
2907 2146 3059 2218 pacis
3088 2144 3203 2200 ﬁeri
3229 2144 3584 2215 dignaretur.
3611 2141 3745 2209 Quod
3762 2156 3841 2194 ω

2318 2241 2410 2296 ille
2433 2240 2634 2296 obnixe
2661 2239 2865 2296 faceret
2886 2247 2944 2294 et
2969 2253 3065 2293 rex
3113 2253 3174 2293 se
3214 2236 3269 2292 id
3299 2236 3442 2291 velle
3468 2236 3708 2299 diceret,
3727 2233 3839 2287 iiun-

2275 2359 2279 2363 -
2320 2332 2492 2404 rogati
2517 2331 2706 2398 missi,
2728 2346 2841 2401 quo
2874 2339 3032 2401 pacto
3069 2344 3256 2400 pacein
3288 2328 3521 2384 ﬁrmare
3568 2329 3767 2385 vellent.
3788 2341 3841 2377 κο

2318 2422 2680 2495 sponderunt,
2695 2423 2801 2480 sibi
2824 2439 2990 2494 super
3000 2424 3103 2477 hae
3114 2437 3173 2476 rc
3186 2422 3356 2476 nichil
3373 2421 3702 2491 imperatum
3712 2418 3839 2471 fuisse.
3870 2470 3871 2473 η

2278 2554 2283 2567 ς
2321 2516 2477 2573 Unde
2503 2533 2641 2588 papa
2663 2515 3180 2585 commotus,~quasi
3203 2514 3434 2569 fallaces
3448 2530 3520 2569 ac
3538 2512 3843 2567 fraudabis:
3870 2548 3871 2559 χ

2320 2609 2666 2664 anathemate
2685 2608 2879 2664 statuit
2896 2606 3190 2673 feriendos,
3219 2606 3264 2662 si
3288 2623 3320 2661 a
3348 2604 3460 2660 ﬁde
3484 2605 3623 2660 olim
3650 2604 3742 2673 regi
3762 2618 3845 2671 μυ·
3870 2672 3871 2683 χ

2274 2720 2285 2727 η
2318 2699 2488 2754 missa
2519 2697 2897 2764 discederent;
2947 2697 3161 2768 hocque
3210 2695 3337 2751 duci
3410 2694 3751 2758 rcmandans,
3780 2692 3849 2745 bat

2320 2790 2520 2847 infecta
2552 2806 2686 2861 pace
2718 2789 2951 2845 remisit.
2984 2789 3337 2861 Apostolicus
3382 2800 3576 2844 autem
3617 2797 3669 2843 et
3699 2802 3768 2841 rex
3792 2784 3871 2859 ili-1

2318 2882 2493 2937 vicem
2541 2881 2647 2936 sibi
2694 2881 3061 2936 valedicentes
3112 2881 3535 2946 discesserunt,
3590 2868 3871 2948 acceptas»1

2318 2973 2735 3038 benedictione,
2783 2988 2881 3027 rex
2926 2972 2981 3026 iu
3031 2971 3321 3026 Franciam
3355 2971 3562 3038 rediit,
3595 2981 3649 3027 et
3678 2970 3846 3025 ilinsac

2321 3064 2462 3119 ﬁlias
2490 3063 2626 3118 cum'
2664 3078 2835 3118 uxore
2870 3078 2972 3119 sua
3013 3061 3275 3117 Fastrada
3312 3061 3649 3117 Wormacia:
3682 3056 3871 3114 inruit.

2244 3178 2289 3238 ο
2320 3155 2398 3211 lbi
2427 3171 2558 3227 ergo
2588 3157 2776 3211 habito
2802 3155 3042 3227 generali
3072 3164 3346 3212 conventu
3366 3196 3385 3222 ,
3416 3170 3609 3210 coram
3633 3150 3846 3223 optimati-
3870 3182 3871 3223 ς

2316 3247 2423 3303 bus
2450 3247 2567 3303 suis
2596 3248 2780 3303 omnia
2817 3263 2943 3318 qua:
2983 3246 3127 3303 facta
3156 3255 3287 3304 sunt
3333 3247 3392 3302 in
3434 3246 3635 3301 itinere
3656 3259 3742 3300 suo
3762 3256 3845 3294 ω·
3870 3240 3871 3319 ξ

2316 3339 2478 3407 ravit',
2500 3354 2806 3410 eorumque
2820 3339 3052 3395 consilio
3072 3340 3281 3411 legatos
3301 3338 3455 3394 misit
3476 3338 3549 3393 ad
3575 3336 3845 3392 Tassﬂo-tli
3870 3388 3871 3415 χ

2318 3430 2415 3501 (Α.
2445 3429 2674 3501 Laur.),
2706 3431 2802 3501 qui
2853 3430 3263 3501 experirentur,
3303 3431 3355 3486 si
3399 3429 3687 3500 apostolici
3725 3424 3871 3511 jussisi

2269 3547 2278 3561 -
2315 3521 2561 3578 oboedire
2602 3522 2818 3592 sibique
2863 3522 3027 3577 ﬁdem
3064 3537 3287 3577 servare
3339 3522 3675 3592 disponeret.
3720 3517 3871 3583 (Em,

2268 3628 2273 3633 '
2314 3612 2480 3682 Ann.)
2510 3612 2633 3680 Quo
2655 3590 2812 3684 jussa
2832 3623 3283 3685 'contempnente,
3313 3590 3511 3669 statuit
3534 3628 3627 3667 rex
3642 3590 3871 3681 triwa

2300 3704 2570 3760 exercitu
2596 3704 2904 3775 Bajoariam
2934 3715 3141 3776 petere,
3167 3714 3224 3761 et
3250 3705 3366 3760 ﬁlio
3395 3719 3502 3760 suo
3526 3703 3742 3773 Pippino
3762 3716 3845 3753 tu
3870 3750 3871 3761 χ

2313 3796 2737 3867 ltaliciscopiis
2785 3798 2842 3852 in
2893 3796 3271 3854 Tridentinam
3316 3798 3519 3852 vallem
3570 3793 3871 3867 conﬁnium

2317 3887 2598 3944 Saxonum
2640 3904 2772 3945 vero
2798 3899 2967 3960 atque
2994 3889 3347 3944 orientalium
3383 3887 3714 3942 Francorum
3738 3894 3871 3960 cier-1

2313 3978 2426 4034 citu
2455 3993 2621 4049 super
2653 3978 2961 4035 Danubium
3001 3980 3056 4035 in
3087 3981 3210 4036 loco
3247 3979 3343 4051 qui
3400 3979 3667 4049 Pheringa
3698 3974 3871 4059 didier}

2314 4060 2693 4137 conveniente,
2720 4070 2839 4140 ipse
2865 4086 2992 4126 cum
3017 4070 3261 4127 exercitu
3290 4086 3457 4142 quem
3488 4070 3767 4125 adduxerat
3786 4062 3871 4142 ςεοῆ

2312 4175 2410 4229 per
2459 4160 2649 4216 Lieum
2699 4162 2925 4218 ﬂuvium
2968 4163 3024 4218 in
3075 4163 3606 4235 civitatisAugustae
3639 4156 3871 4235 suberis}

2273 4292 2277 4296 -
2313 4253 2658 4311 considebat.‘
2688 4253 2891 4331 Videns
2931 4264 3112 4311 autem
3161 4253 3382 4311 Tassilo
3419 4272 3481 4310 se
3529 4248 3871 4322 undique

2312 4347 2658 4413 eiunl‘usum,
2691 4349 2758 4403 ad
2790 4364 2970 4421 regem
3013 4348 3239 4418 supplex
3274 4348 3455 4413 venit,
3488 4338 3871 4412 veniamquedt}

2313 4451 2439 4496 ante
2466 4442 2633 4513 gestis
2663 4442 2768 4497 sibi
2797 4441 2917 4496 dari
2946 4442 3175 4513 rogavit.
3210 4441 3323 4497 Rex
3357 4450 3538 4497 autem
3557 4482 3573 4504 ,
3602 4447 3662 4492 ut
3681 4446 3871 4501 seum;

903 4486 931 4520 ,⁸
1873 4492 1884 4503 .
2018 4492 2051 4504 ..
2313 4486 2439 4496 -ηνν
2466 4486 2633 4513 omnm
2663 4486 2768 4497 ν-υ-
2799 4486 2917 4496 ..υ-ι-
2948 4486 3175 4513 ..νυ-υ.-.
3210 4486 3322 4497 ην..
3357 4486 3573 4504 ..ν-να,
3608 4486 3661 4492 ..ν
3682 4486 3745 4491 μγ
3780 4486 3795 4501 ,
3870 4496 3871 4499 η

617 4488 1888 4604 TE..eg.t?ff_B§TYfﬂtunfl23°33???
1910 4493 2204 4604 si???
2239 4515 2285 4574 ί)
2310 4542 2428 4588 erat
2455 4534 2638 4599 mitis.
2679 4535 2995 4604 deprecanti
3042 4534 3286 4604 pepercit
3310 4576 3329 4600 ν
3371 4542 3691 4602 amploque
3714 4526 3771 4579 ’δ
3800 4538 3871 4573 κ’)

621 4575 787 4645 cujus
805 4578 1072 4648 majorem
1116 4589 1358 4651 partem,
1402 4590 1562 4653 capto
1607 4582 1921 4650 Desiderio,
1956 4585 2072 4655 jam
2103 4584 2206 4639 sibi

621 4667 958 4726 subdiderat.
990 4670 1228 4730 Veniens
1249 4674 1416 4744 igitur
1441 4675 1496 4730 in
1525 4673 1759 4743 Italiam,
1786 4676 1966 4732 natale
1989 4675 2208 4732 Domini

617 4759 916 4818 celebravit
944 4764 1088 4834 apud
1116 4764 1331 4822 Tuscia:
1362 4767 1641 4827 civitatem
1673 4768 2026 4825 Florentiam.

692 4854 744 4910 7.
787 4855 874 4911 l9.
913 4855 980 4912 Α.
1012 4857 1075 4914 D.
1109 4858 1230 4915 787.
1272 4859 1510 4917 Karolus
1539 4878 1636 4918 rex
1668 4861 1899 4918 Romam
1941 4861 2202 4928 veniens,

621 5045 883 5107 ratusque
910 5037 986 5094 ibi
1008 5054 1106 5110 per
1127 5040 1337 5112 aliquot
1358 5041 1503 5109 dies,
1550 5058 1678 5099 cum
1718 5041 1911 5098 eodem
1946 5043 2202 5113 pontiﬁce

622 5125 991 5186 Beneventum
1028 5133 1326 5191 contendit.
1356 5136 1511 5202 Quod
1548 5135 1781 5192 audiens
1808 5136 2073 5208 Aragisus
2092 5136 2206 5191 dux

625 5219 1089 5295 Beneventornm,
1120 5230 1270 5285 misit
1316 5230 1385 5285 ad
1435 5246 1616 5303 regem
1672 5232 1845 5287 ﬁlium
1892 5246 2055 5288 suum
2096 5231 2207 5285 Ilu-

625 5314 866 5372 meldum
896 5335 1021 5375 cum
1057 5323 1268 5392 magnis
1293 5325 1634 5390 muneribus,
1666 5341 1887 5395 rogans,
1913 5339 1981 5379 ne
2005 5333 2206 5378 terram

624 5405 773 5465 illam
800 5410 1048 5469 intraret.
1083 5414 1240 5481 Quod
1265 5415 1355 5471 ille
1400 5417 1651 5475 abnuens
1677 5426 1733 5472 et
1764 5416 2089 5471 liumeldnm
2113 5429 2205 5469 se-

2310 4623 2422 4678 ﬁlio
2440 4625 2561 4695 ejus
2589 4624 2886 4682 Theodone
2914 4641 3042 4682 cum
3066 4626 3193 4682 aliis
3227 4625 3294 4679 12
3314 4625 3613 4687 obsidibus,
3637 4620 3692 4674 in
3717 4614 3847 4670 Fr!!-
3870 4630 3871 4695 ξ

2310 4715 2453 4770 ciam
2483 4714 2663 4772 rediit.

2375 4868 2430 4923 8.
2461 4869 2550 4924 so.
2583 4868 2670 4936 (Α.
2697 4868 2864 4924 Laur.
2897 4877 2952 4925 et
2981 4868 3163 4941 Emit.)
3192 4870 3258 4925 Α.
3296 4869 3361 4924 o.
3386 4854 3843 4925 7881³101σῴ
3870 4842 3871 4893 λ

495 4944 503 4954 '
580 4988 583 4995 .
621 4945 925 5002 honoriﬁce
940 4957 1229 5019 susceptus
1248 4959 1334 5005 est
1360 4951 1430 5005 ab
1455 4952 1761 5022 apostolico
1780 4952 2059 5017 Adriano;
2084 4967 2203 5006 mo-
2307 4958 2653 5031 lngilinheim
2684 4962 2888 5032 pascha
2915 4962 3229 5017 celebrante
3249 4971 3305 5016 et
3326 4957 3566 5032 generale
3592 4950 3840 5009 conti?“
3870 4970 3871 5032 ἦ

2310 5052 2565 5120 habente,
2597 5052 2810 5109 Tassilo
2830 5055 2964 5121 dux,
2996 5055 3140 5110 sicut
3159 5061 3217 5110 et
3244 5054 3412 5110 ceteri
3442 5047 3577 5120 mgni
3604 5045 3841 5116 FW“
3870 5052 3871 5121 ζ

2311 5143 2551 5210 alvenit,
2581 5143 2676 5199 sed
2707 5159 2739 5199 a
2774 5144 3038 5200 Bawariis
3057 5151 3354 5200 accusatus
3376 5186 3391 5209 ,
3420 5139 3553 5211 qui!"
3579 5142 3703 5205 Ρ⁰⁵¹
3722 5132 3843 5183 ⁸³⁸⁵
3870 5132 3871 5209 Ῐ

2313 5236 2557 5304 proxime
2583 5235 2804 5293 obsides
2824 5236 2985 5292 ﬁdem
3016 5252 3125 5291 non
3154 5235 3472 5300 servaverit,
3500 5228 3587 5287 sed
3623 5224 3843 5283 sla-la“

2312 5342 2482 5380 uxore
2525 5342 2625 5381 sua
2654 5327 2978 5399 Liutburga,
3009 5326 3275 5383 Desiderii
3302 5318 3754 5397 Longulam
3775 5326 3839 5362 π’
3870 5324 3871 5399 ἢ

2312 5416 2396 5486 gis
2425 5416 2556 5479 ﬁlia,
2603 5416 2811 5473 Avares
2858 5418 2913 5472 in
2963 5416 3378 5488 dissipationein
3425 5408 3559 5483 regni
3608 5408 3841 5460 mm"

1932 5525 2163 5582 VARIE
2206 5527 2608 5584 LEC'I'IONES.

732 5615 825 5650 “”
862 5615 916 5672 in
946 5617 983 5672 1.
1011 5622 1367 5691 superscripta
1389 5630 1511 5676 sunt
1538 5623 1587 5678 l.
1621 5623 1712 5655 ¹¹³⁹
1741 5621 2025 5676 amalwico
2063 5620 2143 5674 μ’.

2160 5712 2370 5766 NOTAE

692 5800 943 5871 (229-50)
986 5801 1151 5857 Valde
1174 5801 1524 5857 l‘lltlu‘hardus
1544 5802 1647 5858 hoc
1679 5804 1797 5858 loco
1827 5803 2086 5858 Einhardi
2109 5804 2474 5859 narrationem
2501 5804 2734 5858 tur‘savit
