3880 6308
63 377 118 429 :H
943 370 1310 426 (IllRONiCA.
1353 404 1422 410 —
1458 366 1849 424 ClIRONICON
1894 367 2353 424 UNWERSALE.

3196 369 3303 426 θῦε

64 509 89 544 ιι
111 493 298 556 :ltaquc
328 484 441 539 alia
481 484 754 540 hostiliter
796 493 849 541 et
879 484 1085 540 dixisse
1124 495 1175 540 et
1225 485 1451 551 fecisse,
1485 500 1609 539 cum
1644 499 1686 554 Α
1719 480 2033 536 Fardulfum
2077 480 2496 552 Longobardum
2548 481 2757 536 detecta
2802 480 2994 538 fuisset
3023 524 3040 543 .
3075 483 3190 551 ipse
3229 487 3300 537 ob

64 599 141 636 ree
167 594 362 650 negare
395 577 689 647 nequiret,
724 577 1023 646 ntajcstatis
1053 594 1178 633 reus
1209 579 1484 647 judicatus
1505 588 1608 632 est.

64 674 99 726 -Σι
118 673 235 726 dum
263 669 526 724 omnium
551 685 644 722 ore
672 669 890 738 capitali
927 667 1281 722 damnaretur
1310 669 1610 734 sententia,

63 780 124 816 ιιι
149 762 215 816 ob
253 775 512 815 antorem
561 759 654 814 Dci
683 801 698 825 ,
743 768 796 814 ct
842 759 970 829 quia
997 760 1440 831 consanguineus
1491 761 1612 829 ejus

63 860 173 918 :rat,
198 847 437 906 liberam
465 865 596 904 eum
631 849 881 919 cupiens,
915 849 1294 920 interrogavit,
1324 850 1455 920 quid
1494 850 1609 919 jam

63 959 180 1014 igere
198 942 376 997 vellet.
427 940 528 997 Ille
564 951 745 996 autem
792 957 991 1012 rogans
1035 941 1309 996 licentiam
1353 943 1456 996 sibi
1491 941 1610 997 dari

64 1052 127 1092 πο
147 1033 376 1104 peccatis
404 1033 714 1104 pmnitcndi
734 1076 748 1099 ,
785 1043 1132 1100 tonsuratur,
1171 1044 1224 1090 et
1253 1035 1306 1088 in
1335 1046 1610 1092 monaste-

63 1132 163 1185 ἰιιιιι
205 1127 410 1183 missus
449 1135 558 1180 est.
602 1125 863 1181 Similiter
903 1135 956 1181 ct
993 1126 1137 1183 ﬁlius
1179 1127 1300 1198 ejus
1343 1126 1605 1194 Tbcodo;

63 1217 185 1276 ueteri
229 1233 359 1274 vero
412 1217 587 1288 hujus
634 1217 875 1288 perﬁdia:
917 1227 1203 1275 consortes
1241 1235 1340 1291 per
1390 1219 1607 1277 diversa

63 1313 178 1367 milia
205 1310 490 1380 dampnati
524 1319 674 1366 sunt.
703 1315 722 1334 ‘

160 1407 176 1426 '
205 1400 266 1457 D.
307 1400 370 1455 E.
411 1402 622 1455 addunt
663 1417 682 1455 :
724 1399 988 1458 lnstantia
1029 1399 1282 1457 Tharasii
1332 1429 1406 1442 —-
1450 1401 1607 1458 abdi-

225 1483 400 1528 catur.
432 1488 503 1526 ea:
534 1471 709 1543 Sigeb.

99 1567 143 1620 9.
174 1565 259 1619 21.
294 1565 359 1619 Α.
395 1563 462 1618 1).
503 1564 629 1618 789.
663 1563 898 1622 Karolus
923 1573 1112 1620 contra
1142 1572 1355 1634 gentem
1387 1563 1606 1619 Sclave-

64 1669 211 1708 torum
238 1654 330 1724 qui
362 1653 530 1707 Wilzi
562 1654 822 1709 dicuntur
854 1654 1155 1710 exercitum
1198 1654 1406 1709 ducens
1429 1695 1445 1720 ,
1481 1669 1601 1708 am-

67 1761 148 1798 :cm
187 1744 346 1798 Albia:
397 1743 624 1798 duobus
678 1743 936 1812 pontibus
984 1743 1308 1813 conjunxit,
1363 1759 1601 1814 quorum

1716 575 1968 628 meritum
2017 573 2140 629 ﬁdei
2189 581 2417 629 servata:
2458 573 2792 628 monasterio
2840 573 3012 628 sancti
3071 573 3296 628 Dionisii

1712 667 1948 720 donatus
1977 676 2081 732 est,
2109 675 2360 722 auctores
2383 682 2513 722 vero
2541 666 2938 736 conjurationis
2966 666 3160 735 partim
3192 668 3302 734 gla-

1711 756 1803 811 dio
1823 757 1956 822 cesi,
1983 757 2180 826 partim
2224 757 2469 828 patibulo
2509 758 2762 828 suspensi
2793 766 2940 812 sunt.
2974 757 3086 812 Rex
3115 768 3297 812 autem

1711 857 1934 918 propter
1962 849 2162 902 bellum
2199 865 2323 902 cum
2361 848 2538 904 Hunis
2566 858 2881 918 susceptum
2906 847 3297 923 Regcnesburg

1711 939 1934 994 sedente
1962 939 2081 1003 ω’,
2116 955 2439 1009 persuasum
2479 949 2566 994 est
2593 940 2641 994 ei
2667 956 2696 994 a
2727 940 3099 1010 quibusdam,
3135 955 3299 1010 posse

1709 1031 2094 1101 percommode
2117 1047 2145 1085 a
2180 1030 2428 1085 Danubio
2459 1031 2512 1085 in
2546 1029 2794 1086 Rhenum
2830 1031 3104 1102 navigari,
3135 1032 3181 1086 si
3215 1031 3298 1086 in—

1711 1131 1792 1178 ter
1822 1121 2154 1178 Radanciam
2184 1132 2237 1178 et
2265 1123 2574 1178 Altmonam
2605 1122 2800 1177 ﬂuvios
2835 1122 3105 1193 ejusmodi
3146 1121 3296 1178 fossa

1707 1213 2035 1280 duceretur,
2067 1229 2190 1284 qtue
2217 1223 2362 1269 esset
2401 1214 2624 1268 navium
2670 1229 2874 1284 capax,
2920 1215 3048 1285 quia
3096 1214 3296 1268 borum

1707 1305 2000 1361 ﬂuviorum
2045 1307 2184 1361 alter
2237 1305 2488 1361 Danubio
2535 1306 2671 1360 alter
2713 1305 2906 1360 Rheno
2950 1306 3293 1361 misceretur.

1706 1395 2009 1452 Confestim
2051 1412 2146 1450 rex
2189 1411 2314 1450 cum
2354 1395 2504 1449 omni
2543 1395 2808 1449 comitatu
2858 1410 2961 1451 suo
3001 1395 3070 1449 ad
3114 1395 3295 1448 locum

1707 1488 1835 1542 huic
1859 1486 2010 1557 operi
2033 1497 2220 1557 aptum
2252 1486 2431 1552 venit,
2456 1501 2521 1540 ac
2550 1501 2747 1557 magna
2784 1485 3073 1540 hominum
3110 1485 3298 1538 multi-

1705 1577 1894 1632 tudine
1944 1586 2303 1649 congregata,
2352 1585 2528 1632 totum
2569 1576 2822 1631 autumni
2864 1585 3080 1644 tempus
3103 1575 3159 1629 in
3191 1577 3298 1633 hoc

1703 1669 2066 1739 consumpsit.
2107 1666 2278 1723 Ducta
2316 1677 2402 1724 est
2445 1668 2631 1738 itaque
2659 1668 2806 1723 fossa
2840 1667 2980 1722 inter
3023 1667 3298 1736 predietos

1705 1759 1899 1814 ﬂuvios
1920 1759 2090 1814 duum
2131 1760 2345 1815 milium
2377 1776 2645 1830 passuum
2675 1757 3050 1832 lorqitudine,
3079 1771 3297 1812 trecen-

64 1852 274 1891 unumcx
316 1845 558 1905 utroque
603 1835 780 1905 capite
835 1837 977 1890 vallo
1025 1836 1290 1902 munivit,
1343 1837 1597 1906 imposita

1707 1860 1885 1905 torum
1921 1851 2118 1920 pedum
2152 1851 2467 1918 latitudine,
2516 1851 2610 1905 sed
2657 1850 2892 1917 frustra;
2920 1864 3047 1904 nam
3077 1856 3299 1919 propter

63 1927 159 1979 turri
186 1941 245 1981 ex
284 1926 447 1997 lignis
483 1935 542 1980 et
570 1935 712 1980 terra
738 1968 752 1990 ,
802 1927 1194 1998 ingressusque
1219 1935 1420 1981 terram
1447 1926 1600 1981 'Wil-

63 2035 204 2072 totum
223 2060 237 2083 ,
262 2018 374 2073 fero
402 2027 459 2073 et
489 2018 602 2088 igni
633 2027 829 2074 cuncta
853 2019 1114 2085 vastavit,
1147 2018 1322 2074 donec
1346 2035 1442 2074 eos
1471 2019 1601 2073 sub-

64 2110 235 2178 iugavit.
267 2140 332 2148 —
363 2109 460 2180 (11.
497 2114 597 2180 ιιι.)
617 2110 730 2165 lloc
754 2127 900 2166 anno
931 2110 1142 2182 Myrene
1177 2111 1492 2181 imperatrix
1517 2127 1604 2167 so-

63 2199 140 2252 luta
168 2216 282 2268 pace
305 2201 573 2269 nuptialis
624 2201 845 2256 [ualet-is
896 2217 1020 2255 cum
1063 2201 1324 2265 Francis,
1366 2202 1516 2257 misit
1547 2211 1603 2256 et

63 2290 235 2343 adduxit
261 2291 492 2359 puellam
529 2291 598 2344 de
640 2291 981 2346 Armeniaeis
1015 2293 1236 2346 nomine
1258 2291 1482 2346 Mariam
1505 2334 1520 2358 ,
1546 2303 1602 2348 et

63 2379 318 2447 iunxiteam
346 2381 457 2434 ﬁlio
481 2398 591 2436 suo
613 2381 976 2437 Constantino
1003 2383 1339 2452 imperatori,
1366 2385 1600 2439 nntltum

63 2471 330 2525 rontristato
357 2481 585 2540 propter
615 2471 867 2526 aﬂ‘ectum
885 2515 899 2538 ,
929 2489 1042 2542 quo
1065 2489 1192 2544 erga
1221 2475 1388 2528 tiliam
1417 2473 1601 2531 Karoli

63 2560 270 2630 ﬂagrabat
291 2605 306 2630 ,
332 2580 498 2633 quam
539 2572 697 2618 antea
723 2564 1168 2634 desponsaverat.

110 2652 176 2705 1-0.
209 2653 290 2706 22.
332 2653 508 2724 (Emi.
558 2654 721 2721 Ann.)
761 2655 827 2708 A.
863 2653 925 2709 D.
955 2655 1076 2710 790.
1120 2655 1354 2713 Karolus
1391 2658 1600 2713 nullam

63 2746 400 2814 expeditionem
453 2747 707 2813 fecerat,
755 2748 847 2802 sed
897 2748 1142 2804 residens
1171 2749 1227 2804 in
1255 2749 1596 2817 Wormacia,

65 2837 226 2904 legatos
249 2838 532 2895 llunorum
584 2841 794 2895 audivit
842 2857 1083 2912 suosque
1119 2843 1187 2897 ad
1224 2859 1414 2898 eorum
1445 2845 1598 2914 prin-

68 2928 180 2996 cipes
203 2931 356 2986 misit.
401 2932 684 3003 Agebatur
723 2941 905 2987 autem
948 2933 1090 2988 inter
1113 2951 1210 2990 cos
1244 2935 1313 2990 de
1346 2938 1598 2993 conﬁniis

69 3035 306 3089 regnorum
354 3041 613 3093 suorum;
659 3042 782 3097 qua:
809 3042 898 3082 res
924 3026 1092 3083 futuri
1124 3029 1250 3084 belli
1281 3029 1384 3085 fuit
1428 3031 1598 3086 semi-

71 3126 258 3168 llill'lllm.
287 3146 289 3148 ·

125 3203 187 3256 ll.
219 3206 298 3262 9.3.
335 3207 480 3278 (Chr.
516 3211 608 3266 W.
641 3211 726 3267 Cf.
763 3211 834 3267 H.
868 3213 966 3282 ιιι.)
1005 3213 1069 3269 Α,
1103 3214 1166 3270 D.
1201 3215 1322 3272 791.
1363 3216 1598 3275 Sanctus

72 3288 357 3352 llurcbardus
381 3297 844 3372 \Virciburgcnsis
864 3303 1155 3374 episcopus
1179 3305 1315 3360 obiit
1343 3307 1378 3362 4
1415 3306 1599 3365 Nonas

71 3377 190 3436 Febr.
211 3415 265 3423 —
290 3387 483 3446 Eodem
516 3409 666 3448 anno
686 3394 959 3450 dissensio
983 3395 1125 3452 facta
1154 3406 1238 3453 est
1285 3399 1428 3455 inter
1453 3401 1599 3457 Con-

71 3473 309 3533 stantinum
331 3489 383 3535 ct
410 3494 643 3539 matrem
678 3485 797 3556 ejus
827 3486 1078 3559 Hyrenen
1120 3491 1390 3546 malorum
1421 3493 1600 3548 homi-

73 3575 170 3666 num
195 3565 542 3642 'nstigatione,
563 3576 615 3630 in
636 3585 844 3632 tantum
873 3587 936 3633 ut
959 3579 1073 3649 ipsa
1100 3581 1261 3636 vellet
1283 3598 1409 3638 eum
1431 3600 1599 3655 regno

73 3667 253 3753 Ρξινῑιῖε.
274 3695 338 3702 -
361 3666 537 3738 (Emi.
564 3669 730 3739 Anu.)
770 3670 1003 3729 Karolus
1034 3683 1216 3729 autem
1245 3676 1313 3730 de
1343 3676 1598 3733 Worma-

75 3761 133 3831 ω
165 3764 390 3825 tmvcns,
440 3761 749 3831 Bajoariam
796 3764 1049 3831 tetendit,
1096 3780 1161 3821 ea
1210 3766 1512 3823 intentione
1540 3779 1600 3824 ut

75 3830 203 3936 ilunis
230 3843 409 3903 bellum
451 3830 712 3919 inferret,
743 3830 1319 3925 divisoqueexercitu,
1351 3857 1599 3916 Theode-

77 3941 208 3986 ricum
237 3942 472 3998 comitem
509 3955 566 4001 et
603 3946 984 4017 Meginfridum
1032 3951 1399 4005 camerarium
1434 3967 1596 4007 suum

78 4033 171 4118 runt
192 4041 281 4082 uita
303 4043 444 4100 parte
466 4053 565 4106 per
600 4039 912 4108 aquilonale
948 4039 1180 4095 Danubii
1213 4042 1356 4098 latus
1379 4041 1456 4098 ire
1473 4043 1596 4113 jus-

78 4113 142 4171 sit,
163 4113 256 4183 ipse
274 4136 388 4178 cum
419 4128 589 4183 altera
623 4145 719 4200 per
759 4133 1002 4187 australe
1029 4133 1341 4201 descendit,
1375 4135 1600 4190 venien-

76 4205 222 4270 tesque
244 4212 301 4264 ad
329 4215 566 4274 Ancsum
600 4220 856 4288 ﬂuvium,
887 4224 980 4293 qui
1015 4233 1097 4278 cst
1117 4224 1278 4280 limes
1300 4225 1599 4282 Pannoniae

79 4299 199 4385 alque
223 4297 460 4364 liawarizn
483 4353 498 4376 ,
532 4321 711 4367 castra
749 4323 1083 4382 posuerunt,
1127 4325 1176 4370 el
1231 4333 1324 4385 per
1354 4317 1597 4374 triduum

78 4378 255 4444 lelanias
274 4394 338 4449 ibi
363 4397 622 4457 fecerunt.
652 4378 957 4476 (IL-Laur.)
981 4378 1123 4462 Huni
1144 4378 1324 4463 autem
1354 4410 1599 4466 videntes

1698 1944 1858 2013 juges
1886 1943 2100 2014 pluvias
2139 1953 2194 2000 et
2238 1953 2438 1998 terram
2460 1985 2475 2010 ,
2507 1958 2630 2012 qua:
2659 1943 2923 2013 palustris
2952 1949 3038 1997 est
3067 1951 3295 1996 natura-

1703 2035 1846 2100 liter,
1875 2051 2014 2105 opus
2042 2035 2191 2104 quod
2238 2035 2400 2089 ﬁebat
2441 2043 2590 2089 stare
2615 2051 2723 2087 non
2757 2033 2966 2103 potuit,
2998 2033 3092 2088 sed
3118 2048 3297 2101 quan-

1703 2134 1817 2180 tum
1861 2133 2020 2180 terra:
2067 2140 2098 2178 a
2138 2123 2446 2179 fossoribus
2495 2124 2732 2178 interdiu
2786 2132 3032 2194 egestum
3075 2122 3294 2188 fuerat,

1706 2226 1915 2270 tantum
1949 2216 2203 2271 noctibus
2227 2216 2397 2270 humo
2424 2215 2621 2269 iterum
2652 2214 2926 2270 relabente
2954 2211 3292 2272 subsidebat.

1703 2307 1761 2361 In
1798 2309 1900 2362 hoc
1925 2323 2089 2377 opere
2141 2316 2408 2376 occupato
2440 2306 2700 2360 nunciata
2742 2315 2825 2360 est
2866 2305 3145 2360 Saxonum
3177 2322 3297 2360 om‘

1702 2398 1922 2453 nimoda
1945 2398 2179 2455 defectio
2203 2409 2256 2453 et
2285 2399 2619 2452 Francorum
2648 2397 2883 2467 plurima
2912 2413 2944 2452 ιι
2975 2396 3297 2452 Sarracenis

1702 2489 2029 2546 interfectio.
2075 2490 2290 2558 Quibus
2321 2490 2484 2544 rebus
2519 2497 2830 2544 commotus
2855 2529 2870 2555 ,
2922 2489 2976 2541 in
3009 2487 3294 2541 Franciam

1701 2591 1982 2638 revertens
2003 2624 2018 2650 ,
2064 2583 2242 2637 natale
2268 2581 2483 2635 Domini
2514 2580 2807 2636 celebravit
2850 2580 2993 2648 apud
3030 2580 3294 2633 Sanctum

1702 2672 2013 2744 Kylianum,
2037 2673 2342 2742 Wirciburg
2357 2672 2585 2737 scilicet,
2603 2673 2760 2741 juxta
2783 2669 3020 2725 Moenum
3045 2670 3292 2735 ﬂuvium,

1701 2767 1904 2837 pascha
1936 2781 2068 2821 vero
2111 2782 2275 2836 super
2314 2765 2547 2822 eundem
2584 2765 2636 2818 iu
2686 2763 2813 2818 villa
2844 2761 3292 2829 Franconovurt,

1703 2855 1794 2909 ubi
1820 2863 1876 2908 et
1903 2855 2262 2910 hiemaverat.

1773 2947 1860 3001 13.
1898 2947 1989 3002 25.
2025 2949 2092 3001 Α.
2128 2945 2192 3001 D.
2233 2945 2356 3002 793.
2398 2943 2602 3000 Karolo
2647 2944 2700 2998 in
2746 2942 3157 2997 Franconovurt
3193 2958 3292 3012 pa-

1701 3039 1833 3093 scha
1853 3038 2183 3104 celebrante,
2200 3037 2444 3110 synodus
2457 3023 2834 3107 episcoporum
2861 3050 3055 3105 magna
3068 3035 3291 3089 collecta

1701 3140 1784 3186 est
1838 3146 1902 3186 ex
1964 3130 2226 3187 omnibus
2270 3128 2425 3200 regni
2478 3127 2812 3198 provinciis,
2865 3125 3027 3196 legati
3075 3141 3295 3195 quoque

1699 3221 1924 3275 Adriani
1954 3237 2106 3292 papae
2128 3221 2182 3275 in
2214 3220 2336 3290 ejus
2365 3219 2485 3274 vice
2511 3218 2804 3273 affuerunt.
2849 3215 2908 3270 ln
2945 3216 3049 3271 hac
3084 3215 3294 3287 synodo

1703 3313 1911 3368 heresis
1940 3313 2226 3386 cujusdam
2253 3311 2494 3384 episcopi
2524 3309 2721 3364 Felicis
2752 3309 2973 3363 nomine
2999 3308 3291 3378 dampnata

1699 3413 1821 3472 cst,
1865 3404 1960 3474 qui
1995 3404 2276 3460 Christum
2317 3403 2620 3460 secundum
2661 3403 2766 3456 hoc
2817 3402 2964 3471 quod
3003 3401 3169 3455 homo
3211 3411 3294 3455 (st

1697 3496 2016 3567 adoptivum
2047 3496 2140 3552 Dei
2173 3497 2346 3552 ﬁlium
2385 3495 2600 3551 dicebat
2625 3537 2639 3561 ,
2689 3503 2745 3548 et
2784 3493 2920 3547 liber
2948 3504 3138 3548 contra
3169 3508 3289 3547 eam

1700 3587 1979 3644 communi
2010 3588 2393 3659 episcoporum
2421 3585 2748 3641 auctoritate
2792 3585 3132 3654 compositus
3171 3591 3252 3638 est
3273 3625 3289 3648 ,

1701 3677 1756 3734 in
1784 3693 1896 3749 quo
1931 3693 2125 3734 omnes
2149 3677 2613 3745 subscripserunt.
2645 3674 2901 3735 Svnodus
2931 3675 3093 3729 etiam
3117 3715 3130 3742 ,
3169 3691 3293 3745 qua:

1699 3779 1826 3824 ante
1869 3785 2075 3839 paucos
2129 3785 2306 3825 annos
2352 3770 2406 3823 in
2442 3767 2922 3838 Consuantinopoh
2964 3775 3292 3838 congregata

1699 3860 1804 3916 sub
1830 3859 2045 3931 llyrene
2097 3869 2152 3914 et
2195 3861 2597 3925 Constantino,
2648 3859 2758 3914 ﬁlio
2785 3859 2940 3928 ejus,
2976 3859 3206 3928 septima
3238 3869 3293 3912 et

1701 3952 2030 4007 universalis
2068 3953 2137 4006 ab
2178 3952 2312 4022 ipsis
2347 3953 2615 4024 appellata
2640 3961 2762 4015 est,
2817 3961 2876 4005 ut
2917 3967 3016 4005 nec
3061 3950 3289 4020 septima

1701 4058 1803 4098 nec
1831 4043 2038 4112 aliquid
2067 4042 2379 4105 diceretur,
2405 4041 2563 4110 quasi
2595 4055 2963 4110 supervacua,
3006 4040 3076 4094 ab
3107 4039 3289 4093 omni-

1700 4135 1803 4190 bus
1836 4132 2089 4188 abdieata
2127 4141 2230 4186 est.
2262 4129 2476 4184 Mortua
2512 4138 2596 4183 est
2629 4137 2810 4183 autem
2852 4128 2923 4182 ibi
2946 4137 3000 4182 et
3028 4127 3287 4183 Fastrada

1700 4225 1925 4294 regina,
1972 4231 2028 4277 et
2074 4221 2366 4293 Mogontiae
2411 4220 2554 4290 apud
2593 4219 2853 4274 Sanctum
2896 4218 3168 4272 Albanum
3199 4235 3289 4273 se-

1701 4317 1992 4461 puiiil.
2033 4404 2098 4460 A.
2131 4404 2193 4458 D.
2233 4403 2356 4459 794.
2399 4402 2544 4470 Rex,
2571 4402 2749 4458 diviso
2788 4400 2929 4456 inter
2950 4417 3011 4457 se
3037 4409 3090 4455 et
3117 4401 3308 4456 ﬁlium

80 4478 316 4574 exercitum
365 4489 482 4557 “W,
514 4502 778 4565 utrasque
822 4497 969 4566 ripas
1003 4506 1246 4554 tenentes
1267 4541 1282 4565 ,
1330 4499 1596 4556 divinitus
1629 4512 1676 4573 ο
1699 4496 1820 4567 ejus
1847 4495 2104 4552 liarolum
2135 4494 2376 4550 exercitu
2399 4537 2414 4559 ,
2449 4493 2764 4574 Saxoniam
2789 4509 2915 4548 cum
2955 4508 3155 4562 magno
3203 4493 3286 4547 itt-

81 4569 272 4627 uanus-so
296 4585 522 4652 terrore,
556 4587 891 4642 munitiones
921 4605 1051 4643 suas
1078 4590 1412 4646 ditnittcntes
1442 4591 1594 4662 fuge-

81 4663 193 4720 runt,
219 4672 265 4715 ct
288 4676 504 4743 uterque
518 4679 791 4734 exercitus
813 4679 982 4734 libere
1004 4681 1306 4752 ingressus,
1337 4699 1592 4754 magnam

81 4754 242 4842 partem
262 4754 541 4821 Pannoniae
573 4785 746 4838 usque
770 4770 837 4824 ad
860 4770 1084 4825 ﬂuvium
1108 4774 1204 4842 qui
1222 4773 1425 4829 dicitur
1445 4775 1595 4832 Raba

81 4826 349 4941 Ϋξνθδιξινίῑς
401 4854 572 4919 (lima.
602 4859 768 4931 Ann.)
816 4862 1006 4931 sicque
1052 4879 1145 4916 rex
1181 4879 1280 4933 per
1309 4864 1594 4921 Sabariam

84 4933 233 5030 reverti
262 4945 469 5013 statuit;
502 4951 670 5005 altera
703 4963 855 5021 parte
883 4954 1157 5010 exercitus
1185 4972 1282 5026 per
1310 4957 1453 5012 viam
1484 4975 1594 5030 qua

84 5024 256 5079 Venerat
282 5033 441 5091 rediit.

139 5105 202 5212 l2.
234 5115 312 5174 2L
347 5125 406 5182 A.
441 5129 500 5186 [ἱ.
539 5134 662 5189 799..
704 5134 905 5192 Karolo
954 5153 986 5192 a
1029 5138 1196 5193 natali
1239 5139 1455 5196 Domini
1499 5158 1595 5212 per

85 5208 271 5330 ῗῖῗῗίθξη
315 5214 607 5294 “Misponzr
662 5229 748 5260 ”"
803 5241 1212 5300 con-morante,
1264 5234 1592 5304 quibusdam

129 5303 147 5330 ’.
179 5308 258 5330 IlI-0
285 5313 464 5330 5..---.‘I
773 5321 784 5330 ι
891 5322 902 5330 ι
1313 5325 1374 5330 _--
1511 5327 1521 5330 -

85 5303 260 5419 ᾖξ’ξὶξῗίδ
285 5313 570 5384 “gentibus.
597 5321 1131 5390 conspil‘avitcontra
1154 5303 1290 5378 eum,
1305 5325 1450 5381 ﬁlius
1474 5327 1594 5396 ejus

91 5393 290 5487 ξ¹¹¹⁸⁵
330 5413 390 5454 εἴ(
439 5411 739 5466 concubina
789 5413 1027 5482 itemque
1055 5415 1182 5482 alii,
1231 5427 1453 5487 propter
1492 5393 1594 5474 ira-

312 5491 531 5560 reginam
558 5540 572 5563 ,
606 5501 766 5570 cujus
805 5503 1184 5560 crudelitatem
1214 5521 1273 5561 se
1306 5506 1448 5563 ferre
1482 5525 1591 5564 non

88 5565 209 5616 W550
235 5567 405 5636 Franci
436 5587 701 5648 dicebant.
753 5593 888 5661 Qua:
938 5597 1274 5666 conspiratio
1321 5615 1446 5654 cum
1498 5617 1594 5671 per

1701 4589 1864 4642 travit
1885 4597 2148 4659 apparatu
2174 4604 2190 4654 ;
2221 4587 2317 4641 sed
2347 4586 2452 4657 ipsi
2489 4586 2682 4642 facictn
2715 4586 2835 4655 ejus
2865 4585 3026 4640 solito
3050 4585 3288 4651 reveriti,

1698 4681 1842 4737 datis
1875 4681 2193 4748 obsidibus,
2238 4696 2298 4736 se
2326 4695 2422 4751 per
2455 4680 2638 4736 omnia
2683 4680 3041 4735 obsecuturos
3070 4679 3265 4750 jurave

1699 4790 1762 4829 I‘ll
1768 4783 1844 4828 1η.

1771 4867 1858 4922 15.
1899 4866 1989 4921 27.
2036 4866 2102 4920 Δ.
2144 4865 2206 4920 D.
2249 4865 2375 4920 795.
2413 4865 2803 4940 Ιιριιρθνιῖιιίω
2842 4866 3122 4921 Saxonum
3177 4883 3285 4922 non

1698 4957 2030 5023 immemor,
2083 4963 2414 5011 conventum
2468 4957 2777 5025 generalem
2818 4956 3009 5012 habuit
3057 4957 3114 5012 in
3163 4959 3287 5012 villa

1695 5065 1820 5119 quae
1858 5050 2062 5105 dicitur
2103 5049 2428 5105 Cuﬂ'csstein
2487 5050 2576 5082 ““
2622 5050 2763 5104 ultra
2797 5049 3047 5106 Rhenum
3099 5067 3288 5109 contra

1697 5143 2029 5214 Magontiam
2055 5143 2214 5213 juxta
2254 5143 2494 5198 Motuum
2523 5142 2782 5210 ﬂuvium,
2813 5151 2978 5214 atque
3007 5144 3134 5200 inde
3161 5162 3288 5200 cum

1698 5235 1940 5290 exercitu
1975 5234 2270 5289 Saxoniam
2297 5234 2600 5304 ingressus,
2626 5249 2764 5304 pene
2789 5244 2956 5290 totam
2979 5237 3291 5306 populando

1699 5327 2046 5398 peragravit,
2073 5327 2313 5396 itemque
2342 5325 2581 5396 acceptis
2612 5325 2930 5392 obsidibus,
2965 5326 3016 5380 in
3054 5327 3287 5381 Galliam

1701 5418 1982 5473 remeavit.

1776 5509 1863 5563 16.
1901 5510 1992 5564 28.
2032 5509 2096 5563 A.
2126 5507 2189 5563 D.
2226 5508 2348 5563 796.
2386 5509 2495 5563 Leo
2519 5525 2653 5578 papa
2679 5510 2806 5563 96'”
2841 5509 3127 5563 ordinatus
3150 5508 3290 5562 sedit

1706 5614 1883 5656 annos
1911 5600 1982 5655 20
2007 5619 2020 5668 ;
2048 5600 2138 5656 alii
2164 5599 2341 5672 (Eum.
2377 5601 2540 5671 Ama.)
2569 5601 2871 5657 dicunt
2906 5600 3004 5656 llic
3031 5599 3284 5656 Karolum

195 5765 212 5796 ,
239 5786 332 5796 Au
379 5783 406 5796 η
517 5794 549 5796 η
1293 5711 1523 5768 νΑιιυΕ
1560 5714 1962 5771 LECTIONES.

238 5786 474 5846 exercitus
511 5794 584 5850 υτ.
625 5797 709 5830 ¹¹”¹
746 5798 799 5852 in
832 5797 942 5853 loco
976 5817 1094 5855 raso
1136 5801 1181 5855 1.
1214 5803 1302 5834 ¹¹²²
1335 5803 1411 5857 ita
1453 5803 1494 5857 Ι.
1533 5805 1578 5859 ι.
1613 5805 1661 5859 5.
1699 5805 1781 5860 9⁸,
1817 5805 1896 5860 19.
1941 5807 2133 5864 soleas
2165 5806 2224 5862 D.
2254 5805 2296 5860 Ε
2343 5807 2429 5840 ¹¹”³
2455 5807 2735 5865 ensfestun
2765 5807 2846 5862 ll‘.
