3880 6308
621 404 731 468 δςς

1792 405 2186 463 EKKEHARDI
2224 402 2685 463 URAUGIENSIS
3736 412 3808 471 εω

622 525 754 583 fecit
786 531 1170 596 imperatorem
1215 520 1327 576 ωδ.
1364 519 1471 588 Qui
1515 535 1643 575 mox
1674 529 1736 575 ιιι
1776 519 2066 576 ordinatus
2085 529 2206 586 est,
2236 520 2280 576 Α
2310 517 2704 586 ipsius'matris
2742 530 2873 572 sute‘
2897 516 3130 573 consilio
3167 518 3272 575 hoc
3296 517 3492 575 factum
3526 523 3811 597 est,ipsaqu

620 616 805 676 claves
829 613 1196 672 confessionis
1218 612 1392 669 sancti
1411 611 1557 667 Petri
1580 619 1637 667 et
1660 610 1917 666 vexillum
1947 610 2208 667 Romamn

624 704 791 764 urbis'
812 707 882 762 ad
904 705 1381 781 regem'llarolum
1407 710 1535 760 cum
1573 704 1698 760 aliis
1733 703 2056 759 muneribus
2080 702 2223 758 'mi-'
2264 774 2267 777 η

620 796 803 861 δίκαι’
828 807 887 869 ut
910 799 1149 871 aliquem
1177 796 1246 854 de
1274 794 1631 867 Optimatlbus
1658 794 1748 829 “"
1774 795 1892 851 suis
1917 793 1987 850 ad
2008 793 2208 850 contir-

619 878 881 947 mandum
908 888 1014 946 sibi
1052 899 1152 960 per
1173 888 1580 945 sacramentum
1611 885 2207 958 populumRomanum

621 983 888 1055 mitteret,
921 987 1149 1054 rogavit.
1184 979 1386 1036 Missus
1427 987 1516 1035 est
1558 978 1627 1034 ad
1668 978 1811 1034 hanc
1853 991 1969 1032 rem
2013 976 2207 1048 Angils

619 1066 829 1147 bertu's,
860 1073 1028 1130 abbas
1052 1066 1380 1129 monasterii
1405 1070 1583 1127 sancti
1616 1069 1863 1126 Richarii
1883 1110 1898 1135 ,
1923 1082 2022 1139 per
2040 1083 2207 1139 quem

619 1165 785 1242 etiam
815 1156 1069 1238 magnam
1100 1166 1309 1236 partem
1339 1162 1583 1219 thesauri
1608 1204 1624 1231 ,
1660 1154 1823 1233 quem
1846 1159 2089 1216 Herieus
2115 1159 2206 1193 ““

619 1246 730 1312 dux
756 1252 1172 1326 ForoiulienSis,
1197 1254 1435 1325 spoliata
1453 1252 1738 1309 nunerum
1766 1252 1920 1324 regia
1947 1249 2207 1322 quae-rin-

618 1343 720 1421 gus
745 1342 1070 1415 vocabatur,
1100 1349 1293 1405 eodem
1339 1362 1484 1403 anno
1510 1347 1624 1416 regi
1653 1346 1721 1402 de
1742 1343 2025 1399 Pannonia
2043 1341 2205 1399 detu-

617 1440 774 1511 lerat,
802 1441 977 1508 misit;
1009 1441 1216 1511 reliqua
1243 1441 1385 1495 inter
1404 1440 1694 1511 optimates
1719 1448 1775 1494 et
1802 1438 2012 1493 aulicos
2035 1444 2091 1491 et
2110 1451 2205 1506 pa-

618 1532 750 1588 latio
776 1532 1146 1589 deservientcs
1192 1530 1490 1586 liberaliter
1530 1529 1828 1586 distribuit.
1866 1528 1979 1583 Rex
2020 1537 2203 1583 autem

618 1634 743 1696 post
770 1612 886 1695 lucc
918 1622 1215 1687 Saxoniam
1247 1632 1437 1693 petens
1461 1666 1476 1690 ,
1502 1623 1675 1678 tilium
1701 1634 1865 1679 suum
1910 1621 2201 1692 Pippinum

617 1714 786 1771 Italia:
810 1717 989 1786 regem
1022 1714 1075 1768 in
1096 1713 1443 1769 Pannoniam
1466 1713 1619 1769 misit
1635 1756 1651 1781 ,
1676 1708 1901 1784 ipseque
1921 1754 1934 1781 ,
1961 1713 2204 1782 depopu-

620 1794 727 1862 lata
764 1805 1026 1875 Saxonia,
1060 1807 1404 1878 Aquasgrani
1428 1806 1738 1871 revertitur,
1767 1805 2030 1876 Pippinus
2046 1817 2200 1868 vero,

2308 623 2536 679 regnum
2582 609 2698 665 sola
2743 617 2928 665 tenere
2965 611 3265 664 contendit.
3314 611 3400 682 (Α.
3434 609 3579 667 Ense.
3605 625 3650 669 et
3674 615 3809 687 Lm.)

2308 698 2420 756 llos
2441 716 2573 772 ergo
2602 700 2811 771 legatos
2837 700 2929 754 ubi
2961 716 3056 771 rex
3090 701 3353 768 absolvit,
3398 714 3647 760 venerunt
3672 706 3726 763 de
3747 706 3811 767 ll-

2306 790 2498 861 spauia
2519 791 2683 862 legati
2707 790 3005 847 liadefonsi
3039 792 3183 863 regis
3214 791 3433 849 Galicia:
3458 796 3808 864 etAsturiaJia-

2307 882 2539 954 syliscus
2565 893 2623 939 et
2661 881 2857 953 Froia,
2885 881 3195 940 delerentes
3233 900 3461 941 munera
3485 929 3500 953 ,
3530 904 3639 959 qua:
3670 890 3739 947 ille
3770 894 3812 950 de

2306 972 2582 1027 manubiis
2602 1013 2619 1039 ,
2652 988 2792 1042 quas
2830 972 3005 1027 victor
3036 974 3178 1045 apud
3219 973 3599 1045 Olisiponiam,
3631 979 3813 1037 ultimam

2306 1062 2581 1135 Hispania:
2611 1065 2905 1131 civitatem,
2931 1081 2963 1121 a
2984 1081 3044 1122 se
3070 1078 3439 1136 expugnatam
3457 1110 3473 1134 ,
3504 1082 3711 1140 ceperat,
3732 1076 3814 1129 nit-

2306 1155 2555 1227 tereregi
2584 1155 2824 1224 curavit,
2850 1155 3072 1225 Mauros
3108 1157 3359 1213 videlicet
3385 1169 3588 1231 septem
3610 1178 3712 1216 eum
3729 1168 3813 1217 toti-

2304 1247 2429 1303 dem
2446 1246 2621 1315 mulis
2643 1255 2808 1319 atque
2828 1248 3035 1304 loricis.
3060 1248 3214 1316 Quos
3235 1258 3289 1304 et
3311 1250 3544 1322 benigne
3563 1256 3816 1326 suscepitu

2304 1338 2604 1394 honoriﬁce
2649 1349 3030 1396 remuneratos
3076 1340 3307 1396 dimisit.
3348 1373 3422 1381 —
3474 1342 3568 1415 (ΙΙ.
3600 1353 3682 1415 ut.)
3860 1386 3861 1391 η

2305 1430 2582 1486 stantinus
2621 1432 2714 1463 ¹¹⁸⁰
2751 1431 3082 1502 imperator,
3125 1432 3269 1488 tilias
3315 1429 3522 1489 Leonis
3561 1446 3611 1490 et
3644 1434 3816 1508 llym,

2304 1531 2595 1592 postquam
2628 1532 2881 1578 emeatus
2921 1532 3007 1579 est
3053 1524 3288 1579 consilio
3334 1526 3534 1581 matris
3578 1544 3706 1594 sum,
3740 1543 3819 1598 post
3860 1590 3861 1597 γ

2304 1610 2468 1667 breve
2490 1620 2706 1682 tempus
2726 1612 2882 1679 obiit,
2910 1613 3100 1683 sicque
3125 1623 3303 1670 mater
3321 1615 3395 1670 de
3417 1625 3599 1673 cetero
3624 1634 3700 1688 per
3716 1621 3819 1690 quin-
3860 1620 3861 1663 ἒ

2303 1718 2413 1772 que
2435 1704 2946 1774 annosimperavit.
2973 1706 3317 1763 Obscuram
3357 1716 3453 1763 est
3483 1716 3653 1767 autem
3688 1712 3750 1765 sol
3778 1728 3819 1767 co
3860 1708 3861 1771 ξ

2307 1800 2552 1863 tempore
2597 1809 2693 1863 per
2731 1794 2850 1852 dies
2880 1795 2995 1864 .17,
3039 1796 3114 1852 ita
3156 1806 3230 1870 ut
3266 1797 3595 1854 oberrarent
3625 1815 3755 1856 naves
3786 1804 3819 1853 in
3860 1834 3861 1837 η

621 1884 824 1971 fugatis
868 1870 1021 1977 ultra
1050 1870 1285 1953 lluvium
1325 1894 1529 1953 'l‘izaha
1566 1870 1778 1963 l'lunis,
1982 1896 2203 1952 residuo

2308 1884 2479 1952 mari,
2499 1888 2775 1943 et'omnes
2794 1885 3068 1955 dicerent,
3100 1888 3263 1959 quod.
3290 1899 3521 1960 propter
3559 1892 3821 1962 iuniperum
3860 1942 3861 1949 η

621 1989 900 2047 Hunorum
964 1990 1223 2067 thesauro
1292 1989 1366 2045 ad
1394 1980 1397 1983 ’
1423 1998 1633 2060 patrem
1704 1989 2008 2061 regreditur
2087 1987 2200 2059 (cf.

622 2083 1132 2263 f(Etsu.
1175 2174 1341 2249 Ann.)
1372 2172 1436 2231 A.
1474 2172 1701 2230 D3797.
1745 2172 2027 2244 Expeditio
2064 2172 2203 2229 facta

616 2254 709 2323 est
738 2252 1142 2347 in'Saxoniam,
1164 2275 1226 2339 et
1253 2281 1429 2338 usque
1454 2265 1523 2320 ad
1546 2280 1812 2321 oceanum
1837 2264 1977 2320 ultra
2014 2279 2206 2321 omnes
2237 2304 2241 2308 -

619 2356 844 2426 paludes
866 2367 919 2412 et
940 2345 1097 2410 invia
1127 2356 1246 2411 loca
1262 2355 1568 2434 transitum
1592 2362 1698 2421 est,
1729 2362 1785 2409 et
1815 2368 1909 2409 rex
1932 2353 2001 2409 de
2022 2352 2205 2409 Hado-

617 2447 745 2503 loba
775 2440 1058 2519 regressus
1098 2479 1166 2487 -—
1205 2440 1331 2502 nam
1367 2442 1420 2502 id
1448 2462 1646 2502 nomen
1671 2454 1754 2501 est
1776 2445 1903 2502 loco
1925 2446 2018 2501 ubi
2039 2461 2204 2501 occa»

618 2528 723 2597 nus
764 2528 1060 2596 Saxoniam
1106 2539 1352 2617 alluit—
1383 2538 1553 2595 totam
1585 2534 1866 2594 Saxonum
1907 2547 2121 2609 gentem
2147 2539 2203 2593 in
2238 2550 2241 2555 ‘

615 2628 948 2711 deditionem
971 2648 1068 2704 per
1082 2630 1543 2701 obsidcsaecepit,
1559 2639 1615 2686 et
1627 2629 1693 2686 ad
1708 2629 1979 2701 palatium
2003 2629 2214 2700 Aquis‘

598 2710 771 2797 grani
811 2736 1095 2797 regressus
1120 2764 1136 2789 ,
1161 2720 1439 2793 Abdellatn
1472 2718 1865 2786 Sarracenum,
1895 2718 2069 2773 tilium
2092 2717 2225 2772 lbia‘

598 2820 828 2886 'mauga:
854 2814 1018 2886 regis,
1046 2830 1077 2869 a
1108 2813 1277 2872 fratre
1304 2813 1593 2884 depulsum
1608 2800 1824 2884 sibique
1845 2825 1907 2867 se
1929 2825 2206 2868 commen-

617 2894 838 2960 dantem
863 2893 1123 2975 suscepit.
1160 2904 1293 2961 Illuc
1331 2913 1388 2960 et
1415 2905 1628 2976 legatus
1669 2902 1873 2960 Nicone
1895 2945 1910 2970 ,
1942 2903 2037 2974 qui
2073 2913 2205 2960 tunc

619 2994 859 3052 Siciliam
888 2998 1138 3071 regebat,
1173 2996 1350 3065 venit,
1381 3005 1607 3068 portans
1634 2994 1924 3068 epistolam
1966 2997 2204 3068 impera—

592 3072 756 3171 toris
781 3086 1151 3145 Constantini.
1187 3088 1362 3158 Quem
1392 3088 1677 3159 magniﬁce
1703 3086 2042 3159 suscipiens,
2081 3097 2205 3159 post

618 3197 823 3263 paucos
874 3183 992 3239 dies
1038 3182 1290 3239 absolvit.
1337 3180 1607 3238 Mediante
1643 3191 1825 3237 autem
1862 3196 2054 3237 mense
2093 3180 2272 3274 No-zc

618 3274 877 3341 vembre,
914 3275 982 3331 ad
1020 3273 1417 3331 hibernandum
1449 3289 1573 3330 cum
1613 3274 1856 3329 exercitu
1906 3274 2202 3350 Saxoniam

618 3364 870 3432 intravit,
902 3364 1209 3436 positisque
1241 3365 1439 3421 castris
1483 3365 1626 3437 apud
1660 3363 1935 3421 Wisaram
1957 3407 1973 3432 ,
2020 3366 2202 3421 locum

619 3463 925 3508 castrorum
958 3449 1201 3510 Heristal'
1230 3454 1411 3510 vocari
1434 3453 1620 3525 jussit.
1655 3452 1786 3510 Illuc
1824 3453 1987 3524 legati
2016 3452 2206 3509 Huno-

588 3542 591 3549 ’
621 3561 744 3621 rum
772 3561 894 3601 cum
921 3542 1134 3617 magnis
1154 3546 1476 3602 muneribus
1497 3553 1803 3613 venerunt,
1828 3545 2064 3617 indeque
2090 3545 2207 3601 Ab-

582 3640 587 3645 '
615 3634 816 3691 dellam
840 3634 1202 3715 Sarracenum
1229 3653 1354 3693 eum
1390 3636 1502 3692 filio
1532 3653 1634 3693 suo
1673 3637 1965 3694 Ludewieo
2014 3637 2069 3693 in
2104 3637 2202 3692 lli-

620 3728 846 3796 spanias
888 3729 1087 3783 reverti
1120 3724 1291 3796 fecit,
1313 3728 1602 3800 Pippinum
1628 3729 1683 3783 in
1713 3729 1922 3785 Italiam
1964 3729 2202 3797 remisit,

620 3817 898 3873 iise-vero
936 3817 1003 3873 ad
1036 3815 1430 3889 disponendam
1471 3814 1765 3874 Saxoniam
1806 3828 1991 3879 totum,
2009 3819 2206 3875 hiemis

619 3910 839 3979 tempus
860 3907 1202 3979 impendens,
1230 3910 1410 3966 natale
1430 3909 1647 3965 Domini
1669 3920 1721 3967 et
1747 3911 1951 3981 pascha
1977 3924 2207 3982 sequen-

611 3996 695 4077 tis
724 3998 853 4054 anni
883 3999 959 4056 ibi
993 3997 1306 4055 celebravit.

687 4090 779 4146 30.
805 4090 894 4163 (Α.
924 4088 1081 4147 Eun.
1106 4097 1162 4147 et
1187 4088 1266 4146 La
1277 4091 1378 4161 vr.)
1410 4091 1473 4146 A.
1496 4090 1557 4146 D.
1574 4091 1697 4148 798.
1730 4090 1978 4148 Saxones
2001 4091 2203 4147 Trans»

574 4178 583 4191 ⁵
614 4180 819 4237 slhiaui
846 4225 860 4249 ,
891 4181 1157 4240 seditione
1184 4192 1489 4250 commota,
1517 4183 1723 4253 legatos
1751 4183 1917 4254 regis,
1945 4183 2040 4254 qui
2073 4192 2203 4239 tunc

570 4262 579 4267 ’
616 4274 682 4328 ad
709 4271 988 4329 faciendas
1014 4272 1268 4344 jnsticias
1295 4273 1449 4329 missi
1473 4282 1621 4340 sunt,
1654 4273 2198 4345 comprehendentes,

614 4368 755 4422 alios
776 4367 1088 4433 trucidant,
1127 4366 1267 4422 alios
1308 4367 1375 4421 ad
1422 4366 1795 4421 redimendum
1851 4376 2195 4422 conservant.

567 4456 575 4464 ’
618 4452 774 4512 Unde
798 4472 924 4523 rex,
954 4454 1184 4511 collecto
1213 4455 1453 4511 exercitu
1493 4456 1613 4522 ω’,
1647 4457 1713 4511 ad
1751 4456 1932 4511 loemn
1974 4457 2067 4528 qui
2102 4456 2200 4510 lili-

567 4539 571 4543 ’
615 4546 743 4601 nida
789 4546 992 4601 dicitur
1038 4544 1310 4616 perrexit,
1366 4546 1661 4616 habitoque
1710 4548 1974 4612 consilio,
2028 4558 2196 4605 totam
2232 4568 2297 4624 ι)

562 4645 569 4655 ’
616 4634 915 4691 Saxoniam
947 4636 1088 4692 inter
1116 4637 1327 4691 Albiam
1354 4645 1409 4692 et
1432 4636 1704 4691 Wisaram
1742 4639 2052 4708 populando
2083 4655 2233 4710 per-.

613 4727 844 4796 agravit.
893 4725 1273 4781 'l'mnsalbiani
1299 4724 1393 4759 ¹¹⁸⁸
1415 4743 1542 4781 vero
1564 4726 1815 4798 superbia
1839 4729 1987 4795 elati,
2010 4740 2202 4786 contra

617 4816 911 4872 Abodritos
935 4817 1047 4888 regi
1083 4833 1300 4888 semper
1334 4816 1522 4874 ﬁdeles
1548 4834 1699 4873 arma
1742 4820 2074 4890 corripiunt;
2108 4822 2202 4878 sed

560 4926 565 4931 '
612 4910 731 4965 dux‘
774 4924 967 4966 eorum
1001 4910 1305 4979 Tbrasieo,
1354 4911 1654 4966 commisso
1699 4926 1824 4966 cum
1860 4912 1943 4967 eis
1984 4914 2200 4983 prndio,

557 4994 564 5003 ’
613 4998 757 5055 4000
782 5017 848 5056 ex
875 5001 959 5058 eis
988 5002 1190 5058 occidit
1222 5002 1335 5069 ω’,
1365 5003 1608 5073 reliquos
1634 5003 1869 5074 turpiter
1897 5003 2114 5075 fugatos
2141 5014 2201 5061 ut

558 5104 563 5109 ‘
611 5091 725 5162 regi
756 5106 817 5147 se
843 5092 1106 5149 dederent
1132 5093 1327 5166 coegit.
1371 5093 1440 5150 At
1474 5110 1566 5149 rex
1605 5095 1661 5149 in
1697 5092 1983 5151 Franciam
2019 5110 2200 5153 rever-

613 5197 732 5249 sus,
761 5182 852 5238 ubi
881 5185 949 5239 ad
970 5183 1314 5258 Aquasgrani
1337 5186 1512 5253 venit,
1535 5187 1738 5243 missos
1764 5185 1994 5258 llyrenze
2021 5188 2196 5258 impe-

548 5270 555 5283 ‘
612 5273 831 5349 ratrieis
872 5276 940 5332 de
969 5292 1103 5348 pace
1142 5286 1362 5349 agentes
1402 5277 1641 5345 audivit;
1676 5264 1836 5349 cujus
1870 5278 2017 5334 filius
2043 5278 2196 5335 Con-

614 5366 888 5423 stantinus
911 5369 983 5424 ob
1006 5369 1351 5426 insolentiam
1386 5384 1602 5425 morum
1645 5384 1676 5424 a
1712 5370 1829 5425 suis
1852 5377 2074 5439 captus,
2100 5385 2198 5425 ex-

549 5534 556 5545 .
612 5466 856 5516 emeatus
879 5468 983 5527 est,
1014 5462 1119 5530 vel,
1145 5470 1205 5517 ut
1225 5462 1447 5532 quidam
1476 5461 1658 5517 verius
1680 5459 1919 5516 fatentur
1945 5460 2043 5519 (II.
2075 5461 2196 5527 nul,

1843 5573 2075 5629 \‘Mil/E
2117 5571 2498 5628 LECTIONES

692 5690 776 5722 ““
808 5689 918 5745 Leo
940 5721 1008 5730 ——
1035 5691 1419 5760 imperatorem
1446 5692 1500 5742 in
1524 5689 1637 5760 loco
1672 5705 1791 5760 raso
1830 5689 1893 5760 l.
1932 5684 2023 5719 ⁸⁸⁸⁵⁸
2046 5686 2358 5760 optinialnts
2391 5685 2438 5738 l.
2496 5682 2585 5760 “f‘
2614 5682 3001 5760 luinrieus‘l'l‘:
3032 5683 3081 5760 4,.
3126 5681 3209 5760 ρθς
3240 5678 3324 5760 η·
3390 5675 3474 5709 ’³⁸⁷
3496 5669 3819 5760 “WA
3860 5700 3861 5753 ἓ

617 5769 673 5812 ut
698 5761 922 5815 ridetur.
1009 5748 1559 5816 “"transalhaniani
1593 5760 1611 5812 1
1670 5758 1767 5811 Dl.
1838 5748 2166 5824 ‘Moeeisit,
2194 5758 2372 5811 littera
2421 5770 2445 5809 s
2489 5755 2685 5806 «druso
2722 5755 2767 5807 l.
2843 5754 2930 5783 “3“
2962 5753 3023 5806 (ᾇ.
3049 5753 3100 5805 'i.
3126 5752 3163 5805 f.
3191 5752 3244 5804 in
3273 5748 3384 5802 loco
3409 5761 3529 5799 raso

621 5830 736 5882 irini
776 5862 829 5868 --
859 5830 1137 5887 demissus
1166 5831 1351 5884 desum
1376 5829 1436 5881 D.
1471 5828 1534 5883 Ε.
1563 5830 1654 5860 ’³⁵³
1676 5829 1730 5881 in
1759 5827 1873 5882 loco
1898 5845 2013 5883 raso
2048 5830 2095 5884 l.

2282 4908 2600 4964 adventum
2630 4907 2703 4962 ibi
2722 4906 3082 4978 exspectavit.
3113 4905 3261 4962 Misit
3288 4914 3471 4960 autem
3498 4897 3824 4957 inteream

2303 1974 2737 2031 obcueeationem
2760 1977 2839 2033 sol
2864 1977 3195 2035 obscuratus
3221 1979 3314 2041 sit.
3860 1984 3861 2049 ἢ

2377 2064 2466 2121 3t.
2509 2065 2688 2137 (Emit.
2733 2066 2830 2136 Α.)
2863 2068 2929 2125 Α.
2972 2067 3035 2124 u.
3065 2067 3190 2125 799.
3222 2068 3336 2137 Leo.
3366 2087 3513 2142 ρεψο
3557 2090 3591 2128 a
3633 2071 3821 2130 Βοωιὶί
3860 2054 3861 2149 ἰ

2304 2165 2620 2215 excceeatus
2641 2167 2745 2216 est.
2776 2158 3042 2223 Romanis
3062 2161 3213 2217 enim
3246 2161 3307 2216 in
3332 2178 3443 2218 sua
3472 2165 3729 2223 securitate
3744 2166 3820 2234 φ
3860 2184 3861 2211 ι

2305 2248 2603 2316 riautibus,
2634 2250 2875 2307 levatum
2892 2260 3096 2309 est-cor
3115 2267 3309 2308 eorum
3326 2256 3640 2315 secundum
3662 2272 3825 2311 consue-
3860 2310 3861 2323 χ

2305 2339 2553 2396 tudinem
2588 2340 2810 2399 illorum
2829 2382 2846 2409 ,
2868 2341 3276 2413 volucrumque
3319 2359 3391 2419 ea
3436 2333 3564 2416 qua:
3600 2345 3824 2415 imperiale
3860 2354 3861 2405 \

2305 2436 2463 2487 erant
2494 2433 2781 2501 potestatis
2822 2432 2931 2491 sibi
2959 2432 3272 2491 venditare.
3321 2433 3428 2505 (ιι.
3467 2437 3565 2507 in.)
3603 2434 3825 2495 [tam
3860 2432 3861 2473 l

2302 2532 2488 2579 autem
2514 2523 2864 2597 Leonepapa.
2883 2565 2901 2593 ,
2941 2523 3170 2595 quidam
3201 2540 3270 2580 ex
3307 2528 3822 2597 eognatisbeatzm—
3860 2522 3861 2537 ‘

2309 2616 2498 2671 moria:
2518 2615 2743 2672 Adriani
2769 2632 2924 2687 papa:
2943 2615 3275 2675 sedicionem
3298 2628 3592 2681 moventes
3606 2620 3827 2691 inpopele.

2302 2713 2718 2769 concitaverunt
2754 2729 2883 2769 eum
2923 2714 3193 2770 adversus
3230 2730 3461 2785 papam.
3510 2716 3757 2788 (4.1mm
3788 2728 3825 2769 et
3860 2712 3861 2781 Ῑ

2303 2802 2484 2874 Euan.)
2512 2803 2666 2860 Unde
2692 2803 2899 2860 factum
2924 2813 3043 2871 est,
3069 2813 3129 2861 ut
3170 2795 3226 2860 in
3262 2805 3476 2861 letania
3508 2807 3824 2877 majore,“-

2303 2909 2663 2964 processurus
2683 2895 2750 2951 de
2771 2894 3083 2961 Lateranis,
3115 2896 3184 2953 ad
3218 2897 3534 2971 mizclesiam
3560 2897 3714 2953 sancti
3731 2896 3823 2949 ιω

2303 2986 2468 3042 rentii
2498 3002 2626 3058 qua:
2665 2986 2733 3042 ad
2764 2986 3104 3042 Craticulam
3123 2996 3361 3047 vocatur
3388 3004 3541 3060 equo
3558 2988 3725 3047 sede-5
3743 3002 3825 3055 μα’
3860 2980 3861 3059 1

2303 3086 2474 3150 geret,
2503 3077 2735 3133 insidias
2775 3092 2809 3133 a
2851 3076 3116 3139 Romanis
3150 3078 3464 3149 dispositas
3490 3080 3643 3151 juxta
3662 3077 3826 3134 eandm
3860 3092 3861 3151 ξ

2302 3171 2604 3238 tecclesiam
2649 3168 2874 3235 incidit;
2924 3169 3281 3240 dejectusque
3323 3171 3399 3227 de
3436 3187 3611 3243 equo,
3645 3168 3829 3225 armis

2304 3260 2481 3318 oculis
2506 3260 2630 3332 ejus
2652 3301 2670 3327 ,
2693 3268 2765 3316 ut
2780 3259 2885 3316 sibi
2906 3259 3088 3317 visum
3110 3269 3224 3327 est,
3249 3260 3559 3332 linguaque
3581 3270 3827 3331 amputata.
3860 3248 3861 3332 ἢ

2304 3353 2487 3411 nudus
2522 3367 2589 3408 ac
2630 3351 2930 3409 semivivus
2957 3351 3015 3408 in
3050 3351 3227 3425 media
3270 3352 3461 3423 platea
3500 3354 3732 3408 dimisus
3758 3360 3825 3403 est
3860 3354 3861 3425 i

2305 3442 2476 3515 (Non.
2502 3441 2668 3516 Sang.
2721 3459 2771 3512 ι,
2816 3441 2934 3513 26.)
2985 3440 3222 3509 Quidam
3267 3452 3462 3503 autem
3499 3440 3831 3509 dicuntand

2305 3551 2476 3593 unum
2498 3543 2715 3595 tantum
2741 3534 2965 3593 oculum
2996 3534 3103 3597 sibi
3138 3544 3445 3602 eruerent,
3477 3535 3571 3589 alii
3596 3547 3706 3589 vero
3734 3545 3827 3585 nu-

2305 3634 2476 3708 trum,
2497 3624 2595 3682 sed
2615 3623 2848 3683 rasoriis
2864 3639 2965 3695 per
2984 3623 3196 3680 medios
3218 3624 3420 3681 oculos
3443 3624 3747 3687 inciderent,
3762 3634 3827 3673 nrt

2306 3722 2489 3771 tamen
2530 3714 2712 3772 visum
2748 3714 3059 3781 auferrent.
3110 3714 3292 3787 (Eme.
3361 3714 3463 3785 Α.)
3506 3714 3694 3770 Deinde
3720 3711 3826 3779 iussa

2304 3820 2496 3863 eorum
2520 3848 2538 3874 ,
2567 3806 2663 3876 qui
2692 3806 2858 3877 hujus
2886 3806 3149 3864 facinoris
3174 3816 3436 3864 auctores
3465 3814 3655 3872 erant,
3681 3805 3725 3857 is
3754 3815 3815 3854 ne

2304 3898 2609 3954 nasterium
2650 3898 2827 3954 sancti
2876 3896 3125 3955 Herasmi
3188 3899 3456 3970 martyris
3520 3898 3736 3957 missus,
3766 3891 3827 3943 Μ-

2303 3989 2419 4045 bini
2449 3990 2540 4025 ¹¹⁸⁸
2567 3989 2855 4061 cujusdam
2902 3989 3224 4046 cubicularii
3272 3990 3362 4045 sui
3418 4005 3559 4047 cura
3592 3996 3731 4045 nocti
3770 3997 3829 4054 ῐιΐ

2302 4094 2534 4137 murum
2557 4082 2860 4147 demissus,
2897 4096 2928 4136 a
2958 4080 3229 4152 Winigiso
3263 4079 3410 4137 duce
3462 4079 3827 4150 Spolitano,qm

2303 4173 2492 4230 audito
2517 4173 2831 4244 hujusmodi
2855 4172 3099 4230 facinore
3139 4172 3372 4229 Romam
3405 4172 3638 4229 festinus
3656 4168 3829 4225 adre»

2302 4273 2424 4330 rat,
2463 4273 2752 4335 susceptus
2781 4280 2847 4321 ac
2877 4264 3158 4335 Spoletum
3188 4263 3465 4321 deductus
3489 4272 3593 4318 est.
3617 4259 3757 4329 Cujus
3778 4252 3827 4307 tri

2302 4357 2566 4413 nuncium
2607 4357 2737 4412 dum
2794 4373 2891 4411 rex
2921 4356 3253 4426 accepisset,
3283 4355 3472 4425 ipsum
3495 4344 3827 4426 quidetiam-

2302 4449 2513 4505 earium
2543 4448 2717 4504 sancti
2750 4448 2898 4504 Petri
2937 4463 3064 4505 cum
3095 4463 3316 4502 summo
3360 4447 3574 4503 honore
3594 4445 3656 4499 ad
3679 4454 3825 4509 sepe“

2302 4541 2446 4610 cepit
2468 4540 2697 4606 adduci,
2729 4540 2833 4595 iter
2855 4547 3035 4610 tamen
3062 4554 3227 4594 suum
3249 4579 3265 4605 ,
3295 4538 3445 4608 quod
3496 4537 3552 4591 in
3600 4529 3825 4589 Saxonis!

2304 4632 2673 4701 disposuerat,
2704 4646 2814 4687 non
2846 4629 3161 4687 intermisit.
3189 4626 3391 4685 llabito
3414 4629 3603 4698 itaque
3625 4630 3826 4681 conva

2304 4738 2470 4793 super
2491 4722 2743 4779 Rhenum
2764 4722 2820 4778 in
2843 4723 2966 4779 loco
2985 4722 3078 4792 qui
3107 4721 3316 4777 dicitur
3351 4719 3665 4791 Lippchein,
3695 4725 3823 4769 trans-

2304 4817 2544 4881 fretavit,
2574 4824 2632 4872 et
2663 4815 2733 4871 ad
2760 4814 3188 4871 Paderbruuneu
3222 4815 3313 4844 “"
3342 4813 3597 4877 veniens,
3622 4801 3826 4882 penditis

2306 5001 2421 5055 lum
2466 4999 2649 5073 tilium,
2678 5014 2840 5055 suum
2881 4998 2950 5054 ad
2980 4997 3159 5051 Albim
3197 5013 3326 5054 cum
3373 4994 3645 5057 exercitu,
3668 4994 3825 5061 pro!“

2305 5091 2554 5161 quazdam
2572 5091 2789 5161 negotia
2809 5106 2934 5146 cum
2948 5089 3141 5144 Wilzis
3162 5087 3506 5144 etAbodritis
3526 5074 3823 5155 dispone-dx.

2302 5190 2506 5239 etcum
2529 5182 2651 5253 ejus
2668 5182 2902 5239 reditum
2924 5181 3261 5252 expectavit,
3286 5176 3530 5249 pontifex
3560 5174 3717 5235 venit,
3740 5180 3822 5221 εις·
3860 5174 3861 5253 ξ

2304 5281 2604 5344 ceptu‘sque
2634 5274 2702 5331 ab
2737 5289 2804 5328 eo
2844 5272 3175 5338 honoriﬁce,
3209 5270 3407 5329 mansit
3444 5266 3595 5338 apud
3617 5254 3823 5319 enauit"

2303 5368 2545 5437 aliquot,
2577 5365 2951 5435 intimatisque
2979 5364 3095 5436 regi
3116 5364 3375 5440 omnibus
3395 5368 3618 5431 prepter
3643 5367 3744 5425 qua
3760 5366 3821 5397 δικ

2306 5466 2481 5523 uerat,
2515 5472 2609 5528 per
2638 5457 2843 5528 legatos
2875 5455 3019 5511 renis
3060 5471 3185 5511 eum
3214 5456 3420 5509 honore
3441 5450 3691 5505 reduetus
3712 5450 3825 5506 alii“

3563 5745 3609 5797 ι.
3669 5736 3737 5767 ιη’
3764 5728 3819 5781 Ai
3860 5730 3861 5797 ἰ
