  <div class='ocr_page' id='page_1' title='image "/cluster/home/n/w/nwhite01/storage/ocr_20150623/154/hvd.32044015473820/438.png"; bbox 0 0 3880 6308; ppageno 0'>
   <div class='ocr_carea' id='block_1_1' title="bbox 22 267 94 321">
    <p class='ocr_par' dir='ltr' id='par_1_1' title="bbox 22 267 94 321">
     <span class='ocr_line' id='line_1_1' title="bbox 22 267 94 321; baseline 0.042 -5"><span class='ocrx_word' id='word_1_1' title='bbox 22 267 94 321; x_wconf 69' lang='lat'><strong>3-65</strong></span> 
     </span>
    </p>
   </div>
   <div class='ocr_carea' id='block_1_2' title="bbox 863 244 2264 311">
    <p class='ocr_par' dir='ltr' id='par_1_2' title="bbox 863 244 2264 311">
     <span class='ocr_line' id='line_1_2' title="bbox 863 244 2264 311; baseline -0.008 0"><span class='ocrx_word' id='word_1_2' title='bbox 863 253 1228 311; x_wconf 70' lang='lat' dir='ltr'><strong>CIIRONICA.</strong></span> <span class='ocrx_word' id='word_1_3' title='bbox 1269 283 1340 291; x_wconf 83' lang='lat'><strong>—-</strong></span> <span class='ocrx_word' id='word_1_4' title='bbox 1373 244 1765 304; x_wconf 77' lang='lat' dir='ltr'><strong>CIIRONICON</strong></span> <span class='ocrx_word' id='word_1_5' title='bbox 1808 245 2264 300; x_wconf 66' lang='lat' dir='ltr'><strong>UNIVERSALE.</strong></span> 
     </span>
    </p>
   </div>
   <div class='ocr_carea' id='block_1_3' title="bbox 3139 249 3244 305">
    <p class='ocr_par' dir='ltr' id='par_1_3' title="bbox 3139 249 3244 305">
     <span class='ocr_line' id='line_1_3' title="bbox 3139 249 3244 305; baseline -0.01 0"><span class='ocrx_word' id='word_1_6' title='bbox 3139 249 3244 305; x_wconf 76' lang='lat'><strong>866</strong></span> 
     </span>
    </p>
   </div>
   <div class='ocr_carea' id='block_1_4' title="bbox 22 359 3254 440">
    <p class='ocr_par' dir='ltr' id='par_1_4' title="bbox 22 359 3254 440">
     <span class='ocr_line' id='line_1_4' title="bbox 22 359 3254 440; baseline -0.003 -8"><span class='ocrx_word' id='word_1_7' title='bbox 22 400 53 434; x_wconf 74' lang='grc' dir='ltr'>υ</span> <span class='ocrx_word' id='word_1_8' title='bbox 81 381 242 431; x_wconf 72' lang='lat' dir='ltr'><strong>locum</strong></span> <span class='ocrx_word' id='word_1_9' title='bbox 265 389 426 428; x_wconf 80' lang='lat' dir='ltr'><strong>suum</strong></span> <span class='ocrx_word' id='word_1_10' title='bbox 450 383 532 429; x_wconf 89' lang='lat' dir='ltr'><strong>cst</strong></span> <span class='ocrx_word' id='word_1_11' title='bbox 562 373 870 427; x_wconf 87' lang='lat' dir='ltr'><strong>restitutus.</strong></span> <span class='ocrx_word' id='word_1_12' title='bbox 906 401 974 408; x_wconf 89' lang='lat'><strong><em>——</em></strong></span> <span class='ocrx_word' id='word_1_13' title='bbox 1011 370 1097 440; x_wconf 74' lang='grc' dir='ltr'><strong>(Α.</strong></span> <span class='ocrx_word' id='word_1_14' title='bbox 1133 368 1324 434; x_wconf 81' lang='lat' dir='ltr'><strong>Laur.)</strong></span> <span class='ocrx_word' id='word_1_15' title='bbox 1357 365 1557 417; x_wconf 74' lang='lat' dir='ltr'><strong>Eodem</strong></span> <span class='ocrx_word' id='word_1_16' title='bbox 1595 368 1634 418; x_wconf 74' lang='grc' dir='ltr'><strong>Λ</strong></span> <span class='ocrx_word' id='word_1_17' title='bbox 1667 368 1813 414; x_wconf 85' lang='lat' dir='ltr'><strong>rator</strong></span> <span class='ocrx_word' id='word_1_18' title='bbox 1847 371 1902 414; x_wconf 83' lang='lat' dir='ltr'><strong>et</strong></span> <span class='ocrx_word' id='word_1_19' title='bbox 1927 369 2195 430; x_wconf 83' lang='lat' dir='ltr'><strong>angustus</strong></span> <span class='ocrx_word' id='word_1_20' title='bbox 2242 360 2544 429; x_wconf 87' lang='lat' dir='ltr'><strong>appellatus</strong></span> <span class='ocrx_word' id='word_1_21' title='bbox 2591 369 2694 416; x_wconf 84' lang='lat' dir='ltr'><strong>cst.</strong></span> <span class='ocrx_word' id='word_1_22' title='bbox 2729 359 2858 416; x_wconf 87' lang='lat' dir='ltr'><strong>Post</strong></span> <span class='ocrx_word' id='word_1_23' title='bbox 2893 377 3098 431; x_wconf 86' lang='lat' dir='ltr'><strong>paucos</strong></span> <span class='ocrx_word' id='word_1_24' title='bbox 3119 364 3254 436; x_wconf 72' lang='lat' dir='ltr'><strong>dies;</strong></span> 
     </span>
    </p>
   </div>
   <div class='ocr_carea' id='block_1_5' title="bbox 22 460 1559 536">
    <p class='ocr_par' dir='ltr' id='par_1_5' title="bbox 22 460 1559 536">
     <span class='ocr_line' id='line_1_5' title="bbox 22 460 1559 536; baseline -0.01 -11"><span class='ocrx_word' id='word_1_25' title='bbox 22 485 129 525; x_wconf 77' lang='lat' dir='ltr'><strong>rmo</strong></span> <span class='ocrx_word' id='word_1_26' title='bbox 155 468 385 532; x_wconf 74' lang='lat' dir='ltr'><strong>Avares,</strong></span> <span class='ocrx_word' id='word_1_27' title='bbox 410 467 502 536; x_wconf 88' lang='lat' dir='ltr'><strong>qui</strong></span> <span class='ocrx_word' id='word_1_28' title='bbox 525 474 579 518; x_wconf 90' lang='lat' dir='ltr'><strong>et</strong></span> <span class='ocrx_word' id='word_1_29' title='bbox 609 463 780 527; x_wconf 86' lang='lat' dir='ltr'><strong>IIuni,</strong></span> <span class='ocrx_word' id='word_1_30' title='bbox 805 481 834 516; x_wconf 86' lang='lat' dir='ltr'><strong>a</strong></span> <span class='ocrx_word' id='word_1_31' title='bbox 865 463 968 516; x_wconf 91' lang='lat' dir='ltr'><strong>ﬁde</strong></span> <span class='ocrx_word' id='word_1_32' title='bbox 998 476 1164 531; x_wconf 89' lang='lat' dir='ltr'><strong>quam</strong></span> <span class='ocrx_word' id='word_1_33' title='bbox 1195 460 1559 528; x_wconf 88' lang='lat' dir='ltr'><strong>promiserant</strong></span> 
     </span>
    </p>
   </div>
   <div class='ocr_carea' id='block_1_6' title="bbox 23 547 1555 620">
    <p class='ocr_par' dir='ltr' id='par_1_6' title="bbox 23 547 1555 620">
     <span class='ocr_line' id='line_1_6' title="bbox 23 547 1555 620; baseline -0.008 -8"><span class='ocrx_word' id='word_1_34' title='bbox 23 558 318 620; x_wconf 82' lang='lat' dir='ltr'><strong>lefeeerunt,</strong></span> <span class='ocrx_word' id='word_1_35' title='bbox 352 564 406 608; x_wconf 91' lang='lat' dir='ltr'><strong>et</strong></span> <span class='ocrx_word' id='word_1_36' title='bbox 434 554 702 609; x_wconf 88' lang='lat' dir='ltr'><strong>Geroldus</strong></span> <span class='ocrx_word' id='word_1_37' title='bbox 730 551 1098 606; x_wconf 80' lang='lat' dir='ltr'><strong>Bawarierum</strong></span> <span class='ocrx_word' id='word_1_38' title='bbox 1144 547 1419 618; x_wconf 89' lang='lat' dir='ltr'><strong>prefectus</strong></span> <span class='ocrx_word' id='word_1_39' title='bbox 1453 561 1555 615; x_wconf 92' lang='lat' dir='ltr'><strong>pu-</strong></span> 
     </span>
    </p>
   </div>
   <div class='ocr_carea' id='block_1_7' title="bbox 22 642 1312 718">
    <p class='ocr_par' dir='ltr' id='par_1_7' title="bbox 22 642 1312 718">
     <span class='ocr_line' id='line_1_7' title="bbox 22 642 1312 718; baseline -0.005 -17"><span class='ocrx_word' id='word_1_40' title='bbox 22 664 153 718; x_wconf 67' lang='lat' dir='ltr'><strong>gnans</strong></span> <span class='ocrx_word' id='word_1_41' title='bbox 177 655 370 701; x_wconf 82' lang='lat' dir='ltr'><strong>contra</strong></span> <span class='ocrx_word' id='word_1_42' title='bbox 389 663 485 700; x_wconf 92' lang='lat' dir='ltr'><strong>eos</strong></span> <span class='ocrx_word' id='word_1_43' title='bbox 502 689 515 711; x_wconf 94' lang='lat'><strong>,</strong></span> <span class='ocrx_word' id='word_1_44' title='bbox 541 647 593 698; x_wconf 88' lang='lat' dir='ltr'><strong>in</strong></span> <span class='ocrx_word' id='word_1_45' title='bbox 615 646 804 716; x_wconf 70' lang='lat' dir='ltr'><strong>prmlio</strong></span> <span class='ocrx_word' id='word_1_46' title='bbox 825 642 1142 698; x_wconf 73' lang='lat' dir='ltr'><strong>interfectus</strong></span> <span class='ocrx_word' id='word_1_47' title='bbox 1163 650 1266 696; x_wconf 92' lang='lat' dir='ltr'><strong>est.</strong></span> <span class='ocrx_word' id='word_1_48' title='bbox 1294 645 1312 662; x_wconf 75' lang='lat'><strong><em>‘</em></strong></span> 
     </span>
    </p>
   </div>
   <div class='ocr_carea' id='block_1_8' title="bbox 127 731 1560 806">
    <p class='ocr_par' dir='ltr' id='par_1_8' title="bbox 127 731 1560 806">
     <span class='ocr_line' id='line_1_8' title="bbox 127 731 1560 806; baseline -0.004 -16"><span class='ocrx_word' id='word_1_49' title='bbox 127 745 138 759; x_wconf 89' lang='lat'>&#39;</span> <span class='ocrx_word' id='word_1_50' title='bbox 173 737 234 790; x_wconf 82' lang='grc' dir='ltr'><strong>Ι).</strong></span> <span class='ocrx_word' id='word_1_51' title='bbox 272 737 335 790; x_wconf 83' lang='grc' dir='ltr'><strong>Ε.</strong></span> <span class='ocrx_word' id='word_1_52' title='bbox 376 737 618 790; x_wconf 80' lang='lat' dir='ltr'><strong>addunt:</strong></span> <span class='ocrx_word' id='word_1_53' title='bbox 649 738 718 791; x_wconf 93' lang='lat' dir='ltr'><strong>de</strong></span> <span class='ocrx_word' id='word_1_54' title='bbox 762 751 872 806; x_wconf 92' lang='lat' dir='ltr'><strong>quo</strong></span> <span class='ocrx_word' id='word_1_55' title='bbox 919 734 1199 789; x_wconf 87' lang='lat' dir='ltr'><strong>mvisione</strong></span> <span class='ocrx_word' id='word_1_56' title='bbox 1241 760 1313 772; x_wconf 89' lang='lat'><strong><em>—</em></strong></span> <span class='ocrx_word' id='word_1_57' title='bbox 1357 731 1448 786; x_wconf 89' lang='lat' dir='ltr'><strong>sit.</strong></span> <span class='ocrx_word' id='word_1_58' title='bbox 1494 746 1560 784; x_wconf 77' lang='lat' dir='ltr'><strong>ea:</strong></span> 
     </span>
    </p>
   </div>
   <div class='ocr_carea' id='block_1_9' title="bbox 189 807 608 876">
    <p class='ocr_par' dir='ltr' id='par_1_9' title="bbox 189 807 608 876">
     <span class='ocr_line' id='line_1_9' title="bbox 189 807 608 876; baseline -0.002 -15"><span class='ocrx_word' id='word_1_59' title='bbox 189 807 371 876; x_wconf 77' lang='lat' dir='ltr'><strong>Sigeb.</strong></span> <span class='ocrx_word' id='word_1_60' title='bbox 397 824 450 860; x_wconf 81' lang='grc' dir='ltr'><strong>α.</strong></span> <span class='ocrx_word' id='word_1_61' title='bbox 483 807 608 860; x_wconf 84' lang='grc'><strong>800.</strong></span> 
     </span>
    </p>
   </div>
   <div class='ocr_carea' id='block_1_10' title="bbox 64 895 1558 968">
    <p class='ocr_par' dir='ltr' id='par_1_10' title="bbox 64 895 1558 968">
     <span class='ocr_line' id='line_1_10' title="bbox 64 895 1558 968; baseline -0.001 -17"><span class='ocrx_word' id='word_1_62' title='bbox 64 899 140 952; x_wconf 69' lang='lat'><strong>5‘3.</strong></span> <span class='ocrx_word' id='word_1_63' title='bbox 165 897 347 968; x_wconf 73' lang='lat' dir='ltr'><strong>(Eum.</strong></span> <span class='ocrx_word' id='word_1_64' title='bbox 381 898 473 967; x_wconf 85' lang='lat' dir='ltr'><strong>A.)</strong></span> <span class='ocrx_word' id='word_1_65' title='bbox 504 898 569 951; x_wconf 87' lang='lat' dir='ltr'><strong>A.</strong></span> <span class='ocrx_word' id='word_1_66' title='bbox 615 898 678 952; x_wconf 89' lang='lat' dir='ltr'><strong>D.</strong></span> <span class='ocrx_word' id='word_1_67' title='bbox 711 899 834 952; x_wconf 89' lang='lat'><strong>800.</strong></span> <span class='ocrx_word' id='word_1_68' title='bbox 873 896 1108 953; x_wconf 85' lang='lat' dir='ltr'><strong>Karolus</strong></span> <span class='ocrx_word' id='word_1_69' title='bbox 1143 913 1235 952; x_wconf 77' lang='lat' dir='ltr'><strong>rex</strong></span> <span class='ocrx_word' id='word_1_70' title='bbox 1275 895 1558 950; x_wconf 87' lang='lat' dir='ltr'><strong>Turonum</strong></span> 
     </span>
    </p>
   </div>
   <div class='ocr_carea' id='block_1_11' title="bbox 22 989 1560 1058">
    <p class='ocr_par' dir='ltr' id='par_1_11' title="bbox 22 989 1560 1058">
     <span class='ocr_line' id='line_1_11' title="bbox 22 989 1560 1058; baseline -0.001 -15"><span class='ocrx_word' id='word_1_71' title='bbox 22 1004 205 1057; x_wconf 57' lang='lat' dir='ltr'><strong>urgens</strong></span> <span class='ocrx_word' id='word_1_72' title='bbox 251 1005 421 1044; x_wconf 88' lang='lat' dir='ltr'><strong>causa</strong></span> <span class='ocrx_word' id='word_1_73' title='bbox 461 990 758 1056; x_wconf 86' lang='lat' dir='ltr'><strong>orationis,</strong></span> <span class='ocrx_word' id='word_1_74' title='bbox 809 998 1056 1046; x_wconf 88' lang='lat' dir='ltr'><strong>moratus</strong></span> <span class='ocrx_word' id='word_1_75' title='bbox 1101 998 1186 1044; x_wconf 91' lang='lat' dir='ltr'><strong>est</strong></span> <span class='ocrx_word' id='word_1_76' title='bbox 1226 989 1301 1043; x_wconf 86' lang='lat' dir='ltr'><strong>ibi</strong></span> <span class='ocrx_word' id='word_1_77' title='bbox 1348 989 1560 1058; x_wconf 91' lang='lat' dir='ltr'><strong>aliquot</strong></span> 
     </span>
    </p>
   </div>
   <div class='ocr_carea' id='block_1_12' title="bbox 22 1079 1561 1148">
    <p class='ocr_par' dir='ltr' id='par_1_12' title="bbox 22 1079 1561 1148">
     <span class='ocr_line' id='line_1_12' title="bbox 22 1079 1561 1148; baseline 0.002 -19"><span class='ocrx_word' id='word_1_78' title='bbox 22 1079 170 1132; x_wconf 78' lang='lat' dir='ltr'><strong>liebus</strong></span> <span class='ocrx_word' id='word_1_79' title='bbox 190 1088 413 1148; x_wconf 87' lang='lat' dir='ltr'><strong>propter</strong></span> <span class='ocrx_word' id='word_1_80' title='bbox 445 1079 732 1135; x_wconf 77' lang='lat' dir='ltr'><strong>adversam</strong></span> <span class='ocrx_word' id='word_1_81' title='bbox 764 1081 1116 1136; x_wconf 71' lang='lat' dir='ltr'><strong>valitudinem</strong></span> <span class='ocrx_word' id='word_1_82' title='bbox 1164 1080 1400 1134; x_wconf 83' lang='lat' dir='ltr'><strong>dominae</strong></span> <span class='ocrx_word' id='word_1_83' title='bbox 1431 1079 1561 1133; x_wconf 87' lang='lat' dir='ltr'><strong>Lui-</strong></span> 
     </span>
    </p>
   </div>
   <div class='ocr_carea' id='block_1_13' title="bbox 21 1171 1557 1240">
    <p class='ocr_par' dir='ltr' id='par_1_13' title="bbox 21 1171 1557 1240">
     <span class='ocr_line' id='line_1_13' title="bbox 21 1171 1557 1240; baseline 0.004 -20"><span class='ocrx_word' id='word_1_84' title='bbox 21 1171 182 1226; x_wconf 64' lang='lat' dir='ltr'><strong>.:arcla‘.</strong></span> <span class='ocrx_word' id='word_1_85' title='bbox 233 1171 491 1240; x_wconf 81' lang='lat' dir='ltr'><strong>conjugis</strong></span> <span class='ocrx_word' id='word_1_86' title='bbox 531 1187 664 1238; x_wconf 69' lang='lat' dir='ltr'><strong>sum,</strong></span> <span class='ocrx_word' id='word_1_87' title='bbox 711 1188 832 1240; x_wconf 71' lang='lat' dir='ltr'><strong>qua:</strong></span> <span class='ocrx_word' id='word_1_88' title='bbox 865 1172 902 1224; x_wconf 78' lang='lat'><strong>.2</strong></span> <span class='ocrx_word' id='word_1_89' title='bbox 946 1171 1128 1226; x_wconf 85' lang='lat' dir='ltr'><strong>Nonas</strong></span> <span class='ocrx_word' id='word_1_90' title='bbox 1161 1171 1310 1226; x_wconf 81' lang='lat' dir='ltr'><strong>Junii</strong></span> <span class='ocrx_word' id='word_1_91' title='bbox 1360 1173 1557 1226; x_wconf 89' lang='lat' dir='ltr'><strong>ibidem</strong></span> 
     </span>
    </p>
   </div>
   <div class='ocr_carea' id='block_1_14' title="bbox 22 1260 1562 1333">
    <p class='ocr_par' dir='ltr' id='par_1_14' title="bbox 22 1260 1562 1333">
     <span class='ocr_line' id='line_1_14' title="bbox 22 1260 1562 1333; baseline 0.005 -22"><span class='ocrx_word' id='word_1_92' title='bbox 22 1260 232 1313; x_wconf 79' lang='lat' dir='ltr'><strong>lefuucta</strong></span> <span class='ocrx_word' id='word_1_93' title='bbox 284 1270 340 1314; x_wconf 90' lang='lat' dir='ltr'><strong>et</strong></span> <span class='ocrx_word' id='word_1_94' title='bbox 388 1261 609 1316; x_wconf 85' lang='lat' dir='ltr'><strong>humata</strong></span> <span class='ocrx_word' id='word_1_95' title='bbox 665 1269 767 1317; x_wconf 87' lang='lat' dir='ltr'><strong>est.</strong></span> <span class='ocrx_word' id='word_1_96' title='bbox 829 1261 1012 1318; x_wconf 83' lang='lat' dir='ltr'><strong>Mense</strong></span> <span class='ocrx_word' id='word_1_97' title='bbox 1071 1272 1254 1318; x_wconf 88' lang='lat' dir='ltr'><strong>autem</strong></span> <span class='ocrx_word' id='word_1_98' title='bbox 1312 1263 1562 1333; x_wconf 85' lang='lat' dir='ltr'><strong>Augusto</strong></span> 
     </span>
    </p>
   </div>
   <div class='ocr_carea' id='block_1_15' title="bbox 25 1351 1558 1422">
    <p class='ocr_par' dir='ltr' id='par_1_15' title="bbox 25 1351 1558 1422">
     <span class='ocr_line' id='line_1_15' title="bbox 25 1351 1558 1422; baseline 0.005 -20"><span class='ocrx_word' id='word_1_99' title='bbox 25 1352 311 1416; x_wconf 72' lang='lat' dir='ltr'><strong>inchoante,</strong></span> <span class='ocrx_word' id='word_1_100' title='bbox 346 1351 749 1422; x_wconf 70' lang='lat' dir='ltr'><strong>Mogontiacum</strong></span> <span class='ocrx_word' id='word_1_101' title='bbox 798 1355 1054 1421; x_wconf 89' lang='lat' dir='ltr'><strong>veniens,</strong></span> <span class='ocrx_word' id='word_1_102' title='bbox 1100 1357 1204 1410; x_wconf 88' lang='lat' dir='ltr'><strong>iter</strong></span> <span class='ocrx_word' id='word_1_103' title='bbox 1250 1356 1303 1409; x_wconf 91' lang='lat' dir='ltr'><strong>in</strong></span> <span class='ocrx_word' id='word_1_104' title='bbox 1348 1355 1558 1410; x_wconf 91' lang='lat' dir='ltr'><strong>Italiam</strong></span> 
     </span>
    </p>
   </div>
   <div class='ocr_carea' id='block_1_16' title="bbox 21 1441 1560 1515">
    <p class='ocr_par' dir='ltr' id='par_1_16' title="bbox 21 1441 1560 1515">
     <span class='ocr_line' id='line_1_16' title="bbox 21 1441 1560 1515; baseline 0.005 -22"><span class='ocrx_word' id='word_1_105' title='bbox 21 1441 242 1494; x_wconf 59' lang='lat' dir='ltr'><strong>‘ondixit.</strong></span> <span class='ocrx_word' id='word_1_106' title='bbox 299 1442 385 1512; x_wconf 71' lang='grc' dir='ltr'><strong>(Α.</strong></span> <span class='ocrx_word' id='word_1_107' title='bbox 424 1442 617 1513; x_wconf 85' lang='lat' dir='ltr'><strong>Laur.)</strong></span> <span class='ocrx_word' id='word_1_108' title='bbox 655 1445 758 1498; x_wconf 89' lang='lat' dir='ltr'><strong>Cui</strong></span> <span class='ocrx_word' id='word_1_109' title='bbox 805 1444 1030 1499; x_wconf 80' lang='lat' dir='ltr'><strong>Romam</strong></span> <span class='ocrx_word' id='word_1_110' title='bbox 1078 1446 1337 1512; x_wconf 89' lang='lat' dir='ltr'><strong>tendenti,</strong></span> <span class='ocrx_word' id='word_1_111' title='bbox 1387 1447 1560 1515; x_wconf 87' lang='lat' dir='ltr'><strong>pridie</strong></span> 
     </span>
    </p>
   </div>
   <div class='ocr_carea' id='block_1_17' title="bbox 21 1531 1558 1606">
    <p class='ocr_par' dir='ltr' id='par_1_17' title="bbox 21 1531 1558 1606">
     <span class='ocr_line' id='line_1_17' title="bbox 21 1531 1558 1606; baseline 0.007 -24"><span class='ocrx_word' id='word_1_112' title='bbox 21 1547 164 1598; x_wconf 74' lang='lat' dir='ltr'><strong>piam</strong></span> <span class='ocrx_word' id='word_1_113' title='bbox 191 1531 399 1588; x_wconf 85' lang='lat' dir='ltr'><strong>Urbem</strong></span> <span class='ocrx_word' id='word_1_114' title='bbox 441 1536 669 1589; x_wconf 85' lang='lat' dir='ltr'><strong>intraret</strong></span> <span class='ocrx_word' id='word_1_115' title='bbox 720 1537 957 1591; x_wconf 84' lang='lat' dir='ltr'><strong>occurrit</strong></span> <span class='ocrx_word' id='word_1_116' title='bbox 981 1537 1031 1591; x_wconf 91' lang='lat' dir='ltr'><strong>ei</strong></span> <span class='ocrx_word' id='word_1_117' title='bbox 1078 1536 1188 1590; x_wconf 89' lang='lat' dir='ltr'><strong>Leo</strong></span> <span class='ocrx_word' id='word_1_118' title='bbox 1236 1553 1372 1606; x_wconf 89' lang='lat' dir='ltr'><strong>papa</strong></span> <span class='ocrx_word' id='word_1_119' title='bbox 1415 1535 1558 1605; x_wconf 83' lang='lat' dir='ltr'><strong>apud</strong></span> 
     </span>
    </p>
   </div>
   <div class='ocr_carea' id='block_1_18' title="bbox 21 1620 1556 1696">
    <p class='ocr_par' dir='ltr' id='par_1_18' title="bbox 21 1620 1556 1696">
     <span class='ocr_line' id='line_1_18' title="bbox 21 1620 1556 1696; baseline 0.006 -25"><span class='ocrx_word' id='word_1_120' title='bbox 21 1620 312 1677; x_wconf 65' lang='lat' dir='ltr'><strong>tomentum</strong></span> <span class='ocrx_word' id='word_1_121' title='bbox 359 1624 448 1678; x_wconf 71' lang='lat'><strong>12°</strong></span> <span class='ocrx_word' id='word_1_122' title='bbox 494 1625 672 1694; x_wconf 84' lang='lat' dir='ltr'><strong>lapide</strong></span> <span class='ocrx_word' id='word_1_123' title='bbox 702 1627 771 1680; x_wconf 89' lang='lat' dir='ltr'><strong>ab</strong></span> <span class='ocrx_word' id='word_1_124' title='bbox 807 1625 971 1691; x_wconf 89' lang='lat' dir='ltr'><strong>Urbe,</strong></span> <span class='ocrx_word' id='word_1_125' title='bbox 1012 1627 1396 1696; x_wconf 88' lang='lat' dir='ltr'><strong>prandensque</strong></span> <span class='ocrx_word' id='word_1_126' title='bbox 1432 1643 1556 1681; x_wconf 91' lang='lat' dir='ltr'><strong>cum</strong></span> 
     </span>
    </p>
   </div>
   <div class='ocr_carea' id='block_1_19' title="bbox 22 1713 1558 1789">
    <p class='ocr_par' dir='ltr' id='par_1_19' title="bbox 22 1713 1558 1789">
     <span class='ocr_line' id='line_1_19' title="bbox 22 1713 1558 1789; baseline 0.008 -27"><span class='ocrx_word' id='word_1_127' title='bbox 22 1727 73 1774; x_wconf 60' lang='grc' dir='ltr'><strong>κ),</strong></span> <span class='ocrx_word' id='word_1_128' title='bbox 97 1713 309 1769; x_wconf 87' lang='lat' dir='ltr'><strong>dimisit</strong></span> <span class='ocrx_word' id='word_1_129' title='bbox 328 1731 454 1770; x_wconf 88' lang='lat' dir='ltr'><strong>eum</strong></span> <span class='ocrx_word' id='word_1_130' title='bbox 487 1717 561 1770; x_wconf 91' lang='lat' dir='ltr'><strong>ibi</strong></span> <span class='ocrx_word' id='word_1_131' title='bbox 589 1728 748 1772; x_wconf 89' lang='lat' dir='ltr'><strong>nocte</strong></span> <span class='ocrx_word' id='word_1_132' title='bbox 771 1719 882 1783; x_wconf 88' lang='lat' dir='ltr'><strong>illa,</strong></span> <span class='ocrx_word' id='word_1_133' title='bbox 917 1728 972 1774; x_wconf 89' lang='lat' dir='ltr'><strong>et</strong></span> <span class='ocrx_word' id='word_1_134' title='bbox 1015 1721 1277 1789; x_wconf 77' lang='lat' dir='ltr'><strong>processit</strong></span> <span class='ocrx_word' id='word_1_135' title='bbox 1320 1735 1444 1772; x_wconf 89' lang='lat' dir='ltr'><strong>eum</strong></span> <span class='ocrx_word' id='word_1_136' title='bbox 1492 1721 1558 1774; x_wconf 84' lang='lat' dir='ltr'><strong>ad</strong></span> 
     </span>
    </p>
   </div>
   <div class='ocr_carea' id='block_1_20' title="bbox 22 1802 1560 1880">
    <p class='ocr_par' dir='ltr' id='par_1_20' title="bbox 22 1802 1560 1880">
     <span class='ocr_line' id='line_1_20' title="bbox 22 1802 1560 1880; baseline 0.007 -25"><span class='ocrx_word' id='word_1_137' title='bbox 22 1802 200 1859; x_wconf 50' lang='lat' dir='ltr'><strong>labem.</strong></span> <span class='ocrx_word' id='word_1_138' title='bbox 241 1807 334 1877; x_wconf 72' lang='grc' dir='ltr'><strong>(Α.</strong></span> <span class='ocrx_word' id='word_1_139' title='bbox 375 1807 529 1863; x_wconf 75' lang='lat' dir='ltr'><strong>Emit.</strong></span> <span class='ocrx_word' id='word_1_140' title='bbox 562 1818 618 1864; x_wconf 90' lang='lat' dir='ltr'><strong>et</strong></span> <span class='ocrx_word' id='word_1_141' title='bbox 651 1810 842 1880; x_wconf 74' lang='lat' dir='ltr'><strong>Laur.)</strong></span> <span class='ocrx_word' id='word_1_142' title='bbox 875 1811 931 1865; x_wconf 91' lang='lat' dir='ltr'><strong>In</strong></span> <span class='ocrx_word' id='word_1_143' title='bbox 957 1813 1258 1866; x_wconf 87' lang='lat' dir='ltr'><strong>crastinum</strong></span> <span class='ocrx_word' id='word_1_144' title='bbox 1303 1828 1433 1866; x_wconf 91' lang='lat' dir='ltr'><strong>vero</strong></span> <span class='ocrx_word' id='word_1_145' title='bbox 1466 1827 1560 1865; x_wconf 90' lang='lat' dir='ltr'><strong>or-</strong></span> 
     </span>
    </p>
   </div>
   <div class='ocr_carea' id='block_1_21' title="bbox 21 1895 1564 1972">
    <p class='ocr_par' dir='ltr' id='par_1_21' title="bbox 21 1895 1564 1972">
     <span class='ocr_line' id='line_1_21' title="bbox 21 1895 1564 1972; baseline 0.007 -26"><span class='ocrx_word' id='word_1_146' title='bbox 21 1895 178 1951; x_wconf 76' lang='lat' dir='ltr'><strong>liuatis</strong></span> <span class='ocrx_word' id='word_1_147' title='bbox 198 1913 302 1966; x_wconf 85' lang='lat' dir='ltr'><strong>per</strong></span> <span class='ocrx_word' id='word_1_148' title='bbox 320 1899 438 1952; x_wconf 91' lang='lat' dir='ltr'><strong>loca</strong></span> <span class='ocrx_word' id='word_1_149' title='bbox 453 1915 690 1970; x_wconf 83' lang='lat' dir='ltr'><strong>congrua</strong></span> <span class='ocrx_word' id='word_1_150' title='bbox 720 1902 913 1966; x_wconf 85' lang='lat' dir='ltr'><strong>turbis,</strong></span> <span class='ocrx_word' id='word_1_151' title='bbox 934 1903 1048 1971; x_wconf 89' lang='lat' dir='ltr'><strong>ipse</strong></span> <span class='ocrx_word' id='word_1_152' title='bbox 1065 1912 1216 1957; x_wconf 90' lang='lat' dir='ltr'><strong>stans</strong></span> <span class='ocrx_word' id='word_1_153' title='bbox 1239 1903 1291 1955; x_wconf 90' lang='lat' dir='ltr'><strong>in</strong></span> <span class='ocrx_word' id='word_1_154' title='bbox 1306 1903 1564 1972; x_wconf 85' lang='lat' dir='ltr'><strong>gradibus</strong></span> 
     </span>
    </p>
   </div>
   <div class='ocr_carea' id='block_1_22' title="bbox 21 1991 1562 2066">
    <p class='ocr_par' dir='ltr' id='par_1_22' title="bbox 21 1991 1562 2066">
     <span class='ocr_line' id='line_1_22' title="bbox 21 1991 1562 2066; baseline 0.006 -26"><span class='ocrx_word' id='word_1_155' title='bbox 21 2003 105 2042; x_wconf 74' lang='lat' dir='ltr'><strong>tam</strong></span> <span class='ocrx_word' id='word_1_156' title='bbox 133 1991 413 2062; x_wconf 83' lang='lat' dir='ltr'><strong>episcopis</strong></span> <span class='ocrx_word' id='word_1_157' title='bbox 455 2002 509 2048; x_wconf 89' lang='lat' dir='ltr'><strong>et</strong></span> <span class='ocrx_word' id='word_1_158' title='bbox 549 1996 718 2061; x_wconf 89' lang='lat' dir='ltr'><strong>clero,</strong></span> <span class='ocrx_word' id='word_1_159' title='bbox 767 1997 1063 2051; x_wconf 80' lang='lat' dir='ltr'><strong>honoriﬁce</strong></span> <span class='ocrx_word' id='word_1_160' title='bbox 1098 1997 1248 2050; x_wconf 92' lang='lat' dir='ltr'><strong>illum</strong></span> <span class='ocrx_word' id='word_1_161' title='bbox 1299 1997 1562 2066; x_wconf 85' lang='lat' dir='ltr'><strong>suscepit,</strong></span> 
     </span>
    </p>
   </div>
   <div class='ocr_carea' id='block_1_23' title="bbox 21 2083 1565 2158">
    <p class='ocr_par' dir='ltr' id='par_1_23' title="bbox 21 2083 1565 2158">
     <span class='ocr_line' id='line_1_23' title="bbox 21 2083 1565 2158; baseline 0.008 -28"><span class='ocrx_word' id='word_1_162' title='bbox 21 2083 308 2152; x_wconf 62' lang='lat' dir='ltr'><strong>&#39;unetisqne</strong></span> <span class='ocrx_word' id='word_1_163' title='bbox 357 2085 734 2153; x_wconf 86' lang='lat' dir='ltr'><strong>psallentibus,</strong></span> <span class='ocrx_word' id='word_1_164' title='bbox 766 2087 819 2140; x_wconf 92' lang='lat' dir='ltr'><strong>in</strong></span> <span class='ocrx_word' id='word_1_165' title='bbox 868 2088 1164 2158; x_wconf 79' lang='lat' dir='ltr'><strong>basylieam</strong></span> <span class='ocrx_word' id='word_1_166' title='bbox 1201 2089 1374 2142; x_wconf 80' lang='lat' dir='ltr'><strong>sancti</strong></span> <span class='ocrx_word' id='word_1_167' title='bbox 1419 2088 1565 2142; x_wconf 82' lang='lat' dir='ltr'><strong>Petri</strong></span> 
     </span>
    </p>
   </div>
   <div class='ocr_carea' id='block_1_24' title="bbox 22 2174 1560 2238">
    <p class='ocr_par' dir='ltr' id='par_1_24' title="bbox 22 2174 1560 2238">
     <span class='ocr_line' id='line_1_24' title="bbox 22 2174 1560 2238; baseline 0.01 -15"><span class='ocrx_word' id='word_1_168' title='bbox 22 2188 106 2225; x_wconf 70' lang='lat' dir='ltr'><strong>em</strong></span> <span class='ocrx_word' id='word_1_169' title='bbox 160 2174 489 2231; x_wconf 80' lang='lat' dir='ltr'><strong>introduxit.</strong></span> <span class='ocrx_word' id='word_1_170' title='bbox 522 2177 682 2232; x_wconf 81' lang='lat' dir='ltr'><strong>Facta</strong></span> <span class='ocrx_word' id='word_1_171' title='bbox 717 2188 845 2233; x_wconf 90' lang='lat' dir='ltr'><strong>sunt</strong></span> <span class='ocrx_word' id='word_1_172' title='bbox 874 2191 1054 2234; x_wconf 84' lang='lat' dir='ltr'><strong>autem</strong></span> <span class='ocrx_word' id='word_1_173' title='bbox 1093 2181 1206 2236; x_wconf 67' lang='lat' dir='ltr'><strong>haec</strong></span> <span class='ocrx_word' id='word_1_174' title='bbox 1255 2182 1288 2234; x_wconf 85' lang='lat'>8</span> <span class='ocrx_word' id='word_1_175' title='bbox 1335 2181 1560 2238; x_wconf 86' lang='lat' dir='ltr'><strong>Kalend.</strong></span> 
     </span>
    </p>
   </div>
   <div class='ocr_carea' id='block_1_25' title="bbox 22 2262 1563 2340">
    <p class='ocr_par' dir='ltr' id='par_1_25' title="bbox 22 2262 1563 2340">
     <span class='ocr_line' id='line_1_25' title="bbox 22 2262 1563 2340; baseline 0.01 -26"><span class='ocrx_word' id='word_1_176' title='bbox 22 2262 238 2319; x_wconf 66' lang='lat' dir='ltr'><strong>lecemb.</strong></span> <span class='ocrx_word' id='word_1_177' title='bbox 251 2263 386 2320; x_wconf 81' lang='lat' dir='ltr'><strong>Post</strong></span> <span class='ocrx_word' id='word_1_178' title='bbox 411 2277 614 2337; x_wconf 84' lang='lat' dir='ltr'><strong>septem</strong></span> <span class='ocrx_word' id='word_1_179' title='bbox 650 2286 779 2324; x_wconf 86' lang='lat' dir='ltr'><strong>vero</strong></span> <span class='ocrx_word' id='word_1_180' title='bbox 805 2271 921 2326; x_wconf 90' lang='lat' dir='ltr'><strong>dies</strong></span> <span class='ocrx_word' id='word_1_181' title='bbox 951 2287 1043 2326; x_wconf 76' lang='lat' dir='ltr'><strong>rex</strong></span> <span class='ocrx_word' id='word_1_182' title='bbox 1071 2273 1324 2327; x_wconf 86' lang='lat' dir='ltr'><strong>contione</strong></span> <span class='ocrx_word' id='word_1_183' title='bbox 1352 2283 1563 2340; x_wconf 86' lang='lat' dir='ltr'><strong>vocata,</strong></span> 
     </span>
    </p>
   </div>
   <div class='ocr_carea' id='block_1_26' title="bbox 22 2355 1562 2434">
    <p class='ocr_par' dir='ltr' id='par_1_26' title="bbox 22 2355 1562 2434">
     <span class='ocr_line' id='line_1_26' title="bbox 22 2355 1562 2434; baseline 0.012 -33"><span class='ocrx_word' id='word_1_184' title='bbox 22 2355 237 2411; x_wconf 70' lang='grc' dir='ltr'><strong>»ηιιιίιιιιε</strong></span> <span class='ocrx_word' id='word_1_185' title='bbox 280 2372 384 2411; x_wconf 92' lang='lat' dir='ltr'><strong>cur</strong></span> <span class='ocrx_word' id='word_1_186' title='bbox 421 2361 661 2416; x_wconf 79' lang='lat' dir='ltr'><strong>venisset</strong></span> <span class='ocrx_word' id='word_1_187' title='bbox 706 2362 977 2432; x_wconf 81' lang='lat' dir='ltr'><strong>patefecit,</strong></span> <span class='ocrx_word' id='word_1_188' title='bbox 1009 2364 1150 2418; x_wconf 89' lang='lat' dir='ltr'><strong>inter</strong></span> <span class='ocrx_word' id='word_1_189' title='bbox 1193 2380 1315 2434; x_wconf 67' lang='lat' dir='ltr'><strong>qua:</strong></span> <span class='ocrx_word' id='word_1_190' title='bbox 1339 2365 1562 2433; x_wconf 84' lang='lat' dir='ltr'><strong>potissi-</strong></span> 
     </span>
    </p>
   </div>
   <div class='ocr_carea' id='block_1_27' title="bbox 22 2445 1566 2524">
    <p class='ocr_par' dir='ltr' id='par_1_27' title="bbox 22 2445 1566 2524">
     <span class='ocr_line' id='line_1_27' title="bbox 22 2445 1566 2524; baseline 0.012 -34"><span class='ocrx_word' id='word_1_191' title='bbox 22 2458 131 2495; x_wconf 85' lang='lat' dir='ltr'><strong>nnm</strong></span> <span class='ocrx_word' id='word_1_192' title='bbox 151 2453 277 2498; x_wconf 88' lang='lat' dir='ltr'><strong>erat</strong></span> <span class='ocrx_word' id='word_1_193' title='bbox 299 2445 368 2500; x_wconf 88' lang='lat' dir='ltr'><strong>de</strong></span> <span class='ocrx_word' id='word_1_194' title='bbox 391 2446 751 2506; x_wconf 83' lang='lat' dir='ltr'><strong>discutiendis</strong></span> <span class='ocrx_word' id='word_1_195' title='bbox 786 2465 908 2519; x_wconf 68' lang='lat' dir='ltr'><strong>qua:</strong></span> <span class='ocrx_word' id='word_1_196' title='bbox 932 2453 1143 2520; x_wconf 84' lang='lat' dir='ltr'><strong>objecta</strong></span> <span class='ocrx_word' id='word_1_197' title='bbox 1175 2462 1302 2508; x_wconf 88' lang='lat' dir='ltr'><strong>sunt</strong></span> <span class='ocrx_word' id='word_1_198' title='bbox 1323 2455 1566 2524; x_wconf 88' lang='lat' dir='ltr'><strong>pontiﬁci</strong></span> 
     </span>
    </p>
   </div>
   <div class='ocr_carea' id='block_1_28' title="bbox 22 2533 1570 2611">
    <p class='ocr_par' dir='ltr' id='par_1_28' title="bbox 22 2533 1570 2611">
     <span class='ocr_line' id='line_1_28' title="bbox 22 2533 1570 2611; baseline 0.015 -31"><span class='ocrx_word' id='word_1_199' title='bbox 22 2533 331 2591; x_wconf 85' lang='lat' dir='ltr'><strong>:riminibus.</strong></span> <span class='ocrx_word' id='word_1_200' title='bbox 366 2535 440 2591; x_wconf 86' lang='lat' dir='ltr'><strong>Ut</strong></span> <span class='ocrx_word' id='word_1_201' title='bbox 474 2540 620 2593; x_wconf 90' lang='lat' dir='ltr'><strong>enim</strong></span> <span class='ocrx_word' id='word_1_202' title='bbox 672 2557 732 2596; x_wconf 91' lang='lat' dir='ltr'><strong>se</strong></span> <span class='ocrx_word' id='word_1_203' title='bbox 772 2542 930 2611; x_wconf 89' lang='lat' dir='ltr'><strong>quasi</strong></span> <span class='ocrx_word' id='word_1_204' title='bbox 968 2543 1329 2600; x_wconf 86' lang='lat' dir='ltr'><strong>absolutiores</strong></span> <span class='ocrx_word' id='word_1_205' title='bbox 1379 2547 1570 2602; x_wconf 90' lang='lat' dir='ltr'><strong>redde-</strong></span> 
     </span>
    </p>
   </div>
   <div class='ocr_carea' id='block_1_29' title="bbox 22 2626 1566 2697">
    <p class='ocr_par' dir='ltr' id='par_1_29' title="bbox 22 2626 1566 2697">
     <span class='ocr_line' id='line_1_29' title="bbox 22 2626 1566 2697; baseline 0.011 -22"><span class='ocrx_word' id='word_1_206' title='bbox 22 2634 105 2677; x_wconf 77' lang='lat' dir='ltr'><strong>ent</strong></span> <span class='ocrx_word' id='word_1_207' title='bbox 129 2626 254 2695; x_wconf 76' lang='lat' dir='ltr'><strong>ejus</strong></span> <span class='ocrx_word' id='word_1_208' title='bbox 283 2629 728 2697; x_wconf 86' lang='lat' dir='ltr'><strong>calumniatores,</strong></span> <span class='ocrx_word' id='word_1_209' title='bbox 760 2633 1104 2690; x_wconf 88' lang='lat' dir='ltr'><strong>mortiferum</strong></span> <span class='ocrx_word' id='word_1_210' title='bbox 1151 2637 1200 2691; x_wconf 90' lang='lat' dir='ltr'><strong>ei</strong></span> <span class='ocrx_word' id='word_1_211' title='bbox 1232 2637 1440 2691; x_wconf 90' lang='lat' dir='ltr'><strong>crimen</strong></span> <span class='ocrx_word' id='word_1_212' title='bbox 1461 2639 1566 2691; x_wconf 88' lang='lat' dir='ltr'><strong>im-</strong></span> 
     </span>
    </p>
   </div>
   <div class='ocr_carea' id='block_1_30' title="bbox 21 2720 1566 2796">
    <p class='ocr_par' dir='ltr' id='par_1_30' title="bbox 21 2720 1566 2796">
     <span class='ocr_line' id='line_1_30' title="bbox 21 2720 1566 2796; baseline 0.01 -30"><span class='ocrx_word' id='word_1_213' title='bbox 21 2729 315 2774; x_wconf 73' lang='lat' dir='ltr'><strong>msuerunt.</strong></span> <span class='ocrx_word' id='word_1_214' title='bbox 362 2720 508 2791; x_wconf 75' lang='lat' dir='ltr'><strong>Rege</strong></span> <span class='ocrx_word' id='word_1_215' title='bbox 554 2733 735 2780; x_wconf 91' lang='lat' dir='ltr'><strong>autem</strong></span> <span class='ocrx_word' id='word_1_216' title='bbox 789 2726 856 2782; x_wconf 90' lang='lat' dir='ltr'><strong>de</strong></span> <span class='ocrx_word' id='word_1_217' title='bbox 904 2728 1010 2783; x_wconf 88' lang='lat' dir='ltr'><strong>hoc</strong></span> <span class='ocrx_word' id='word_1_218' title='bbox 1056 2727 1392 2796; x_wconf 87' lang='lat' dir='ltr'><strong>inquirente,</strong></span> <span class='ocrx_word' id='word_1_219' title='bbox 1440 2745 1566 2782; x_wconf 90' lang='lat' dir='ltr'><strong>cum</strong></span> 
     </span>
    </p>
   </div>
   <div class='ocr_carea' id='block_1_31' title="bbox 21 2809 1570 2890">
    <p class='ocr_par' dir='ltr' id='par_1_31' title="bbox 21 2809 1570 2890">
     <span class='ocr_line' id='line_1_31' title="bbox 21 2809 1570 2890; baseline 0.009 -30"><span class='ocrx_word' id='word_1_220' title='bbox 21 2809 166 2866; x_wconf 71' lang='lat' dir='ltr'><strong>nullus</strong></span> <span class='ocrx_word' id='word_1_221' title='bbox 192 2822 345 2868; x_wconf 79' lang='lat' dir='ltr'><strong>esset</strong></span> <span class='ocrx_word' id='word_1_222' title='bbox 373 2814 624 2871; x_wconf 80' lang='lat' dir='ltr'><strong>criminis</strong></span> <span class='ocrx_word' id='word_1_223' title='bbox 669 2819 948 2888; x_wconf 86' lang='lat' dir='ltr'><strong>probator,</strong></span> <span class='ocrx_word' id='word_1_224' title='bbox 978 2819 1242 2888; x_wconf 80' lang='lat' dir='ltr'><strong>pontifex,</strong></span> <span class='ocrx_word' id='word_1_225' title='bbox 1288 2831 1570 2890; x_wconf 84' lang='lat' dir='ltr'><strong>assumpto</strong></span> 
     </span>
    </p>
   </div>
   <div class='ocr_carea' id='block_1_32' title="bbox 29 2902 1570 2978">
    <p class='ocr_par' dir='ltr' id='par_1_32' title="bbox 29 2902 1570 2978">
     <span class='ocr_line' id='line_1_32' title="bbox 29 2902 1570 2978; baseline 0.008 -28"><span class='ocrx_word' id='word_1_226' title='bbox 29 2902 249 2968; x_wconf 74' lang='lat' dir='ltr'><strong>vangelii</strong></span> <span class='ocrx_word' id='word_1_227' title='bbox 281 2913 456 2969; x_wconf 75' lang='lat' dir='ltr'><strong>textu,</strong></span> <span class='ocrx_word' id='word_1_228' title='bbox 478 2920 664 2960; x_wconf 90' lang='lat' dir='ltr'><strong>coram</strong></span> <span class='ocrx_word' id='word_1_229' title='bbox 699 2923 822 2978; x_wconf 84' lang='lat' dir='ltr'><strong>rege</strong></span> <span class='ocrx_word' id='word_1_230' title='bbox 850 2917 906 2962; x_wconf 87' lang='lat' dir='ltr'><strong>et</strong></span> <span class='ocrx_word' id='word_1_231' title='bbox 940 2909 1089 2962; x_wconf 90' lang='lat' dir='ltr'><strong>omni</strong></span> <span class='ocrx_word' id='word_1_232' title='bbox 1137 2909 1338 2978; x_wconf 88' lang='lat' dir='ltr'><strong>populo</strong></span> <span class='ocrx_word' id='word_1_233' title='bbox 1381 2910 1570 2964; x_wconf 85' lang='lat' dir='ltr'><strong>ambo-</strong></span> 
     </span>
    </p>
   </div>
   <div class='ocr_carea' id='block_1_33' title="bbox 22 2996 1568 3068">
    <p class='ocr_par' dir='ltr' id='par_1_33' title="bbox 22 2996 1568 3068">
     <span class='ocr_line' id='line_1_33' title="bbox 22 2996 1568 3068; baseline 0.009 -28"><span class='ocrx_word' id='word_1_234' title='bbox 22 3005 108 3044; x_wconf 71' lang='lat' dir='ltr'><strong>rem</strong></span> <span class='ocrx_word' id='word_1_235' title='bbox 149 2996 498 3064; x_wconf 80' lang='lat' dir='ltr'><strong>conscendit,</strong></span> <span class='ocrx_word' id='word_1_236' title='bbox 536 2999 980 3068; x_wconf 85' lang='lat' dir='ltr'><strong>asstantibusque</strong></span> <span class='ocrx_word' id='word_1_237' title='bbox 1022 3001 1449 3066; x_wconf 88' lang='lat' dir='ltr'><strong>incusatoribus,</strong></span> <span class='ocrx_word' id='word_1_238' title='bbox 1481 3000 1568 3054; x_wconf 90' lang='lat' dir='ltr'><strong>in-</strong></span> 
     </span>
    </p>
   </div>
   <div class='ocr_carea' id='block_1_34' title="bbox 1665 451 3244 524">
    <p class='ocr_par' dir='ltr' id='par_1_34' title="bbox 1665 451 3244 524">
     <span class='ocr_line' id='line_1_34' title="bbox 1665 451 3244 524; baseline 0.004 -20"><span class='ocrx_word' id='word_1_239' title='bbox 1665 452 1849 505; x_wconf 88' lang='lat' dir='ltr'><strong>habita</strong></span> <span class='ocrx_word' id='word_1_240' title='bbox 1895 453 2184 520; x_wconf 86' lang='lat' dir='ltr'><strong>questione</strong></span> <span class='ocrx_word' id='word_1_241' title='bbox 2226 451 2293 506; x_wconf 92' lang='lat' dir='ltr'><strong>de</strong></span> <span class='ocrx_word' id='word_1_242' title='bbox 2341 452 2672 506; x_wconf 87' lang='lat' dir='ltr'><strong>adversariis</strong></span> <span class='ocrx_word' id='word_1_243' title='bbox 2710 467 2892 524; x_wconf 71' lang='lat' dir='ltr'><strong>papae,</strong></span> <span class='ocrx_word' id='word_1_244' title='bbox 2941 456 3244 512; x_wconf 88' lang='lat' dir='ltr'><strong>secundum</strong></span> 
     </span>
    </p>
   </div>
   <div class='ocr_carea' id='block_1_35' title="bbox 1663 524 3264 609">
    <p class='ocr_par' dir='ltr' id='par_1_35' title="bbox 1663 524 3264 609">
     <span class='ocr_line' id='line_1_35' title="bbox 1663 524 3264 609; baseline 0.004 -17"><span class='ocrx_word' id='word_1_245' title='bbox 1663 541 1835 609; x_wconf 81' lang='lat' dir='ltr'><strong>legem</strong></span> <span class='ocrx_word' id='word_1_246' title='bbox 1869 539 2171 593; x_wconf 77' lang='lat' dir='ltr'><strong>Romanam</strong></span> <span class='ocrx_word' id='word_1_247' title='bbox 2200 548 2259 592; x_wconf 93' lang='lat' dir='ltr'><strong>ut</strong></span> <span class='ocrx_word' id='word_1_248' title='bbox 2288 540 2592 608; x_wconf 88' lang='lat' dir='ltr'><strong>majestatis</strong></span> <span class='ocrx_word' id='word_1_249' title='bbox 2633 542 2710 596; x_wconf 90' lang='lat' dir='ltr'><strong>rei</strong></span> <span class='ocrx_word' id='word_1_250' title='bbox 2748 542 3096 598; x_wconf 90' lang='lat' dir='ltr'><strong>decollationi</strong></span> <span class='ocrx_word' id='word_1_251' title='bbox 3145 524 3264 598; x_wconf 19' lang='lat' dir='ltr'><strong>ad-l</strong></span> 
     </span>
    </p>
   </div>
   <div class='ocr_carea' id='block_1_36' title="bbox 1662 629 3242 706">
    <p class='ocr_par' dir='ltr' id='par_1_36' title="bbox 1662 629 3242 706">
     <span class='ocr_line' id='line_1_36' title="bbox 1662 629 3242 706; baseline 0.005 -22"><span class='ocrx_word' id='word_1_252' title='bbox 1662 631 1884 700; x_wconf 76' lang='lat' dir='ltr'><strong>iudicati</strong></span> <span class='ocrx_word' id='word_1_253' title='bbox 1915 639 2064 685; x_wconf 90' lang='lat' dir='ltr'><strong>sunt.</strong></span> <span class='ocrx_word' id='word_1_254' title='bbox 2115 629 2225 683; x_wconf 85' lang='lat' dir='ltr'><strong>Pro</strong></span> <span class='ocrx_word' id='word_1_255' title='bbox 2258 630 2460 700; x_wconf 86' lang='lat' dir='ltr'><strong>quibus</strong></span> <span class='ocrx_word' id='word_1_256' title='bbox 2503 641 2683 685; x_wconf 88' lang='lat' dir='ltr'><strong>tamen</strong></span> <span class='ocrx_word' id='word_1_257' title='bbox 2736 649 2873 706; x_wconf 87' lang='lat' dir='ltr'><strong>papa</strong></span> <span class='ocrx_word' id='word_1_258' title='bbox 2906 635 2997 704; x_wconf 91' lang='lat' dir='ltr'><strong>pio</strong></span> <span class='ocrx_word' id='word_1_259' title='bbox 3048 630 3242 692; x_wconf 80' lang='lat' dir='ltr'><strong>affectu</strong></span> 
     </span>
    </p>
   </div>
   <div class='ocr_carea' id='block_1_37' title="bbox 1661 723 3246 798">
    <p class='ocr_par' dir='ltr' id='par_1_37' title="bbox 1661 723 3246 798">
     <span class='ocr_line' id='line_1_37' title="bbox 1661 723 3246 798; baseline 0.004 -22"><span class='ocrx_word' id='word_1_260' title='bbox 1661 723 2006 789; x_wconf 86' lang='lat' dir='ltr'><strong>intercessit;</strong></span> <span class='ocrx_word' id='word_1_261' title='bbox 2053 739 2179 776; x_wconf 91' lang='lat' dir='ltr'><strong>nam</strong></span> <span class='ocrx_word' id='word_1_262' title='bbox 2209 731 2262 777; x_wconf 90' lang='lat' dir='ltr'><strong>et</strong></span> <span class='ocrx_word' id='word_1_263' title='bbox 2289 724 2398 778; x_wconf 90' lang='lat' dir='ltr'><strong>vita</strong></span> <span class='ocrx_word' id='word_1_264' title='bbox 2438 731 2495 777; x_wconf 92' lang='lat' dir='ltr'><strong>et</strong></span> <span class='ocrx_word' id='word_1_265' title='bbox 2536 724 2907 779; x_wconf 86' lang='lat' dir='ltr'><strong>membrorum</strong></span> <span class='ocrx_word' id='word_1_266' title='bbox 2962 726 3246 798; x_wconf 82' lang='lat' dir='ltr'><strong>integritas</strong></span> 
     </span>
    </p>
   </div>
   <div class='ocr_carea' id='block_1_38' title="bbox 1659 815 3245 886">
    <p class='ocr_par' dir='ltr' id='par_1_38' title="bbox 1659 815 3245 886">
     <span class='ocr_line' id='line_1_38' title="bbox 1659 815 3245 886; baseline 0.003 -15"><span class='ocrx_word' id='word_1_267' title='bbox 1659 817 1740 871; x_wconf 90' lang='lat' dir='ltr'><strong>eis</strong></span> <span class='ocrx_word' id='word_1_268' title='bbox 1756 831 2018 872; x_wconf 87' lang='lat' dir='ltr'><strong>concessa</strong></span> <span class='ocrx_word' id='word_1_269' title='bbox 2039 825 2143 882; x_wconf 89' lang='lat' dir='ltr'><strong>est,</strong></span> <span class='ocrx_word' id='word_1_270' title='bbox 2176 825 2416 870; x_wconf 87' lang='lat' dir='ltr'><strong>ceterum</strong></span> <span class='ocrx_word' id='word_1_271' title='bbox 2446 831 2545 886; x_wconf 93' lang='lat' dir='ltr'><strong>pro</strong></span> <span class='ocrx_word' id='word_1_272' title='bbox 2573 815 2835 872; x_wconf 86' lang='lat' dir='ltr'><strong>facinoris</strong></span> <span class='ocrx_word' id='word_1_273' title='bbox 2870 819 3245 886; x_wconf 69' lang='lat' dir='ltr'><strong>magnitudine</strong></span> 
     </span>
    </p>
   </div>
   <div class='ocr_carea' id='block_1_39' title="bbox 1659 906 3240 988">
    <p class='ocr_par' dir='ltr' id='par_1_39' title="bbox 1659 906 3240 988">
     <span class='ocr_line' id='line_1_39' title="bbox 1659 906 3240 988; baseline 0.003 -25"><span class='ocrx_word' id='word_1_274' title='bbox 1659 909 1826 963; x_wconf 78' lang='lat' dir='ltr'><strong>exilio</strong></span> <span class='ocrx_word' id='word_1_275' title='bbox 1851 909 2120 988; x_wconf 82' lang='lat' dir='ltr'><strong>deportati</strong></span> <span class='ocrx_word' id='word_1_276' title='bbox 2165 919 2313 963; x_wconf 91' lang='lat' dir='ltr'><strong>sunt.</strong></span> <span class='ocrx_word' id='word_1_277' title='bbox 2347 906 2578 973; x_wconf 84' lang='lat' dir='ltr'><strong>Quidam</strong></span> <span class='ocrx_word' id='word_1_278' title='bbox 2613 918 2794 976; x_wconf 87' lang='lat' dir='ltr'><strong>autem</strong></span> <span class='ocrx_word' id='word_1_279' title='bbox 2839 911 3032 966; x_wconf 88' lang='lat' dir='ltr'><strong>dicunt</strong></span> <span class='ocrx_word' id='word_1_280' title='bbox 3070 914 3240 986; x_wconf 77' lang='lat' dir='ltr'><strong>(Men.</strong></span> 
     </span>
    </p>
   </div>
   <div class='ocr_carea' id='block_1_40' title="bbox 1664 999 3267 1070">
    <p class='ocr_par' dir='ltr' id='par_1_40' title="bbox 1664 999 3267 1070">
     <span class='ocr_line' id='line_1_40' title="bbox 1664 999 3267 1070; baseline 0.002 -15"><span class='ocrx_word' id='word_1_281' title='bbox 1664 1000 1828 1070; x_wconf 84' lang='lat' dir='ltr'><strong>Sang.</strong></span> <span class='ocrx_word' id='word_1_282' title='bbox 1863 1017 1900 1064; x_wconf 89' lang='grc' dir='ltr'><strong>ι,</strong></span> <span class='ocrx_word' id='word_1_283' title='bbox 1933 999 2059 1069; x_wconf 74' lang='grc'><strong>26),</strong></span> <span class='ocrx_word' id='word_1_284' title='bbox 2084 1001 2231 1069; x_wconf 90' lang='lat' dir='ltr'><strong>quod</strong></span> <span class='ocrx_word' id='word_1_285' title='bbox 2262 1000 2330 1054; x_wconf 90' lang='lat' dir='ltr'><strong>de</strong></span> <span class='ocrx_word' id='word_1_286' title='bbox 2359 1000 2658 1069; x_wconf 86' lang='lat' dir='ltr'><strong>majoribus</strong></span> <span class='ocrx_word' id='word_1_287' title='bbox 2682 1016 2872 1056; x_wconf 89' lang='lat' dir='ltr'><strong>eorum</strong></span> <span class='ocrx_word' id='word_1_288' title='bbox 2916 1012 3032 1058; x_wconf 78' lang='lat' dir='ltr'><strong>uno</strong></span> <span class='ocrx_word' id='word_1_289' title='bbox 3071 1006 3160 1061; x_wconf 89' lang='lat' dir='ltr'><strong>die</strong></span> <span class='ocrx_word' id='word_1_290' title='bbox 3187 1007 3267 1060; x_wconf 90' lang='lat' dir='ltr'><strong>in.</strong></span> 
     </span>
    </p>
   </div>
   <div class='ocr_carea' id='block_1_41' title="bbox 1662 1089 3244 1158">
    <p class='ocr_par' dir='ltr' id='par_1_41' title="bbox 1662 1089 3244 1158">
     <span class='ocr_line' id='line_1_41' title="bbox 1662 1089 3244 1158; baseline 0.003 -15"><span class='ocrx_word' id='word_1_291' title='bbox 1662 1090 2019 1145; x_wconf 88' lang='lat' dir='ltr'><strong>Lateranensi</strong></span> <span class='ocrx_word' id='word_1_292' title='bbox 2055 1089 2145 1120; x_wconf 66' lang='lat'><strong>“&quot;5</strong></span> <span class='ocrx_word' id='word_1_293' title='bbox 2167 1103 2364 1158; x_wconf 89' lang='lat' dir='ltr'><strong>campo</strong></span> <span class='ocrx_word' id='word_1_294' title='bbox 2387 1090 2613 1144; x_wconf 90' lang='lat' dir='ltr'><strong>trecenti</strong></span> <span class='ocrx_word' id='word_1_295' title='bbox 2640 1090 2892 1144; x_wconf 88' lang='lat' dir='ltr'><strong>decollati</strong></span> <span class='ocrx_word' id='word_1_296' title='bbox 2916 1101 3064 1147; x_wconf 88' lang='lat' dir='ltr'><strong>sunt.</strong></span> <span class='ocrx_word' id='word_1_297' title='bbox 3083 1093 3244 1148; x_wconf 86' lang='lat' dir='ltr'><strong>Inno-</strong></span> 
     </span>
    </p>
   </div>
   <div class='ocr_carea' id='block_1_42' title="bbox 1660 1180 3242 1255">
    <p class='ocr_par' dir='ltr' id='par_1_42' title="bbox 1660 1180 3242 1255">
     <span class='ocr_line' id='line_1_42' title="bbox 1660 1180 3242 1255; baseline -0.006 -19"><span class='ocrx_word' id='word_1_298' title='bbox 1660 1182 1896 1238; x_wconf 85' lang='lat' dir='ltr'><strong>centiam</strong></span> <span class='ocrx_word' id='word_1_299' title='bbox 1922 1196 2052 1235; x_wconf 88' lang='lat' dir='ltr'><strong>vero</strong></span> <span class='ocrx_word' id='word_1_300' title='bbox 2077 1181 2220 1234; x_wconf 87' lang='lat' dir='ltr'><strong>beati</strong></span> <span class='ocrx_word' id='word_1_301' title='bbox 2242 1180 2442 1235; x_wconf 86' lang='lat' dir='ltr'><strong>Leonis</strong></span> <span class='ocrx_word' id='word_1_302' title='bbox 2469 1197 2620 1250; x_wconf 77' lang='lat' dir='ltr'><strong>papa:</strong></span> <span class='ocrx_word' id='word_1_303' title='bbox 2641 1182 2714 1236; x_wconf 90' lang='lat' dir='ltr'><strong>ita</strong></span> <span class='ocrx_word' id='word_1_304' title='bbox 2741 1182 3006 1240; x_wconf 85' lang='lat' dir='ltr'><strong>Dominus</strong></span> <span class='ocrx_word' id='word_1_305' title='bbox 3040 1186 3242 1255; x_wconf 71' lang='lat' dir='ltr'><strong>appro-</strong></span> 
     </span>
    </p>
   </div>
   <div class='ocr_carea' id='block_1_43' title="bbox 1661 1275 3240 1344">
    <p class='ocr_par' dir='ltr' id='par_1_43' title="bbox 1661 1275 3240 1344">
     <span class='ocr_line' id='line_1_43' title="bbox 1661 1275 3240 1344; baseline 0.002 -14"><span class='ocrx_word' id='word_1_306' title='bbox 1661 1276 1826 1341; x_wconf 90' lang='lat' dir='ltr'><strong>bavit,</strong></span> <span class='ocrx_word' id='word_1_307' title='bbox 1857 1284 1917 1330; x_wconf 90' lang='lat' dir='ltr'><strong>ut</strong></span> <span class='ocrx_word' id='word_1_308' title='bbox 1941 1275 2204 1328; x_wconf 90' lang='lat' dir='ltr'><strong>clariores</strong></span> <span class='ocrx_word' id='word_1_309' title='bbox 2233 1284 2424 1344; x_wconf 83' lang='lat' dir='ltr'><strong>postea</strong></span> <span class='ocrx_word' id='word_1_310' title='bbox 2476 1276 2744 1334; x_wconf 88' lang='lat' dir='ltr'><strong>oculosci</strong></span> <span class='ocrx_word' id='word_1_311' title='bbox 2796 1277 3106 1344; x_wconf 80' lang='lat' dir='ltr'><strong>donaverit;</strong></span> <span class='ocrx_word' id='word_1_312' title='bbox 3145 1280 3240 1333; x_wconf 83' lang='lat' dir='ltr'><strong>sed</strong></span> 
     </span>
    </p>
   </div>
   <div class='ocr_carea' id='block_1_44' title="bbox 1661 1366 3240 1437">
    <p class='ocr_par' dir='ltr' id='par_1_44' title="bbox 1661 1366 3240 1437">
     <span class='ocr_line' id='line_1_44' title="bbox 1661 1366 3240 1437; baseline 0.003 -17"><span class='ocrx_word' id='word_1_313' title='bbox 1661 1367 1716 1420; x_wconf 92' lang='lat' dir='ltr'><strong>in</strong></span> <span class='ocrx_word' id='word_1_314' title='bbox 1767 1366 1985 1437; x_wconf 82' lang='lat' dir='ltr'><strong>signum</strong></span> <span class='ocrx_word' id='word_1_315' title='bbox 2039 1366 2264 1420; x_wconf 86' lang='lat' dir='ltr'><strong>virtutis</strong></span> <span class='ocrx_word' id='word_1_316' title='bbox 2313 1367 2460 1421; x_wconf 88' lang='lat' dir='ltr'><strong>illius</strong></span> <span class='ocrx_word' id='word_1_317' title='bbox 2495 1367 2860 1435; x_wconf 87' lang='lat' dir='ltr'><strong>pulcherrima</strong></span> <span class='ocrx_word' id='word_1_318' title='bbox 2907 1368 3133 1425; x_wconf 66' lang='lat' dir='ltr'><strong>cicatrix</strong></span> <span class='ocrx_word' id='word_1_319' title='bbox 3185 1371 3240 1425; x_wconf 90' lang='lat' dir='ltr'><strong>in</strong></span> 
     </span>
    </p>
   </div>
   <div class='ocr_carea' id='block_1_45' title="bbox 1661 1459 3228 1517">
    <p class='ocr_par' dir='ltr' id='par_1_45' title="bbox 1661 1459 3228 1517">
     <span class='ocr_line' id='line_1_45' title="bbox 1661 1459 3228 1517; baseline 0.004 -6"><span class='ocrx_word' id='word_1_320' title='bbox 1661 1459 1882 1512; x_wconf 89' lang='lat' dir='ltr'><strong>modum</strong></span> <span class='ocrx_word' id='word_1_321' title='bbox 1919 1459 2227 1514; x_wconf 86' lang='lat' dir='ltr'><strong>tenuissimi</strong></span> <span class='ocrx_word' id='word_1_322' title='bbox 2271 1460 2348 1512; x_wconf 88' lang='lat' dir='ltr'><strong>lili</strong></span> <span class='ocrx_word' id='word_1_323' title='bbox 2379 1459 2680 1515; x_wconf 89' lang='lat' dir='ltr'><strong>turturinas</strong></span> <span class='ocrx_word' id='word_1_324' title='bbox 2727 1460 2873 1516; x_wconf 86' lang='lat' dir='ltr'><strong>acies</strong></span> <span class='ocrx_word' id='word_1_325' title='bbox 2922 1462 3079 1516; x_wconf 89' lang='lat' dir='ltr'><strong>niveo</strong></span> <span class='ocrx_word' id='word_1_326' title='bbox 3105 1478 3228 1517; x_wconf 91' lang='lat' dir='ltr'><strong>can-</strong></span> 
     </span>
    </p>
   </div>
   <div class='ocr_carea' id='block_1_46' title="bbox 1660 1549 3242 1620">
    <p class='ocr_par' dir='ltr' id='par_1_46' title="bbox 1660 1549 3242 1620">
     <span class='ocr_line' id='line_1_46' title="bbox 1660 1549 3242 1620; baseline 0.004 -17"><span class='ocrx_word' id='word_1_327' title='bbox 1660 1549 1793 1603; x_wconf 90' lang='lat' dir='ltr'><strong>dore</strong></span> <span class='ocrx_word' id='word_1_328' title='bbox 1812 1550 2110 1604; x_wconf 85' lang='lat' dir='ltr'><strong>decoravit.</strong></span> <span class='ocrx_word' id='word_1_329' title='bbox 2138 1550 2313 1620; x_wconf 68' lang='lat' dir='ltr'><strong>(-EINII.</strong></span> <span class='ocrx_word' id='word_1_330' title='bbox 2352 1549 2444 1619; x_wconf 85' lang='grc' dir='ltr'><strong>Α.)</strong></span> <span class='ocrx_word' id='word_1_331' title='bbox 2470 1549 2746 1606; x_wconf 87' lang='lat' dir='ltr'><strong>Ordinatis</strong></span> <span class='ocrx_word' id='word_1_332' title='bbox 2765 1551 2962 1606; x_wconf 88' lang='lat' dir='ltr'><strong>deinde</strong></span> <span class='ocrx_word' id='word_1_333' title='bbox 2985 1552 3242 1609; x_wconf 68' lang='lat' dir='ltr'><strong>Romana!</strong></span> 
     </span>
    </p>
   </div>
   <div class='ocr_carea' id='block_1_47' title="bbox 1665 1627 3242 1718">
    <p class='ocr_par' dir='ltr' id='par_1_47' title="bbox 1665 1627 3242 1718">
     <span class='ocr_line' id='line_1_47' title="bbox 1665 1627 3242 1718; baseline 0.003 -24"><span class='ocrx_word' id='word_1_334' title='bbox 1665 1642 1817 1696; x_wconf 89' lang='lat' dir='ltr'><strong>urbis</strong></span> <span class='ocrx_word' id='word_1_335' title='bbox 1843 1651 1896 1695; x_wconf 93' lang='lat' dir='ltr'><strong>et</strong></span> <span class='ocrx_word' id='word_1_336' title='bbox 1939 1643 2226 1712; x_wconf 89' lang='lat' dir='ltr'><strong>apostolici</strong></span> <span class='ocrx_word' id='word_1_337' title='bbox 2253 1643 2530 1711; x_wconf 88' lang='lat' dir='ltr'><strong>totiusque</strong></span> <span class='ocrx_word' id='word_1_338' title='bbox 2556 1641 2723 1696; x_wconf 62' lang='lat' dir='ltr'><strong>Italire</strong></span> <span class='ocrx_word' id='word_1_339' title='bbox 2750 1627 2887 1697; x_wconf 55' lang='lat' dir='ltr'><strong>ne,</strong></span> <span class='ocrx_word' id='word_1_340' title='bbox 2900 1652 3113 1718; x_wconf 84' lang='lat' dir='ltr'><strong>tantum</strong></span> <span class='ocrx_word' id='word_1_341' title='bbox 3142 1661 3242 1714; x_wconf 88' lang='lat' dir='ltr'><strong>pu-</strong></span> 
     </span>
    </p>
   </div>
   <div class='ocr_carea' id='block_1_48' title="bbox 1665 1733 3242 1804">
    <p class='ocr_par' dir='ltr' id='par_1_48' title="bbox 1665 1733 3242 1804">
     <span class='ocr_line' id='line_1_48' title="bbox 1665 1733 3242 1804; baseline 0.003 -18"><span class='ocrx_word' id='word_1_342' title='bbox 1665 1734 1838 1797; x_wconf 86' lang='lat' dir='ltr'><strong>blicis,</strong></span> <span class='ocrx_word' id='word_1_343' title='bbox 1884 1734 1978 1787; x_wconf 90' lang='lat' dir='ltr'><strong>sed</strong></span> <span class='ocrx_word' id='word_1_344' title='bbox 2034 1735 2197 1787; x_wconf 86' lang='lat' dir='ltr'><strong>etiam</strong></span> <span class='ocrx_word' id='word_1_345' title='bbox 2234 1733 2636 1788; x_wconf 62' lang='lat' dir='ltr'><strong>tecelesiasticis</strong></span> <span class='ocrx_word' id='word_1_346' title='bbox 2683 1745 2736 1789; x_wconf 79' lang='lat' dir='ltr'><strong>ct</strong></span> <span class='ocrx_word' id='word_1_347' title='bbox 2777 1737 3001 1804; x_wconf 80' lang='lat' dir='ltr'><strong>privatis</strong></span> <span class='ocrx_word' id='word_1_348' title='bbox 3057 1737 3242 1803; x_wconf 88' lang='lat' dir='ltr'><strong>rebus,</strong></span> 
     </span>
    </p>
   </div>
   <div class='ocr_carea' id='block_1_49' title="bbox 1665 1823 3240 1898">
    <p class='ocr_par' dir='ltr' id='par_1_49' title="bbox 1665 1823 3240 1898">
     <span class='ocr_line' id='line_1_49' title="bbox 1665 1823 3240 1898; baseline 0.005 -22"><span class='ocrx_word' id='word_1_349' title='bbox 1665 1825 1959 1893; x_wconf 86' lang='lat' dir='ltr'><strong>imperator</strong></span> <span class='ocrx_word' id='word_1_350' title='bbox 2022 1825 2055 1878; x_wconf 92' lang='lat'>8</span> <span class='ocrx_word' id='word_1_351' title='bbox 2112 1823 2337 1878; x_wconf 83' lang='lat' dir='ltr'><strong>Kalend.</strong></span> <span class='ocrx_word' id='word_1_352' title='bbox 2388 1824 2491 1878; x_wconf 83' lang='lat' dir='ltr'><strong>Mai</strong></span> <span class='ocrx_word' id='word_1_353' title='bbox 2546 1825 2773 1880; x_wconf 86' lang='lat' dir='ltr'><strong>Romam</strong></span> <span class='ocrx_word' id='word_1_354' title='bbox 2825 1843 3080 1898; x_wconf 87' lang='lat' dir='ltr'><strong>egressus</strong></span> <span class='ocrx_word' id='word_1_355' title='bbox 3137 1839 3240 1883; x_wconf 92' lang='lat' dir='ltr'><strong>est.</strong></span> 
     </span>
    </p>
   </div>
   <div class='ocr_carea' id='block_1_50' title="bbox 1667 1914 3246 1989">
    <p class='ocr_par' dir='ltr' id='par_1_50' title="bbox 1667 1914 3246 1989">
     <span class='ocr_line' id='line_1_50' title="bbox 1667 1914 3246 1989; baseline 0.005 -22"><span class='ocrx_word' id='word_1_356' title='bbox 1667 1914 1764 1970; x_wconf 88' lang='lat' dir='ltr'><strong>llic</strong></span> <span class='ocrx_word' id='word_1_357' title='bbox 1827 1925 1912 1971; x_wconf 87' lang='lat' dir='ltr'><strong>est</strong></span> <span class='ocrx_word' id='word_1_358' title='bbox 1967 1933 2146 1972; x_wconf 88' lang='lat' dir='ltr'><strong>annus</strong></span> <span class='ocrx_word' id='word_1_359' title='bbox 2214 1917 2550 1988; x_wconf 40' lang='lat' dir='ltr'><strong>regni&#39;ejus</strong></span> <span class='ocrx_word' id='word_1_360' title='bbox 2611 1918 2778 1987; x_wconf 70' lang='lat'><strong>&#39;55&quot;,</strong></span> <span class='ocrx_word' id='word_1_361' title='bbox 2829 1919 3043 1989; x_wconf 90' lang='lat' dir='ltr'><strong>imperii</strong></span> <span class='ocrx_word' id='word_1_362' title='bbox 3113 1937 3246 1975; x_wconf 89' lang='lat' dir='ltr'><strong>vero</strong></span> 
     </span>
    </p>
   </div>
   <div class='ocr_carea' id='block_1_51' title="bbox 1665 2003 3056 2076">
    <p class='ocr_par' dir='ltr' id='par_1_51' title="bbox 1665 2003 3056 2076">
     <span class='ocr_line' id='line_1_51' title="bbox 1665 2003 3056 2076; baseline 0.014 -16"><span class='ocrx_word' id='word_1_363' title='bbox 1665 2009 1896 2076; x_wconf 90' lang='lat' dir='ltr'><strong>primus.</strong></span> <span class='ocrx_word' id='word_1_364' title='bbox 3053 2003 3056 2006; x_wconf 18' lang='grc' dir='ltr'><strong>Ι</strong></span> 
     </span>
    </p>
   </div>
   <div class='ocr_carea' id='block_1_52' title="bbox 1736 2099 3246 2174">
    <p class='ocr_par' dir='ltr' id='par_1_52' title="bbox 1736 2099 3246 2174">
     <span class='ocr_line' id='line_1_52' title="bbox 1736 2099 3246 2174; baseline 0.002 -19"><span class='ocrx_word' id='word_1_365' title='bbox 1736 2101 1792 2155; x_wconf 71' lang='lat'><strong>2.</strong></span> <span class='ocrx_word' id='word_1_366' title='bbox 1835 2101 1923 2154; x_wconf 71' lang='grc'><strong>54.</strong></span> <span class='ocrx_word' id='word_1_367' title='bbox 1961 2099 2048 2170; x_wconf 87' lang='grc' dir='ltr'><strong>(Λ.</strong></span> <span class='ocrx_word' id='word_1_368' title='bbox 2097 2099 2250 2154; x_wconf 73' lang='lat' dir='ltr'><strong>Emn.</strong></span> <span class='ocrx_word' id='word_1_369' title='bbox 2300 2109 2355 2154; x_wconf 91' lang='lat' dir='ltr'><strong>et</strong></span> <span class='ocrx_word' id='word_1_370' title='bbox 2389 2099 2580 2171; x_wconf 79' lang='lat' dir='ltr'><strong>Laur.)</strong></span> <span class='ocrx_word' id='word_1_371' title='bbox 2625 2102 2689 2155; x_wconf 79' lang='grc' dir='ltr'><strong>Α.</strong></span> <span class='ocrx_word' id='word_1_372' title='bbox 2746 2099 2808 2155; x_wconf 89' lang='lat' dir='ltr'><strong>D.</strong></span> <span class='ocrx_word' id='word_1_373' title='bbox 2853 2101 2979 2155; x_wconf 75' lang='lat'><strong>802.</strong></span> <span class='ocrx_word' id='word_1_374' title='bbox 3032 2099 3246 2174; x_wconf 67' lang='lat' dir='ltr'><strong>I-Iyrene</strong></span> 
     </span>
    </p>
   </div>
   <div class='ocr_carea' id='block_1_53' title="bbox 1667 2191 3242 2264">
    <p class='ocr_par' dir='ltr' id='par_1_53' title="bbox 1667 2191 3242 2264">
     <span class='ocr_line' id='line_1_53' title="bbox 1667 2191 3242 2264; baseline -0.001 -17"><span class='ocrx_word' id='word_1_375' title='bbox 1667 2193 1980 2264; x_wconf 76' lang='lat' dir='ltr'><strong>imperati-ix</strong></span> <span class='ocrx_word' id='word_1_376' title='bbox 2017 2194 2084 2247; x_wconf 90' lang='lat' dir='ltr'><strong>de</strong></span> <span class='ocrx_word' id='word_1_377' title='bbox 2119 2191 2594 2262; x_wconf 86' lang='lat' dir='ltr'><strong>Constantinopoli</strong></span> <span class='ocrx_word' id='word_1_378' title='bbox 2632 2193 2784 2248; x_wconf 86' lang='lat' dir='ltr'><strong>misit</strong></span> <span class='ocrx_word' id='word_1_379' title='bbox 2813 2193 3046 2262; x_wconf 80' lang='lat' dir='ltr'><strong>legatum</strong></span> <span class='ocrx_word' id='word_1_380' title='bbox 3081 2209 3242 2248; x_wconf 87' lang='lat' dir='ltr'><strong>suum</strong></span> 
     </span>
    </p>
   </div>
   <div class='ocr_carea' id='block_1_54' title="bbox 1668 2285 3247 2356">
    <p class='ocr_par' dir='ltr' id='par_1_54' title="bbox 1668 2285 3247 2356">
     <span class='ocr_line' id='line_1_54' title="bbox 1668 2285 3247 2356; baseline 0.001 -17"><span class='ocrx_word' id='word_1_381' title='bbox 1668 2286 1892 2340; x_wconf 91' lang='lat' dir='ltr'><strong>nomine</strong></span> <span class='ocrx_word' id='word_1_382' title='bbox 1921 2286 2156 2340; x_wconf 83' lang='lat' dir='ltr'><strong>Leonem</strong></span> <span class='ocrx_word' id='word_1_383' title='bbox 2188 2287 2256 2340; x_wconf 84' lang='lat' dir='ltr'><strong>ad</strong></span> <span class='ocrx_word' id='word_1_384' title='bbox 2289 2287 2671 2356; x_wconf 89' lang='lat' dir='ltr'><strong>imperatorem</strong></span> <span class='ocrx_word' id='word_1_385' title='bbox 2723 2285 2979 2341; x_wconf 85' lang='lat' dir='ltr'><strong>Karolum</strong></span> <span class='ocrx_word' id='word_1_386' title='bbox 3016 2285 3083 2340; x_wconf 89' lang='lat' dir='ltr'><strong>de</strong></span> <span class='ocrx_word' id='word_1_387' title='bbox 3116 2303 3247 2356; x_wconf 88' lang='lat' dir='ltr'><strong>pace</strong></span> 
     </span>
    </p>
   </div>
   <div class='ocr_carea' id='block_1_55' title="bbox 1668 2377 3249 2447">
    <p class='ocr_par' dir='ltr' id='par_1_55' title="bbox 1668 2377 3249 2447">
     <span class='ocr_line' id='line_1_55' title="bbox 1668 2377 3249 2447; baseline 0 -17"><span class='ocrx_word' id='word_1_388' title='bbox 1668 2377 1933 2431; x_wconf 87' lang='lat' dir='ltr'><strong>ﬁrmanda</strong></span> <span class='ocrx_word' id='word_1_389' title='bbox 1989 2377 2128 2432; x_wconf 90' lang='lat' dir='ltr'><strong>inter</strong></span> <span class='ocrx_word' id='word_1_390' title='bbox 2176 2377 2418 2433; x_wconf 86' lang='lat' dir='ltr'><strong>Francos</strong></span> <span class='ocrx_word' id='word_1_391' title='bbox 2462 2385 2515 2432; x_wconf 90' lang='lat' dir='ltr'><strong>et</strong></span> <span class='ocrx_word' id='word_1_392' title='bbox 2559 2377 2793 2444; x_wconf 88' lang='lat' dir='ltr'><strong>Grccos,</strong></span> <span class='ocrx_word' id='word_1_393' title='bbox 2843 2389 2897 2432; x_wconf 90' lang='lat' dir='ltr'><strong>et</strong></span> <span class='ocrx_word' id='word_1_394' title='bbox 2954 2379 3249 2447; x_wconf 88' lang='lat' dir='ltr'><strong>imperator</strong></span> 
     </span>
    </p>
   </div>
   <div class='ocr_carea' id='block_1_56' title="bbox 1668 2467 3247 2539">
    <p class='ocr_par' dir='ltr' id='par_1_56' title="bbox 1668 2467 3247 2539">
     <span class='ocr_line' id='line_1_56' title="bbox 1668 2467 3247 2539; baseline 0.001 -17"><span class='ocrx_word' id='word_1_395' title='bbox 1668 2469 1909 2524; x_wconf 87' lang='lat' dir='ltr'><strong>vicissim</strong></span> <span class='ocrx_word' id='word_1_396' title='bbox 1963 2469 2112 2523; x_wconf 89' lang='lat' dir='ltr'><strong>misit</strong></span> <span class='ocrx_word' id='word_1_397' title='bbox 2159 2467 2310 2523; x_wconf 85' lang='lat' dir='ltr'><strong>Jesse</strong></span> <span class='ocrx_word' id='word_1_398' title='bbox 2355 2469 2670 2539; x_wconf 90' lang='lat' dir='ltr'><strong>episcopum</strong></span> <span class='ocrx_word' id='word_1_399' title='bbox 2732 2469 3151 2523; x_wconf 81' lang='lat' dir='ltr'><strong>Ambiauensem</strong></span> <span class='ocrx_word' id='word_1_400' title='bbox 3194 2478 3247 2524; x_wconf 87' lang='lat' dir='ltr'><strong>et</strong></span> 
     </span>
    </p>
   </div>
   <div class='ocr_carea' id='block_1_57' title="bbox 1670 2559 3247 2630">
    <p class='ocr_par' dir='ltr' id='par_1_57' title="bbox 1670 2559 3247 2630">
     <span class='ocr_line' id='line_1_57' title="bbox 1670 2559 3247 2630; baseline 0.001 -17"><span class='ocrx_word' id='word_1_401' title='bbox 1670 2559 2065 2630; x_wconf 84' lang='lat' dir='ltr'><strong>IIelmgandum</strong></span> <span class='ocrx_word' id='word_1_402' title='bbox 2124 2560 2379 2614; x_wconf 90' lang='lat' dir='ltr'><strong>comitem</strong></span> <span class='ocrx_word' id='word_1_403' title='bbox 2428 2559 2957 2628; x_wconf 84' lang='lat' dir='ltr'><strong>Constantinopolim</strong></span> <span class='ocrx_word' id='word_1_404' title='bbox 3007 2575 3105 2629; x_wconf 92' lang='lat' dir='ltr'><strong>pro</strong></span> <span class='ocrx_word' id='word_1_405' title='bbox 3156 2577 3247 2614; x_wconf 86' lang='lat' dir='ltr'><strong>ea-</strong></span> 
     </span>
    </p>
   </div>
   <div class='ocr_carea' id='block_1_58' title="bbox 1668 2648 3246 2720">
    <p class='ocr_par' dir='ltr' id='par_1_58' title="bbox 1668 2648 3246 2720">
     <span class='ocr_line' id='line_1_58' title="bbox 1668 2648 3246 2720; baseline -0.002 -15"><span class='ocrx_word' id='word_1_406' title='bbox 1668 2652 1791 2706; x_wconf 89' lang='lat' dir='ltr'><strong>dem</strong></span> <span class='ocrx_word' id='word_1_407' title='bbox 1836 2667 2002 2705; x_wconf 86' lang='lat' dir='ltr'><strong>causa</strong></span> <span class='ocrx_word' id='word_1_408' title='bbox 2029 2693 2043 2715; x_wconf 97' lang='lat'><strong>,</strong></span> <span class='ocrx_word' id='word_1_409' title='bbox 2074 2659 2129 2704; x_wconf 92' lang='lat' dir='ltr'><strong>et</strong></span> <span class='ocrx_word' id='word_1_410' title='bbox 2164 2659 2222 2704; x_wconf 92' lang='lat' dir='ltr'><strong>ut</strong></span> <span class='ocrx_word' id='word_1_411' title='bbox 2260 2651 2598 2720; x_wconf 89' lang='lat' dir='ltr'><strong>postularent</strong></span> <span class='ocrx_word' id='word_1_412' title='bbox 2642 2648 2891 2720; x_wconf 83' lang='lat' dir='ltr'><strong>IIyrenen</strong></span> <span class='ocrx_word' id='word_1_413' title='bbox 2940 2649 3246 2718; x_wconf 76' lang='lat' dir='ltr'><strong>imperati-i-</strong></span> 
     </span>
    </p>
   </div>
   <div class='ocr_carea' id='block_1_59' title="bbox 1670 2739 3248 2813">
    <p class='ocr_par' dir='ltr' id='par_1_59' title="bbox 1670 2739 3248 2813">
     <span class='ocr_line' id='line_1_59' title="bbox 1670 2739 3248 2813; baseline -0.001 -18"><span class='ocrx_word' id='word_1_414' title='bbox 1670 2757 1786 2795; x_wconf 87' lang='lat' dir='ltr'><strong>cem</strong></span> <span class='ocrx_word' id='word_1_415' title='bbox 1823 2741 1921 2811; x_wconf 86' lang='grc' dir='ltr'><strong>(Π.</strong></span> <span class='ocrx_word' id='word_1_416' title='bbox 1960 2742 2093 2813; x_wconf 86' lang='lat' dir='ltr'><strong>m.),</strong></span> <span class='ocrx_word' id='word_1_417' title='bbox 2123 2751 2182 2795; x_wconf 88' lang='lat' dir='ltr'><strong>ut</strong></span> <span class='ocrx_word' id='word_1_418' title='bbox 2213 2741 2288 2795; x_wconf 91' lang='lat' dir='ltr'><strong>illi</strong></span> <span class='ocrx_word' id='word_1_419' title='bbox 2330 2741 2654 2812; x_wconf 84' lang='lat' dir='ltr'><strong>jungeretur</strong></span> <span class='ocrx_word' id='word_1_420' title='bbox 2690 2742 2744 2795; x_wconf 92' lang='lat' dir='ltr'><strong>in</strong></span> <span class='ocrx_word' id='word_1_421' title='bbox 2791 2741 3067 2810; x_wconf 83' lang='lat' dir='ltr'><strong>conjugio.</strong></span> <span class='ocrx_word' id='word_1_422' title='bbox 3116 2739 3248 2806; x_wconf 78' lang='lat' dir='ltr'><strong>Qua:</strong></span> 
     </span>
    </p>
   </div>
   <div class='ocr_carea' id='block_1_60' title="bbox 1671 2832 3247 2907">
    <p class='ocr_par' dir='ltr' id='par_1_60' title="bbox 1671 2832 3247 2907">
     <span class='ocr_line' id='line_1_60' title="bbox 1671 2832 3247 2907; baseline -0.001 -20"><span class='ocrx_word' id='word_1_423' title='bbox 1671 2833 1724 2888; x_wconf 88' lang='lat' dir='ltr'><strong>in</strong></span> <span class='ocrx_word' id='word_1_424' title='bbox 1757 2834 1862 2889; x_wconf 87' lang='lat' dir='ltr'><strong>hoc</strong></span> <span class='ocrx_word' id='word_1_425' title='bbox 1909 2835 2300 2907; x_wconf 88' lang='lat' dir='ltr'><strong>consensisset,</strong></span> <span class='ocrx_word' id='word_1_426' title='bbox 2330 2835 2377 2890; x_wconf 92' lang='lat' dir='ltr'><strong>si</strong></span> <span class='ocrx_word' id='word_1_427' title='bbox 2407 2850 2514 2888; x_wconf 91' lang='lat' dir='ltr'><strong>non</strong></span> <span class='ocrx_word' id='word_1_428' title='bbox 2557 2833 2757 2889; x_wconf 81' lang='lat' dir='ltr'><strong>Accius</strong></span> <span class='ocrx_word' id='word_1_429' title='bbox 2800 2834 3062 2902; x_wconf 83' lang='lat' dir='ltr'><strong>patricius</strong></span> <span class='ocrx_word' id='word_1_430' title='bbox 3104 2832 3247 2887; x_wconf 88' lang='lat' dir='ltr'><strong>inbi-</strong></span> 
     </span>
    </p>
   </div>
   <div class='ocr_carea' id='block_1_61' title="bbox 1670 2925 3247 2996">
    <p class='ocr_par' dir='ltr' id='par_1_61' title="bbox 1670 2925 3247 2996">
     <span class='ocr_line' id='line_1_61' title="bbox 1670 2925 3247 2996; baseline -0.002 -16"><span class='ocrx_word' id='word_1_431' title='bbox 1670 2925 1910 2990; x_wconf 89' lang='lat' dir='ltr'><strong>buissct,</strong></span> <span class='ocrx_word' id='word_1_432' title='bbox 1961 2927 2246 2995; x_wconf 88' lang='lat' dir='ltr'><strong>prcvalens</strong></span> <span class='ocrx_word' id='word_1_433' title='bbox 2285 2934 2341 2980; x_wconf 88' lang='lat' dir='ltr'><strong>et</strong></span> <span class='ocrx_word' id='word_1_434' title='bbox 2384 2926 2673 2996; x_wconf 89' lang='lat' dir='ltr'><strong>imperium</strong></span> <span class='ocrx_word' id='word_1_435' title='bbox 2712 2926 2768 2980; x_wconf 91' lang='lat' dir='ltr'><strong>in</strong></span> <span class='ocrx_word' id='word_1_436' title='bbox 2816 2925 3036 2979; x_wconf 85' lang='lat' dir='ltr'><strong>fratrem</strong></span> <span class='ocrx_word' id='word_1_437' title='bbox 3084 2941 3247 2980; x_wconf 91' lang='lat' dir='ltr'><strong>suum</strong></span> 
     </span>
    </p>
   </div>
   <div class='ocr_carea' id='block_1_62' title="bbox 1672 3017 3248 3088">
    <p class='ocr_par' dir='ltr' id='par_1_62' title="bbox 1672 3017 3248 3088">
     <span class='ocr_line' id='line_1_62' title="bbox 1672 3017 3248 3088; baseline 0.001 -18"><span class='ocrx_word' id='word_1_438' title='bbox 1672 3017 2035 3088; x_wconf 79' lang='lat' dir='ltr'><strong>Nicephorum</strong></span> <span class='ocrx_word' id='word_1_439' title='bbox 2072 3018 2368 3074; x_wconf 86' lang='lat' dir='ltr'><strong>transferre</strong></span> <span class='ocrx_word' id='word_1_440' title='bbox 2410 3028 2681 3088; x_wconf 84' lang='lat' dir='ltr'><strong>satagens.</strong></span> <span class='ocrx_word' id='word_1_441' title='bbox 2714 3017 2848 3072; x_wconf 82' lang='lat' dir='ltr'><strong>Nam</strong></span> <span class='ocrx_word' id='word_1_442' title='bbox 2899 3032 3022 3071; x_wconf 84' lang='lat' dir='ltr'><strong>cum</strong></span> <span class='ocrx_word' id='word_1_443' title='bbox 3070 3018 3248 3072; x_wconf 84' lang='lat' dir='ltr'><strong>adhuc</strong></span> 
     </span>
    </p>
   </div>
   <div class='ocr_carea' id='block_1_63' title="bbox 22 3071 1565 3181">
    <p class='ocr_par' dir='ltr' id='par_1_63' title="bbox 22 3085 1565 3161">
     <span class='ocr_line' id='line_1_63' title="bbox 22 3085 1565 3161; baseline 0.01 -30"><span class='ocrx_word' id='word_1_444' title='bbox 22 3094 178 3135; x_wconf 75' lang='lat' dir='ltr'><strong>uento</strong></span> <span class='ocrx_word' id='word_1_445' title='bbox 229 3093 440 3139; x_wconf 76' lang='lat' dir='ltr'><strong>sancta:</strong></span> <span class='ocrx_word' id='word_1_446' title='bbox 484 3085 770 3142; x_wconf 86' lang='lat' dir='ltr'><strong>Trinitatis</strong></span> <span class='ocrx_word' id='word_1_447' title='bbox 819 3091 1072 3156; x_wconf 90' lang='lat' dir='ltr'><strong>nomine,</strong></span> <span class='ocrx_word' id='word_1_448' title='bbox 1119 3091 1190 3146; x_wconf 89' lang='lat' dir='ltr'><strong>ab</strong></span> <span class='ocrx_word' id='word_1_449' title='bbox 1235 3091 1463 3161; x_wconf 88' lang='lat' dir='ltr'><strong>objectis</strong></span> <span class='ocrx_word' id='word_1_450' title='bbox 1512 3108 1565 3147; x_wconf 89' lang='lat' dir='ltr'><strong>sc</strong></span> 
     </span>
    </p>
   </div>
   <div class='ocr_carea' id='block_1_64' title="bbox 1670 3071 3247 3181">
    <p class='ocr_par' dir='ltr' id='par_1_64' title="bbox 1673 3105 3247 3181">
     <span class='ocr_line' id='line_1_64' title="bbox 1673 3105 3247 3181; baseline 0 -18"><span class='ocrx_word' id='word_1_451' title='bbox 1673 3109 1725 3163; x_wconf 91' lang='lat' dir='ltr'><strong>in</strong></span> <span class='ocrx_word' id='word_1_452' title='bbox 1763 3112 1895 3164; x_wconf 91' lang='lat' dir='ltr'><strong>urbe</strong></span> <span class='ocrx_word' id='word_1_453' title='bbox 1927 3120 2111 3166; x_wconf 89' lang='lat' dir='ltr'><strong>essent</strong></span> <span class='ocrx_word' id='word_1_454' title='bbox 2150 3111 2310 3181; x_wconf 79' lang='lat' dir='ltr'><strong>legati</strong></span> <span class='ocrx_word' id='word_1_455' title='bbox 2352 3109 2556 3178; x_wconf 82' lang='lat' dir='ltr'><strong>Karoli,</strong></span> <span class='ocrx_word' id='word_1_456' title='bbox 2595 3105 2932 3180; x_wconf 72' lang='lat' dir='ltr'><strong>Meepborus</strong></span> <span class='ocrx_word' id='word_1_457' title='bbox 2956 3109 3247 3179; x_wconf 86' lang='lat' dir='ltr'><strong>imperium</strong></span> 
     </span>
    </p>
   </div>
   <div class='ocr_carea' id='block_1_65' title="bbox 21 3175 332 3242">
    <p class='ocr_par' dir='ltr' id='par_1_65' title="bbox 21 3175 332 3242">
     <span class='ocr_line' id='line_1_65' title="bbox 21 3175 332 3242; baseline 0.016 -19"><span class='ocrx_word' id='word_1_458' title='bbox 21 3175 332 3242; x_wconf 47' lang='lat' dir='ltr'><strong>«purgavit.</strong></span> 
     </span>
    </p>
   </div>
   <div class='ocr_carea' id='block_1_66' title="bbox 63 3263 1571 3344">
    <p class='ocr_par' dir='ltr' id='par_1_66' title="bbox 63 3263 1571 3344">
     <span class='ocr_line' id='line_1_66' title="bbox 63 3263 1571 3344; baseline 0.011 -29"><span class='ocrx_word' id='word_1_459' title='bbox 63 3263 359 3335; x_wconf 86' lang='lat' dir='ltr'><strong>llueusque</strong></span> <span class='ocrx_word' id='word_1_460' title='bbox 431 3283 721 3322; x_wconf 59' lang='lat' dir='ltr'><strong>.tomanum</strong></span> <span class='ocrx_word' id='word_1_461' title='bbox 785 3271 1071 3340; x_wconf 88' lang='lat' dir='ltr'><strong>imperium</strong></span> <span class='ocrx_word' id='word_1_462' title='bbox 1135 3289 1166 3326; x_wconf 91' lang='lat' dir='ltr'><strong>a</strong></span> <span class='ocrx_word' id='word_1_463' title='bbox 1233 3274 1571 3344; x_wconf 90' lang='lat' dir='ltr'><strong>temporibus</strong></span> 
     </span>
    </p>
   </div>
   <div class='ocr_carea' id='block_1_67' title="bbox 22 3350 1571 3430">
    <p class='ocr_par' dir='ltr' id='par_1_67' title="bbox 22 3350 1571 3430">
     <span class='ocr_line' id='line_1_67' title="bbox 22 3350 1571 3430; baseline 0.012 -29"><span class='ocrx_word' id='word_1_464' title='bbox 22 3350 336 3407; x_wconf 74' lang='lat' dir='ltr'><strong>lonstantini</strong></span> <span class='ocrx_word' id='word_1_465' title='bbox 379 3355 576 3427; x_wconf 78' lang='lat' dir='ltr'><strong>Magni,</strong></span> <span class='ocrx_word' id='word_1_466' title='bbox 605 3356 820 3413; x_wconf 77' lang='lat' dir='ltr'><strong>IIelenze</strong></span> <span class='ocrx_word' id='word_1_467' title='bbox 847 3361 962 3426; x_wconf 89' lang='lat' dir='ltr'><strong>lilii,</strong></span> <span class='ocrx_word' id='word_1_468' title='bbox 1007 3363 1147 3430; x_wconf 90' lang='lat' dir='ltr'><strong>apud</strong></span> <span class='ocrx_word' id='word_1_469' title='bbox 1179 3363 1571 3418; x_wconf 89' lang='lat' dir='ltr'><strong>Constantino-</strong></span> 
     </span>
    </p>
   </div>
   <div class='ocr_carea' id='block_1_68' title="bbox 21 3442 1570 3518">
    <p class='ocr_par' dir='ltr' id='par_1_68' title="bbox 21 3442 1570 3518">
     <span class='ocr_line' id='line_1_68' title="bbox 21 3442 1570 3518; baseline 0.01 -24"><span class='ocrx_word' id='word_1_470' title='bbox 21 3442 149 3495; x_wconf 76' lang='lat' dir='ltr'><strong>ulim</strong></span> <span class='ocrx_word' id='word_1_471' title='bbox 187 3444 245 3496; x_wconf 91' lang='lat' dir='ltr'><strong>in</strong></span> <span class='ocrx_word' id='word_1_472' title='bbox 283 3443 586 3500; x_wconf 86' lang='lat' dir='ltr'><strong>Grecorum</strong></span> <span class='ocrx_word' id='word_1_473' title='bbox 641 3447 1062 3516; x_wconf 84' lang='lat' dir='ltr'><strong>imperatoribus</strong></span> <span class='ocrx_word' id='word_1_474' title='bbox 1108 3453 1332 3518; x_wconf 90' lang='lat' dir='ltr'><strong>mansit,</strong></span> <span class='ocrx_word' id='word_1_475' title='bbox 1369 3469 1434 3508; x_wconf 74' lang='lat' dir='ltr'><strong>ex</strong></span> <span class='ocrx_word' id='word_1_476' title='bbox 1466 3454 1570 3510; x_wconf 84' lang='lat' dir='ltr'><strong>hoc</strong></span> 
     </span>
    </p>
   </div>
   <div class='ocr_carea' id='block_1_69' title="bbox 22 3536 1571 3616">
    <p class='ocr_par' dir='ltr' id='par_1_69' title="bbox 22 3536 1571 3616">
     <span class='ocr_line' id='line_1_69' title="bbox 22 3536 1571 3616; baseline 0.012 -34"><span class='ocrx_word' id='word_1_477' title='bbox 22 3548 96 3585; x_wconf 76' lang='lat' dir='ltr'><strong>:un</strong></span> <span class='ocrx_word' id='word_1_478' title='bbox 121 3536 189 3588; x_wconf 84' lang='lat' dir='ltr'><strong>ad</strong></span> <span class='ocrx_word' id='word_1_479' title='bbox 215 3549 376 3604; x_wconf 80' lang='lat' dir='ltr'><strong>reges</strong></span> <span class='ocrx_word' id='word_1_480' title='bbox 398 3536 568 3590; x_wconf 90' lang='lat' dir='ltr'><strong>immo</strong></span> <span class='ocrx_word' id='word_1_481' title='bbox 601 3539 668 3592; x_wconf 88' lang='lat' dir='ltr'><strong>ad</strong></span> <span class='ocrx_word' id='word_1_482' title='bbox 705 3541 1061 3610; x_wconf 87' lang='lat' dir='ltr'><strong>imperatores</strong></span> <span class='ocrx_word' id='word_1_483' title='bbox 1094 3543 1432 3600; x_wconf 87' lang='lat' dir='ltr'><strong>Francorum</strong></span> <span class='ocrx_word' id='word_1_484' title='bbox 1475 3561 1571 3616; x_wconf 92' lang='lat' dir='ltr'><strong>per</strong></span> 
     </span>
    </p>
   </div>
   <div class='ocr_carea' id='block_1_70' title="bbox 21 3625 646 3682">
    <p class='ocr_par' dir='ltr' id='par_1_70' title="bbox 21 3625 646 3682">
     <span class='ocr_line' id='line_1_70' title="bbox 21 3625 646 3682; baseline 0.01 -6"><span class='ocrx_word' id='word_1_485' title='bbox 21 3625 248 3679; x_wconf 66' lang='lat' dir='ltr'><strong>laroium</strong></span> <span class='ocrx_word' id='word_1_486' title='bbox 274 3628 512 3682; x_wconf 78' lang='lat' dir='ltr'><strong>transiit.</strong></span> <span class='ocrx_word' id='word_1_487' title='bbox 555 3629 646 3661; x_wconf 82' lang='grc'><strong>¹¹⁵³</strong></span> 
     </span>
    </p>
   </div>
   <div class='ocr_carea' id='block_1_71' title="bbox 41 3713 461 3796">
    <p class='ocr_par' dir='ltr' id='par_1_71' title="bbox 41 3713 461 3796">
     <span class='ocr_line' id='line_1_71' title="bbox 41 3713 461 3796; baseline 0.017 -32"><span class='ocrx_word' id='word_1_488' title='bbox 41 3713 196 3796; x_wconf 43' lang='lat' dir='ltr'><strong>Anni.</strong></span> <span class='ocrx_word' id='word_1_489' title='bbox 314 3715 461 3796; x_wconf 82' lang='lat' dir='ltr'><strong>Anni</strong></span> 
     </span>
    </p>
   </div>
   <div class='ocr_carea' id='block_1_72' title="bbox 22 3789 466 3859">
    <p class='ocr_par' dir='ltr' id='par_1_72' title="bbox 22 3789 466 3859">
     <span class='ocr_line' id='line_1_72' title="bbox 22 3789 466 3859; baseline 0.011 -23"><span class='ocrx_word' id='word_1_490' title='bbox 22 3789 198 3859; x_wconf 53' lang='lat' dir='ltr'><strong>interii</strong></span> <span class='ocrx_word' id='word_1_491' title='bbox 315 3789 466 3857; x_wconf 80' lang='lat' dir='ltr'><strong>regni</strong></span> 
     </span>
    </p>
   </div>
   <div class='ocr_carea' id='block_1_73' title="bbox 21 3856 451 3926">
    <p class='ocr_par' dir='ltr' id='par_1_73' title="bbox 21 3856 451 3926">
     <span class='ocr_line' id='line_1_73' title="bbox 21 3856 451 3926; baseline 0.021 -23"><span class='ocrx_word' id='word_1_492' title='bbox 21 3856 192 3908; x_wconf 62' lang='lat' dir='ltr'><strong>nit-eli.</strong></span> <span class='ocrx_word' id='word_1_493' title='bbox 309 3856 451 3926; x_wconf 82' lang='lat' dir='ltr'><strong>ejus.</strong></span> 
     </span>
    </p>
   </div>
   <div class='ocr_carea' id='block_1_74' title="bbox 59 3945 1568 4025">
    <p class='ocr_par' dir='ltr' id='par_1_74' title="bbox 59 3945 1568 4025">
     <span class='ocr_line' id='line_1_74' title="bbox 59 3945 1568 4025; baseline 0.009 -27"><span class='ocrx_word' id='word_1_494' title='bbox 59 3945 108 3998; x_wconf 82' lang='grc'><strong>1.</strong></span> <span class='ocrx_word' id='word_1_495' title='bbox 283 3955 292 3966; x_wconf 86' lang='grc'><em>’</em></span> <span class='ocrx_word' id='word_1_496' title='bbox 358 3947 444 4002; x_wconf 77' lang='lat'><strong>33.</strong></span> <span class='ocrx_word' id='word_1_497' title='bbox 554 3951 1568 4025; x_wconf 73' lang='lat' dir='ltr'><strong>AnnodominiemincarnationisSOI,</strong></span> 
     </span>
    </p>
   </div>
   <div class='ocr_carea' id='block_1_75' title="bbox 25 4035 1572 4118">
    <p class='ocr_par' dir='ltr' id='par_1_75' title="bbox 25 4035 1572 4118">
     <span class='ocr_line' id='line_1_75' title="bbox 25 4035 1572 4118; baseline 0.011 -31"><span class='ocrx_word' id='word_1_498' title='bbox 25 4036 55 4086; x_wconf 88' lang='lat' dir='ltr'><strong>b</strong></span> <span class='ocrx_word' id='word_1_499' title='bbox 73 4035 221 4090; x_wconf 87' lang='lat' dir='ltr'><strong>Urbe</strong></span> <span class='ocrx_word' id='word_1_500' title='bbox 244 4053 377 4091; x_wconf 84' lang='lat' dir='ltr'><strong>vero</strong></span> <span class='ocrx_word' id='word_1_501' title='bbox 398 4040 612 4094; x_wconf 87' lang='lat' dir='ltr'><strong>condita</strong></span> <span class='ocrx_word' id='word_1_502' title='bbox 627 4043 918 4097; x_wconf 89' lang='lat' dir='ltr'><strong>millesimo</strong></span> <span class='ocrx_word' id='word_1_503' title='bbox 939 4045 1063 4112; x_wconf 70' lang='lat'><strong>552,</strong></span> <span class='ocrx_word' id='word_1_504' title='bbox 1090 4044 1321 4100; x_wconf 76' lang='lat' dir='ltr'><strong>Karqus</strong></span> <span class='ocrx_word' id='word_1_505' title='bbox 1343 4047 1572 4118; x_wconf 80' lang='lat' dir='ltr'><strong>Magnus</strong></span> 
     </span>
    </p>
   </div>
   <div class='ocr_carea' id='block_1_76' title="bbox 22 4129 1572 4208">
    <p class='ocr_par' dir='ltr' id='par_1_76' title="bbox 22 4129 1572 4208">
     <span class='ocr_line' id='line_1_76' title="bbox 22 4129 1572 4208; baseline 0.014 -29"><span class='ocrx_word' id='word_1_506' title='bbox 22 4147 77 4183; x_wconf 75' lang='lat' dir='ltr'><strong>ex</strong></span> <span class='ocrx_word' id='word_1_507' title='bbox 103 4129 465 4199; x_wconf 75' lang='lat' dir='ltr'><strong>Francorum,</strong></span> <span class='ocrx_word' id='word_1_508' title='bbox 500 4133 712 4205; x_wconf 88' lang='lat' dir='ltr'><strong>Pippini</strong></span> <span class='ocrx_word' id='word_1_509' title='bbox 745 4139 886 4207; x_wconf 88' lang='lat' dir='ltr'><strong>regis</strong></span> <span class='ocrx_word' id='word_1_510' title='bbox 923 4141 1087 4208; x_wconf 87' lang='lat' dir='ltr'><strong>ﬁlius,</strong></span> <span class='ocrx_word' id='word_1_511' title='bbox 1113 4141 1202 4196; x_wconf 77' lang='lat'><strong>73&quot;</strong></span> <span class='ocrx_word' id='word_1_512' title='bbox 1237 4143 1327 4173; x_wconf 66' lang='lat'><strong>“5&quot;</strong></span> <span class='ocrx_word' id='word_1_513' title='bbox 1360 4144 1478 4198; x_wconf 90' lang='lat' dir='ltr'><strong>loco</strong></span> <span class='ocrx_word' id='word_1_514' title='bbox 1503 4146 1572 4200; x_wconf 85' lang='lat' dir='ltr'><strong>ab</strong></span> 
     </span>
    </p>
   </div>
   <div class='ocr_carea' id='block_1_77' title="bbox 22 4223 1568 4302">
    <p class='ocr_par' dir='ltr' id='par_1_77' title="bbox 22 4223 1568 4302">
     <span class='ocr_line' id='line_1_77' title="bbox 22 4223 1568 4302; baseline 0.013 -32"><span class='ocrx_word' id='word_1_515' title='bbox 22 4231 256 4291; x_wconf 76' lang='lat' dir='ltr'><strong>.ugustn,</strong></span> <span class='ocrx_word' id='word_1_516' title='bbox 296 4223 670 4281; x_wconf 86' lang='lat' dir='ltr'><strong>Romanorum</strong></span> <span class='ocrx_word' id='word_1_517' title='bbox 722 4229 1018 4299; x_wconf 87' lang='lat' dir='ltr'><strong>imperator</strong></span> <span class='ocrx_word' id='word_1_518' title='bbox 1062 4245 1418 4289; x_wconf 84' lang='lat' dir='ltr'><strong>consecratus</strong></span> <span class='ocrx_word' id='word_1_519' title='bbox 1464 4246 1568 4302; x_wconf 79' lang='lat' dir='ltr'><strong>est,</strong></span> 
     </span>
    </p>
   </div>
   <div class='ocr_carea' id='block_1_78' title="bbox 25 4313 1565 4392">
    <p class='ocr_par' dir='ltr' id='par_1_78' title="bbox 25 4313 1565 4392">
     <span class='ocr_line' id='line_1_78' title="bbox 25 4313 1565 4392; baseline 0.011 -30"><span class='ocrx_word' id='word_1_520' title='bbox 25 4328 132 4365; x_wconf 86' lang='lat' dir='ltr'><strong>uno</strong></span> <span class='ocrx_word' id='word_1_521' title='bbox 183 4313 336 4383; x_wconf 85' lang='lat' dir='ltr'><strong>regni</strong></span> <span class='ocrx_word' id='word_1_522' title='bbox 392 4317 478 4370; x_wconf 90' lang='lat' dir='ltr'><strong>sui</strong></span> <span class='ocrx_word' id='word_1_523' title='bbox 525 4317 636 4383; x_wconf 76' lang='lat'><strong>55°,</strong></span> <span class='ocrx_word' id='word_1_524' title='bbox 687 4318 876 4388; x_wconf 86' lang='lat' dir='ltr'><strong>sicque</strong></span> <span class='ocrx_word' id='word_1_525' title='bbox 923 4321 1209 4392; x_wconf 86' lang='lat' dir='ltr'><strong>imperavit</strong></span> <span class='ocrx_word' id='word_1_526' title='bbox 1261 4325 1420 4379; x_wconf 89' lang='lat' dir='ltr'><strong>anuis</strong></span> <span class='ocrx_word' id='word_1_527' title='bbox 1479 4326 1565 4379; x_wconf 76' lang='grc' dir='ltr'><strong>Μ.</strong></span> 
     </span>
    </p>
   </div>
   <div class='ocr_carea' id='block_1_79' title="bbox 1671 3201 3247 3276">
    <p class='ocr_par' dir='ltr' id='par_1_79' title="bbox 1671 3201 3247 3276">
     <span class='ocr_line' id='line_1_79' title="bbox 1671 3201 3247 3276; baseline 0.001 -20"><span class='ocrx_word' id='word_1_528' title='bbox 1671 3201 1900 3270; x_wconf 88' lang='lat' dir='ltr'><strong>invasit,</strong></span> <span class='ocrx_word' id='word_1_529' title='bbox 1951 3212 2006 3258; x_wconf 91' lang='lat' dir='ltr'><strong>et</strong></span> <span class='ocrx_word' id='word_1_530' title='bbox 2054 3202 2302 3276; x_wconf 73' lang='lat' dir='ltr'><strong>Ilyrcnen</strong></span> <span class='ocrx_word' id='word_1_531' title='bbox 2356 3204 2411 3257; x_wconf 89' lang='lat' dir='ltr'><strong>in</strong></span> <span class='ocrx_word' id='word_1_532' title='bbox 2461 3203 2888 3270; x_wconf 88' lang='lat' dir='ltr'><strong>monasterium,</strong></span> <span class='ocrx_word' id='word_1_533' title='bbox 2937 3203 3080 3274; x_wconf 90' lang='lat' dir='ltr'><strong>quod</strong></span> <span class='ocrx_word' id='word_1_534' title='bbox 3129 3205 3247 3274; x_wconf 88' lang='lat' dir='ltr'><strong>ipsa</strong></span> 
     </span>
    </p>
   </div>
   <div class='ocr_carea' id='block_1_80' title="bbox 1669 3295 2856 3367">
    <p class='ocr_par' dir='ltr' id='par_1_80' title="bbox 1669 3295 2856 3367">
     <span class='ocr_line' id='line_1_80' title="bbox 1669 3295 2856 3367; baseline 0.002 -18"><span class='ocrx_word' id='word_1_535' title='bbox 1669 3295 1977 3350; x_wconf 79' lang='lat' dir='ltr'><strong>construxit</strong></span> <span class='ocrx_word' id='word_1_536' title='bbox 1998 3296 2051 3349; x_wconf 89' lang='lat' dir='ltr'><strong>in</strong></span> <span class='ocrx_word' id='word_1_537' title='bbox 2076 3297 2253 3352; x_wconf 87' lang='lat' dir='ltr'><strong>insula</strong></span> <span class='ocrx_word' id='word_1_538' title='bbox 2283 3297 2517 3367; x_wconf 90' lang='lat' dir='ltr'><strong>quadam</strong></span> <span class='ocrx_word' id='word_1_539' title='bbox 2535 3338 2549 3361; x_wconf 93' lang='lat'><strong>,</strong></span> <span class='ocrx_word' id='word_1_540' title='bbox 2577 3296 2856 3365; x_wconf 84' lang='lat' dir='ltr'><strong>relegavit.</strong></span> 
     </span>
    </p>
   </div>
   <div class='ocr_carea' id='block_1_81' title="bbox 1687 3400 3246 3483">
    <p class='ocr_par' dir='ltr' id='par_1_81' title="bbox 1687 3400 3246 3483">
     <span class='ocr_line' id='line_1_81' title="bbox 1687 3400 3246 3483; baseline 0.001 -27"><span class='ocrx_word' id='word_1_541' title='bbox 1687 3459 1690 3462; x_wconf 57' lang='grc'><strong><em>,</em></strong></span> <span class='ocrx_word' id='word_1_542' title='bbox 1739 3402 1792 3456; x_wconf 84' lang='lat'><strong>‘5.</strong></span> <span class='ocrx_word' id='word_1_543' title='bbox 1834 3403 1923 3456; x_wconf 79' lang='lat'><strong>&#39;55.</strong></span> <span class='ocrx_word' id='word_1_544' title='bbox 1966 3401 2258 3483; x_wconf 58' lang='lat' dir='ltr'><strong>(EI§II.A.)</strong></span> <span class='ocrx_word' id='word_1_545' title='bbox 2297 3401 2363 3457; x_wconf 80' lang='grc' dir='ltr'><strong>Α.</strong></span> <span class='ocrx_word' id='word_1_546' title='bbox 2405 3402 2466 3457; x_wconf 80' lang='grc' dir='ltr'><strong>ι).</strong></span> <span class='ocrx_word' id='word_1_547' title='bbox 2509 3402 2634 3456; x_wconf 80' lang='lat'><strong>805.</strong></span> <span class='ocrx_word' id='word_1_548' title='bbox 2669 3400 3017 3472; x_wconf 83' lang='lat' dir='ltr'><strong>Imperatoris</strong></span> <span class='ocrx_word' id='word_1_549' title='bbox 3063 3402 3246 3458; x_wconf 86' lang='lat' dir='ltr'><strong>Karoli</strong></span> 
     </span>
    </p>
   </div>
   <div class='ocr_carea' id='block_1_82' title="bbox 1669 3481 3250 3566">
    <p class='ocr_par' dir='ltr' id='par_1_82' title="bbox 1669 3481 3250 3566">
     <span class='ocr_line' id='line_1_82' title="bbox 1669 3481 3250 3566; baseline 0.001 -19"><span class='ocrx_word' id='word_1_550' title='bbox 1669 3491 1830 3566; x_wconf 76' lang='lat' dir='ltr'><strong>legati</strong></span> <span class='ocrx_word' id='word_1_551' title='bbox 1854 3493 1920 3547; x_wconf 92' lang='lat' dir='ltr'><strong>de</strong></span> <span class='ocrx_word' id='word_1_552' title='bbox 1944 3481 2416 3562; x_wconf 77' lang='lat' dir='ltr'><strong>Constantinopoli</strong></span> <span class='ocrx_word' id='word_1_553' title='bbox 2455 3493 2654 3548; x_wconf 91' lang='lat' dir='ltr'><strong>reversi</strong></span> <span class='ocrx_word' id='word_1_554' title='bbox 2688 3501 2839 3560; x_wconf 87' lang='lat' dir='ltr'><strong>sunt,</strong></span> <span class='ocrx_word' id='word_1_555' title='bbox 2883 3502 2938 3548; x_wconf 91' lang='lat' dir='ltr'><strong>et</strong></span> <span class='ocrx_word' id='word_1_556' title='bbox 2984 3501 3250 3552; x_wconf 80' lang='lat' dir='ltr'><strong>venerunt</strong></span> 
     </span>
    </p>
   </div>
   <div class='ocr_carea' id='block_1_83' title="bbox 1669 3576 3248 3655">
    <p class='ocr_par' dir='ltr' id='par_1_83' title="bbox 1669 3576 3248 3655">
     <span class='ocr_line' id='line_1_83' title="bbox 1669 3576 3248 3655; baseline -0.001 -16"><span class='ocrx_word' id='word_1_557' title='bbox 1669 3576 1794 3639; x_wconf 81' lang='lat' dir='ltr'><strong>eum</strong></span> <span class='ocrx_word' id='word_1_558' title='bbox 1819 3585 1900 3641; x_wconf 92' lang='lat' dir='ltr'><strong>eis</strong></span> <span class='ocrx_word' id='word_1_559' title='bbox 1933 3585 2272 3655; x_wconf 88' lang='lat' dir='ltr'><strong>apocrisiarii</strong></span> <span class='ocrx_word' id='word_1_560' title='bbox 2310 3583 2624 3655; x_wconf 78' lang='lat' dir='ltr'><strong>Nicepliori,</strong></span> <span class='ocrx_word' id='word_1_561' title='bbox 2661 3585 2756 3654; x_wconf 89' lang='lat' dir='ltr'><strong>qui</strong></span> <span class='ocrx_word' id='word_1_562' title='bbox 2802 3593 2932 3640; x_wconf 91' lang='lat' dir='ltr'><strong>tunc</strong></span> <span class='ocrx_word' id='word_1_563' title='bbox 2979 3600 3094 3647; x_wconf 87' lang='lat' dir='ltr'><strong>rem</strong></span> <span class='ocrx_word' id='word_1_564' title='bbox 3146 3600 3248 3654; x_wconf 86' lang='lat' dir='ltr'><strong>pu-</strong></span> 
     </span>
    </p>
   </div>
   <div class='ocr_carea' id='block_1_84' title="bbox 1672 3675 3251 3748">
    <p class='ocr_par' dir='ltr' id='par_1_84' title="bbox 1672 3675 3251 3748">
     <span class='ocr_line' id='line_1_84' title="bbox 1672 3675 3251 3748; baseline 0.001 -18"><span class='ocrx_word' id='word_1_565' title='bbox 1672 3675 1867 3730; x_wconf 86' lang='lat' dir='ltr'><strong>blicam</strong></span> <span class='ocrx_word' id='word_1_566' title='bbox 1920 3679 2063 3746; x_wconf 83' lang='lat' dir='ltr'><strong>apud</strong></span> <span class='ocrx_word' id='word_1_567' title='bbox 2111 3693 2209 3732; x_wconf 90' lang='lat' dir='ltr'><strong>eos</strong></span> <span class='ocrx_word' id='word_1_568' title='bbox 2258 3677 2499 3748; x_wconf 87' lang='lat' dir='ltr'><strong>regebat,</strong></span> <span class='ocrx_word' id='word_1_569' title='bbox 2544 3676 2808 3732; x_wconf 83' lang='lat' dir='ltr'><strong>Micbabel</strong></span> <span class='ocrx_word' id='word_1_570' title='bbox 2853 3677 3142 3747; x_wconf 83' lang='lat' dir='ltr'><strong>episcopus</strong></span> <span class='ocrx_word' id='word_1_571' title='bbox 3193 3685 3251 3731; x_wconf 87' lang='lat' dir='ltr'><strong>et</strong></span> 
     </span>
    </p>
   </div>
   <div class='ocr_carea' id='block_1_85' title="bbox 1670 3768 3252 3839">
    <p class='ocr_par' dir='ltr' id='par_1_85' title="bbox 1670 3768 3252 3839">
     <span class='ocr_line' id='line_1_85' title="bbox 1670 3768 3252 3839; baseline 0.002 -18"><span class='ocrx_word' id='word_1_572' title='bbox 1670 3768 1865 3825; x_wconf 87' lang='lat' dir='ltr'><strong>Petrus</strong></span> <span class='ocrx_word' id='word_1_573' title='bbox 1899 3771 2067 3824; x_wconf 89' lang='lat' dir='ltr'><strong>abbas</strong></span> <span class='ocrx_word' id='word_1_574' title='bbox 2089 3769 2401 3825; x_wconf 90' lang='lat' dir='ltr'><strong>ctCalistus</strong></span> <span class='ocrx_word' id='word_1_575' title='bbox 2436 3770 2779 3836; x_wconf 86' lang='lat' dir='ltr'><strong>candidatus,</strong></span> <span class='ocrx_word' id='word_1_576' title='bbox 2806 3770 2899 3839; x_wconf 88' lang='lat' dir='ltr'><strong>qui</strong></span> <span class='ocrx_word' id='word_1_577' title='bbox 2923 3769 3252 3824; x_wconf 73' lang='lat' dir='ltr'><strong>invenerunt</strong></span> 
     </span>
    </p>
   </div>
   <div class='ocr_carea' id='block_1_86' title="bbox 1672 3859 3252 3932">
    <p class='ocr_par' dir='ltr' id='par_1_86' title="bbox 1672 3859 3252 3932">
     <span class='ocr_line' id='line_1_86' title="bbox 1672 3859 3252 3932; baseline 0.001 -19"><span class='ocrx_word' id='word_1_578' title='bbox 1672 3859 2052 3929; x_wconf 89' lang='lat' dir='ltr'><strong>imperatorem</strong></span> <span class='ocrx_word' id='word_1_579' title='bbox 2107 3861 2159 3914; x_wconf 90' lang='lat' dir='ltr'><strong>in</strong></span> <span class='ocrx_word' id='word_1_580' title='bbox 2220 3862 2509 3917; x_wconf 82' lang='lat' dir='ltr'><strong>Germania</strong></span> <span class='ocrx_word' id='word_1_581' title='bbox 2543 3877 2710 3932; x_wconf 87' lang='lat' dir='ltr'><strong>super</strong></span> <span class='ocrx_word' id='word_1_582' title='bbox 2759 3861 2982 3916; x_wconf 85' lang='lat' dir='ltr'><strong>fluvium</strong></span> <span class='ocrx_word' id='word_1_583' title='bbox 3020 3860 3144 3915; x_wconf 87' lang='lat' dir='ltr'><strong>Sala</strong></span> <span class='ocrx_word' id='word_1_584' title='bbox 3191 3861 3252 3915; x_wconf 85' lang='lat' dir='ltr'><strong>in</strong></span> 
     </span>
    </p>
   </div>
   <div class='ocr_carea' id='block_1_87' title="bbox 1671 3951 3250 4023">
    <p class='ocr_par' dir='ltr' id='par_1_87' title="bbox 1671 3951 3250 4023">
     <span class='ocr_line' id='line_1_87' title="bbox 1671 3951 3250 4023; baseline 0.001 -19"><span class='ocrx_word' id='word_1_585' title='bbox 1671 3951 1792 4006; x_wconf 90' lang='lat' dir='ltr'><strong>loco</strong></span> <span class='ocrx_word' id='word_1_586' title='bbox 1814 3952 1908 4020; x_wconf 87' lang='lat' dir='ltr'><strong>qui</strong></span> <span class='ocrx_word' id='word_1_587' title='bbox 1936 3952 2138 4005; x_wconf 75' lang='lat' dir='ltr'><strong>dicitur</strong></span> <span class='ocrx_word' id='word_1_588' title='bbox 2187 3951 2332 4019; x_wconf 66' lang='lat' dir='ltr'><strong>Salz,</strong></span> <span class='ocrx_word' id='word_1_589' title='bbox 2359 3962 2412 4007; x_wconf 87' lang='lat' dir='ltr'><strong>et</strong></span> <span class='ocrx_word' id='word_1_590' title='bbox 2449 3963 2665 4021; x_wconf 87' lang='lat' dir='ltr'><strong>pactum</strong></span> <span class='ocrx_word' id='word_1_591' title='bbox 2713 3952 2971 4008; x_wconf 82' lang='lat' dir='ltr'><strong>facienda:</strong></span> <span class='ocrx_word' id='word_1_592' title='bbox 3001 3952 3152 4023; x_wconf 90' lang='lat' dir='ltr'><strong>pacis</strong></span> <span class='ocrx_word' id='word_1_593' title='bbox 3192 3953 3250 4006; x_wconf 89' lang='lat' dir='ltr'><strong>in</strong></span> 
     </span>
    </p>
   </div>
   <div class='ocr_carea' id='block_1_88' title="bbox 1671 4044 3247 4113">
    <p class='ocr_par' dir='ltr' id='par_1_88' title="bbox 1671 4044 3247 4113">
     <span class='ocr_line' id='line_1_88' title="bbox 1671 4044 3247 4113; baseline 0 -15"><span class='ocrx_word' id='word_1_594' title='bbox 1671 4045 1875 4112; x_wconf 89' lang='lat' dir='ltr'><strong>scripto</strong></span> <span class='ocrx_word' id='word_1_595' title='bbox 1902 4052 2283 4113; x_wconf 87' lang='lat' dir='ltr'><strong>susceperunt,</strong></span> <span class='ocrx_word' id='word_1_596' title='bbox 2314 4045 2546 4112; x_wconf 90' lang='lat' dir='ltr'><strong>indeque</strong></span> <span class='ocrx_word' id='word_1_597' title='bbox 2575 4059 2703 4098; x_wconf 92' lang='lat' dir='ltr'><strong>cum</strong></span> <span class='ocrx_word' id='word_1_598' title='bbox 2736 4044 2967 4113; x_wconf 89' lang='lat' dir='ltr'><strong>cpistola</strong></span> <span class='ocrx_word' id='word_1_599' title='bbox 3011 4045 3247 4112; x_wconf 85' lang='lat' dir='ltr'><strong>impera-</strong></span> 
     </span>
    </p>
   </div>
   <div class='ocr_carea' id='block_1_89' title="bbox 1673 4134 3014 4205">
    <p class='ocr_par' dir='ltr' id='par_1_89' title="bbox 1673 4134 3014 4205">
     <span class='ocr_line' id='line_1_89' title="bbox 1673 4134 3014 4205; baseline 0.004 -17"><span class='ocrx_word' id='word_1_600' title='bbox 1673 4136 1808 4205; x_wconf 87' lang='lat' dir='ltr'><strong>toris</strong></span> <span class='ocrx_word' id='word_1_601' title='bbox 1833 4134 2057 4188; x_wconf 87' lang='lat' dir='ltr'><strong>Romam</strong></span> <span class='ocrx_word' id='word_1_602' title='bbox 2091 4137 2347 4205; x_wconf 76' lang='lat' dir='ltr'><strong>regressi,</strong></span> <span class='ocrx_word' id='word_1_603' title='bbox 2375 4137 2597 4190; x_wconf 89' lang='lat' dir='ltr'><strong>domum</strong></span> <span class='ocrx_word' id='word_1_604' title='bbox 2631 4145 2760 4189; x_wconf 87' lang='lat' dir='ltr'><strong>sunt</strong></span> <span class='ocrx_word' id='word_1_605' title='bbox 2789 4135 3014 4194; x_wconf 90' lang='lat' dir='ltr'><strong>reversi.</strong></span> 
     </span>
    </p>
   </div>
   <div class='ocr_carea' id='block_1_90' title="bbox 1743 4223 3249 4296">
    <p class='ocr_par' dir='ltr' id='par_1_90' title="bbox 1743 4223 3249 4296">
     <span class='ocr_line' id='line_1_90' title="bbox 1743 4223 3249 4296; baseline 0.001 -18"><span class='ocrx_word' id='word_1_606' title='bbox 1743 4225 1795 4278; x_wconf 74' lang='grc'><strong>4.</strong></span> <span class='ocrx_word' id='word_1_607' title='bbox 1835 4225 1923 4278; x_wconf 77' lang='grc'><strong>56.</strong></span> <span class='ocrx_word' id='word_1_608' title='bbox 1967 4225 2032 4278; x_wconf 88' lang='grc' dir='ltr'><strong>Α.</strong></span> <span class='ocrx_word' id='word_1_609' title='bbox 2075 4223 2137 4279; x_wconf 86' lang='grc' dir='ltr'><strong>υ.</strong></span> <span class='ocrx_word' id='word_1_610' title='bbox 2183 4225 2308 4278; x_wconf 71' lang='grc'><strong>804.</strong></span> <span class='ocrx_word' id='word_1_611' title='bbox 2349 4231 2363 4246; x_wconf 82' lang='lat'><strong><em>‘</em></strong></span> <span class='ocrx_word' id='word_1_612' title='bbox 2407 4223 2706 4296; x_wconf 83' lang='lat' dir='ltr'><strong>Imperator</strong></span> <span class='ocrx_word' id='word_1_613' title='bbox 2755 4224 3086 4296; x_wconf 82' lang='lat' dir='ltr'><strong>Aquisgrani</strong></span> <span class='ocrx_word' id='word_1_614' title='bbox 3127 4223 3249 4279; x_wconf 88' lang='lat' dir='ltr'><strong>bie-</strong></span> 
     </span>
    </p>
   </div>
   <div class='ocr_carea' id='block_1_91' title="bbox 1673 4315 3249 4384">
    <p class='ocr_par' dir='ltr' id='par_1_91' title="bbox 1673 4315 3249 4384">
     <span class='ocr_line' id='line_1_91' title="bbox 1673 4315 3249 4384; baseline -0.001 -12"><span class='ocrx_word' id='word_1_615' title='bbox 1673 4317 1860 4383; x_wconf 78' lang='lat' dir='ltr'><strong>mavit,</strong></span> <span class='ocrx_word' id='word_1_616' title='bbox 1887 4326 2075 4371; x_wconf 66' lang='lat' dir='ltr'><strong>testate</strong></span> <span class='ocrx_word' id='word_1_617' title='bbox 2108 4325 2289 4371; x_wconf 89' lang='lat' dir='ltr'><strong>autem</strong></span> <span class='ocrx_word' id='word_1_618' title='bbox 2329 4316 2492 4371; x_wconf 87' lang='lat' dir='ltr'><strong>ducto</strong></span> <span class='ocrx_word' id='word_1_619' title='bbox 2526 4317 2769 4371; x_wconf 80' lang='lat' dir='ltr'><strong>exercitu</strong></span> <span class='ocrx_word' id='word_1_620' title='bbox 2817 4317 2870 4370; x_wconf 90' lang='lat' dir='ltr'><strong>in</strong></span> <span class='ocrx_word' id='word_1_621' title='bbox 2921 4315 3249 4384; x_wconf 78' lang='lat' dir='ltr'><strong>Saxoniam,</strong></span> 
     </span>
    </p>
   </div>
   <div class='ocr_carea' id='block_1_92' title="bbox 21 4401 3252 4484">
    <p class='ocr_par' dir='ltr' id='par_1_92' title="bbox 21 4401 3252 4484">
     <span class='ocr_line' id='line_1_92' title="bbox 21 4401 3252 4484; baseline 0.003 -29"><span class='ocrx_word' id='word_1_622' title='bbox 21 4401 166 4456; x_wconf 76' lang='lat' dir='ltr'><strong>Emi.</strong></span> <span class='ocrx_word' id='word_1_623' title='bbox 199 4405 264 4458; x_wconf 85' lang='grc' dir='ltr'><strong>Α.</strong></span> <span class='ocrx_word' id='word_1_624' title='bbox 314 4437 384 4444; x_wconf 95' lang='grc'><strong>--</strong></span> <span class='ocrx_word' id='word_1_625' title='bbox 411 4407 478 4462; x_wconf 84' lang='grc' dir='ltr'><strong>Α,</strong></span> <span class='ocrx_word' id='word_1_626' title='bbox 534 4407 724 4480; x_wconf 84' lang='lat' dir='ltr'><strong>Laur.)</strong></span> <span class='ocrx_word' id='word_1_627' title='bbox 767 4411 905 4466; x_wconf 81' lang='lat' dir='ltr'><strong>Cum</strong></span> <span class='ocrx_word' id='word_1_628' title='bbox 952 4415 1097 4468; x_wconf 78' lang='lat' dir='ltr'><strong>enim</strong></span> <span class='ocrx_word' id='word_1_629' title='bbox 1143 4431 1240 4484; x_wconf 75' lang='lat' dir='ltr'><strong>pro</strong></span> <span class='ocrx_word' id='word_1_630' title='bbox 1293 4417 1566 4472; x_wconf 59' lang='lat' dir='ltr'><strong>(mumnia</strong></span> <span class='ocrx_word' id='word_1_631' title='bbox 1599 4413 1648 4472; x_wconf 85' lang='grc' dir='ltr'><strong>ι)</strong></span> <span class='ocrx_word' id='word_1_632' title='bbox 1673 4424 1864 4463; x_wconf 77' lang='lat' dir='ltr'><strong>(nrlncs</strong></span> <span class='ocrx_word' id='word_1_633' title='bbox 1891 4408 1985 4475; x_wconf 88' lang='lat' dir='ltr'><strong>qui</strong></span> <span class='ocrx_word' id='word_1_634' title='bbox 2024 4417 2176 4462; x_wconf 90' lang='lat' dir='ltr'><strong>trans</strong></span> <span class='ocrx_word' id='word_1_635' title='bbox 2214 4407 2426 4461; x_wconf 83' lang='lat' dir='ltr'><strong>Albiam</strong></span> <span class='ocrx_word' id='word_1_636' title='bbox 2479 4409 2798 4463; x_wconf 87' lang='lat' dir='ltr'><strong>habitabant</strong></span> <span class='ocrx_word' id='word_1_637' title='bbox 2831 4408 3078 4465; x_wconf 83' lang='lat' dir='ltr'><strong>Saxones</strong></span> <span class='ocrx_word' id='word_1_638' title='bbox 3123 4424 3252 4464; x_wconf 90' lang='lat' dir='ltr'><strong>cum</strong></span> 
     </span>
    </p>
   </div>
   <div class='ocr_carea' id='block_1_93' title="bbox 21 4496 1572 4569">
    <p class='ocr_par' dir='ltr' id='par_1_93' title="bbox 21 4496 1572 4569">
     <span class='ocr_line' id='line_1_93' title="bbox 21 4496 1572 4569; baseline 0.012 -23"><span class='ocrx_word' id='word_1_639' title='bbox 21 4496 157 4548; x_wconf 87' lang='lat' dir='ltr'><strong>.eoni</strong></span> <span class='ocrx_word' id='word_1_640' title='bbox 186 4513 342 4567; x_wconf 72' lang='lat' dir='ltr'><strong>papa:</strong></span> <span class='ocrx_word' id='word_1_641' title='bbox 375 4498 582 4569; x_wconf 85' lang='lat' dir='ltr'><strong>ingesta</strong></span> <span class='ocrx_word' id='word_1_642' title='bbox 631 4500 858 4556; x_wconf 91' lang='lat' dir='ltr'><strong>Romam</strong></span> <span class='ocrx_word' id='word_1_643' title='bbox 894 4506 1104 4560; x_wconf 90' lang='lat' dir='ltr'><strong>veniret</strong></span> <span class='ocrx_word' id='word_1_644' title='bbox 1149 4515 1204 4560; x_wconf 89' lang='lat' dir='ltr'><strong>et</strong></span> <span class='ocrx_word' id='word_1_645' title='bbox 1246 4510 1425 4562; x_wconf 88' lang='lat' dir='ltr'><strong>natale</strong></span> <span class='ocrx_word' id='word_1_646' title='bbox 1463 4509 1572 4564; x_wconf 85' lang='lat' dir='ltr'><strong>Do-</strong></span> 
     </span>
    </p>
   </div>
   <div class='ocr_carea' id='block_1_94' title="bbox 22 4586 1569 4662">
    <p class='ocr_par' dir='ltr' id='par_1_94' title="bbox 22 4586 1569 4662">
     <span class='ocr_line' id='line_1_94' title="bbox 22 4586 1569 4662; baseline 0.012 -26"><span class='ocrx_word' id='word_1_647' title='bbox 22 4586 124 4638; x_wconf 73' lang='lat' dir='ltr'><strong>iini</strong></span> <span class='ocrx_word' id='word_1_648' title='bbox 177 4587 249 4640; x_wconf 92' lang='lat' dir='ltr'><strong>ibi</strong></span> <span class='ocrx_word' id='word_1_649' title='bbox 285 4589 608 4656; x_wconf 88' lang='lat' dir='ltr'><strong>celebraret,</strong></span> <span class='ocrx_word' id='word_1_650' title='bbox 662 4592 716 4644; x_wconf 90' lang='lat' dir='ltr'><strong>in</strong></span> <span class='ocrx_word' id='word_1_651' title='bbox 769 4593 884 4662; x_wconf 90' lang='lat' dir='ltr'><strong>ipsa</strong></span> <span class='ocrx_word' id='word_1_652' title='bbox 938 4594 1026 4649; x_wconf 90' lang='lat' dir='ltr'><strong>die</strong></span> <span class='ocrx_word' id='word_1_653' title='bbox 1070 4597 1444 4653; x_wconf 88' lang='lat' dir='ltr'><strong>sacratissima</strong></span> <span class='ocrx_word' id='word_1_654' title='bbox 1501 4599 1569 4654; x_wconf 90' lang='lat' dir='ltr'><strong>ad</strong></span> 
     </span>
    </p>
   </div>
   <div class='ocr_carea' id='block_1_95' title="bbox 23 4677 1570 4750">
    <p class='ocr_par' dir='ltr' id='par_1_95' title="bbox 23 4677 1570 4750">
     <span class='ocr_line' id='line_1_95' title="bbox 23 4677 1570 4750; baseline 0.012 -23"><span class='ocrx_word' id='word_1_655' title='bbox 23 4677 284 4732; x_wconf 72' lang='lat' dir='ltr'><strong>iissarum</strong></span> <span class='ocrx_word' id='word_1_656' title='bbox 329 4680 594 4734; x_wconf 86' lang='lat' dir='ltr'><strong>solemnia</strong></span> <span class='ocrx_word' id='word_1_657' title='bbox 632 4683 875 4750; x_wconf 80' lang='lat' dir='ltr'><strong>veniens,</strong></span> <span class='ocrx_word' id='word_1_658' title='bbox 927 4685 1056 4740; x_wconf 92' lang='lat' dir='ltr'><strong>dum</strong></span> <span class='ocrx_word' id='word_1_659' title='bbox 1093 4695 1221 4742; x_wconf 89' lang='lat' dir='ltr'><strong>ante</strong></span> <span class='ocrx_word' id='word_1_660' title='bbox 1266 4688 1570 4744; x_wconf 85' lang='lat' dir='ltr'><strong>confessio-</strong></span> 
     </span>
    </p>
   </div>
   <div class='ocr_carea' id='block_1_96' title="bbox 22 4770 1569 4851">
    <p class='ocr_par' dir='ltr' id='par_1_96' title="bbox 22 4770 1569 4851">
     <span class='ocr_line' id='line_1_96' title="bbox 22 4770 1569 4851; baseline 0.013 -34"><span class='ocrx_word' id='word_1_661' title='bbox 22 4784 110 4820; x_wconf 77' lang='lat' dir='ltr'><strong>em</strong></span> <span class='ocrx_word' id='word_1_662' title='bbox 165 4770 308 4823; x_wconf 86' lang='lat' dir='ltr'><strong>beati</strong></span> <span class='ocrx_word' id='word_1_663' title='bbox 365 4770 509 4825; x_wconf 83' lang='lat' dir='ltr'><strong>Petri</strong></span> <span class='ocrx_word' id='word_1_664' title='bbox 569 4776 804 4842; x_wconf 84' lang='lat' dir='ltr'><strong>apostoli</strong></span> <span class='ocrx_word' id='word_1_665' title='bbox 859 4777 928 4829; x_wconf 87' lang='lat' dir='ltr'><strong>ab</strong></span> <span class='ocrx_word' id='word_1_666' title='bbox 984 4779 1236 4833; x_wconf 89' lang='lat' dir='ltr'><strong>oratione</strong></span> <span class='ocrx_word' id='word_1_667' title='bbox 1293 4792 1569 4851; x_wconf 81' lang='lat' dir='ltr'><strong>surgeret,</strong></span> 
     </span>
    </p>
   </div>
   <div class='ocr_carea' id='block_1_97' title="bbox 24 4859 1565 4942">
    <p class='ocr_par' dir='ltr' id='par_1_97' title="bbox 24 4859 1565 4942">
     <span class='ocr_line' id='line_1_97' title="bbox 24 4859 1565 4942; baseline 0.012 -32"><span class='ocrx_word' id='word_1_668' title='bbox 24 4859 161 4912; x_wconf 82' lang='lat' dir='ltr'><strong>icbil</strong></span> <span class='ocrx_word' id='word_1_669' title='bbox 191 4863 373 4916; x_wconf 88' lang='lat' dir='ltr'><strong>minus</strong></span> <span class='ocrx_word' id='word_1_670' title='bbox 400 4867 638 4932; x_wconf 86' lang='lat' dir='ltr'><strong>speranti</strong></span> <span class='ocrx_word' id='word_1_671' title='bbox 667 4867 773 4920; x_wconf 86' lang='lat' dir='ltr'><strong>Leo</strong></span> <span class='ocrx_word' id='word_1_672' title='bbox 817 4884 954 4938; x_wconf 89' lang='lat' dir='ltr'><strong>papa</strong></span> <span class='ocrx_word' id='word_1_673' title='bbox 985 4886 1244 4924; x_wconf 80' lang='lat' dir='ltr'><strong>coronam</strong></span> <span class='ocrx_word' id='word_1_674' title='bbox 1285 4873 1565 4942; x_wconf 88' lang='lat' dir='ltr'><strong>imposuit,</strong></span> 
     </span>
    </p>
   </div>
   <div class='ocr_carea' id='block_1_98' title="bbox 21 4950 1568 5029">
    <p class='ocr_par' dir='ltr' id='par_1_98' title="bbox 21 4950 1568 5029">
     <span class='ocr_line' id='line_1_98' title="bbox 21 4950 1568 5029; baseline 0.014 -29"><span class='ocrx_word' id='word_1_675' title='bbox 21 4959 30 5000; x_wconf 75' lang='lat' dir='ltr'><strong>t</strong></span> <span class='ocrx_word' id='word_1_676' title='bbox 72 4950 460 5019; x_wconf 81' lang='lat' dir='ltr'><strong>imperatorem</strong></span> <span class='ocrx_word' id='word_1_677' title='bbox 494 4955 797 5022; x_wconf 85' lang='lat' dir='ltr'><strong>Romanum</strong></span> <span class='ocrx_word' id='word_1_678' title='bbox 819 4961 1219 5029; x_wconf 86' lang='lat' dir='ltr'><strong>pronunciavit,</strong></span> <span class='ocrx_word' id='word_1_679' title='bbox 1243 4973 1296 5017; x_wconf 91' lang='lat' dir='ltr'><strong>et</strong></span> <span class='ocrx_word' id='word_1_680' title='bbox 1317 4979 1346 5017; x_wconf 89' lang='lat' dir='ltr'><strong>a</strong></span> <span class='ocrx_word' id='word_1_681' title='bbox 1371 4975 1568 5021; x_wconf 88' lang='lat' dir='ltr'><strong>cuncto</strong></span> 
     </span>
    </p>
   </div>
   <div class='ocr_carea' id='block_1_99' title="bbox 22 5049 1568 5128">
    <p class='ocr_par' dir='ltr' id='par_1_99' title="bbox 22 5049 1568 5128">
     <span class='ocr_line' id='line_1_99' title="bbox 22 5049 1568 5128; baseline 0.014 -36"><span class='ocrx_word' id='word_1_682' title='bbox 22 5060 240 5099; x_wconf 75' lang='lat' dir='ltr'><strong>mnano</strong></span> <span class='ocrx_word' id='word_1_683' title='bbox 265 5049 468 5117; x_wconf 88' lang='lat' dir='ltr'><strong>populo</strong></span> <span class='ocrx_word' id='word_1_684' title='bbox 493 5051 850 5106; x_wconf 87' lang='lat' dir='ltr'><strong>acclamatum</strong></span> <span class='ocrx_word' id='word_1_685' title='bbox 885 5063 969 5113; x_wconf 88' lang='lat' dir='ltr'><strong>est</strong></span> <span class='ocrx_word' id='word_1_686' title='bbox 994 5073 1007 5108; x_wconf 91' lang='lat'>:</span> <span class='ocrx_word' id='word_1_687' title='bbox 1037 5053 1241 5109; x_wconf 72' lang='lat' dir='ltr'><strong>Karolo</strong></span> <span class='ocrx_word' id='word_1_688' title='bbox 1283 5067 1507 5128; x_wconf 82' lang='lat' dir='ltr'><strong>aug-usto</strong></span> <span class='ocrx_word' id='word_1_689' title='bbox 1536 5075 1568 5112; x_wconf 88' lang='lat' dir='ltr'><strong>a</strong></span> 
     </span>
    </p>
   </div>
   <div class='ocr_carea' id='block_1_100' title="bbox 21 5143 1568 5216">
    <p class='ocr_par' dir='ltr' id='par_1_100' title="bbox 21 5143 1568 5216">
     <span class='ocr_line' id='line_1_100' title="bbox 21 5143 1568 5216; baseline 0.01 -27"><span class='ocrx_word' id='word_1_690' title='bbox 21 5143 94 5189; x_wconf 73' lang='lat' dir='ltr'><strong>&#39;cn</strong></span> <span class='ocrx_word' id='word_1_691' title='bbox 130 5151 398 5206; x_wconf 79' lang='lat' dir='ltr'><strong>coronato,</strong></span> <span class='ocrx_word' id='word_1_692' title='bbox 429 5159 615 5213; x_wconf 77' lang='lat' dir='ltr'><strong>magno</strong></span> <span class='ocrx_word' id='word_1_693' title='bbox 641 5153 689 5197; x_wconf 84' lang='lat' dir='ltr'><strong>et</strong></span> <span class='ocrx_word' id='word_1_694' title='bbox 717 5147 940 5214; x_wconf 75' lang='lat' dir='ltr'><strong>paciﬁca</strong></span> <span class='ocrx_word' id='word_1_695' title='bbox 968 5149 1278 5216; x_wconf 75' lang='lat' dir='ltr'><strong>imperatori</strong></span> <span class='ocrx_word' id='word_1_696' title='bbox 1305 5149 1568 5204; x_wconf 80' lang='lat' dir='ltr'><strong>Romano-</strong></span> 
     </span>
    </p>
   </div>
   <div class='ocr_carea' id='block_1_101' title="bbox 21 5230 1565 5308">
    <p class='ocr_par' dir='ltr' id='par_1_101' title="bbox 21 5230 1565 5308">
     <span class='ocr_line' id='line_1_101' title="bbox 21 5230 1565 5308; baseline 0.012 -30"><span class='ocrx_word' id='word_1_697' title='bbox 21 5246 131 5292; x_wconf 67' lang='grc' dir='ltr'><strong>ηε,</strong></span> <span class='ocrx_word' id='word_1_698' title='bbox 166 5230 272 5283; x_wconf 75' lang='lat' dir='ltr'><strong>rita</strong></span> <span class='ocrx_word' id='word_1_699' title='bbox 312 5241 362 5286; x_wconf 81' lang='lat' dir='ltr'><strong>et</strong></span> <span class='ocrx_word' id='word_1_700' title='bbox 404 5233 644 5288; x_wconf 79' lang='lat' dir='ltr'><strong>victoria.</strong></span> <span class='ocrx_word' id='word_1_701' title='bbox 681 5233 858 5302; x_wconf 75' lang='lat' dir='ltr'><strong>(Emn.</strong></span> <span class='ocrx_word' id='word_1_702' title='bbox 893 5235 984 5306; x_wconf 85' lang='grc' dir='ltr'><strong>Α.)</strong></span> <span class='ocrx_word' id='word_1_703' title='bbox 1023 5237 1158 5292; x_wconf 82' lang='lat' dir='ltr'><strong>Post</strong></span> <span class='ocrx_word' id='word_1_704' title='bbox 1185 5254 1325 5308; x_wconf 91' lang='lat' dir='ltr'><strong>quas</strong></span> <span class='ocrx_word' id='word_1_705' title='bbox 1377 5239 1565 5297; x_wconf 89' lang='lat' dir='ltr'><strong>laudes</strong></span> 
     </span>
    </p>
   </div>
   <div class='ocr_carea' id='block_1_102' title="bbox 22 5323 1566 5402">
    <p class='ocr_par' dir='ltr' id='par_1_102' title="bbox 22 5323 1566 5402">
     <span class='ocr_line' id='line_1_102' title="bbox 22 5323 1566 5402; baseline 0.01 -30"><span class='ocrx_word' id='word_1_706' title='bbox 22 5330 192 5375; x_wconf 84' lang='lat' dir='ltr'><strong>nctus</strong></span> <span class='ocrx_word' id='word_1_707' title='bbox 222 5323 290 5376; x_wconf 84' lang='lat' dir='ltr'><strong>ab</strong></span> <span class='ocrx_word' id='word_1_708' title='bbox 320 5325 640 5400; x_wconf 86' lang='lat' dir='ltr'><strong>apostolico,</strong></span> <span class='ocrx_word' id='word_1_709' title='bbox 665 5334 719 5380; x_wconf 86' lang='lat' dir='ltr'><strong>et</strong></span> <span class='ocrx_word' id='word_1_710' title='bbox 760 5327 1114 5397; x_wconf 90' lang='lat' dir='ltr'><strong>antiquorum</strong></span> <span class='ocrx_word' id='word_1_711' title='bbox 1159 5347 1311 5386; x_wconf 88' lang='lat' dir='ltr'><strong>more</strong></span> <span class='ocrx_word' id='word_1_712' title='bbox 1360 5332 1566 5402; x_wconf 88' lang='lat' dir='ltr'><strong>princi-</strong></span> 
     </span>
    </p>
   </div>
   <div class='ocr_carea' id='block_1_103' title="bbox 21 5413 1569 5495">
    <p class='ocr_par' dir='ltr' id='par_1_103' title="bbox 21 5413 1569 5495">
     <span class='ocr_line' id='line_1_103' title="bbox 21 5413 1569 5495; baseline 0.01 -33"><span class='ocrx_word' id='word_1_713' title='bbox 21 5429 113 5468; x_wconf 84' lang='lat' dir='ltr'><strong>um</strong></span> <span class='ocrx_word' id='word_1_714' title='bbox 160 5413 226 5467; x_wconf 86' lang='lat' dir='ltr'><strong>ab</strong></span> <span class='ocrx_word' id='word_1_715' title='bbox 244 5429 309 5468; x_wconf 92' lang='lat' dir='ltr'><strong>eo</strong></span> <span class='ocrx_word' id='word_1_716' title='bbox 340 5416 619 5483; x_wconf 85' lang='lat' dir='ltr'><strong>adoratus,</strong></span> <span class='ocrx_word' id='word_1_717' title='bbox 657 5419 837 5473; x_wconf 88' lang='lat' dir='ltr'><strong>ablato</strong></span> <span class='ocrx_word' id='word_1_718' title='bbox 867 5420 1077 5488; x_wconf 91' lang='lat' dir='ltr'><strong>patricii</strong></span> <span class='ocrx_word' id='word_1_719' title='bbox 1111 5422 1355 5488; x_wconf 89' lang='lat' dir='ltr'><strong>nomine,</strong></span> <span class='ocrx_word' id='word_1_720' title='bbox 1399 5427 1569 5495; x_wconf 88' lang='lat' dir='ltr'><strong>impe-</strong></span> 
     </span>
    </p>
   </div>
   <div class='ocr_carea' id='block_1_104' title="bbox 1674 4491 3254 4567">
    <p class='ocr_par' dir='ltr' id='par_1_104' title="bbox 1674 4491 3254 4567">
     <span class='ocr_line' id='line_1_104' title="bbox 1674 4491 3254 4567; baseline 0.001 -13"><span class='ocrx_word' id='word_1_721' title='bbox 1674 4500 1997 4554; x_wconf 89' lang='lat' dir='ltr'><strong>mulieribus</strong></span> <span class='ocrx_word' id='word_1_722' title='bbox 2022 4508 2077 4553; x_wconf 91' lang='lat' dir='ltr'><strong>et</strong></span> <span class='ocrx_word' id='word_1_723' title='bbox 2125 4499 2427 4556; x_wconf 83' lang='lat' dir='ltr'><strong>infantibus</strong></span> <span class='ocrx_word' id='word_1_724' title='bbox 2463 4491 2740 4556; x_wconf 83' lang='lat' dir='ltr'><strong>transtulit</strong></span> <span class='ocrx_word' id='word_1_725' title='bbox 2772 4502 2827 4556; x_wconf 92' lang='lat' dir='ltr'><strong>in</strong></span> <span class='ocrx_word' id='word_1_726' title='bbox 2855 4501 3168 4567; x_wconf 85' lang='lat' dir='ltr'><strong>Franciam,</strong></span> <span class='ocrx_word' id='word_1_727' title='bbox 3197 4510 3254 4556; x_wconf 90' lang='lat' dir='ltr'><strong>et</strong></span> 
     </span>
    </p>
   </div>
   <div class='ocr_carea' id='block_1_105' title="bbox 1673 4591 3252 4663">
    <p class='ocr_par' dir='ltr' id='par_1_105' title="bbox 1673 4591 3252 4663">
     <span class='ocr_line' id='line_1_105' title="bbox 1673 4591 3252 4663; baseline 0.001 -16"><span class='ocrx_word' id='word_1_728' title='bbox 1673 4609 1849 4663; x_wconf 82' lang='lat' dir='ltr'><strong>pagos.</strong></span> <span class='ocrx_word' id='word_1_729' title='bbox 1889 4591 2316 4647; x_wconf 84' lang='lat' dir='ltr'><strong>Transalbianos</strong></span> <span class='ocrx_word' id='word_1_730' title='bbox 2374 4594 2650 4649; x_wconf 83' lang='lat' dir='ltr'><strong>Abudritis</strong></span> <span class='ocrx_word' id='word_1_731' title='bbox 2711 4595 2879 4650; x_wconf 86' lang='lat' dir='ltr'><strong>dedit.</strong></span> <span class='ocrx_word' id='word_1_732' title='bbox 2927 4625 3001 4634; x_wconf 90' lang='grc'><strong>--</strong></span> <span class='ocrx_word' id='word_1_733' title='bbox 3047 4593 3252 4650; x_wconf 82' lang='lat' dir='ltr'><strong>Eodem</strong></span> 
     </span>
    </p>
   </div>
   <div class='ocr_carea' id='block_1_106' title="bbox 1675 4684 3256 4754">
    <p class='ocr_par' dir='ltr' id='par_1_106' title="bbox 1675 4684 3256 4754">
     <span class='ocr_line' id='line_1_106' title="bbox 1675 4684 3256 4754; baseline 0.003 -17"><span class='ocrx_word' id='word_1_734' title='bbox 1675 4692 1915 4754; x_wconf 85' lang='lat' dir='ltr'><strong>tempore</strong></span> <span class='ocrx_word' id='word_1_735' title='bbox 1943 4684 2256 4739; x_wconf 85' lang='lat' dir='ltr'><strong>Gotefridus</strong></span> <span class='ocrx_word' id='word_1_736' title='bbox 2297 4701 2388 4738; x_wconf 79' lang='lat' dir='ltr'><strong>rex</strong></span> <span class='ocrx_word' id='word_1_737' title='bbox 2420 4684 2698 4741; x_wconf 90' lang='lat' dir='ltr'><strong>Danorum</strong></span> <span class='ocrx_word' id='word_1_738' title='bbox 2730 4687 2882 4741; x_wconf 91' lang='lat' dir='ltr'><strong>venit</strong></span> <span class='ocrx_word' id='word_1_739' title='bbox 2923 4701 3049 4741; x_wconf 91' lang='lat' dir='ltr'><strong>cum</strong></span> <span class='ocrx_word' id='word_1_740' title='bbox 3077 4687 3256 4741; x_wconf 78' lang='lat' dir='ltr'><strong>classe</strong></span> 
     </span>
    </p>
   </div>
   <div class='ocr_carea' id='block_1_107' title="bbox 1671 4776 3259 4847">
    <p class='ocr_par' dir='ltr' id='par_1_107' title="bbox 1671 4776 3259 4847">
     <span class='ocr_line' id='line_1_107' title="bbox 1671 4776 3259 4847; baseline 0.003 -19"><span class='ocrx_word' id='word_1_741' title='bbox 1671 4784 1725 4829; x_wconf 92' lang='lat' dir='ltr'><strong>et</strong></span> <span class='ocrx_word' id='word_1_742' title='bbox 1756 4777 1905 4829; x_wconf 90' lang='lat' dir='ltr'><strong>omni</strong></span> <span class='ocrx_word' id='word_1_743' title='bbox 1934 4777 2178 4846; x_wconf 86' lang='lat' dir='ltr'><strong>equitatu</strong></span> <span class='ocrx_word' id='word_1_744' title='bbox 2211 4793 2312 4831; x_wconf 91' lang='lat' dir='ltr'><strong>suo</strong></span> <span class='ocrx_word' id='word_1_745' title='bbox 2341 4777 2408 4832; x_wconf 89' lang='lat' dir='ltr'><strong>ad</strong></span> <span class='ocrx_word' id='word_1_746' title='bbox 2451 4777 2632 4832; x_wconf 91' lang='lat' dir='ltr'><strong>locum</strong></span> <span class='ocrx_word' id='word_1_747' title='bbox 2687 4778 2783 4847; x_wconf 88' lang='lat' dir='ltr'><strong>qui</strong></span> <span class='ocrx_word' id='word_1_748' title='bbox 2830 4778 3032 4832; x_wconf 86' lang='lat' dir='ltr'><strong>dicitur</strong></span> <span class='ocrx_word' id='word_1_749' title='bbox 3081 4776 3259 4833; x_wconf 42' lang='lat' dir='ltr'><strong>Sclie-r</strong></span> 
     </span>
    </p>
   </div>
   <div class='ocr_carea' id='block_1_108' title="bbox 1673 4867 3252 4940">
    <p class='ocr_par' dir='ltr' id='par_1_108' title="bbox 1673 4867 3252 4940">
     <span class='ocr_line' id='line_1_108' title="bbox 1673 4867 3252 4940; baseline 0.001 -18"><span class='ocrx_word' id='word_1_750' title='bbox 1673 4869 1877 4937; x_wconf 89' lang='lat' dir='ltr'><strong>sdorpb</strong></span> <span class='ocrx_word' id='word_1_751' title='bbox 1908 4869 1998 4898; x_wconf 64' lang='lat'><strong>“5°</strong></span> <span class='ocrx_word' id='word_1_752' title='bbox 2029 4869 2082 4922; x_wconf 91' lang='lat' dir='ltr'><strong>in</strong></span> <span class='ocrx_word' id='word_1_753' title='bbox 2114 4869 2354 4924; x_wconf 89' lang='lat' dir='ltr'><strong>conﬁnio</strong></span> <span class='ocrx_word' id='word_1_754' title='bbox 2395 4869 2549 4940; x_wconf 87' lang='lat' dir='ltr'><strong>regni</strong></span> <span class='ocrx_word' id='word_1_755' title='bbox 2604 4869 2689 4923; x_wconf 92' lang='lat' dir='ltr'><strong>sui</strong></span> <span class='ocrx_word' id='word_1_756' title='bbox 2718 4879 2772 4923; x_wconf 91' lang='lat' dir='ltr'><strong>ct</strong></span> <span class='ocrx_word' id='word_1_757' title='bbox 2807 4867 3087 4935; x_wconf 63' lang='lat' dir='ltr'><strong>Saxoniaa;</strong></span> <span class='ocrx_word' id='word_1_758' title='bbox 3125 4873 3252 4940; x_wconf 81' lang='lat' dir='ltr'><strong>pro-</strong></span> 
     </span>
    </p>
   </div>
   <div class='ocr_carea' id='block_1_109' title="bbox 1663 4959 3250 5029">
    <p class='ocr_par' dir='ltr' id='par_1_109' title="bbox 1663 4959 3250 5029">
     <span class='ocr_line' id='line_1_109' title="bbox 1663 4959 3250 5029; baseline -0.001 -16"><span class='ocrx_word' id='word_1_759' title='bbox 1663 4960 1822 5014; x_wconf 81' lang='lat' dir='ltr'><strong>misit</strong></span> <span class='ocrx_word' id='word_1_760' title='bbox 1850 4959 1997 5013; x_wconf 89' lang='lat' dir='ltr'><strong>enim</strong></span> <span class='ocrx_word' id='word_1_761' title='bbox 2027 4975 2084 5014; x_wconf 91' lang='lat' dir='ltr'><strong>se</strong></span> <span class='ocrx_word' id='word_1_762' title='bbox 2111 4960 2180 5013; x_wconf 91' lang='lat' dir='ltr'><strong>ad</strong></span> <span class='ocrx_word' id='word_1_763' title='bbox 2205 4960 2540 5029; x_wconf 88' lang='lat' dir='ltr'><strong>colloquium</strong></span> <span class='ocrx_word' id='word_1_764' title='bbox 2565 4959 2910 5028; x_wconf 87' lang='lat' dir='ltr'><strong>imperatoris</strong></span> <span class='ocrx_word' id='word_1_765' title='bbox 2934 4966 3250 5021; x_wconf 85' lang='lat' dir='ltr'><strong>venturum,</strong></span> 
     </span>
    </p>
   </div>
   <div class='ocr_carea' id='block_1_110' title="bbox 1671 5049 3254 5120">
    <p class='ocr_par' dir='ltr' id='par_1_110' title="bbox 1671 5049 3254 5120">
     <span class='ocr_line' id='line_1_110' title="bbox 1671 5049 3254 5120; baseline -0.003 -12"><span class='ocrx_word' id='word_1_766' title='bbox 1671 5053 1764 5108; x_wconf 91' lang='lat' dir='ltr'><strong>sed</strong></span> <span class='ocrx_word' id='word_1_767' title='bbox 1787 5052 2020 5107; x_wconf 87' lang='lat' dir='ltr'><strong>consilio</strong></span> <span class='ocrx_word' id='word_1_768' title='bbox 2057 5067 2282 5106; x_wconf 89' lang='lat' dir='ltr'><strong>suorum</strong></span> <span class='ocrx_word' id='word_1_769' title='bbox 2313 5051 2558 5118; x_wconf 86' lang='lat' dir='ltr'><strong>territus,</strong></span> <span class='ocrx_word' id='word_1_770' title='bbox 2587 5051 2812 5120; x_wconf 88' lang='lat' dir='ltr'><strong>propius</strong></span> <span class='ocrx_word' id='word_1_771' title='bbox 2835 5065 2944 5105; x_wconf 91' lang='lat' dir='ltr'><strong>non</strong></span> <span class='ocrx_word' id='word_1_772' title='bbox 2989 5049 3254 5115; x_wconf 80' lang='lat' dir='ltr'><strong>accessit,</strong></span> 
     </span>
    </p>
   </div>
   <div class='ocr_carea' id='block_1_111' title="bbox 1672 5142 3255 5214">
    <p class='ocr_par' dir='ltr' id='par_1_111' title="bbox 1672 5142 3255 5214">
     <span class='ocr_line' id='line_1_111' title="bbox 1672 5142 3255 5214; baseline -0.002 -15"><span class='ocrx_word' id='word_1_773' title='bbox 1672 5143 1768 5199; x_wconf 85' lang='lat' dir='ltr'><strong>sed</strong></span> <span class='ocrx_word' id='word_1_774' title='bbox 1790 5143 2050 5214; x_wconf 84' lang='lat' dir='ltr'><strong>quiequid</strong></span> <span class='ocrx_word' id='word_1_775' title='bbox 2076 5143 2246 5198; x_wconf 89' lang='lat' dir='ltr'><strong>voluit</strong></span> <span class='ocrx_word' id='word_1_776' title='bbox 2273 5159 2370 5212; x_wconf 90' lang='lat' dir='ltr'><strong>per</strong></span> <span class='ocrx_word' id='word_1_777' title='bbox 2394 5144 2601 5213; x_wconf 82' lang='lat' dir='ltr'><strong>legatos</strong></span> <span class='ocrx_word' id='word_1_778' title='bbox 2637 5143 2945 5209; x_wconf 85' lang='lat' dir='ltr'><strong>mandavit;</strong></span> <span class='ocrx_word' id='word_1_779' title='bbox 2977 5157 3103 5197; x_wconf 88' lang='lat' dir='ltr'><strong>nam</strong></span> <span class='ocrx_word' id='word_1_780' title='bbox 3148 5142 3255 5196; x_wconf 90' lang='lat' dir='ltr'><strong>im-</strong></span> 
     </span>
    </p>
   </div>
   <div class='ocr_carea' id='block_1_112' title="bbox 1673 5232 3254 5306">
    <p class='ocr_par' dir='ltr' id='par_1_112' title="bbox 1673 5232 3254 5306">
     <span class='ocr_line' id='line_1_112' title="bbox 1673 5232 3254 5306; baseline 0 -17"><span class='ocrx_word' id='word_1_781' title='bbox 1673 5249 1892 5306; x_wconf 85' lang='lat' dir='ltr'><strong>perator</strong></span> <span class='ocrx_word' id='word_1_782' title='bbox 1921 5251 2084 5304; x_wconf 90' lang='lat' dir='ltr'><strong>super</strong></span> <span class='ocrx_word' id='word_1_783' title='bbox 2126 5235 2304 5289; x_wconf 84' lang='lat' dir='ltr'><strong>Albim</strong></span> <span class='ocrx_word' id='word_1_784' title='bbox 2348 5233 2573 5289; x_wconf 82' lang='lat' dir='ltr'><strong>fluvium</strong></span> <span class='ocrx_word' id='word_1_785' title='bbox 2599 5235 2822 5290; x_wconf 86' lang='lat' dir='ltr'><strong>sedebat</strong></span> <span class='ocrx_word' id='word_1_786' title='bbox 2848 5234 2901 5289; x_wconf 90' lang='lat' dir='ltr'><strong>in</strong></span> <span class='ocrx_word' id='word_1_787' title='bbox 2951 5233 3073 5289; x_wconf 91' lang='lat' dir='ltr'><strong>loco</strong></span> <span class='ocrx_word' id='word_1_788' title='bbox 3122 5232 3254 5289; x_wconf 60' lang='lat' dir='ltr'><strong>[Iole</strong></span> 
     </span>
    </p>
   </div>
   <div class='ocr_carea' id='block_1_113' title="bbox 1670 5325 3252 5396">
    <p class='ocr_par' dir='ltr' id='par_1_113' title="bbox 1670 5325 3252 5396">
     <span class='ocr_line' id='line_1_113' title="bbox 1670 5325 3252 5396; baseline -0.003 -11"><span class='ocrx_word' id='word_1_789' title='bbox 1670 5328 1908 5385; x_wconf 90' lang='lat' dir='ltr'><strong>dunsteti</strong></span> <span class='ocrx_word' id='word_1_790' title='bbox 1938 5328 2086 5383; x_wconf 89' lang='lat' dir='ltr'><strong>dicto</strong></span> <span class='ocrx_word' id='word_1_791' title='bbox 2117 5325 2212 5396; x_wconf 90' lang='lat' dir='ltr'><strong>(cf.</strong></span> <span class='ocrx_word' id='word_1_792' title='bbox 2241 5327 2308 5381; x_wconf 83' lang='lat' dir='ltr'><strong>A.</strong></span> <span class='ocrx_word' id='word_1_793' title='bbox 2352 5325 2520 5381; x_wconf 83' lang='lat' dir='ltr'><strong>Laur.</strong></span> <span class='ocrx_word' id='word_1_794' title='bbox 2545 5334 2594 5381; x_wconf 86' lang='lat' dir='ltr'><strong>et</strong></span> <span class='ocrx_word' id='word_1_795' title='bbox 2631 5325 2784 5380; x_wconf 76' lang='lat' dir='ltr'><strong>Emit.</strong></span> <span class='ocrx_word' id='word_1_796' title='bbox 2828 5326 2921 5396; x_wconf 82' lang='grc' dir='ltr'><strong>Α.)</strong></span> <span class='ocrx_word' id='word_1_797' title='bbox 2947 5355 3020 5364; x_wconf 89' lang='lat'><strong>——</strong></span> <span class='ocrx_word' id='word_1_798' title='bbox 3047 5325 3252 5381; x_wconf 83' lang='lat' dir='ltr'><strong>Eadem</strong></span> 
     </span>
    </p>
   </div>
   <div class='ocr_carea' id='block_1_114' title="bbox 1671 5415 3253 5492">
    <p class='ocr_par' dir='ltr' id='par_1_114' title="bbox 1671 5415 3253 5492">
     <span class='ocr_line' id='line_1_114' title="bbox 1671 5415 3253 5492; baseline -0.006 -15"><span class='ocrx_word' id='word_1_799' title='bbox 1671 5434 1891 5492; x_wconf 88' lang='lat' dir='ltr'><strong>quoque</strong></span> <span class='ocrx_word' id='word_1_800' title='bbox 1919 5426 2108 5473; x_wconf 64' lang='lat' dir='ltr'><strong>testate</strong></span> <span class='ocrx_word' id='word_1_801' title='bbox 2145 5418 2414 5488; x_wconf 89' lang='lat' dir='ltr'><strong>perlatum</strong></span> <span class='ocrx_word' id='word_1_802' title='bbox 2444 5425 2531 5473; x_wconf 90' lang='lat' dir='ltr'><strong>est</strong></span> <span class='ocrx_word' id='word_1_803' title='bbox 2568 5415 2636 5473; x_wconf 89' lang='lat' dir='ltr'><strong>ad</strong></span> <span class='ocrx_word' id='word_1_804' title='bbox 2670 5415 3081 5487; x_wconf 88' lang='lat' dir='ltr'><strong>imperatorem,</strong></span> <span class='ocrx_word' id='word_1_805' title='bbox 3124 5430 3253 5470; x_wconf 90' lang='lat' dir='ltr'><strong>san-</strong></span> 
     </span>
    </p>
   </div>
   <div class='ocr_carea' id='block_1_115' title="bbox 1229 5515 1894 5574">
    <p class='ocr_par' dir='ltr' id='par_1_115' title="bbox 1229 5515 1894 5574">
     <span class='ocr_line' id='line_1_115' title="bbox 1229 5515 1894 5574; baseline 0.005 -7"><span class='ocrx_word' id='word_1_806' title='bbox 1229 5515 1460 5570; x_wconf 63' lang='lat' dir='ltr'><strong>VARIIE</strong></span> <span class='ocrx_word' id='word_1_807' title='bbox 1490 5516 1894 5574; x_wconf 75' lang='lat' dir='ltr'><strong>LECTIONES.</strong></span> 
     </span>
    </p>
   </div>
   <div class='ocr_carea' id='block_1_116' title="bbox 61 5594 1434 5676">
    <p class='ocr_par' dir='ltr' id='par_1_116' title="bbox 61 5594 1434 5676">
     <span class='ocr_line' id='line_1_116' title="bbox 61 5594 1434 5676; baseline 0.011 -30"><span class='ocrx_word' id='word_1_808' title='bbox 61 5597 76 5624; x_wconf 85' lang='grc'>¹</span> <span class='ocrx_word' id='word_1_809' title='bbox 101 5594 157 5626; x_wconf 85' lang='grc'><strong>³³</strong></span> <span class='ocrx_word' id='word_1_810' title='bbox 194 5594 290 5676; x_wconf 72' lang='lat' dir='ltr'><strong>EI.</strong></span> <span class='ocrx_word' id='word_1_811' title='bbox 333 5600 978 5676; x_wconf 47' lang='lat' dir='ltr'><strong>additftrbramalncipit</strong></span> <span class='ocrx_word' id='word_1_812' title='bbox 1003 5603 1157 5676; x_wconf 18' lang='lat' dir='ltr'><strong>liberi</strong></span> <span class='ocrx_word' id='word_1_813' title='bbox 1188 5618 1434 5676; x_wconf 88' lang='lat' dir='ltr'><strong>quartus.</strong></span> 
     </span>
    </p>
   </div>
   <div class='ocr_carea' id='block_1_117' title="bbox 22 5668 1190 5736">
    <p class='ocr_par' dir='ltr' id='par_1_117' title="bbox 22 5668 1190 5736">
     <span class='ocr_line' id='line_1_117' title="bbox 22 5668 1190 5736; baseline 0.012 -22"><span class='ocrx_word' id='word_1_814' title='bbox 22 5684 26 5714; x_wconf 78' lang='grc' dir='ltr'>ι</span> <span class='ocrx_word' id='word_1_815' title='bbox 74 5680 133 5718; x_wconf 73' lang='grc' dir='ltr'><strong>ιη</strong></span> <span class='ocrx_word' id='word_1_816' title='bbox 154 5668 316 5736; x_wconf 78' lang='lat' dir='ltr'><strong>:rgine</strong></span> <span class='ocrx_word' id='word_1_817' title='bbox 342 5668 436 5724; x_wconf 85' lang='lat' dir='ltr'><strong>EI.</strong></span> <span class='ocrx_word' id='word_1_818' title='bbox 479 5670 793 5728; x_wconf 70' lang='lat' dir='ltr'><strong>Sclieswicb</strong></span> <span class='ocrx_word' id='word_1_819' title='bbox 825 5674 878 5727; x_wconf 82' lang='lat' dir='ltr'><strong>in</strong></span> <span class='ocrx_word' id='word_1_820' title='bbox 904 5668 1056 5728; x_wconf 60' lang='lat' dir='ltr'><strong>textu</strong></span> <span class='ocrx_word' id='word_1_821' title='bbox 1093 5674 1190 5730; x_wconf 66' lang='grc' dir='ltr'><strong>ΕΩ.</strong></span> 
     </span>
    </p>
   </div>
   <div class='ocr_carea' id='block_1_118' title="bbox 1519 5598 3248 5663">
    <p class='ocr_par' dir='ltr' id='par_1_118' title="bbox 1519 5598 3248 5663">
     <span class='ocr_line' id='line_1_118' title="bbox 1519 5598 3248 5663; baseline -0.006 -2"><span class='ocrx_word' id='word_1_822' title='bbox 1519 5610 1610 5639; x_wconf 53' lang='lat'><strong>“5*</strong></span> <span class='ocrx_word' id='word_1_823' title='bbox 1649 5605 1854 5660; x_wconf 72' lang='lat' dir='ltr'><strong>LXVII.</strong></span> <span class='ocrx_word' id='word_1_824' title='bbox 1899 5605 1957 5659; x_wconf 89' lang='lat' dir='ltr'><strong>D.</strong></span> <span class='ocrx_word' id='word_1_825' title='bbox 2006 5604 2066 5658; x_wconf 89' lang='lat' dir='ltr'><strong>E.</strong></span> <span class='ocrx_word' id='word_1_826' title='bbox 2150 5605 2240 5663; x_wconf 55' lang='lat'><strong>“3&quot;</strong></span> <span class='ocrx_word' id='word_1_827' title='bbox 2281 5604 2538 5658; x_wconf 88' lang='lat' dir='ltr'><strong>lateransi</strong></span> <span class='ocrx_word' id='word_1_828' title='bbox 2581 5603 2630 5656; x_wconf 83' lang='lat' dir='ltr'><strong>I.</strong></span> <span class='ocrx_word' id='word_1_829' title='bbox 2713 5601 2804 5633; x_wconf 84' lang='grc'><strong>⁸¹⁸⁶</strong></span> <span class='ocrx_word' id='word_1_830' title='bbox 2844 5601 2927 5656; x_wconf 85' lang='lat' dir='ltr'><strong>vel</strong></span> <span class='ocrx_word' id='word_1_831' title='bbox 2964 5598 3248 5656; x_wconf 74' lang='lat' dir='ltr'><strong>Slieswicb</strong></span> 
     </span>
    </p>
   </div>
  </div>
