3880 6308
600 290 703 346 867

1769 271 2163 329 EKKEHARDI
2206 266 2671 326 URAUGIENSIS

3719 265 3792 319 θῦε

603 402 827 472 guinem
851 398 1070 454 Domini
1109 398 1164 452 in
1192 396 1411 450 Mantua
1437 394 1656 450 civitate
1679 392 1852 447 fuisse
1880 401 2186 461 repertum,
2221 399 2263 450 Λ
2293 388 2569 442 civitatem
2594 385 2826 449 obsedit,
2858 383 2956 438 sed
2997 398 3104 436 non
3153 382 3340 436 valens
3379 394 3496 433 eam
3523 393 3714 446 capere,
3733 379 3795 432 dio

608 501 871 569 misitque
903 496 969 550 ad
1000 509 1217 565 papam,
1248 501 1310 548 ut
1343 491 1508 560 huius
1533 490 1692 544 famae
1727 487 2012 542 veritatem
2062 501 2189 554 per-

604 589 868 660 quireret.
921 582 1026 650 Qui
1072 589 1232 636 nacta
1282 578 1576 635 occasione
1605 575 1859 639 exeundi,
1907 574 2087 644 primo
2136 572 2189 625 iu

608 677 1081 750 Longobardiam,
1145 672 1306 743 quasi
1367 685 1467 741 pro
1528 668 1887 739 inquisitione
1950 665 2193 735 predicta

607 768 884 841 profectus
934 773 1048 831 est,
1098 763 1335 832 indeque
1390 761 1574 815 subito
1631 767 1846 827 arrepto
1891 756 2084 810 itinere
2126 755 2195 808 ad

609 861 1026 930 imperatorem,
1075 854 1359 910 mandavit
1407 852 1455 906 ei
1499 850 1679 906 medio
1739 847 2076 911 Novembre,
2139 859 2197 899 se

608 953 748 1006 velle
781 950 960 1003 natale
988 947 1203 1001 Domini
1235 960 1362 999 cum
1407 959 1476 998 eo
1529 942 1827 998 celebrare.
1859 938 1966 1004 Qui
2011 935 2194 1018 statim

612 1041 786 1095 misso
810 1038 922 1092 ﬁlio
953 1051 1055 1090 suo
1096 1034 1295 1088 Karolo
1319 1033 1387 1087 ad
1430 1031 1693 1086 Sanctum
1723 1027 2069 1090 Mam-icium,
2101 1025 2198 1078 ho-

613 1130 838 1185 noriﬁce
866 1144 993 1182 eum
1029 1125 1308 1195 suscipere
1355 1123 1540 1194 jussit,
1583 1123 1808 1191 ipseque
1855 1118 2070 1172 obviam
2122 1115 2198 1169 illi

616 1223 816 1277 Remos
871 1233 1102 1290 pergens
1124 1225 1157 1284 ,’
1189 1216 1332 1286 apud
1387 1214 1728 1270 Carisiacum
1783 1211 1966 1264 villam
2023 1209 2201 1262 natale

617 1312 835 1368 Domini
859 1309 1175 1374 celebravit,
1215 1307 1410 1363 deinde
1436 1302 1781 1375 Aquasgrani
1804 1300 2086 1372 perduxit,
2109 1300 2204 1354 do-

620 1413 921 1473 natumque
968 1400 1182 1470 magnis
1231 1397 1555 1453 muneribus
1614 1410 1713 1466 per
1763 1393 2070 1463 Bajoariam
2126 1392 2204 1447 ire

623 1497 921 1560 volentem,
951 1492 1147 1547 deduci
1176 1489 1305 1544 fecit
1335 1503 1511 1559 usque
1546 1487 1883 1542 Ravennam.

765 1588 782 1606 ‘
809 1582 873 1637 C.
907 1581 1094 1635 addit:
1118 1580 1353 1634 Karolus
1386 1594 1483 1648 per
1513 1591 1676 1631 omne
1719 1575 2008 1648 imperium
2032 1574 2205 1648 justi-

831 1653 946 1721 eias
1003 1650 1135 1708 Icit
1172 1660 1228 1721 et
1267 1647 1404 1721 legis
1431 1648 1670 1718 capitula
1719 1647 1789 1701 29
1831 1647 2088 1701 instituit.
2141 1661 2206 1699 ea:

835 1719 1012 1792 Sigeb.
1049 1738 1102 1774 a.
1136 1719 1260 1774 802.

696 1814 748 1866 5.
789 1813 878 1866 57.
922 1811 1100 1883 (Emu.
1129 1812 1196 1866 Α.
1221 1841 1292 1850 -
1314 1809 1386 1866 cf.
1411 1810 1478 1864 Α.
1516 1807 1708 1880 Laur.)
1744 1809 1808 1863 A.
1843 1808 1906 1862 D.
1936 1807 2060 1863 805.
2100 1805 2208 1860 Im—

624 1914 844 1974 perator
877 1905 1026 1958 misit
1075 1903 1245 1957 ﬁlium
1284 1919 1444 1958 suum
1487 1901 1748 1956 Karolum
1797 1917 1922 1956 cum
1967 1899 2208 1955 exercitu

629 1998 683 2049 in
738 1994 1049 2059 Poemiam,
1109 1995 1237 2064 qui,
1291 1992 1634 2063 depopulatis
1683 1993 1960 2056 omnibus,
2017 1992 2210 2045 ducem

630 2099 786 2141 terra‘
819 2086 963 2141 illius
993 2087 1216 2139 nomine
1261 2084 1572 2139 Leehoncm
1614 2082 1836 2147 occidit,
1870 2083 2104 2153 indeque
2127 2099 2214 2136 re-

629 2197 852 2252 gressus
887 2180 954 2234 ad
984 2189 1216 2250 patrem,
1251 2179 1308 2233 in
1343 2179 1553 2249 Vosego
1584 2179 1720 2233 silva
1749 2185 1969 2233 venatui
1991 2179 2216 2234 studen-

632 2287 740 2330 tem
773 2275 1004 2329 invenit.

709 2367 766 2422 6.
808 2367 895 2420 38.
937 2365 1116 2434 (EINII.
1149 2365 1240 2435 Α.)
1277 2365 1342 2418 Α.
1381 2363 1443 2418 D.
1488 2363 1612 2418 806.
1653 2363 1984 2434 Imperator,
2032 2363 2218 2417 habito

633 2466 926 2524 conventu,
955 2458 1076 2512 iniit
1115 2458 1407 2512 consilium
1443 2473 1567 2512 cum
1617 2457 1952 2526 primoribus
1981 2454 2220 2510 Franco-

637 2567 758 2604 rum
782 2551 848 2604 de
872 2565 1005 2620 pace
1027 2549 1407 2603 constituenda
1449 2557 1505 2603 et
1533 2548 1926 2614 conservanda,
1975 2556 2031 2602 et
2055 2550 2121 2602 de
2145 2547 2223 2602 di-

634 2640 848 2695 visione
875 2639 1024 2709 regui
1050 2637 1298 2693 facienda
1322 2639 1465 2692 inter
1487 2637 1629 2693 ﬁlios
1653 2652 1785 2692 suos
1810 2637 1864 2692 in
1880 2646 1992 2692 tres
2015 2646 2218 2707 partes,

634 2743 697 2787 ut
725 2731 892 2786 sciret
916 2730 1299 2800 unusquisque
1345 2730 1586 2794 illorum,
1630 2744 1795 2798 quam
1843 2737 2052 2799 partem
2082 2726 2223 2782 tueri

637 2831 692 2875 et
722 2835 911 2892 regere
947 2820 1186 2886 deberet,
1236 2821 1281 2874 si
1333 2819 1439 2874 sibi
1487 2828 1768 2889 superstes
1815 2817 2111 2873 devenit-et.
2150 2818 2224 2873 De

644 2914 749 2969 hac
783 2912 1076 2983 partitione
1124 2921 1512 2968 testamentum
1559 2920 1644 2967 est
1694 2911 1899 2966 factum
1936 2919 1991 2966 et
2009 2911 2225 2981 jureju-

645 3004 817 3058 rando
844 3004 914 3057 ab
939 3004 1296 3074 Optimatibus
1325 3004 1730 3058 conﬁrmatum.

713 3094 766 3148 7.
810 3095 898 3148 59.
937 3094 1002 3148 Α.
1045 3094 1110 3147 1).
1155 3094 1279 3148 80'1.
1320 3094 1506 3164 Legati
1534 3095 1677 3164 regis
1722 3093 2015 3149 Persarum
2061 3109 2226 3148 vene-

641 3195 773 3240 runt
803 3185 870 3240 ad
906 3187 1314 3255 imperatorem,
1346 3185 1658 3240 deferentes
1705 3186 1754 3240 ei
1787 3202 2047 3252 munera,
2077 3185 2227 3255 papi-

644 3275 846 3330 lionem
897 3285 955 3330 et
989 3276 1094 3329 tria
1149 3276 1403 3341 tentoria,
1456 3276 1610 3330 vario
1637 3277 1820 3331 colore
1876 3277 2039 3343 facta,
2071 3277 2226 3332 mira:

642 3366 1036 3436 magnitudinis
1061 3375 1115 3420 ct
1147 3367 1590 3436 pulchritudinis,
1616 3369 1799 3422 omnia
1830 3369 2059 3436 hissina,
2115 3379 2225 3425 tam

562 3483 568 3488 -
642 3455 879 3511 tentoria
909 3471 1074 3525 quam
1113 3454 1270 3510 funes
1297 3471 1507 3510 eorum.
1542 3457 1793 3511 Preterea
1825 3458 2000 3527 pallia
2053 3459 2227 3515 serica

642 3546 816 3601 multa
867 3555 922 3600 et
974 3547 1221 3616 preciosa
1272 3556 1435 3617 atque
1466 3557 1740 3617 unguenta
1791 3559 1846 3605 et
1888 3551 2226 3617 balsamum,

649 3653 753 3690 nec
783 3653 890 3691 non
915 3646 969 3691 et
994 3638 1337 3705 horologium
1367 3656 1432 3695 ex
1458 3642 1733 3698 auricalco
1774 3653 1891 3699 arte
1911 3646 2228 3701 mechanica

643 3727 876 3782 miriﬁce
898 3729 1283 3798 compositum,
1313 3730 1365 3785 in
1391 3747 1500 3802 quo
1535 3733 1598 3786 l2
1629 3734 1886 3790 horarum
1923 3753 2118 3792 cursus
2161 3739 2229 3794 ad

643 3815 973 3886 clepsidram
1006 3819 1340 3885 vertebatur,
1370 3836 1495 3875 cum
1544 3822 1769 3877 totidem
1816 3825 1974 3880 mrcis
2003 3826 2226 3896 pillulis,

645 3921 771 3976 qua:
794 3907 860 3962 ad
888 3909 1305 3979 completionem
1350 3912 1612 3968 horarum
1658 3915 1976 3971 decidebant
2009 3927 2064 3972 et
2096 3935 2230 3974 casu

647 4013 751 4054 suo
799 3999 1106 4069 subjectum
1158 4001 1262 4058 sibi
1305 4005 1613 4075 cymbalum
1674 4008 1874 4064 tinnire
1927 4010 2228 4081 faciebant,

646 4089 848 4145 additis
890 4091 946 4146 in
991 4092 1182 4147 eodem
1225 4093 1471 4164 ejusdem
1519 4100 1733 4153 numeri
1785 4102 2095 4171 equitibus,
2136 4107 2231 4176 qui

645 4196 746 4251 per
779 4181 843 4235 12
872 4181 1139 4240 fenestras
1164 4187 1450 4258 completis
1473 4189 1624 4245 horis
1648 4191 1891 4259 exibant,
1915 4203 1971 4249 et
1991 4196 2229 4266 impulsu

645 4271 981 4342 egressionis
1005 4289 1119 4331 suae
1147 4277 1372 4332 totidem
1401 4277 1694 4347 fenestras,
1718 4297 1841 4352 qua:
1876 4285 2031 4355 prius
2075 4297 2234 4344 erant

646 4371 872 4432 apertae,
897 4363 1241 4420 claudebant.
1270 4367 1389 4422 Alia
1409 4383 1628 4440 quoque
1652 4373 1822 4450 multa
1851 4376 2083 4430 erantin
2115 4378 2234 4448 ipso

646 4452 952 4523 horologio,
975 4470 1098 4524 qua:
1121 4471 1445 4514 enumerare
1466 4460 1688 4532 longum
1717 4471 1821 4518 est.

713 4543 766 4599 8.
810 4545 899 4599 40.
937 4545 1004 4600 Α.
1045 4545 1108 4602 D.
1151 4547 1602 4620 808.1mperator
1629 4554 1858 4611 audiens
1886 4555 2228 4613 Gotel’ridum

646 4645 830 4706 regem
874 4635 1152 4693 Danorum
1189 4639 1244 4694 in
1283 4640 1578 4699 Abodritos
1613 4660 1738 4700 cum
1773 4651 2016 4704 exercitu
2065 4652 2218 4720 traje-

643 4726 808 4792 cisse,
837 4725 1098 4784 Karolum
1125 4729 1294 4786 lilium
1320 4747 1479 4788 suum
1507 4750 1630 4790 cum
1661 4737 1839 4792 valida
1887 4739 2226 4798 Francorum

644 4828 698 4874 et
719 4819 1002 4875 Saxonum
1034 4838 1201 4876 manu
1230 4825 1380 4879 misit
1407 4833 1597 4882 contra
1623 4819 1772 4896 eum,
1809 4831 1852 4886 si
1884 4830 2024 4887 forte
2055 4833 2229 4890 Saxo-

645 4914 752 4968 nia:
780 4915 1044 4970 terminos
1079 4918 1300 4988 aggredi
1337 4927 1643 4990 temptaret.
1689 4921 1782 4978 llle
1813 4937 2014 4981 autem.
2054 4943 2228 4997 expu-

645 5006 826 5075 gnatis
885 5007 1098 5078 aliquot
1152 5008 1473 5065 Sclavorum
1533 5015 1802 5079 castellis,
1855 5033 1981 5072 cum
2030 5035 2230 5087 magno

647 5096 930 5165 copiarum
977 5115 1205 5155 suarum
1257 5103 1587 5160 detrimento
1641 5122 1893 5165 reversus
1940 5121 2043 5166 est.
2093 5113 2228 5168 Nam

648 5201 813 5240 manu
847 5193 1292 5261 promptissimos
1329 5196 1544 5264 amisit,
1590 5197 1732 5254 inter
1775 5216 1915 5271 quos
1958 5212 2013 5258 et
2057 5203 2228 5261 ﬁlium

647 5275 837 5333 fratris
871 5280 956 5334 sui
983 5282 1204 5338 nomine
1234 5282 1615 5355 Reginoldum.

719 5369 772 5424 9.
810 5371 899 5426 41.
941 5371 1006 5426 Α.
1049 5371 1112 5427 1).
1155 5374 1280 5430 809.
1321 5375 1652 5436 Ludowicus
1667 5396 1786 5449 rex,
1821 5383 1966 5441 ﬁlius
2000 5385 2232 5456 impera-

647 5460 806 5528 toris,
828 5477 955 5518 cum
982 5466 1226 5522 exercitu
1246 5465 1566 5539 Hispaniam
1598 5471 1900 5544 ingressus,
1942 5475 2228 5535 Dertosam

2295 479 2462 533 missa
2493 477 2802 541 obsidione,
2835 477 2888 529 in
2924 475 3273 544 Aquitaniam
3297 488 3356 526 se
3381 471 3589 539 recepit.

2365 570 2453 624 10.
2493 570 2582 622 42.
2624 569 2690 622 Α.
2732 567 2796 621 1).
2833 567 2960 621 810.
3014 566 3280 636 Pippinus
3327 580 3420 618 rex
3467 559 3650 622 Italia,
3696 577 3802 616 auls

2295 659 2665 729 imperatoris,
2694 657 2918 727 perﬁdia
2947 656 3151 710 ducum
3184 651 3562 708 Venetieorum
3585 649 3801 712 incitatus,

2297 750 2580 805 Venetiam
2616 749 2759 803 bello
2780 757 2926 802 terra
2953 747 3202 816 marique
3231 744 3400 816 jussit
3444 750 3689 811 appetere,
3710 741 3804 792 sub-

2293 843 2547 912 jectaque
2581 839 2828 904 Venetia,
2860 839 3031 893 duces
3062 838 3185 908 ejus
3207 838 3261 890 in
3294 833 3615 890 deditionem
3634 831 3804 899 accepit.

2297 930 2597 1000 Imperator
2630 938 2811 983 autem
2834 928 3013 982 adhuc
3034 924 3366 996 Aquisgrani
3407 936 3571 992 agens
3588 929 3638 975 et
3668 926 3806 974 contra

2299 1020 2637 1077 Gotefridum
2661 1036 2843 1090 regem
2865 1018 3264 1088 expeditionem
3299 1015 3590 1073 meditans.
3609 1011 3808 1065 nunciam

2301 1113 2530 1182 accepit,
2561 1112 2794 1166 classem
2820 1111 3179 1165 ducentarum
3210 1107 3434 1161 navium
3459 1104 3527 1158 de
3547 1101 3810 1156 Nor-manui:

2301 1203 2546 1257 Fresiam
2573 1201 2852 1272 appulisse
2887 1209 3139 1269 totasque
3164 1197 3422 1251 Fresiaco
3454 1193 3594 1248 litori
3624 1194 3813 1262 adjacen-

2301 1305 2385 1351 tes
2438 1293 2648 1349 insulas
2695 1300 2972 1358 vastasse,
3027 1291 3245 1359 iamque
3275 1286 3578 1343 exercitum
3618 1284 3741 1338 illum
3777 1285 3814 1336 ia

2304 1386 2605 1442 continenti
2630 1394 2773 1440 terra
2804 1399 2947 1439 esse.
2977 1381 3082 1449 Qui
3111 1378 3460 1451 congregatis
3483 1385 3672 1447 quanta
3692 1376 3816 1444 pnituit

2305 1478 2583 1533 celeritate
2634 1476 2830 1547 capiis,
2875 1489 2907 1529 e
2950 1473 3174 1545 regione
3220 1469 3537 1532 contendit,
3585 1467 3817 1536 positisque

2303 1570 2458 1640 juxta
2489 1569 2768 1624 Wisaram
2801 1566 3020 1632 castris,
3065 1562 3343 1619 minarum
3391 1558 3806 1629 Gotelridijxesto

2307 1661 2452 1714 latur
2473 1667 2748 1715 eventum.
2773 1655 2910 1711 Nam
2942 1672 3035 1710 rex
3063 1655 3151 1709 ille
3181 1652 3460 1724 superbus
3480 1649 3740 1704 vanisima
3757 1663 3820 1716 spe

2239 1755 2284 1813 Β
2310 1752 2552 1806 victoriae
2579 1749 2820 1815 inﬂatus,
2845 1764 2970 1803 cum
2996 1748 3324 1817 imperatore
3371 1758 3436 1798 se
3466 1741 3704 1813 congredi
3726 1740 3820 1792 velle

2304 1845 2567 1916 jac-tabat.
2604 1842 2708 1897 Sed
2731 1842 2860 1896 dum
2882 1841 3182 1910 imperator
3201 1837 3404 1893 stativa
3437 1843 3616 1889 castra
3644 1831 3821 1886 haberet.

2309 1938 2650 1992 diversarum
2685 1948 2866 1988 rerum
2893 1932 3077 1986 nuncii
3100 1931 3166 1984 ad
3188 1944 3313 1984 eum
3346 1933 3639 1989 venerunt,
3658 1925 3822 1978 classem

2312 2030 2524 2084 scilicet
2575 2025 2875 2096 predictam
2932 2021 3103 2076 fuisse
3161 2032 3470 2090 regressam
3503 2056 3521 2081 ,
3563 2009 3824 2069 ϐοωϋῆ

2313 2129 2494 2184 regem
2527 2127 2557 2165 a
2579 2111 2818 2181 quodam
2863 2107 3095 2164 satellite
3131 2120 3255 2170 suo,
3285 2103 3422 2166 sive,
3453 2113 3522 2156 ut
3558 2101 3745 2171 quidam
3772 2099 3829 2150 dio

2315 2214 2448 2262 cunt
2479 2202 2650 2274 (Man.
2699 2199 2864 2272 Sang.
2926 2215 2987 2265 ιι,
3043 2197 3164 2267 15),
3195 2213 3226 2251 a
3276 2195 3390 2250 ﬁlio
3438 2193 3682 2265 proprio,
3722 2191 3830 2257 cuitu

2317 2306 2570 2360 matrem,
2615 2309 2789 2364 nuper
2833 2291 2939 2346 alia
2975 2289 3212 2360 conjuge
3250 2288 3439 2352 ducta,
3483 2286 3753 2347 dimiserat,
3777 2283 3829 2334 ia-

2315 2388 2630 2453 terl'ectum,
2668 2385 2952 2440 castellum
2977 2379 3279 2444 Holicburi,
3325 2377 3511 2433 Albia
3549 2373 3732 2431 ﬂumini
3765 2386 3830 2439 ap-

2318 2481 2582 2552 positum,
2615 2479 2670 2532 in
2693 2491 2804 2546 quo
2826 2474 2970 2530 Outo
2998 2475 3210 2544 legatus
3243 2467 3602 2541 imperatoris
3627 2475 3674 2522 et
3707 2465 3830 2519 utia-

2321 2573 2511 2628 talium
2563 2568 2844 2624 Saxonum
2895 2575 3013 2621 erat
3060 2563 3340 2634 presidiis,
3368 2577 3399 2616 a
3443 2560 3640 2616 “’ileis
3679 2565 3832 2625 cauum

2324 2663 2501 2734 (EINH.
2531 2661 2622 2731 Α.)
2644 2702 2659 2727 ,
2689 2668 2745 2715 et
2771 2659 3061 2729 Pippinum
3090 2656 3263 2710 ﬁlium
3286 2654 3411 2724 ejus
3441 2669 3630 2725 regem
3655 2650 3788 2705 italia
3814 2647 3835 2699 8

2324 2754 2452 2809 lalus
2473 2752 2602 2808 Julii
2623 2751 2970 2806 defunctum.
3009 2747 3221 2816 Quibus
3253 2747 3488 2813 auditis,
3518 2744 3747 2816 disposita
3772 2754 3837 2809 pm

2324 2843 2588 2913 temporis
2618 2840 2927 2897 conditione
2960 2839 3222 2904 Saxonia,
3256 2838 3494 2892 domum
3514 2835 3836 2890 revertitur.—

2325 2934 2406 2989 Eo
2429 2950 2574 2989 anno
2589 2935 2672 2989 sol
2694 2943 2750 2988 et
2777 2933 2906 2986 luna
2941 2933 3027 2986 bis
3051 2931 3391 2995 defecerunt,
3413 2928 3508 2985 sol
3541 2928 3573 2980 7
3617 2927 3723 2981 ldus
3740 2923 3836 2977 in":

2327 3036 2382 3082 et
2436 3027 2472 3080 2
2553 3025 2778 3080 Kalend.
2840 3024 3128 3089 Decemb.,
3185 3023 3314 3077 luna
3365 3023 3424 3075 11
3505 3019 3712 3075 Kaleml.
3756 3014 3840 3069 Julii

2255 3105 2296 3163 C
2327 3127 2382 3173 et
2414 3118 2481 3172 18
2533 3116 2759 3172 Kalend.
2807 3114 3076 3170 Januarii.
3116 3146 3190 3155 —
3233 3100 3626 3176 Ruothdruth,
3654 3111 3741 3165 lilia
3775 3110 3838 3160 im-

2324 3207 2595 3278 peratoris
2640 3206 2818 3275 major
2866 3214 3022 3271 natu,
3054 3204 3086 3258 8
3120 3203 3249 3260 ldus
3299 3203 3456 3258 Junii
3511 3203 3659 3259 obiit.
3688 3229 3744 3240 ——
3772 3195 3841 3252 Go-

2329 3295 2526 3351 tel‘rido
2549 3311 2676 3367 rege
2697 3295 2975 3350 Danorum
2999 3303 3247 3361 mortuo,
3272 3293 3638 3365 Hemmingus
3661 3292 3750 3351 ³⁸⁸⁷,
3773 3287 3842 3340 1η-

2327 3387 2428 3442 tris
2461 3386 2547 3442 sui
2581 3387 2746 3451 ﬁlius,
2780 3387 2835 3440 in
2873 3401 3104 3457 regnum
3147 3385 3438 3452 successit,
3469 3401 3540 3441 ac
3571 3396 3734 3456 pacem
3760 3393 3842 3434 tua

2329 3479 2656 3548 imperatore
2687 3478 2833 3533 fecit.

2401 3567 2488 3621 11.
2508 3568 2597 3621 45.
2628 3567 2693 3621 Α.
2715 3566 2776 3621 1).
2798 3567 2922 3622 811.
2946 3567 3247 3638 Imperator
3286 3567 3402 3634 ¹¹⁸³,
3425 3583 3570 3638 pace
3604 3580 3716 3623 cum
3736 3561 3842 3616 lim-

2331 3658 2519 3729 miugo
2555 3658 2792 3726 ﬁrmata,
2817 3668 2874 3714 et
2895 3660 3096 3730 placito
3133 3660 3377 3730 generali
3413 3661 3596 3731 Aquis
3622 3659 3786 3717 habito.
3810 3656 3841 3706 ἐξ

2332 3757 2444 3804 tres
2475 3759 2659 3819 partes
2694 3749 2845 3820 regni
2878 3750 2963 3805 sui
2998 3751 3219 3806 totidem
3246 3752 3534 3807 exercitus
3556 3750 3709 3812 misit,
3729 3759 3865 3800 ωηιξη

2330 3849 2484 3896 trans
2509 3841 2722 3896 Albiam
2755 3842 2812 3896 in
2857 3841 3148 3910 Limones,
3191 3843 3289 3913 qui
3319 3853 3378 3899 et
3420 3844 3580 3914 ipsos
3606 3841 3846 3897 vastantes

2331 3931 2618 3986 castellum
2667 3931 2949 3987 Hohcburi
3006 3934 3279 4004 superiori
3323 3948 3479 3989 anno
3517 3951 3552 3989 a
3590 3932 3755 3987 Wilcis
3783 3929 3844 3981 de-

2333 4031 2606 4078 structum
2661 4025 3019 4091 restauravit,
3069 4026 3302 4080 alterum
3324 4020 3423 4080 ‘in
3485 4025 3766 4081 Pannonias
3805 4019 3847 4072 Il

2332 4116 2738 4170 controversias
2791 4115 3079 4171 Hunorum
3131 4126 3188 4172 et
3239 4116 3570 4173 Sclavorum
3625 4113 3845 4171 liam.

2333 4205 2562 4260 tereium
2587 4205 2642 4260 in
2666 4205 2939 4263 Brittones
2961 4208 3030 4262 ad
3046 4223 3239 4263 eorum
3262 4209 3556 4279 perﬁdiam
3569 4206 3846 4280 punienda!-

2333 4294 2439 4362 Qui
2466 4312 2658 4353 omnes
2700 4314 2964 4369 prospere
2991 4309 3242 4371 egerunt.
3272 4299 3536 4368 Karolus,
3574 4303 3706 4356 ﬁlius
3729 4299 3842 4364 inpi-

2335 4389 2536 4444 ratoris
2572 4389 2751 4459 major
2779 4401 2934 4455 natu,
2965 4390 3000 4445 2
3035 4390 3177 4446 Non.
3211 4391 3472 4448 Deceml).
3501 4393 3656 4449 obiit.

2418 4481 2497 4534 12..
2540 4481 2626 4535 Η.
2669 4482 2732 4536 Α.
2775 4481 2842 4538 1).
2877 4481 3001 4536 812.
3042 4482 3392 4554 Nicephorus
3439 4479 3846 4554 imperatorii»

2338 4570 2858 4640 stantinOpolitanus
2887 4588 3138 4642 pugnans
3171 4584 3366 4630 contra
3393 4574 3681 4646 Bulgares,
3705 4570 3848 4626 «άῶ-

2337 4669 2449 4730 tur,
2481 4670 2535 4716 et
2561 4661 2850 4727 Michahel,
2881 4679 3045 4734 gener
3089 4663 3233 4734 ejus,
3282 4665 3517 4737 imperio
3549 4666 3748 4737 potitur.
3779 4661 3847 4724 Qui

2337 4753 2546 4824 legatos
2593 4751 2777 4807 Karoli
2820 4755 3165 4824 imperatoris
3215 4757 3281 4811 ad
3323 4757 3683 4828 Nicephorum
3709 4767 3850 4809 missos

2338 4845 2579 4916 suscepit
2623 4855 2677 4900 et
2723 4847 2986 4914 absolvit,
3024 4864 3151 4903 cum
3180 4849 3386 4918 quibus
3425 4859 3478 4905 et
3532 4851 3723 4920 legatos
3761 4857 3850 4898 sli-'-

2335 4935 2555 5000 direxit,
2592 4951 2689 5005 per
2711 4952 2852 5006 quos
2895 4953 3084 5008 pacem
3132 4954 3164 4993 a
3210 4937 3520 5011 Nicephoro
3566 4948 3752 5010 coptam
3787 4935 3849 4986 επ-

2334 5027 2522 5081 mavit.
3501 5075 3511 5082 ,
3864 5031 3865 5036 ‘

2408 5118 2495 5174 ll”.
2535 5117 2625 5174 45.
2669 5118 2732 5172 Α.
2779 5119 2843 5175 D.
2891 5119 3015 5176 8l3.
3064 5120 3400 5192 Imperator,
3444 5123 3634 5178 habito
3677 5113 3844 5191 grumi

2337 5219 2608 5265 conventu
2640 5211 2994 5284 Aquisgrani,
3027 5214 3198 5270 ﬁlium
3242 5231 3405 5271 suum
3447 5214 3772 5270 Ludewicum
3793 5225 3846 5254 τ·

2341 5316 2460 5372 gem
2500 5301 2809 5372 Aquitaniae
2835 5305 2902 5360 ad
2947 5321 3006 5361 se
3054 5308 3290 5374 vocavit,
3313 5305 3468 5379 eique
3512 5318 3754 5362 coronam
3780 5300 3838 5353 ir

2335 5408 2576 5463 ponens,
2628 5395 2930 5466 imperialis
2980 5398 3222 5454 nominis
3267 5400 3371 5456 sibi
3408 5407 3706 5455 consortem
3747 5394 3840 5444 teat.

2337 5482 2716 5541 Bernhardum
2765 5503 2896 5544 vero
2941 5498 3190 5559 nepotem
3240 5506 3400 5546 suum
3468 5489 3645 5544 ﬁlium
3691 5478 3842 5552 Piguﬁi

2260 4441 2307 4500 Ι)

1373 5631 1377 5635 .
1944 5571 2176 5628 νΑΒΙᾹ]
2216 5573 2612 5635 LECTIONLS.

725 5650 813 5682 ""
853 5649 1140 5721 hemmigis
1177 5651 1260 5714 11³,
1342 5655 1432 5688 ¹¹⁵⁶
1473 5655 1647 5726 Hujus
1671 5662 1798 5714 anui
1827 5662 2053 5718 historia
2085 5665 2225 5719 deest
2251 5666 2348 5722 ΕΞ.
