3880 6308
76 283 153 343 869

74 400 144 455 lilii
178 395 266 460 sui,
298 391 449 448 Italia:
490 349 709 459 profecit
763 398 815 443 et
864 403 1042 458 regem
1086 387 1345 456 appellari
1373 387 1556 455 jussit.
1592 402 1636 456 Α

74 488 260 547 Consilia
285 497 484 555 quoque
495 481 654 551 jussu
686 480 805 550 ejus
831 495 997 548 super
1019 488 1164 534 statu
1194 478 1563 533 :ecclesiarum

73 578 331 651 corrigendo
375 590 467 645 per
502 582 670 628 totam
719 571 948 626 Galliam
1002 571 1073 625 ab
1113 569 1383 638 episcopis
1418 567 1561 624 cele-

74 677 189 729 brata
222 676 352 733 sunt,
381 679 604 736 quorum
630 679 800 717 unum
831 662 1147 732 Mogoncize,
1185 661 1414 714 alterum
1455 659 1561 714 Re-

74 767 167 827 mis.
199 762 403 818 tercium
444 757 624 812 Remis
647 757 762 821 ¹¹⁸⁹,
787 764 1042 826 quartum
1078 753 1377 819 Cabillone,
1399 753 1564 822 quin-

74 866 158 913 tum
180 853 387 908 Arclato.
407 878 478 899 -.—-
500 848 769 915 Michabel
802 848 1097 916 imperator
1126 844 1383 915 Bulgares
1424 844 1565 898 bello

72 954 305 1016 appetens,
345 941 472 995 baut
523 937 801 1008 prosperis
848 936 1194 991 successibus
1248 934 1463 999 utitur,
1499 948 1564 989 ac

72 1033 248 1105 proinde
267 1031 474 1085 domum
499 1042 774 1096 reversus,
812 1026 1058 1095 deposito
1095 1023 1419 1086 diademate,
1446 1037 1564 1076 mo-

72 1125 233 1179 nachus
266 1118 499 1183 dﬁcitur.
529 1117 583 1172 in
618 1117 777 1187 cujus
820 1117 1001 1170 locum
1032 1114 1164 1180 Leo,
1193 1114 1336 1168 ﬁlius
1376 1112 1566 1167 Bai-dae

73 1213 260 1285 patricii,
287 1209 641 1266 constituitur.
680 1206 949 1276 —(Euvn.
992 1205 1111 1260 Vita
1157 1203 1291 1259 Kar.
1338 1219 1388 1259 c.
1446 1202 1561 1272 52.)

71 1307 178 1360 Pons
213 1302 366 1357 Rheni
411 1300 553 1371 apud
598 1297 1029 1370 Mogontiacum,
1057 1311 1219 1366 quem
1271 1294 1564 1364 imperator

70 1412 137 1466 per
159 1395 316 1450 decem
366 1406 535 1446 annos
577 1390 780 1460 ingenti
805 1389 988 1445 labore
1020 1396 1075 1443 et
1115 1400 1278 1458 opere
1327 1385 1562 1440 mirabili

69 1488 118 1541 de
145 1487 264 1556 ligno
291 1485 359 1538 ita
383 1481 706 1546 construxit,
737 1489 793 1535 ut
825 1479 1135 1550 perenniter
1176 1477 1376 1533 durare
1403 1490 1564 1546 posse

68 1578 300 1640 rideretur,
328 1574 381 1628 in
407 1588 592 1628 mense
617 1571 760 1626 Maio
798 1571 873 1625 ita
924 1570 1098 1625 tribus
1144 1569 1296 1624 horis
1337 1567 1563 1622 fortuito

69 1666 264 1720 uicendio
307 1662 678 1734 conﬂagravit,
729 1670 790 1715 ut
836 1671 1017 1731 preter
1066 1661 1171 1715 hoc
1212 1658 1359 1729 quod
1418 1672 1560 1728 aqua

69 1756 289 1826 tegebatur
334 1769 430 1810 nec
479 1769 588 1808 una
634 1753 852 1824 quidem
900 1751 1113 1806 hastula
1163 1765 1233 1806 ex
1274 1765 1340 1805 eo
1378 1763 1561 1804 rema-

69 1853 196 1900 neret.
220 1882 229 1888 -

118 1936 185 1989 11.
218 1935 297 1990 16.
331 1934 502 2005 (Emit.
525 1934 591 1989 Α.
614 1933 686 1990 cf.
715 1934 834 1988 Vita
860 1949 921 1989 e..
941 1934 1055 2001 51.)
1090 1930 1156 1987 Α.
1197 1931 1261 1987 D.
1301 1931 1426 1986 8H.
1453 1928 1575 1985 lia--

67 2026 178 2081 nilus
197 2028 463 2096 imperator
492 2026 622 2081 dum
656 2025 985 2095 Aquisgrani
1033 2025 1315 2089 hiemaret,
1338 2021 1487 2079 febre
1509 2030 1567 2077 et
1608 2060 1611 2061 ν

67 2117 256 2184 pleurisi,
278 2118 325 2171 id
342 2128 422 2172 est
441 2117 629 2171 lateris
650 2117 855 2182 dolore,
882 2125 1059 2172 tactus
1081 2116 1115 2170 5
1151 2115 1375 2170 Kalend.
1400 2114 1560 2170 Febr.

67 2208 187 2261 rebus
217 2207 430 2263 excessit
456 2206 748 2272 humanis,
800 2222 945 2261 anno
985 2205 1160 2262 aetatis
1204 2206 1420 2261 circiter
1452 2205 1561 2274 71°,
1604 2250 1611 2253 Α

64 2299 177 2366 regni
214 2306 376 2352 autem
421 2298 536 2363 46⁸,
567 2297 804 2352 subactae
848 2311 976 2350 vero
1016 2295 1181 2351 Italim
1203 2297 1329 2362 45°,
1357 2310 1425 2351 ex
1453 2310 1564 2366 quo
1599 2320 1607 2325 υ

65 2404 160 2444 vero
183 2391 449 2461 imperator
466 2400 527 2447 et
559 2399 827 2462 angustus
853 2391 1150 2460 appellatus
1177 2398 1262 2446 est
1286 2405 1430 2445 anno
1450 2391 1560 2445 14³.

64 2478 198 2547 (Eius.
218 2482 299 2552 Δ.)
326 2481 495 2552 Cujus
516 2482 595 2536 rei
616 2481 876 2537 nuncium
918 2496 1043 2537 cum
1072 2479 1391 2537 Ludewicus
1421 2480 1567 2535 ﬁlius

62 2569 152 2637 ejus
188 2570 233 2625 in
259 2572 544 2643 Aquitania
578 2572 897 2642 accepisset,
940 2571 1218 2627 tricesimo
1274 2581 1563 2641 postquam

52 2660 103 2715 id
121 2663 357 2718 acciderat
383 2665 470 2719 die
516 2663 860 2734 Aquasgrani
896 2663 1066 2730 venit,
1096 2678 1419 2733 summoque
1441 2678 1563 2717 om-

66 2751 179 2807 nium
209 2753 521 2811 Francon
556 2770 833 2812 consensu
874 2769 941 2810 ac
968 2754 1152 2809 favore
1182 2753 1320 2823 patri
1347 2770 1568 2810 succes-

65 2841 140 2909 sit,
175 2852 221 2900 et
245 2844 307 2899 ad
355 2845 597 2917 suscepti
638 2846 790 2916 regni
841 2845 1384 2900 amministrationem
1433 2859 1566 2900 cura

65 2946 290 3001 conversa,
318 2938 488 3006 primo
515 2937 846 3009 legationes,
870 2952 995 3007 quas
1036 2937 1103 2992 ad
1142 2945 1351 3005 patrem
1399 2949 1565 3009 vene-1

905 273 1269 330 CIiRODiICA.
1302 303 1367 312 --
1405 272 1794 329 CHRONICON
1835 274 2289 332 UNI't'ERSAIE.

1591 1720 1634 1779 Β

3123 276 3235 342 870

1805 390 2162 461 ’1)1-10,
2204 391 2447 447 addunt:
2481 392 2602 458 Quo
2644 392 2809 448 etiam
2842 409 2990 450 anno
3037 410 3226 461 emno.—
3270 398 3273 403 ’

1910 458 2019 531 iuni
2058 459 2447 516 Swarzahense
2478 478 2506 514 a
2534 462 2889 531 Megingaudo
2922 465 3009 497 ¹¹⁶¹
3029 458 3229 523 comite

1872 537 1928 581 et
1977 527 2169 599 Ymma
2222 546 2390 585 uxore
2433 531 2552 599 ejus
2592 527 2644 585 in
2712 527 2972 587 honorem
3017 537 3227 592 domini

1872 598 2045 669 nostri
2101 599 2396 654 Salvatoris
2456 598 2509 654 et
2545 610 2748 656 sancta:
2804 602 2895 656 Dei
2951 604 3228 669 genitricis

1873 668 2157 747 sanctique
2290 670 2523 747 Iastiani
2543 740 2554 747 _
2573 679 2629 723 tt
2649 741 2659 747 _
2678 682 2880 726 sanctte
2931 668 3232 747 Felicitath

1876 736 2137 808 niai'tiris,
2169 739 2283 808 sub
2310 738 2485 807 primo
2509 740 2750 808 ejusdem
2794 746 3108 797 monasterii
3135 746 3200 775 ¹¹⁸

1876 804 2072 884 abbate
2096 804 2382 884 Benedicto
2414 804 2651 884 nomine,
2680 810 2847 884 libera
2899 812 3063 866 totius
3099 829 3196 884 ser

1774 916 1779 921 .
1873 875 2063 927 vitutis
2087 882 2140 928 et
2171 877 2470 931 exactionis
2495 880 2836 944 conditione,
2868 883 3227 945 construitur.

1875 950 1929 1022 et
1959 946 2319 1022 postmodum
2369 948 2545 1022 primo
2586 950 2917 1022 monasterio
2965 952 3227 1021 collapso,

1876 1012 1928 1088 in
1950 1012 2219 1088 honorem
2264 1012 2463 1088 sancta;
2509 1015 2600 1071 Dei
2639 1019 2918 1088 genitricis
2951 1028 3005 1074 et
3028 1012 3231 1077 salicti
3258 1061 3263 1067 ι

1874 1080 2169 1157 Felicitatis
2199 1098 2263 1136 ac
2382 1085 2617 1157 ﬁliorum,
2641 1080 2775 1154 Vejus
2806 1098 3117 1157 reparatur.
3150 1092 3223 1154 ri.

1871 1151 2056 1287 Sltrgn.
2087 1150 2358 1206 Swarzah.
2388 1171 2474 1224 ap.
2503 1150 2768 1227 Ludere-ig.
2790 1150 2891 1211 SS:
2922 1158 3111 1212 Bamb.
3138 1150 3227 1226 Π,

1738 1304 1788 1360 2.
1828 1307 1892 1361 Α.
1936 1308 1998 1364 D.
2030 1309 2155 1364 816.
2196 1310 2440 1367 Domnus
2467 1311 2576 1367 Leo
2596 1329 2731 1383 papa
2776 1330 2921 1370 anno
2945 1318 3227 1386 pontiﬁca-

1665 1403 1754 1451 tus
1774 1398 1859 1452 sui
1894 1399 1986 1453 21°
2035 1400 2103 1456 de
2140 1416 2366 1471 corpore
2411 1404 2664 1472 migravit
2712 1404 2747 1458 8
2790 1404 3014 1461 Kalend.
3056 1406 3227 1475 Junii,

1665 1485 2079 1562 Stephanusque
2103 1493 2367 1550 diaconus
2397 1494 2450 1548 in
2479 1496 2569 1526 ⁸³⁸³
2594 1496 2771 1550 locum
2795 1496 2914 1565 ejus
2936 1512 3073 1567 papa
3098 1499 3226 1553 97"

1661 1581 1944 1637 ordinatus
1989 1592 2094 1648 est,
2133 1586 2226 1654 qui
2278 1586 2418 1642 sedit
2450 1602 2665 1642 menses
2693 1586 2743 1641 7.
2783 1585 2882 1659 Iiic
2915 1603 3075 1659 ergo,
3105 1599 3232 1659 post
3260 1612 3265 1619 ν

1662 1675 2129 1729 consecrationem
2185 1692 2341 1732 suam
2371 1697 2377 1703 ·
2402 1678 2640 1733 nondum
2688 1655 2903 1734 duobus
2952 1681 3233 1737 mensibus

1663 1765 1893 1830 exactis,
1916 1782 2079 1836 quam
2103 1769 2359 1823 maximis
2379 1770 2553 1839 potuit
2573 1770 2879 1838 itineribus,
2904 1771 2971 1826 ad
3001 1772 3234 1841 impera-

1664 1864 1835 1911 torem
1901 1858 2085 1912 venire
2144 1860 2450 1927 contendit,
2507 1860 2693 1915 missis
2748 1860 2967 1916 interim
3016 1862 3235 1918 duobus
3312 1849 3315 1853 ﬁ

1664 1946 1992 2019 Iegatis,qui
2029 1949 2188 2019 quasi
2208 1966 2308 2019 pro
2347 1967 2446 2006 sua
2472 1953 2883 2007 consecratione
2921 1952 3236 2023 imperatori

1665 2050 2035 2112 suggererent.
2067 2041 2221 2108 Quod
2265 2042 2353 2098 ille
2376 2044 2625 2107 audiens,
2653 2042 2838 2099 Remis
2876 2044 2927 2099 ei
2968 2045 3232 2108 occurrit.

1664 2133 1962 2202 missisque
2007 2133 2225 2189 obviam
2276 2134 2363 2189 his
2407 2135 2502 2205 qui
2557 2150 2681 2191 eum
2728 2135 2822 2189 illo
2868 2135 3263 2204 deducerent,
3310 2178 3321 2192 .

1664 2220 1961 2277 honoriﬁce
2009 2222 2163 2278 illum
2203 2223 2279 2278 ibi
2323 2225 2583 2294 suscepit.
2607 2223 2857 2279 Pontifex
2890 2240 3022 2280 vero
3049 2226 3235 2280 statim

1663 2314 1930 2369 adventus
1953 2313 2038 2369 sui
2063 2329 2288 2369 causam
2311 2315 2361 2370 ei
2385 2315 2692 2381 insinuans,
2715 2315 3004 2371 celebratis
3035 2316 3238 2372 deinde

1662 2419 1729 2459 ex
1748 2419 1901 2460 more
1930 2403 2223 2460 missarum
2247 2405 2569 2472 sollemniis,
2592 2406 2719 2461 eum
2760 2406 3085 2461 diadematis
3129 2405 3236 2460 im—

1662 2495 1934 2565 positione
1971 2495 2253 2550 coronavit
2281 2495 2776 2575 Romanorumque
2804 2495 2895 2527 ¹¹⁶⁸
2930 2496 3230 2566 imperato-
3264 2522 3269 2531 α

1664 2602 1776 2641 rem
1804 2586 2203 2665 pronunciavit,
2216 2602 2362 2644 anno
2374 2574 2526 2660 regni
2549 2587 2634 2643 sui
2659 2587 2921 2655 secundo,
2935 2587 3238 2645 secundum

1664 2679 1803 2733 alios
1839 2677 2090 2748 septimo.
2114 2696 2127 2703 λ’

1663 2768 1805 2823 Anni
1838 2769 2049 2838 imperii
2077 2769 2193 2840 ejus

1734 2861 1788 2916 5.
1827 2860 1882 2915 2.
1914 2861 2003 2892 ¹¹⁶⁸
2027 2860 2203 2927 (Ειιειι.
2227 2858 2393 2930 Ann.)
2418 2858 2483 2914 Α.
2512 2858 2575 2914 D.
2601 2859 2725 2914 817.
2750 2858 3060 2929 Stephanus
3078 2874 3239 2929 papa.

1666 2951 1836 3007 tercio
1862 2964 2073 3005 mense
2115 2958 2404 3020 postquam
2446 2947 2676 3025 Romam
2722 2957 2944 3004 venerat
3002 2949 3244 3003 nondum
3287 2973 3290 2976 η

65 3031 177 3089 rant,
211 3027 407 3083 auditas
450 3028 725 3094 absolvit,
771 3027 913 3082 inter
970 3043 1108 3097 quas
1156 3026 1411 3096 precipua
1463 3025 1566 3079 fuit

1678 3049 1875 3105 tracto,
1905 3040 1940 3095 8
1985 3039 2211 3096 Kalend.
2235 3040 2400 3095 Febr.
2425 3040 2589 3106 obiit;
2618 3039 2705 3094 eui
2729 3039 3003 3095 Paschalis
3025 3054 3245 3095 succes-

60 3110 220 3171 ‘Leon’s
249 3110 600 3188 imperatoris,
630 3118 724 3189 qui
746 3117 1031 3173 Michaheli
1061 3117 1344 3173 successit.
1370 3115 1565 3171 Habito

64 3216 201 3263 autem
238 3209 554 3281 Aquisgrani
593 3211 828 3281 generali
871 3218 1161 3275 conventu,
1202 3208 1269 3263 ad
1314 3208 1568 3277 justicias

67 3294 285 3356 iaciendas
309 3302 509 3373 legatos
531 3303 589 3356 in
618 3316 809 3359 omnes
834 3301 985 3372 regni
1012 3308 1195 3370 partes
1221 3299 1391 3365 misit,
1426 3299 1567 3356 duos

64 3400 111 3439 ex
130 3389 234 3445 liliis
255 3393 362 3449 suis
392 3392 717 3448 Lotharium
757 3391 1041 3462 Bajoarite,
1073 3390 1363 3461 Pippinum
1384 3389 1567 3461 prefe-

66 3480 119 3532 cit
135 3480 424 3553 Aquitaniae.

62 3569 169 3627 Arni
190 3576 325 3645 regni
346 3576 642 3633 Ludewici.

113 3663 155 3717 1.
182 3664 323 3722 Anno
360 3668 650 3724 dominicae
690 3666 1084 3723 incarnationis
1121 3666 1258 3732 815,
1306 3666 1378 3721 ab
1424 3665 1571 3721 Urbe

63 3762 203 3811 autem
236 3759 438 3815 condita
486 3759 782 3815 millesimo
820 3758 945 3824 566,
987 3758 1341 3823 Lndewicus,
1382 3756 1569 3813 Karoli

54 3842 201 3916 ligni
223 3849 376 3917 ﬁlius,
403 3851 492 3906 74°
522 3852 615 3883 “"
651 3850 722 3905 ab
761 3850 1007 3921 Augusto
1049 3850 1170 3905 loco
1194 3848 1460 3920 regnavit,
1483 3861 1572 3903 re-

62 3942 476 4010 gnumqueannis
501 3940 577 3997 26
605 3941 859 3996 obtinuit.
886 3938 1022 3995 Huic
1045 3954 1192 3996 anno
1215 3939 1396 4009 primo
1418 3938 1571 4007 regni
1610 3977 1619 3985 .

62 4030 126 4082 sui
142 4031 337 4088 allatum
364 4042 468 4100 est,
505 4033 775 4104 quosdam
817 4032 886 4087 de
927 4032 1257 4102 primoribus
1298 4030 1573 4086 Romano-
1620 4056 1621 4063 η

62 4132 154 4174 run
176 4124 236 4178 ad
255 4124 679 4182 interﬁciendum
702 4123 941 4179 Leonem
981 4138 1175 4193 papam
1203 4122 1570 4192 conspirasse,

62 4208 229 4282 hocque
275 4217 469 4273 indicio
506 4217 587 4272 ad
624 4218 934 4286 pontiﬁcem
963 4216 1174 4282 delato,
1202 4230 1395 4271 omnes
1428 4215 1573 4271 illius

63 4295 267 4360 factionis
313 4315 569 4363 auctores
610 4306 770 4376 jussu
826 4305 975 4362 illius
1030 4306 1329 4362 trucidatos
1364 4304 1574 4361 fuisse.

60 4389 182 4455 Quod
227 4413 343 4454 etim
384 4367 631 4456 moleste.
662 4399 855 4466 ferret,
907 4398 1282 4456 Ben-bardum
1321 4404 1573 4468 nepotem
1598 4367 1650 4426 θ

52 4497 207 4553 .snum,
228 4504 398 4560 περ)
418 4491 610 4558 Italiae,
632 4491 701 4547 ad
742 4506 804 4546 se
827 4490 1063 4555 vocavit.
1107 4505 1343 4560 eumque
1382 4489 1450 4545 ad
1486 4490 1574 4544 in—

61 4574 379 4644 “mundum
416 4581 570 4651 quod
609 4580 815 4635 dictum
852 4588 938 4636 est
979 4581 1150 4636 misit.
1193 4580 1440 4647 Quicum
1466 4578 1577 4634 Ro-

62 4672 175 4719 mam
206 4673 448 4737 venisset,
477 4672 784 4744 egritudine
826 4672 1102 4727 decubuit.
1132 4670 1210 4727 De
1244 4672 1407 4727 rebus
1450 4686 1579 4727 vero

60 4765 236 4824 Propter
277 4776 411 4830 quas
444 4772 694 4828 venerat,
736 4779 833 4833 per
871 4761 1161 4818 Heroldum
1183 4763 1459 4829 comitem,
1482 4763 1577 4833 qui

62 4843 114 4895 8!
149 4845 237 4903 hoc
277 4852 482 4922 legatus
526 4854 577 4909 ei
619 4853 797 4909 fuerat
821 4854 1001 4919 datus,
1026 4853 1141 4924 regi
1171 4852 1458 4910 Ludewico
1491 4869 1577 4908 re-

62 4937 292 4997 mandavit
313 4945 571 5015 quicquid
613 4952 968 5013 compererat.
1002 4942 1173 5009 Quem
1207 4943 1367 5013 legati
1399 4944 1579 5013 ponti.

64 5022 152 5080 [eis
172 5033 337 5088 SIIbSOt
353 5037 453 5103 uti,
470 5038 541 5091 de
565 5037 649 5093 bis
669 5052 791 5107 quae
814 5035 1035 5091 domino
1061 5050 1163 5090 suo
1187 5035 1580 5107 objiciebazitur

58 5120 150 5187 "si
168 5119 436 5185 l-udewico
457 5144 557 5199 per
581 5128 764 5185 omnia
793 5125 1192 5184 satisfecerunt.
1233 5132 1250 5150 ‘
1267 5129 1294 5183 1

1665 3147 1765 3187 sor.
1790 3134 2015 3199 electus,
2060 3141 2185 3202 post
2224 3132 2547 3201 completam
2584 3131 2915 3186 sollemniter
2942 3130 3243 3185 ordinatio-

1664 3238 1787 3279 nem
1823 3239 1978 3279 suam
2010 3237 2239 3278 munera
2266 3230 2319 3277 et
2346 3222 2748 3277 excusatoriam
2770 3222 3101 3291 imperatori
3124 3221 3244 3291 epi-

1665 3315 1861 3369 stolam
1888 3314 2055 3380 misit,
2087 3314 2191 3369 sibi
2220 3329 2330 3368 non
2353 3313 2529 3368 solum
2562 3311 2787 3377 nolenti,
2813 3312 2905 3367 sed
2937 3311 3097 3366 etiam
3124 3310 3248 3381 plu-

1663 3404 1865 3460 rimum
1885 3403 2169 3475 pmnitenti
2189 3403 2536 3474 pontiﬁcatus
2557 3403 2818 3459 honorem
2839 3402 2930 3434 ¹¹⁶⁶
2953 3402 3267 3472 ἰιιιρπίυπιο

1562 3546 1567 3551 .
1664 3510 2005 3552 asseverans.
2048 3494 2327 3551 Paschalis
2354 3495 2442 3527 ⁸³⁸⁷
2481 3509 2619 3564 papa
2648 3493 2773 3548 98'"
2808 3493 2947 3549 sedit
2984 3508 3159 3574 annos
3193 3492 3267 3557 7,-

1662 3587 1819 3657 juxta
1842 3586 1981 3641 alios
2005 3585 2060 3641 9.
2090 3615 2162 3625 ——
2184 3584 2482 3657 Imperator
2513 3600 2643 3640 vero
2671 3583 2977 3654 generalem
3013 3598 3249 3639 conven-

1668 3686 1784 3732 tum
1807 3675 2138 3748 Aquisgraui
2163 3676 2390 3747 habens,
2429 3674 2602 3743 tilium
2636 3689 2795 3728 suum
2828 3671 3247 3743 primogenitum

1669 3769 1990 3824 Lotharium
2031 3767 2272 3845 nominis
2305 3776 2468 3838 atque
2497 3765 2711 3836 imperii
2755 3765 2840 3820 sui
2881 3764 3092 3842 socium
3141 3763 3250 3819 sibi

1668 3858 1971 3924 constituit,
1994 3866 2207 3913 ceteros
2227 3872 2380 3927 reges
2395 3857 2713 3926 appellatos,
2730 3870 2899 3909 unum
2923 3850 3265 3924 Aquitaniat,

1670 3948 1901 4003 alterum
1932 3946 2196 4017 Bajoarite
2223 3945 2468 4016 profecit.
2499 3975 2571 3985 --
2606 3945 2739 4001 Post
2777 3936 3251 4005 hazc‘nunciatum

1671 4048 1757 4096 est
1775 4039 1847 4105 ei,
1896 4037 2271 4093 Bernbardum
2323 4044 2573 4106 nepotem
2618 4050 2802 4099 suum,
2835 4022 3251 4103 Italiafregem,
3368 4100 3381 4109 ο

1671 4126 2013 4201 quorundam
2038 4141 2331 4199 pravorum
2354 4125 2637 4180 hominum
2659 4124 2888 4181 consilio
2911 4124 3253 4196 tyrannidem

1674 4221 1994 4277 meditatum
2042 4218 2233 4285 fuisse,
2272 4218 2497 4288 jamque
2539 4231 2730 4273 omnes
2767 4216 3023 4272 introitus
3064 4214 3253 4279 Italize,

1672 4328 1812 4383 quos
1835 4311 2019 4367 clusas
2038 4310 2246 4376 dicunt,
2281 4307 2554 4379 impositis
2585 4307 2837 4379 presidiis
2868 4306 3137 4373 ﬁrmasse,
3166 4315 3254 4361 at-

1678 4418 1786 4475 que
1833 4417 2026 4458 omnes
2064 4400 2231 4458 Italiae
2278 4400 2525 4457 civitates
2566 4398 2622 4454 in
2662 4398 2783 4470 ejus
2824 4399 2986 4455 verba
3016 4398 3256 4469 jurasse,

1678 4494 1823 4565 quod
1843 4510 1913 4550 ex
1930 4502 2085 4566 parte
2099 4508 2311 4567 verum,-
2327 4508 2393 4548 ex
2408 4499 2560 4563 parte
2581 4489 2758 4546 fuerat
2781 4489 2998 4547 falsum.
3013 4488 3096 4544 Ad
3114 4503 3258 4561 quos

1679 4594 1862 4641 motus
1884 4584 2322 4657 comprimendos
2342 4583 2666 4653 imperatore
2684 4582 2932 4639 celeriter
2951 4596 3074 4636 cum
3095 4594 3257 4635 exer-

1680 4676 1792 4733 citu
1830 4691 2029 4748 magno
2066 4677 2334 4741 veniente,
2381 4673 2728 4729 Bernhardus
2770 4673 2934 4728 rebus
2978 4671 3094 4726 suis
3120 4668 3258 4725 «1ῐῶ-

1681 4769 1837 4833 dens,
1869 4768 2039 4823 armis
2070 4766 2351 4838 depos?tis,
2394 4764 2536 4836 apud
2577 4764 2912 4818 Cabillonem
2945 4760 3258 4831 imperatori

1681 4870 1742 4911 se
1773 4854 2011 4910 tradidit.
3194 4920 3195 4923 γ
3269 4894 3273 4898 ,

1750 4946 1806 5000 4.
1846 4945 1900 5001 5.
1941 4946 2006 5000 Α.
2043 4942 2109 4998 Ι).
2142 4942 2266 4998 818.
2291 4942 2509 4998 Detecto
2538 4939 2727 4995 fraude
2757 4936 3173 5009 conjurationis.
3205 4944 3261 4991 et

1680 5036 1964 5092 sediciosis
1987 5035 2242 5091 omnibus
2265 5034 2320 5089 in
2344 5048 2498 5089 suam
2533 5038 2849 5103 potestatem
2872 5028 3126 5091 redactis.
3151 5026 3257 5081 im-

1683 5134 1903 5197 perator
1921 5126 2249 5198 Aquisgrani
2275 5124 2581 5190 revertitur,
2607 5129 2990 5192 transactoque
3021 5119 3259 5190 quadrae

1292 5287 1525 5371 vasus:
1561 5252 1993 5344 LeonoNss,

118 5415 195 5451 "”
225 5420 298 5475 ita
325 5423 374 5477 I'.
406 5424 495 5480 1³.
530 5425 582 5479 5.
610 5424 697 5480 9ε.
726 5424 814 5481 10.
840 5433 884 5480 ι.
918 5422 983 5480 R.
1010 5424 1196 5479 desunt
1218 5424 1270 5479 4.
1307 5422 1543 5481 Turonis
1573 5444 1575 5454 π

1678 5420 1820 5475 Eiuh.
1852 5418 1917 5474 Ι).
1949 5416 1994 5472 Ε

1012 5495 1104 5530 Im
1142 5494 1196 5549 in
1224 5524 1297 5532 —
1329 5492 1536 5547 XCVII.
1567 5494 1622 5547 in
1648 5492 1762 5544 loco
1786 5506 1905 5544 raso
1933 5490 1985 5544 1.

66 5568 162 5608 me
190 5559 232 5613 l.
299 5563 391 5635 _“f'
422 5564 637 5620 Primus
662 5582 831 5620 annus
860 5564 1067 5635 imperii
1098 5564 1152 5617 in
1184 5564 1421 5633 margine
1443 5580 1495 5616 a.
1528 5561 1651 5615 816.
1680 5560 1889 5631 legitur.

66 5481 134 5538 10.
176 5488 253 5544 11.
345 5494 435 5526 ¹¹⁶²
473 5495 907 5550 manasterii-IO.

64 5634 210 5686 Ρωιεα
243 5631 387 5685 addit
415 5635 465 5687 1.

2112 5411 2468 5487 ιη’-Ι.Χνῐῐῑ.
2506 5414 2569 5470 1).
2610 5413 2669 5469 Ε.
2777 5414 2867 5447 ¹¹⁶¹
2905 5398 3262 5487 ωρείηέιιςιὰο

2087 5487 2181 5520 ¹¹⁶δ
2216 5485 2696 5555 Romanorumque.
2713 5515 2784 5525 -—
2804 5485 3036 5554 septimo
3064 5485 3262 5555 inloco

1995 5558 2091 5591 ““
2116 5556 2362 5613 ordinem
2408 5556 2461 5610 5.
2564 5552 2651 5588 ιη’
2683 5552 2963 5612 Paschalis
2999 5584 3067 5594 —
3101 5552 3255 5607 VH“-
