  <div class='ocr_page' id='page_1' title='image "/cluster/home/n/w/nwhite01/storage/ocr_20150623/154/hvd.32044015473820/442.png"; bbox 0 0 3880 6320; ppageno 0'>
   <div class='ocr_carea' id='block_1_1' title="bbox 37 346 118 405">
    <p class='ocr_par' dir='ltr' id='par_1_1' title="bbox 37 346 118 405">
     <span class='ocr_line' id='line_1_1' title="bbox 37 346 118 405; baseline -0.025 0"><span class='ocrx_word' id='word_1_1' title='bbox 37 346 118 405; x_wconf 63' lang='grc' dir='ltr'><strong>επ</strong></span> 
     </span>
    </p>
   </div>
   <div class='ocr_carea' id='block_1_2' title="bbox 886 309 2297 378">
    <p class='ocr_par' dir='ltr' id='par_1_2' title="bbox 886 309 2297 378">
     <span class='ocr_line' id='line_1_2' title="bbox 886 309 2297 378; baseline -0.002 -1"><span class='ocrx_word' id='word_1_2' title='bbox 886 318 1255 378; x_wconf 76' lang='lat' dir='ltr'><strong>CHRONICA.</strong></span> <span class='ocrx_word' id='word_1_3' title='bbox 1294 322 1370 356; x_wconf 86' lang='lat'><strong>-&#39;—</strong></span> <span class='ocrx_word' id='word_1_4' title='bbox 1403 309 1795 369; x_wconf 72' lang='lat' dir='ltr'><strong>CHRONICON</strong></span> <span class='ocrx_word' id='word_1_5' title='bbox 1836 314 2297 374; x_wconf 71' lang='lat' dir='ltr'><strong>UNIVERSALE.</strong></span> 
     </span>
    </p>
   </div>
   <div class='ocr_carea' id='block_1_3' title="bbox 3138 316 3241 377">
    <p class='ocr_par' dir='ltr' id='par_1_3' title="bbox 3138 316 3241 377">
     <span class='ocr_line' id='line_1_3' title="bbox 3138 316 3241 377; baseline 0.019 -2"><span class='ocrx_word' id='word_1_6' title='bbox 3138 316 3241 377; x_wconf 74' lang='grc'><strong>871</strong></span> 
     </span>
    </p>
   </div>
   <div class='ocr_carea' id='block_1_4' title="bbox 88 430 3256 516">
    <p class='ocr_par' dir='ltr' id='par_1_4' title="bbox 88 430 3256 516">
     <span class='ocr_line' id='line_1_4' title="bbox 88 430 3256 516; baseline -0.01 -4"><span class='ocrx_word' id='word_1_7' title='bbox 88 454 156 512; x_wconf 80' lang='lat' dir='ltr'><strong>to.</strong></span> <span class='ocrx_word' id='word_1_8' title='bbox 188 450 237 506; x_wconf 84' lang='lat'><strong>9.</strong></span> <span class='ocrx_word' id='word_1_9' title='bbox 273 441 435 516; x_wconf 71' lang='lat' dir='ltr'><strong>(Em.</strong></span> <span class='ocrx_word' id='word_1_10' title='bbox 460 436 621 507; x_wconf 71' lang='lat' dir='ltr'><strong>Ana.)</strong></span> <span class='ocrx_word' id='word_1_11' title='bbox 649 434 714 490; x_wconf 77' lang='grc' dir='ltr'><strong>Α.</strong></span> <span class='ocrx_word' id='word_1_12' title='bbox 744 433 804 489; x_wconf 86' lang='grc' dir='ltr'><strong>ι).</strong></span> <span class='ocrx_word' id='word_1_13' title='bbox 828 434 952 489; x_wconf 71' lang='grc'><strong>824.</strong></span> <span class='ocrx_word' id='word_1_14' title='bbox 976 433 1259 489; x_wconf 70' lang='lat' dir='ltr'><strong>Paschalis</strong></span> <span class='ocrx_word' id='word_1_15' title='bbox 1277 446 1415 503; x_wconf 88' lang='lat' dir='ltr'><strong>papa</strong></span> <span class='ocrx_word' id='word_1_16' title='bbox 1438 430 1547 486; x_wconf 91' lang='lat' dir='ltr'><strong>vita</strong></span> <span class='ocrx_word' id='word_1_17' title='bbox 1572 434 1621 492; x_wconf 76' lang='grc' dir='ltr'><strong>Α</strong></span> <span class='ocrx_word' id='word_1_18' title='bbox 1646 446 1756 502; x_wconf 86' lang='lat' dir='ltr'><strong>qua</strong></span> <span class='ocrx_word' id='word_1_19' title='bbox 1783 432 2010 487; x_wconf 79' lang='lat' dir='ltr'><strong>domino</strong></span> <span class='ocrx_word' id='word_1_20' title='bbox 2056 430 2374 503; x_wconf 72' lang='lat' dir='ltr'><strong>imperatori</strong></span> <span class='ocrx_word' id='word_1_21' title='bbox 2413 430 2638 488; x_wconf 85' lang='lat' dir='ltr'><strong>allatum</strong></span> <span class='ocrx_word' id='word_1_22' title='bbox 2667 438 2752 488; x_wconf 82' lang='lat' dir='ltr'><strong>est</strong></span> <span class='ocrx_word' id='word_1_23' title='bbox 2793 431 2864 488; x_wconf 90' lang='lat' dir='ltr'><strong>ad</strong></span> <span class='ocrx_word' id='word_1_24' title='bbox 2892 430 3256 506; x_wconf 69' lang='lat' dir='ltr'><strong>Aquisgram.</strong></span> 
     </span>
    </p>
   </div>
   <div class='ocr_carea' id='block_1_5' title="bbox 33 523 1549 604">
    <p class='ocr_par' dir='ltr' id='par_1_5' title="bbox 33 523 1549 604">
     <span class='ocr_line' id='line_1_5' title="bbox 33 523 1549 604; baseline -0.012 -7"><span class='ocrx_word' id='word_1_25' title='bbox 33 540 236 604; x_wconf 73' lang='lat' dir='ltr'><strong>decessit.</strong></span> <span class='ocrx_word' id='word_1_26' title='bbox 258 535 310 591; x_wconf 88' lang='lat' dir='ltr'><strong>in</strong></span> <span class='ocrx_word' id='word_1_27' title='bbox 345 529 497 602; x_wconf 80' lang='lat' dir='ltr'><strong>cujus</strong></span> <span class='ocrx_word' id='word_1_28' title='bbox 522 528 703 583; x_wconf 89' lang='lat' dir='ltr'><strong>locum</strong></span> <span class='ocrx_word' id='word_1_29' title='bbox 726 540 853 582; x_wconf 88' lang='lat' dir='ltr'><strong>cum</strong></span> <span class='ocrx_word' id='word_1_30' title='bbox 881 523 993 581; x_wconf 91' lang='lat' dir='ltr'><strong>duo</strong></span> <span class='ocrx_word' id='word_1_31' title='bbox 1021 540 1120 596; x_wconf 85' lang='lat' dir='ltr'><strong>per</strong></span> <span class='ocrx_word' id='word_1_32' title='bbox 1146 523 1549 581; x_wconf 70' lang='lat' dir='ltr'><strong>contentionem</strong></span> 
     </span>
    </p>
   </div>
   <div class='ocr_carea' id='block_1_6' title="bbox 37 614 1550 711">
    <p class='ocr_par' dir='ltr' id='par_1_6' title="bbox 37 614 1550 711">
     <span class='ocr_line' id='line_1_6' title="bbox 37 614 1550 711; baseline -0.014 -20"><span class='ocrx_word' id='word_1_33' title='bbox 37 633 183 711; x_wconf 75' lang='lat' dir='ltr'><strong>populi</strong></span> <span class='ocrx_word' id='word_1_34' title='bbox 201 628 416 687; x_wconf 77' lang='lat' dir='ltr'><strong>fuissent</strong></span> <span class='ocrx_word' id='word_1_35' title='bbox 438 620 617 688; x_wconf 86' lang='lat' dir='ltr'><strong>electi,</strong></span> <span class='ocrx_word' id='word_1_36' title='bbox 641 619 917 691; x_wconf 76' lang='lat' dir='ltr'><strong>Eugenius</strong></span> <span class='ocrx_word' id='word_1_37' title='bbox 944 628 1147 711; x_wconf 80' lang='lat' dir='ltr'><strong>tamen,</strong></span> <span class='ocrx_word' id='word_1_38' title='bbox 1172 616 1439 688; x_wconf 71' lang='lat' dir='ltr'><strong>presbiter</strong></span> <span class='ocrx_word' id='word_1_39' title='bbox 1477 614 1550 672; x_wconf 90' lang='lat' dir='ltr'><strong>ti-</strong></span> 
     </span>
    </p>
   </div>
   <div class='ocr_carea' id='block_1_7' title="bbox 36 710 1554 786">
    <p class='ocr_par' dir='ltr' id='par_1_7' title="bbox 36 710 1554 786">
     <span class='ocr_line' id='line_1_7' title="bbox 36 710 1554 786; baseline -0.017 0"><span class='ocrx_word' id='word_1_40' title='bbox 36 710 111 786; x_wconf 79' lang='lat' dir='ltr'><strong>tuli</strong></span> <span class='ocrx_word' id='word_1_41' title='bbox 139 729 317 781; x_wconf 70' lang='lat' dir='ltr'><strong>sanctae</strong></span> <span class='ocrx_word' id='word_1_42' title='bbox 352 714 581 781; x_wconf 76' lang='lat' dir='ltr'><strong>Sabinae,</strong></span> <span class='ocrx_word' id='word_1_43' title='bbox 610 712 862 769; x_wconf 89' lang='lat' dir='ltr'><strong>vincente</strong></span> <span class='ocrx_word' id='word_1_44' title='bbox 901 710 1169 767; x_wconf 82' lang='lat' dir='ltr'><strong>nobilium</strong></span> <span class='ocrx_word' id='word_1_45' title='bbox 1213 717 1389 780; x_wconf 84' lang='lat' dir='ltr'><strong>parte,</strong></span> <span class='ocrx_word' id='word_1_46' title='bbox 1414 722 1554 780; x_wconf 89' lang='lat' dir='ltr'><strong>papa</strong></span> 
     </span>
    </p>
   </div>
   <div class='ocr_carea' id='block_1_8' title="bbox 36 800 1555 877">
    <p class='ocr_par' dir='ltr' id='par_1_8' title="bbox 36 800 1555 877">
     <span class='ocr_line' id='line_1_8' title="bbox 36 800 1555 877; baseline -0.01 -5"><span class='ocrx_word' id='word_1_47' title='bbox 36 822 133 877; x_wconf 66' lang='lat'><strong>99“</strong></span> <span class='ocrx_word' id='word_1_48' title='bbox 154 813 432 877; x_wconf 75' lang='lat' dir='ltr'><strong>ordinatur,</strong></span> <span class='ocrx_word' id='word_1_49' title='bbox 478 805 725 876; x_wconf 90' lang='lat' dir='ltr'><strong>seditque</strong></span> <span class='ocrx_word' id='word_1_50' title='bbox 761 818 939 860; x_wconf 90' lang='lat' dir='ltr'><strong>annos</strong></span> <span class='ocrx_word' id='word_1_51' title='bbox 962 802 1016 859; x_wconf 89' lang='grc'><strong>5.</strong></span> <span class='ocrx_word' id='word_1_52' title='bbox 1060 800 1245 875; x_wconf 71' lang='lat' dir='ltr'><strong>Legati</strong></span> <span class='ocrx_word' id='word_1_53' title='bbox 1273 800 1555 857; x_wconf 73' lang='lat' dir='ltr'><strong>Michaelis</strong></span> 
     </span>
    </p>
   </div>
   <div class='ocr_carea' id='block_1_9' title="bbox 37 891 1556 980">
    <p class='ocr_par' dir='ltr' id='par_1_9' title="bbox 37 891 1556 980">
     <span class='ocr_line' id='line_1_9' title="bbox 37 891 1556 980; baseline -0.013 -15"><span class='ocrx_word' id='word_1_54' title='bbox 37 902 319 980; x_wconf 80' lang='lat' dir='ltr'><strong>imperatoris</strong></span> <span class='ocrx_word' id='word_1_55' title='bbox 339 894 922 967; x_wconf 80' lang='lat' dir='ltr'><strong>Coustantiaopolitani</strong></span> <span class='ocrx_word' id='word_1_56' title='bbox 946 895 1015 951; x_wconf 92' lang='lat' dir='ltr'><strong>ad</strong></span> <span class='ocrx_word' id='word_1_57' title='bbox 1038 894 1423 967; x_wconf 77' lang='lat' dir='ltr'><strong>imperatorem</strong></span> <span class='ocrx_word' id='word_1_58' title='bbox 1446 891 1556 947; x_wconf 87' lang='lat' dir='ltr'><strong>Lu-</strong></span> 
     </span>
    </p>
   </div>
   <div class='ocr_carea' id='block_1_10' title="bbox 36 985 1560 1066">
    <p class='ocr_par' dir='ltr' id='par_1_10' title="bbox 36 985 1560 1066">
     <span class='ocr_line' id='line_1_10' title="bbox 36 985 1560 1066; baseline -0.01 -9"><span class='ocrx_word' id='word_1_59' title='bbox 36 1000 250 1058; x_wconf 73' lang='lat' dir='ltr'><strong>dewicum</strong></span> <span class='ocrx_word' id='word_1_60' title='bbox 271 1007 366 1066; x_wconf 91' lang='lat' dir='ltr'><strong>pro</strong></span> <span class='ocrx_word' id='word_1_61' title='bbox 408 1005 541 1061; x_wconf 91' lang='lat' dir='ltr'><strong>pace</strong></span> <span class='ocrx_word' id='word_1_62' title='bbox 578 987 952 1044; x_wconf 85' lang='lat' dir='ltr'><strong>conﬁrmanda</strong></span> <span class='ocrx_word' id='word_1_63' title='bbox 982 1001 1109 1044; x_wconf 84' lang='lat' dir='ltr'><strong>cum</strong></span> <span class='ocrx_word' id='word_1_64' title='bbox 1147 985 1470 1042; x_wconf 76' lang='lat' dir='ltr'><strong>muneribus</strong></span> <span class='ocrx_word' id='word_1_65' title='bbox 1504 993 1560 1041; x_wconf 85' lang='lat' dir='ltr'><strong>et</strong></span> 
     </span>
    </p>
   </div>
   <div class='ocr_carea' id='block_1_11' title="bbox 36 1077 1560 1152">
    <p class='ocr_par' dir='ltr' id='par_1_11' title="bbox 36 1077 1560 1152">
     <span class='ocr_line' id='line_1_11' title="bbox 36 1077 1560 1152; baseline -0.007 -9"><span class='ocrx_word' id='word_1_66' title='bbox 36 1089 187 1149; x_wconf 66' lang='lat' dir='ltr'><strong>liuet-is</strong></span> <span class='ocrx_word' id='word_1_67' title='bbox 233 1090 510 1149; x_wconf 85' lang='lat' dir='ltr'><strong>venerunt,</strong></span> <span class='ocrx_word' id='word_1_68' title='bbox 563 1080 943 1152; x_wconf 77' lang='lat' dir='ltr'><strong>condignoque</strong></span> <span class='ocrx_word' id='word_1_69' title='bbox 999 1094 1264 1150; x_wconf 87' lang='lat' dir='ltr'><strong>responso</strong></span> <span class='ocrx_word' id='word_1_70' title='bbox 1322 1077 1560 1144; x_wconf 75' lang='lat' dir='ltr'><strong>absoluti</strong></span> 
     </span>
    </p>
   </div>
   <div class='ocr_carea' id='block_1_12' title="bbox 37 1170 1558 1244">
    <p class='ocr_par' dir='ltr' id='par_1_12' title="bbox 37 1170 1558 1244">
     <span class='ocr_line' id='line_1_12' title="bbox 37 1170 1558 1244; baseline -0.006 -10"><span class='ocrx_word' id='word_1_71' title='bbox 37 1191 150 1243; x_wconf 71' lang='lat' dir='ltr'><strong>sunt.</strong></span> <span class='ocrx_word' id='word_1_72' title='bbox 170 1184 186 1204; x_wconf 82' lang='grc'>⁶</span> <span class='ocrx_word' id='word_1_73' title='bbox 209 1207 272 1221; x_wconf 86' lang='grc'><strong><em>-</em></strong></span> <span class='ocrx_word' id='word_1_74' title='bbox 291 1174 401 1232; x_wconf 82' lang='lat' dir='ltr'><strong>Hoc</strong></span> <span class='ocrx_word' id='word_1_75' title='bbox 427 1188 572 1231; x_wconf 86' lang='lat' dir='ltr'><strong>anno</strong></span> <span class='ocrx_word' id='word_1_76' title='bbox 598 1172 789 1244; x_wconf 85' lang='lat' dir='ltr'><strong>paucis</strong></span> <span class='ocrx_word' id='word_1_77' title='bbox 815 1182 940 1244; x_wconf 82' lang='lat' dir='ltr'><strong>post</strong></span> <span class='ocrx_word' id='word_1_78' title='bbox 968 1170 1207 1229; x_wconf 69' lang='lat' dir='ltr'><strong>aastivale</strong></span> <span class='ocrx_word' id='word_1_79' title='bbox 1251 1170 1558 1227; x_wconf 88' lang='lat' dir='ltr'><strong>solsticium</strong></span> 
     </span>
    </p>
   </div>
   <div class='ocr_carea' id='block_1_13' title="bbox 36 1262 1558 1337">
    <p class='ocr_par' dir='ltr' id='par_1_13' title="bbox 36 1262 1558 1337">
     <span class='ocr_line' id='line_1_13' title="bbox 36 1262 1558 1337; baseline -0.007 -9"><span class='ocrx_word' id='word_1_80' title='bbox 36 1274 187 1333; x_wconf 76' lang='lat' dir='ltr'><strong>diebus</strong></span> <span class='ocrx_word' id='word_1_81' title='bbox 208 1270 261 1327; x_wconf 85' lang='lat' dir='ltr'><strong>ia</strong></span> <span class='ocrx_word' id='word_1_82' title='bbox 290 1266 560 1325; x_wconf 68' lang='lat' dir='ltr'><strong>territorio</strong></span> <span class='ocrx_word' id='word_1_83' title='bbox 587 1264 1078 1337; x_wconf 79' lang='lat' dir='ltr'><strong>Augustidunensi,</strong></span> <span class='ocrx_word' id='word_1_84' title='bbox 1105 1278 1231 1320; x_wconf 86' lang='lat' dir='ltr'><strong>aere</strong></span> <span class='ocrx_word' id='word_1_85' title='bbox 1260 1262 1317 1319; x_wconf 86' lang='lat' dir='ltr'><strong>‘m</strong></span> <span class='ocrx_word' id='word_1_86' title='bbox 1350 1270 1558 1333; x_wconf 80' lang='lat' dir='ltr'><strong>tempe-</strong></span> 
     </span>
    </p>
   </div>
   <div class='ocr_carea' id='block_1_14' title="bbox 39 1353 1617 1431">
    <p class='ocr_par' dir='ltr' id='par_1_14' title="bbox 39 1353 1617 1431">
     <span class='ocr_line' id='line_1_14' title="bbox 39 1353 1617 1431; baseline -0.008 -8"><span class='ocrx_word' id='word_1_87' title='bbox 39 1373 189 1422; x_wconf 77' lang='lat' dir='ltr'><strong>statera</strong></span> <span class='ocrx_word' id='word_1_88' title='bbox 214 1358 378 1417; x_wconf 86' lang='lat' dir='ltr'><strong>subita</strong></span> <span class='ocrx_word' id='word_1_89' title='bbox 415 1358 717 1415; x_wconf 78' lang='lat' dir='ltr'><strong>mutatione</strong></span> <span class='ocrx_word' id='word_1_90' title='bbox 740 1371 1030 1423; x_wconf 87' lang='lat' dir='ltr'><strong>converso,</strong></span> <span class='ocrx_word' id='word_1_91' title='bbox 1061 1355 1253 1427; x_wconf 74' lang='lat' dir='ltr'><strong>ingens</strong></span> <span class='ocrx_word' id='word_1_92' title='bbox 1282 1353 1560 1426; x_wconf 77' lang='lat' dir='ltr'><strong>fragmen-</strong></span> <span class='ocrx_word' id='word_1_93' title='bbox 1606 1420 1617 1431; x_wconf 36' lang='grc' dir='ltr'><strong><em>ρ</em></strong></span> 
     </span>
    </p>
   </div>
   <div class='ocr_carea' id='block_1_15' title="bbox 38 1448 1560 1525">
    <p class='ocr_par' dir='ltr' id='par_1_15' title="bbox 38 1448 1560 1525">
     <span class='ocr_line' id='line_1_15' title="bbox 38 1448 1560 1525; baseline -0.007 -13"><span class='ocrx_word' id='word_1_94' title='bbox 38 1468 196 1512; x_wconf 70' lang='lat' dir='ltr'><strong>mea</strong></span> <span class='ocrx_word' id='word_1_95' title='bbox 212 1451 371 1525; x_wconf 68' lang='lat' dir='ltr'><strong>glacie</strong></span> <span class='ocrx_word' id='word_1_96' title='bbox 390 1449 553 1507; x_wconf 88' lang='lat' dir='ltr'><strong>simul</strong></span> <span class='ocrx_word' id='word_1_97' title='bbox 568 1464 695 1505; x_wconf 91' lang='lat' dir='ltr'><strong>cum</strong></span> <span class='ocrx_word' id='word_1_98' title='bbox 716 1448 981 1521; x_wconf 70' lang='lat' dir='ltr'><strong>grandine</strong></span> <span class='ocrx_word' id='word_1_99' title='bbox 992 1448 1263 1505; x_wconf 82' lang='lat' dir='ltr'><strong>decidisse</strong></span> <span class='ocrx_word' id='word_1_100' title='bbox 1285 1456 1560 1514; x_wconf 86' lang='lat' dir='ltr'><strong>narratur,</strong></span> 
     </span>
    </p>
   </div>
   <div class='ocr_carea' id='block_1_16' title="bbox 38 1537 1563 1617">
    <p class='ocr_par' dir='ltr' id='par_1_16' title="bbox 38 1537 1563 1617">
     <span class='ocr_line' id='line_1_16' title="bbox 38 1537 1563 1617; baseline -0.007 -14"><span class='ocrx_word' id='word_1_101' title='bbox 38 1548 161 1617; x_wconf 81' lang='lat' dir='ltr'><strong>cujus</strong></span> <span class='ocrx_word' id='word_1_102' title='bbox 177 1541 434 1615; x_wconf 64' lang='lat' dir='ltr'><strong>longitudo</strong></span> <span class='ocrx_word' id='word_1_103' title='bbox 453 1541 618 1612; x_wconf 83' lang='lat' dir='ltr'><strong>pedes</strong></span> <span class='ocrx_word' id='word_1_104' title='bbox 638 1540 729 1607; x_wconf 82' lang='lat' dir='ltr'><strong>l5,</strong></span> <span class='ocrx_word' id='word_1_105' title='bbox 753 1539 982 1604; x_wconf 84' lang='lat' dir='ltr'><strong>latitudo</strong></span> <span class='ocrx_word' id='word_1_106' title='bbox 1014 1539 1066 1607; x_wconf 88' lang='lat'><strong>7,</strong></span> <span class='ocrx_word' id='word_1_107' title='bbox 1090 1539 1398 1595; x_wconf 81' lang='lat' dir='ltr'><strong>crassitudo</strong></span> <span class='ocrx_word' id='word_1_108' title='bbox 1422 1537 1563 1593; x_wconf 86' lang='lat' dir='ltr'><strong>duos</strong></span> 
     </span>
    </p>
   </div>
   <div class='ocr_carea' id='block_1_17' title="bbox 40 1634 1043 1697">
    <p class='ocr_par' dir='ltr' id='par_1_17' title="bbox 40 1634 1043 1697">
     <span class='ocr_line' id='line_1_17' title="bbox 40 1634 1043 1697; baseline 0 -7"><span class='ocrx_word' id='word_1_109' title='bbox 40 1638 243 1697; x_wconf 71' lang='lat' dir='ltr'><strong>habuisse</strong></span> <span class='ocrx_word' id='word_1_110' title='bbox 266 1634 475 1691; x_wconf 86' lang='lat' dir='ltr'><strong>dicitur.</strong></span> <span class='ocrx_word' id='word_1_111' title='bbox 1030 1642 1043 1653; x_wconf 80' lang='lat'><em>‘</em></span> 
     </span>
    </p>
   </div>
   <div class='ocr_carea' id='block_1_18' title="bbox 146 1723 1565 1782">
    <p class='ocr_par' dir='ltr' id='par_1_18' title="bbox 146 1723 1565 1782">
     <span class='ocr_line' id='line_1_18' title="bbox 146 1723 1565 1782; baseline -0.001 0"><span class='ocrx_word' id='word_1_112' title='bbox 146 1734 160 1751; x_wconf 82' lang='lat'>&#39;</span> <span class='ocrx_word' id='word_1_113' title='bbox 178 1727 234 1782; x_wconf 89' lang='grc'><strong>1).</strong></span> <span class='ocrx_word' id='word_1_114' title='bbox 255 1725 315 1781; x_wconf 79' lang='grc' dir='ltr'><strong>Ε.</strong></span> <span class='ocrx_word' id='word_1_115' title='bbox 342 1725 547 1779; x_wconf 72' lang='lat' dir='ltr'><strong>addant</strong></span> <span class='ocrx_word' id='word_1_116' title='bbox 576 1739 594 1777; x_wconf 90' lang='lat'><strong><em>:</em></strong></span> <span class='ocrx_word' id='word_1_117' title='bbox 622 1723 765 1779; x_wconf 87' lang='lat' dir='ltr'><strong>Inter</strong></span> <span class='ocrx_word' id='word_1_118' title='bbox 789 1732 968 1781; x_wconf 73' lang='lat' dir='ltr'><strong>cetera</strong></span> <span class='ocrx_word' id='word_1_119' title='bbox 1018 1738 1248 1780; x_wconf 86' lang='lat' dir='ltr'><strong>munera</strong></span> <span class='ocrx_word' id='word_1_120' title='bbox 1270 1752 1338 1763; x_wconf 86' lang='lat'><strong>--</strong></span> <span class='ocrx_word' id='word_1_121' title='bbox 1363 1723 1438 1780; x_wconf 89' lang='lat' dir='ltr'><strong>ibi</strong></span> <span class='ocrx_word' id='word_1_122' title='bbox 1474 1738 1565 1781; x_wconf 85' lang='lat' dir='ltr'><strong>sa-</strong></span> 
     </span>
    </p>
   </div>
   <div class='ocr_carea' id='block_1_19' title="bbox 198 1792 711 1866">
    <p class='ocr_par' dir='ltr' id='par_1_19' title="bbox 198 1792 711 1866">
     <span class='ocr_line' id='line_1_19' title="bbox 198 1792 711 1866; baseline -0.01 -12"><span class='ocrx_word' id='word_1_123' title='bbox 198 1796 347 1854; x_wconf 80' lang='lat' dir='ltr'><strong>natis.</strong></span> <span class='ocrx_word' id='word_1_124' title='bbox 368 1811 433 1851; x_wconf 76' lang='lat' dir='ltr'><strong>ea:</strong></span> <span class='ocrx_word' id='word_1_125' title='bbox 460 1792 639 1866; x_wconf 60' lang='grc' dir='ltr'><strong>εἰμι.</strong></span> <span class='ocrx_word' id='word_1_126' title='bbox 704 1794 711 1799; x_wconf 78' lang='grc'><em>’</em></span> 
     </span>
    </p>
   </div>
   <div class='ocr_carea' id='block_1_20' title="bbox 90 1886 1561 1961">
    <p class='ocr_par' dir='ltr' id='par_1_20' title="bbox 90 1886 1561 1961">
     <span class='ocr_line' id='line_1_20' title="bbox 90 1886 1561 1961; baseline -0.004 -13"><span class='ocrx_word' id='word_1_127' title='bbox 90 1893 157 1948; x_wconf 83' lang='grc'><strong>11.</strong></span> <span class='ocrx_word' id='word_1_128' title='bbox 187 1889 265 1947; x_wconf 78' lang='lat' dir='ltr'><strong>ll).</strong></span> <span class='ocrx_word' id='word_1_129' title='bbox 295 1889 358 1947; x_wconf 79' lang='grc' dir='ltr'><strong>Δ.</strong></span> <span class='ocrx_word' id='word_1_130' title='bbox 395 1887 461 1944; x_wconf 90' lang='lat' dir='ltr'><strong>D.</strong></span> <span class='ocrx_word' id='word_1_131' title='bbox 502 1888 630 1945; x_wconf 85' lang='lat'><strong>825.</strong></span> <span class='ocrx_word' id='word_1_132' title='bbox 666 1886 863 1947; x_wconf 78' lang='lat' dir='ltr'><strong>Habito</strong></span> <span class='ocrx_word' id='word_1_133' title='bbox 894 1886 1227 1961; x_wconf 75' lang='lat' dir='ltr'><strong>Aquisgrani</strong></span> <span class='ocrx_word' id='word_1_134' title='bbox 1266 1897 1561 1954; x_wconf 88' lang='lat' dir='ltr'><strong>conventu,</strong></span> 
     </span>
    </p>
   </div>
   <div class='ocr_carea' id='block_1_21' title="bbox 39 1981 1566 2058">
    <p class='ocr_par' dir='ltr' id='par_1_21' title="bbox 39 1981 1566 2058">
     <span class='ocr_line' id='line_1_21' title="bbox 39 1981 1566 2058; baseline -0.002 -19"><span class='ocrx_word' id='word_1_135' title='bbox 39 1985 161 2058; x_wconf 67' lang='lat' dir='ltr'><strong>legati</strong></span> <span class='ocrx_word' id='word_1_136' title='bbox 195 1982 466 2055; x_wconf 72' lang='lat' dir='ltr'><strong>Bulgarum</strong></span> <span class='ocrx_word' id='word_1_137' title='bbox 508 1996 612 2053; x_wconf 91' lang='lat' dir='ltr'><strong>pro</strong></span> <span class='ocrx_word' id='word_1_138' title='bbox 674 1981 1073 2038; x_wconf 85' lang='lat' dir='ltr'><strong>constituendis</strong></span> <span class='ocrx_word' id='word_1_139' title='bbox 1126 1981 1376 2037; x_wconf 86' lang='lat' dir='ltr'><strong>terminis</strong></span> <span class='ocrx_word' id='word_1_140' title='bbox 1424 1981 1566 2039; x_wconf 83' lang='lat' dir='ltr'><strong>inter</strong></span> 
     </span>
    </p>
   </div>
   <div class='ocr_carea' id='block_1_22' title="bbox 42 2071 1565 2145">
    <p class='ocr_par' dir='ltr' id='par_1_22' title="bbox 42 2071 1565 2145">
     <span class='ocr_line' id='line_1_22' title="bbox 42 2071 1565 2145; baseline -0.001 -15"><span class='ocrx_word' id='word_1_141' title='bbox 42 2076 227 2133; x_wconf 76' lang='lat' dir='ltr'><strong>Francos</strong></span> <span class='ocrx_word' id='word_1_142' title='bbox 251 2083 301 2129; x_wconf 85' lang='lat' dir='ltr'><strong>et</strong></span> <span class='ocrx_word' id='word_1_143' title='bbox 331 2071 593 2145; x_wconf 75' lang='lat' dir='ltr'><strong>Bulgares</strong></span> <span class='ocrx_word' id='word_1_144' title='bbox 621 2073 691 2129; x_wconf 93' lang='lat' dir='ltr'><strong>ad</strong></span> <span class='ocrx_word' id='word_1_145' title='bbox 744 2071 1128 2144; x_wconf 86' lang='lat' dir='ltr'><strong>imperatorem</strong></span> <span class='ocrx_word' id='word_1_146' title='bbox 1158 2080 1446 2140; x_wconf 88' lang='lat' dir='ltr'><strong>venerunt,</strong></span> <span class='ocrx_word' id='word_1_147' title='bbox 1475 2088 1565 2129; x_wconf 89' lang='lat' dir='ltr'><strong>re-</strong></span> 
     </span>
    </p>
   </div>
   <div class='ocr_carea' id='block_1_23' title="bbox 40 2164 1347 2239">
    <p class='ocr_par' dir='ltr' id='par_1_23' title="bbox 40 2164 1347 2239">
     <span class='ocr_line' id='line_1_23' title="bbox 40 2164 1347 2239; baseline 0 -18"><span class='ocrx_word' id='word_1_148' title='bbox 40 2180 287 2237; x_wconf 80' lang='lat' dir='ltr'><strong>sponsoque</strong></span> <span class='ocrx_word' id='word_1_149' title='bbox 307 2175 553 2239; x_wconf 85' lang='lat' dir='ltr'><strong>accepto,</strong></span> <span class='ocrx_word' id='word_1_150' title='bbox 585 2164 886 2221; x_wconf 89' lang='lat' dir='ltr'><strong>redierunt.</strong></span> <span class='ocrx_word' id='word_1_151' title='bbox 1338 2182 1347 2189; x_wconf 62' lang='grc' dir='ltr'><em>τ</em></span> 
     </span>
    </p>
   </div>
   <div class='ocr_carea' id='block_1_24' title="bbox 92 2256 1565 2325">
    <p class='ocr_par' dir='ltr' id='par_1_24' title="bbox 92 2256 1565 2325">
     <span class='ocr_line' id='line_1_24' title="bbox 92 2256 1565 2325; baseline -0.001 -11"><span class='ocrx_word' id='word_1_152' title='bbox 92 2258 157 2314; x_wconf 83' lang='lat' dir='ltr'><strong>l2.</strong></span> <span class='ocrx_word' id='word_1_153' title='bbox 190 2258 266 2315; x_wconf 86' lang='lat' dir='ltr'><strong>ll.</strong></span> <span class='ocrx_word' id='word_1_154' title='bbox 309 2256 372 2314; x_wconf 84' lang='lat' dir='ltr'><strong>A.</strong></span> <span class='ocrx_word' id='word_1_155' title='bbox 413 2256 474 2313; x_wconf 89' lang='lat' dir='ltr'><strong>D.</strong></span> <span class='ocrx_word' id='word_1_156' title='bbox 520 2256 645 2314; x_wconf 84' lang='grc'><strong>826.</strong></span> <span class='ocrx_word' id='word_1_157' title='bbox 677 2256 1026 2325; x_wconf 83' lang='lat' dir='ltr'><strong>Hilduvinus,</strong></span> <span class='ocrx_word' id='word_1_158' title='bbox 1049 2257 1221 2314; x_wconf 83' lang='lat' dir='ltr'><strong>abbas</strong></span> <span class='ocrx_word' id='word_1_159' title='bbox 1250 2256 1565 2314; x_wconf 84' lang='lat' dir='ltr'><strong>monasterii</strong></span> 
     </span>
    </p>
   </div>
   <div class='ocr_carea' id='block_1_25' title="bbox 41 2348 1569 2421">
    <p class='ocr_par' dir='ltr' id='par_1_25' title="bbox 41 2348 1569 2421">
     <span class='ocr_line' id='line_1_25' title="bbox 41 2348 1569 2421; baseline -0.002 -14"><span class='ocrx_word' id='word_1_160' title='bbox 41 2349 183 2407; x_wconf 70' lang='lat' dir='ltr'><strong>Sancti</strong></span> <span class='ocrx_word' id='word_1_161' title='bbox 215 2348 429 2406; x_wconf 85' lang='lat' dir='ltr'><strong>Dionisii</strong></span> <span class='ocrx_word' id='word_1_162' title='bbox 471 2349 619 2421; x_wconf 90' lang='lat' dir='ltr'><strong>apud</strong></span> <span class='ocrx_word' id='word_1_163' title='bbox 646 2348 920 2405; x_wconf 88' lang='lat' dir='ltr'><strong>Parisium</strong></span> <span class='ocrx_word' id='word_1_164' title='bbox 964 2350 1219 2421; x_wconf 82' lang='lat' dir='ltr'><strong>sacrique</strong></span> <span class='ocrx_word' id='word_1_165' title='bbox 1256 2348 1445 2421; x_wconf 78' lang='lat' dir='ltr'><strong>palatii</strong></span> <span class='ocrx_word' id='word_1_166' title='bbox 1478 2363 1569 2404; x_wconf 91' lang='lat' dir='ltr'><strong>ar-</strong></span> 
     </span>
    </p>
   </div>
   <div class='ocr_carea' id='block_1_26' title="bbox 41 2440 1568 2513">
    <p class='ocr_par' dir='ltr' id='par_1_26' title="bbox 41 2440 1568 2513">
     <span class='ocr_line' id='line_1_26' title="bbox 41 2440 1568 2513; baseline 0 -15"><span class='ocrx_word' id='word_1_167' title='bbox 41 2442 393 2513; x_wconf 81' lang='lat' dir='ltr'><strong>chicapellanus,</strong></span> <span class='ocrx_word' id='word_1_168' title='bbox 440 2440 677 2497; x_wconf 78' lang='lat' dir='ltr'><strong>Romam</strong></span> <span class='ocrx_word' id='word_1_169' title='bbox 718 2440 960 2509; x_wconf 80' lang='lat' dir='ltr'><strong>mittens,</strong></span> <span class='ocrx_word' id='word_1_170' title='bbox 1002 2450 1278 2498; x_wconf 87' lang='lat' dir='ltr'><strong>annuente</strong></span> <span class='ocrx_word' id='word_1_171' title='bbox 1314 2440 1568 2512; x_wconf 81' lang='lat' dir='ltr'><strong>precibus</strong></span> 
     </span>
    </p>
   </div>
   <div class='ocr_carea' id='block_1_27' title="bbox 46 2532 1564 2606">
    <p class='ocr_par' dir='ltr' id='par_1_27' title="bbox 46 2532 1564 2606">
     <span class='ocr_line' id='line_1_27' title="bbox 46 2532 1564 2606; baseline 0.002 -18"><span class='ocrx_word' id='word_1_172' title='bbox 46 2534 127 2604; x_wconf 55' lang='lat' dir='ltr'><strong>eius</strong></span> <span class='ocrx_word' id='word_1_173' title='bbox 144 2532 375 2606; x_wconf 75' lang='lat' dir='ltr'><strong>Eugenio,</strong></span> <span class='ocrx_word' id='word_1_174' title='bbox 403 2542 613 2591; x_wconf 71' lang='lat' dir='ltr'><strong>sancta:</strong></span> <span class='ocrx_word' id='word_1_175' title='bbox 639 2534 785 2592; x_wconf 85' lang='lat' dir='ltr'><strong>sedis</strong></span> <span class='ocrx_word' id='word_1_176' title='bbox 821 2534 1134 2605; x_wconf 72' lang='lat' dir='ltr'><strong>apostolicae</strong></span> <span class='ocrx_word' id='word_1_177' title='bbox 1161 2542 1289 2589; x_wconf 83' lang='lat' dir='ltr'><strong>tunc</strong></span> <span class='ocrx_word' id='word_1_178' title='bbox 1310 2533 1564 2605; x_wconf 62' lang='lat' dir='ltr'><strong>praesule,</strong></span> 
     </span>
    </p>
   </div>
   <div class='ocr_carea' id='block_1_28' title="bbox 1595 1813 1638 1871">
    <p class='ocr_par' dir='ltr' id='par_1_28' title="bbox 1595 1813 1638 1871">
     <span class='ocr_line' id='line_1_28' title="bbox 1595 1813 1638 1871; baseline 0 0"><span class='ocrx_word' id='word_1_179' title='bbox 1595 1813 1638 1871; x_wconf 85' lang='lat' dir='ltr'><strong>ll</strong></span> 
     </span>
    </p>
   </div>
   <div class='ocr_carea' id='block_1_29' title="bbox 40 2623 1569 2699">
    <p class='ocr_par' dir='ltr' id='par_1_29' title="bbox 40 2623 1569 2699">
     <span class='ocr_line' id='line_1_29' title="bbox 40 2623 1569 2699; baseline 0.001 -17"><span class='ocrx_word' id='word_1_180' title='bbox 40 2640 189 2696; x_wconf 74' lang='lat' dir='ltr'><strong>capas</strong></span> <span class='ocrx_word' id='word_1_181' title='bbox 205 2625 491 2682; x_wconf 84' lang='lat' dir='ltr'><strong>beatissimi</strong></span> <span class='ocrx_word' id='word_1_182' title='bbox 533 2625 1036 2699; x_wconf 83' lang='lat' dir='ltr'><strong>martyrisChristi</strong></span> <span class='ocrx_word' id='word_1_183' title='bbox 1081 2623 1569 2683; x_wconf 80' lang='lat' dir='ltr'><strong>Sehastianiacce-</strong></span> 
     </span>
    </p>
   </div>
   <div class='ocr_carea' id='block_1_30' title="bbox 40 2717 1568 2793">
    <p class='ocr_par' dir='ltr' id='par_1_30' title="bbox 40 2717 1568 2793">
     <span class='ocr_line' id='line_1_30' title="bbox 40 2717 1568 2793; baseline 0.004 -23"><span class='ocrx_word' id='word_1_184' title='bbox 40 2717 110 2786; x_wconf 78' lang='lat' dir='ltr'><strong>pit,</strong></span> <span class='ocrx_word' id='word_1_185' title='bbox 133 2727 179 2773; x_wconf 84' lang='lat' dir='ltr'><strong>et</strong></span> <span class='ocrx_word' id='word_1_186' title='bbox 216 2718 333 2773; x_wconf 89' lang='lat' dir='ltr'><strong>illud</strong></span> <span class='ocrx_word' id='word_1_187' title='bbox 379 2718 527 2790; x_wconf 86' lang='lat' dir='ltr'><strong>apud</strong></span> <span class='ocrx_word' id='word_1_188' title='bbox 560 2717 894 2775; x_wconf 84' lang='lat' dir='ltr'><strong>Suessonam</strong></span> <span class='ocrx_word' id='word_1_189' title='bbox 922 2718 1199 2775; x_wconf 83' lang='lat' dir='ltr'><strong>civitatem</strong></span> <span class='ocrx_word' id='word_1_190' title='bbox 1237 2719 1293 2775; x_wconf 88' lang='lat' dir='ltr'><strong>in</strong></span> <span class='ocrx_word' id='word_1_191' title='bbox 1326 2718 1568 2793; x_wconf 79' lang='lat' dir='ltr'><strong>hasylica</strong></span> 
     </span>
    </p>
   </div>
   <div class='ocr_carea' id='block_1_31' title="bbox 42 2806 1567 2879">
    <p class='ocr_par' dir='ltr' id='par_1_31' title="bbox 42 2806 1567 2879">
     <span class='ocr_line' id='line_1_31' title="bbox 42 2806 1567 2879; baseline 0.005 -17"><span class='ocrx_word' id='word_1_192' title='bbox 42 2809 169 2863; x_wconf 83' lang='lat' dir='ltr'><strong>sancti</strong></span> <span class='ocrx_word' id='word_1_193' title='bbox 189 2807 407 2866; x_wconf 81' lang='lat' dir='ltr'><strong>Medardi</strong></span> <span class='ocrx_word' id='word_1_194' title='bbox 426 2810 758 2879; x_wconf 86' lang='lat' dir='ltr'><strong>collocavit;</strong></span> <span class='ocrx_word' id='word_1_195' title='bbox 799 2811 893 2867; x_wconf 91' lang='lat' dir='ltr'><strong>ubi</strong></span> <span class='ocrx_word' id='word_1_196' title='bbox 926 2811 1059 2869; x_wconf 89' lang='lat' dir='ltr'><strong>dum</strong></span> <span class='ocrx_word' id='word_1_197' title='bbox 1096 2811 1276 2868; x_wconf 77' lang='lat' dir='ltr'><strong>adhuc</strong></span> <span class='ocrx_word' id='word_1_198' title='bbox 1314 2806 1567 2869; x_wconf 80' lang='lat' dir='ltr'><strong>inhuma-</strong></span> 
     </span>
    </p>
   </div>
   <div class='ocr_carea' id='block_1_32' title="bbox 40 2899 1568 2974">
    <p class='ocr_par' dir='ltr' id='par_1_32' title="bbox 40 2899 1568 2974">
     <span class='ocr_line' id='line_1_32' title="bbox 40 2899 1568 2974; baseline 0.005 -22"><span class='ocrx_word' id='word_1_199' title='bbox 40 2907 125 2953; x_wconf 83' lang='lat' dir='ltr'><strong>tum</strong></span> <span class='ocrx_word' id='word_1_200' title='bbox 156 2899 205 2954; x_wconf 89' lang='lat' dir='ltr'><strong>in</strong></span> <span class='ocrx_word' id='word_1_201' title='bbox 236 2899 405 2957; x_wconf 88' lang='lat' dir='ltr'><strong>loculo</strong></span> <span class='ocrx_word' id='word_1_202' title='bbox 443 2916 562 2972; x_wconf 82' lang='lat' dir='ltr'><strong>quo</strong></span> <span class='ocrx_word' id='word_1_203' title='bbox 593 2902 819 2957; x_wconf 89' lang='lat' dir='ltr'><strong>allatum</strong></span> <span class='ocrx_word' id='word_1_204' title='bbox 867 2899 1066 2971; x_wconf 79' lang='lat' dir='ltr'><strong>fuerat,</strong></span> <span class='ocrx_word' id='word_1_205' title='bbox 1089 2901 1247 2974; x_wconf 75' lang='lat' dir='ltr'><strong>juxta</strong></span> <span class='ocrx_word' id='word_1_206' title='bbox 1294 2902 1568 2959; x_wconf 88' lang='lat' dir='ltr'><strong>tumulum</strong></span> 
     </span>
    </p>
   </div>
   <div class='ocr_carea' id='block_1_33' title="bbox 40 2988 1613 3066">
    <p class='ocr_par' dir='ltr' id='par_1_33' title="bbox 40 2988 1613 3066">
     <span class='ocr_line' id='line_1_33' title="bbox 40 2988 1613 3066; baseline 0.006 -23"><span class='ocrx_word' id='word_1_207' title='bbox 40 2990 169 3045; x_wconf 79' lang='lat' dir='ltr'><strong>sancti</strong></span> <span class='ocrx_word' id='word_1_208' title='bbox 206 2988 428 3048; x_wconf 71' lang='lat' dir='ltr'><strong>Medardi</strong></span> <span class='ocrx_word' id='word_1_209' title='bbox 471 2993 707 3064; x_wconf 68' lang='lat' dir='ltr'><strong>iaceret,</strong></span> <span class='ocrx_word' id='word_1_210' title='bbox 751 3001 903 3051; x_wconf 87' lang='lat' dir='ltr'><strong>tanta</strong></span> <span class='ocrx_word' id='word_1_211' title='bbox 941 2993 1226 3066; x_wconf 79' lang='lat' dir='ltr'><strong>signorum</strong></span> <span class='ocrx_word' id='word_1_212' title='bbox 1275 2993 1570 3052; x_wconf 83' lang='lat' dir='ltr'><strong>multitudo</strong></span> <span class='ocrx_word' id='word_1_213' title='bbox 1610 3022 1613 3025; x_wconf 86' lang='lat'><strong><em>-</em></strong></span> 
     </span>
    </p>
   </div>
   <div class='ocr_carea' id='block_1_34' title="bbox 40 3082 1567 3161">
    <p class='ocr_par' dir='ltr' id='par_1_34' title="bbox 40 3082 1567 3161">
     <span class='ocr_line' id='line_1_34' title="bbox 40 3082 1567 3161; baseline 0.007 -26"><span class='ocrx_word' id='word_1_214' title='bbox 40 3082 203 3150; x_wconf 79' lang='lat' dir='ltr'><strong>enituit,</strong></span> <span class='ocrx_word' id='word_1_215' title='bbox 240 3094 299 3142; x_wconf 89' lang='lat' dir='ltr'><strong>ut</strong></span> <span class='ocrx_word' id='word_1_216' title='bbox 316 3101 345 3140; x_wconf 92' lang='lat' dir='ltr'><strong>a</strong></span> <span class='ocrx_word' id='word_1_217' title='bbox 388 3086 546 3142; x_wconf 81' lang='lat' dir='ltr'><strong>nullo</strong></span> <span class='ocrx_word' id='word_1_218' title='bbox 575 3086 890 3143; x_wconf 84' lang='lat' dir='ltr'><strong>mortalium</strong></span> <span class='ocrx_word' id='word_1_219' title='bbox 919 3095 1016 3143; x_wconf 91' lang='lat' dir='ltr'><strong>aut</strong></span> <span class='ocrx_word' id='word_1_220' title='bbox 1052 3102 1285 3144; x_wconf 90' lang='lat' dir='ltr'><strong>numero</strong></span> <span class='ocrx_word' id='word_1_221' title='bbox 1313 3101 1567 3161; x_wconf 89' lang='lat' dir='ltr'><strong>compre-</strong></span> 
     </span>
    </p>
   </div>
   <div class='ocr_carea' id='block_1_35' title="bbox 42 3172 1568 3253">
    <p class='ocr_par' dir='ltr' id='par_1_35' title="bbox 42 3172 1568 3253">
     <span class='ocr_line' id='line_1_35' title="bbox 42 3172 1568 3253; baseline 0.007 -26"><span class='ocrx_word' id='word_1_222' title='bbox 42 3172 159 3229; x_wconf 74' lang='lat' dir='ltr'><strong>hendi</strong></span> <span class='ocrx_word' id='word_1_223' title='bbox 198 3185 283 3234; x_wconf 88' lang='lat' dir='ltr'><strong>aut</strong></span> <span class='ocrx_word' id='word_1_224' title='bbox 307 3177 482 3236; x_wconf 80' lang='lat' dir='ltr'><strong>verbis</strong></span> <span class='ocrx_word' id='word_1_225' title='bbox 536 3174 723 3235; x_wconf 81' lang='lat' dir='ltr'><strong>valeat</strong></span> <span class='ocrx_word' id='word_1_226' title='bbox 739 3178 1024 3249; x_wconf 88' lang='lat' dir='ltr'><strong>enarrari;</strong></span> <span class='ocrx_word' id='word_1_227' title='bbox 1052 3195 1289 3253; x_wconf 88' lang='lat' dir='ltr'><strong>quorum</strong></span> <span class='ocrx_word' id='word_1_228' title='bbox 1315 3181 1568 3252; x_wconf 60' lang='lat' dir='ltr'><strong>quadam</strong></span> 
     </span>
    </p>
   </div>
   <div class='ocr_carea' id='block_1_36' title="bbox 42 3267 1570 3340">
    <p class='ocr_par' dir='ltr' id='par_1_36' title="bbox 42 3267 1570 3340">
     <span class='ocr_line' id='line_1_36' title="bbox 42 3267 1570 3340; baseline 0.005 -21"><span class='ocrx_word' id='word_1_229' title='bbox 42 3267 137 3321; x_wconf 78' lang='lat' dir='ltr'><strong>uati</strong></span> <span class='ocrx_word' id='word_1_230' title='bbox 157 3269 371 3340; x_wconf 85' lang='lat' dir='ltr'><strong>stuporis</strong></span> <span class='ocrx_word' id='word_1_231' title='bbox 410 3285 542 3327; x_wconf 86' lang='lat' dir='ltr'><strong>esse</strong></span> <span class='ocrx_word' id='word_1_232' title='bbox 566 3278 881 3339; x_wconf 89' lang='lat' dir='ltr'><strong>narrantur,</strong></span> <span class='ocrx_word' id='word_1_233' title='bbox 912 3279 973 3326; x_wconf 91' lang='lat' dir='ltr'><strong>ut</strong></span> <span class='ocrx_word' id='word_1_234' title='bbox 1001 3271 1256 3328; x_wconf 66' lang='lat' dir='ltr'><strong>humanae</strong></span> <span class='ocrx_word' id='word_1_235' title='bbox 1291 3268 1570 3329; x_wconf 83' lang='lat' dir='ltr'><strong>imbecilli-</strong></span> 
     </span>
    </p>
   </div>
   <div class='ocr_carea' id='block_1_37' title="bbox 1594 3161 1639 3224">
    <p class='ocr_par' dir='ltr' id='par_1_37' title="bbox 1594 3161 1639 3224">
     <span class='ocr_line' id='line_1_37' title="bbox 1594 3161 1639 3224; baseline 0 -2"><span class='ocrx_word' id='word_1_236' title='bbox 1594 3161 1639 3224; x_wconf 90' lang='lat' dir='ltr'><strong>C</strong></span> 
     </span>
    </p>
   </div>
   <div class='ocr_carea' id='block_1_38' title="bbox 42 3358 1566 3432">
    <p class='ocr_par' dir='ltr' id='par_1_38' title="bbox 42 3358 1566 3432">
     <span class='ocr_line' id='line_1_38' title="bbox 42 3358 1566 3432; baseline 0.005 -21"><span class='ocrx_word' id='word_1_237' title='bbox 42 3358 134 3415; x_wconf 80' lang='lat' dir='ltr'><strong>tatis</strong></span> <span class='ocrx_word' id='word_1_238' title='bbox 152 3358 290 3417; x_wconf 79' lang='lat' dir='ltr'><strong>ﬁdem</strong></span> <span class='ocrx_word' id='word_1_239' title='bbox 309 3362 655 3431; x_wconf 80' lang='lat' dir='ltr'><strong>excederent,</strong></span> <span class='ocrx_word' id='word_1_240' title='bbox 679 3362 785 3419; x_wconf 87' lang='lat' dir='ltr'><strong>nisi</strong></span> <span class='ocrx_word' id='word_1_241' title='bbox 809 3371 1021 3419; x_wconf 88' lang='lat' dir='ltr'><strong>certum</strong></span> <span class='ocrx_word' id='word_1_242' title='bbox 1052 3373 1198 3420; x_wconf 89' lang='lat' dir='ltr'><strong>esset</strong></span> <span class='ocrx_word' id='word_1_243' title='bbox 1246 3361 1566 3432; x_wconf 83' lang='lat' dir='ltr'><strong>Dominum,</strong></span> 
     </span>
    </p>
   </div>
   <div class='ocr_carea' id='block_1_39' title="bbox 41 3454 1140 3527">
    <p class='ocr_par' dir='ltr' id='par_1_39' title="bbox 41 3454 1140 3527">
     <span class='ocr_line' id='line_1_39' title="bbox 41 3454 1140 3527; baseline 0.006 -23"><span class='ocrx_word' id='word_1_244' title='bbox 41 3464 112 3518; x_wconf 76' lang='lat' dir='ltr'><strong>pro</strong></span> <span class='ocrx_word' id='word_1_245' title='bbox 137 3467 228 3523; x_wconf 91' lang='lat' dir='ltr'><strong>quo</strong></span> <span class='ocrx_word' id='word_1_246' title='bbox 246 3454 353 3526; x_wconf 89' lang='lat' dir='ltr'><strong>ipse</strong></span> <span class='ocrx_word' id='word_1_247' title='bbox 378 3471 582 3527; x_wconf 89' lang='lat' dir='ltr'><strong>passus</strong></span> <span class='ocrx_word' id='word_1_248' title='bbox 617 3463 721 3524; x_wconf 88' lang='lat' dir='ltr'><strong>est,</strong></span> <span class='ocrx_word' id='word_1_249' title='bbox 751 3455 935 3511; x_wconf 89' lang='lat' dir='ltr'><strong>omnia</strong></span> <span class='ocrx_word' id='word_1_250' title='bbox 959 3471 1140 3527; x_wconf 86' lang='lat' dir='ltr'><strong>posse.</strong></span> 
     </span>
    </p>
   </div>
   <div class='ocr_carea' id='block_1_40' title="bbox 92 3543 1568 3623">
    <p class='ocr_par' dir='ltr' id='par_1_40' title="bbox 92 3543 1568 3623">
     <span class='ocr_line' id='line_1_40' title="bbox 92 3543 1568 3623; baseline 0.007 -27"><span class='ocrx_word' id='word_1_251' title='bbox 92 3543 157 3598; x_wconf 83' lang='grc'><strong>15.</strong></span> <span class='ocrx_word' id='word_1_252' title='bbox 194 3545 269 3601; x_wconf 82' lang='grc'><strong>12.</strong></span> <span class='ocrx_word' id='word_1_253' title='bbox 304 3546 367 3603; x_wconf 73' lang='grc' dir='ltr'><strong>Δ.</strong></span> <span class='ocrx_word' id='word_1_254' title='bbox 406 3546 471 3603; x_wconf 82' lang='grc' dir='ltr'><strong>Ι).</strong></span> <span class='ocrx_word' id='word_1_255' title='bbox 510 3547 641 3603; x_wconf 92' lang='lat'><strong>827.</strong></span> <span class='ocrx_word' id='word_1_256' title='bbox 671 3546 951 3619; x_wconf 75' lang='lat' dir='ltr'><strong>Eugenius</strong></span> <span class='ocrx_word' id='word_1_257' title='bbox 974 3564 1112 3621; x_wconf 89' lang='lat' dir='ltr'><strong>papa</strong></span> <span class='ocrx_word' id='word_1_258' title='bbox 1148 3565 1338 3607; x_wconf 89' lang='lat' dir='ltr'><strong>mense</strong></span> <span class='ocrx_word' id='word_1_259' title='bbox 1378 3549 1568 3623; x_wconf 79' lang='lat' dir='ltr'><strong>Augu-</strong></span> 
     </span>
    </p>
   </div>
   <div class='ocr_carea' id='block_1_41' title="bbox 42 3634 1569 3710">
    <p class='ocr_par' dir='ltr' id='par_1_41' title="bbox 42 3634 1569 3710">
     <span class='ocr_line' id='line_1_41' title="bbox 42 3634 1569 3710; baseline 0.009 -25"><span class='ocrx_word' id='word_1_260' title='bbox 42 3642 102 3687; x_wconf 84' lang='lat' dir='ltr'><strong>sto</strong></span> <span class='ocrx_word' id='word_1_261' title='bbox 127 3634 358 3706; x_wconf 81' lang='lat' dir='ltr'><strong>decessit;</strong></span> <span class='ocrx_word' id='word_1_262' title='bbox 382 3636 450 3694; x_wconf 70' lang='lat' dir='ltr'><strong>‘in</strong></span> <span class='ocrx_word' id='word_1_263' title='bbox 472 3638 638 3710; x_wconf 80' lang='lat' dir='ltr'><strong>cujus</strong></span> <span class='ocrx_word' id='word_1_264' title='bbox 664 3639 846 3696; x_wconf 89' lang='lat' dir='ltr'><strong>locum</strong></span> <span class='ocrx_word' id='word_1_265' title='bbox 889 3636 1213 3698; x_wconf 84' lang='lat' dir='ltr'><strong>Valentinus</strong></span> <span class='ocrx_word' id='word_1_266' title='bbox 1246 3641 1513 3702; x_wconf 85' lang='lat' dir='ltr'><strong>diaconus</strong></span> <span class='ocrx_word' id='word_1_267' title='bbox 1534 3654 1569 3699; x_wconf 88' lang='lat' dir='ltr'><strong>a</strong></span> 
     </span>
    </p>
   </div>
   <div class='ocr_carea' id='block_1_42' title="bbox 43 3720 1570 3802">
    <p class='ocr_par' dir='ltr' id='par_1_42' title="bbox 43 3720 1570 3802">
     <span class='ocr_line' id='line_1_42' title="bbox 43 3720 1570 3802; baseline 0.008 -24"><span class='ocrx_word' id='word_1_268' title='bbox 43 3720 247 3784; x_wconf 80' lang='lat' dir='ltr'><strong>Romanis</strong></span> <span class='ocrx_word' id='word_1_269' title='bbox 262 3744 394 3800; x_wconf 87' lang='lat' dir='ltr'><strong>papa</strong></span> <span class='ocrx_word' id='word_1_270' title='bbox 411 3731 753 3788; x_wconf 90' lang='lat' dir='ltr'><strong>centesimus</strong></span> <span class='ocrx_word' id='word_1_271' title='bbox 774 3732 1083 3802; x_wconf 86' lang='lat' dir='ltr'><strong>ordinatus,</strong></span> <span class='ocrx_word' id='word_1_272' title='bbox 1105 3730 1195 3789; x_wconf 81' lang='lat' dir='ltr'><strong>vix</strong></span> <span class='ocrx_word' id='word_1_273' title='bbox 1220 3747 1392 3791; x_wconf 88' lang='lat' dir='ltr'><strong>unum</strong></span> <span class='ocrx_word' id='word_1_274' title='bbox 1415 3749 1570 3790; x_wconf 88' lang='lat' dir='ltr'><strong>men-</strong></span> 
     </span>
    </p>
   </div>
   <div class='ocr_carea' id='block_1_43' title="bbox 41 3817 1569 3895">
    <p class='ocr_par' dir='ltr' id='par_1_43' title="bbox 41 3817 1569 3895">
     <span class='ocr_line' id='line_1_43' title="bbox 41 3817 1569 3895; baseline 0.008 -24"><span class='ocrx_word' id='word_1_275' title='bbox 41 3830 123 3870; x_wconf 79' lang='lat' dir='ltr'><strong>sem</strong></span> <span class='ocrx_word' id='word_1_276' title='bbox 143 3817 188 3872; x_wconf 88' lang='lat' dir='ltr'><strong>in</strong></span> <span class='ocrx_word' id='word_1_277' title='bbox 206 3821 511 3890; x_wconf 89' lang='lat' dir='ltr'><strong>pontiﬁcatu</strong></span> <span class='ocrx_word' id='word_1_278' title='bbox 542 3822 833 3892; x_wconf 79' lang='lat' dir='ltr'><strong>complevit</strong></span> <span class='ocrx_word' id='word_1_279' title='bbox 855 3822 967 3879; x_wconf 71' lang='grc'><strong>⁸⁸⁷⁷.</strong></span> <span class='ocrx_word' id='word_1_280' title='bbox 990 3822 1113 3895; x_wconf 81' lang='lat' dir='ltr'><strong>Quo</strong></span> <span class='ocrx_word' id='word_1_281' title='bbox 1131 3822 1411 3893; x_wconf 82' lang='lat' dir='ltr'><strong>defuncto,</strong></span> <span class='ocrx_word' id='word_1_282' title='bbox 1434 3824 1569 3883; x_wconf 87' lang='lat' dir='ltr'><strong>Gre-</strong></span> 
     </span>
    </p>
   </div>
   <div class='ocr_carea' id='block_1_44' title="bbox 41 3906 1566 3987">
    <p class='ocr_par' dir='ltr' id='par_1_44' title="bbox 41 3906 1566 3987">
     <span class='ocr_line' id='line_1_44' title="bbox 41 3906 1566 3987; baseline -0.003 -14"><span class='ocrx_word' id='word_1_283' title='bbox 41 3906 199 3974; x_wconf 72' lang='grc' dir='ltr'><strong>εοτὶιιε.</strong></span> <span class='ocrx_word' id='word_1_284' title='bbox 241 3910 501 3980; x_wconf 71' lang='lat' dir='ltr'><strong>presbiter</strong></span> <span class='ocrx_word' id='word_1_285' title='bbox 556 3912 700 3968; x_wconf 90' lang='lat' dir='ltr'><strong>tituli</strong></span> <span class='ocrx_word' id='word_1_286' title='bbox 752 3913 930 3969; x_wconf 87' lang='lat' dir='ltr'><strong>sancti</strong></span> <span class='ocrx_word' id='word_1_287' title='bbox 981 3913 1170 3983; x_wconf 81' lang='lat' dir='ltr'><strong>Marci,</strong></span> <span class='ocrx_word' id='word_1_288' title='bbox 1216 3930 1356 3987; x_wconf 89' lang='lat' dir='ltr'><strong>papa</strong></span> <span class='ocrx_word' id='word_1_289' title='bbox 1405 3914 1566 3970; x_wconf 64' lang='lat' dir='ltr'><strong>illi“</strong></span> 
     </span>
    </p>
   </div>
   <div class='ocr_carea' id='block_1_45' title="bbox 38 3995 1572 4079">
    <p class='ocr_par' dir='ltr' id='par_1_45' title="bbox 38 3995 1572 4079">
     <span class='ocr_line' id='line_1_45' title="bbox 38 3995 1572 4079; baseline 0.008 -27"><span class='ocrx_word' id='word_1_290' title='bbox 38 3995 195 4055; x_wconf 76' lang='lat' dir='ltr'><strong>electus</strong></span> <span class='ocrx_word' id='word_1_291' title='bbox 219 4009 317 4069; x_wconf 87' lang='lat' dir='ltr'><strong>est,</strong></span> <span class='ocrx_word' id='word_1_292' title='bbox 341 4003 433 4059; x_wconf 88' lang='lat' dir='ltr'><strong>sed</strong></span> <span class='ocrx_word' id='word_1_293' title='bbox 458 4010 593 4060; x_wconf 86' lang='lat' dir='ltr'><strong>ante</strong></span> <span class='ocrx_word' id='word_1_294' title='bbox 628 4018 739 4059; x_wconf 91' lang='lat' dir='ltr'><strong>non</strong></span> <span class='ocrx_word' id='word_1_295' title='bbox 768 4013 851 4061; x_wconf 91' lang='lat' dir='ltr'><strong>est</strong></span> <span class='ocrx_word' id='word_1_296' title='bbox 891 4004 1177 4062; x_wconf 87' lang='lat' dir='ltr'><strong>ordinatus</strong></span> <span class='ocrx_word' id='word_1_297' title='bbox 1210 4023 1377 4079; x_wconf 88' lang='lat' dir='ltr'><strong>quam</strong></span> <span class='ocrx_word' id='word_1_298' title='bbox 1398 4007 1572 4079; x_wconf 86' lang='lat' dir='ltr'><strong>impe-</strong></span> 
     </span>
    </p>
   </div>
   <div class='ocr_carea' id='block_1_46' title="bbox 41 4090 1571 4172">
    <p class='ocr_par' dir='ltr' id='par_1_46' title="bbox 41 4090 1571 4172">
     <span class='ocr_line' id='line_1_46' title="bbox 41 4090 1571 4172; baseline 0.008 -28"><span class='ocrx_word' id='word_1_299' title='bbox 41 4090 192 4145; x_wconf 77' lang='lat' dir='ltr'><strong>meris</strong></span> <span class='ocrx_word' id='word_1_300' title='bbox 224 4091 424 4166; x_wconf 69' lang='lat' dir='ltr'><strong>legatus</strong></span> <span class='ocrx_word' id='word_1_301' title='bbox 467 4094 705 4151; x_wconf 81' lang='lat' dir='ltr'><strong>Romam</strong></span> <span class='ocrx_word' id='word_1_302' title='bbox 730 4097 981 4165; x_wconf 86' lang='lat' dir='ltr'><strong>veniens,</strong></span> <span class='ocrx_word' id='word_1_303' title='bbox 1016 4099 1339 4155; x_wconf 84' lang='lat' dir='ltr'><strong>electionem</strong></span> <span class='ocrx_word' id='word_1_304' title='bbox 1382 4100 1571 4172; x_wconf 83' lang='lat' dir='ltr'><strong>populi</strong></span> 
     </span>
    </p>
   </div>
   <div class='ocr_carea' id='block_1_47' title="bbox 39 4180 1571 4265">
    <p class='ocr_par' dir='ltr' id='par_1_47' title="bbox 39 4180 1571 4265">
     <span class='ocr_line' id='line_1_47' title="bbox 39 4180 1571 4265; baseline 0.005 -25"><span class='ocrx_word' id='word_1_305' title='bbox 39 4180 175 4246; x_wconf 64' lang='lat' dir='ltr'><strong>qualis</strong></span> <span class='ocrx_word' id='word_1_306' title='bbox 185 4192 320 4241; x_wconf 88' lang='lat' dir='ltr'><strong>esset</strong></span> <span class='ocrx_word' id='word_1_307' title='bbox 335 4188 691 4243; x_wconf 70' lang='lat' dir='ltr'><strong>examinavit.</strong></span> <span class='ocrx_word' id='word_1_308' title='bbox 715 4186 838 4256; x_wconf 83' lang='lat' dir='ltr'><strong>Quo</strong></span> <span class='ocrx_word' id='word_1_309' title='bbox 857 4189 1168 4259; x_wconf 81' lang='lat' dir='ltr'><strong>decedente,</strong></span> <span class='ocrx_word' id='word_1_310' title='bbox 1185 4188 1410 4265; x_wconf 77' lang='lat' dir='ltr'><strong>Sergius</strong></span> <span class='ocrx_word' id='word_1_311' title='bbox 1432 4208 1571 4265; x_wconf 87' lang='lat' dir='ltr'><strong>papa</strong></span> 
     </span>
    </p>
   </div>
   <div class='ocr_carea' id='block_1_48' title="bbox 46 4268 1573 4351">
    <p class='ocr_par' dir='ltr' id='par_1_48' title="bbox 46 4268 1573 4351">
     <span class='ocr_line' id='line_1_48' title="bbox 46 4268 1573 4351; baseline 0.011 -27"><span class='ocrx_word' id='word_1_312' title='bbox 46 4268 162 4322; x_wconf 63' lang='grc' dir='ltr'><strong>ἰοί-ο</strong></span> <span class='ocrx_word' id='word_1_313' title='bbox 181 4278 457 4346; x_wconf 85' lang='lat' dir='ltr'><strong>successit;</strong></span> <span class='ocrx_word' id='word_1_314' title='bbox 496 4287 627 4350; x_wconf 90' lang='lat' dir='ltr'><strong>post</strong></span> <span class='ocrx_word' id='word_1_315' title='bbox 648 4296 811 4351; x_wconf 88' lang='lat' dir='ltr'><strong>quem</strong></span> <span class='ocrx_word' id='word_1_316' title='bbox 842 4280 953 4337; x_wconf 88' lang='lat' dir='ltr'><strong>Leo</strong></span> <span class='ocrx_word' id='word_1_317' title='bbox 976 4282 1135 4339; x_wconf 78' lang='grc' dir='ltr'><strong>105ιι·</strong></span> <span class='ocrx_word' id='word_1_318' title='bbox 1164 4284 1362 4340; x_wconf 77' lang='lat' dir='ltr'><strong>extitit.</strong></span> <span class='ocrx_word' id='word_1_319' title='bbox 1391 4289 1408 4308; x_wconf 82' lang='grc'>⁶</span> <span class='ocrx_word' id='word_1_320' title='bbox 1434 4284 1573 4341; x_wconf 86' lang='lat' dir='ltr'><strong>Cor-</strong></span> 
     </span>
    </p>
   </div>
   <div class='ocr_carea' id='block_1_49' title="bbox 41 4365 1572 4434">
    <p class='ocr_par' dir='ltr' id='par_1_49' title="bbox 41 4365 1572 4434">
     <span class='ocr_line' id='line_1_49' title="bbox 41 4365 1572 4434; baseline 0.008 -14"><span class='ocrx_word' id='word_1_321' title='bbox 41 4374 138 4429; x_wconf 75' lang='lat' dir='ltr'><strong>pora</strong></span> <span class='ocrx_word' id='word_1_322' title='bbox 161 4365 240 4401; x_wconf 77' lang='lat'><strong>“&quot;</strong></span> <span class='ocrx_word' id='word_1_323' title='bbox 259 4378 574 4427; x_wconf 89' lang='lat' dir='ltr'><strong>sanctorum</strong></span> <span class='ocrx_word' id='word_1_324' title='bbox 616 4370 917 4429; x_wconf 78' lang='lat' dir='ltr'><strong>Marcellini</strong></span> <span class='ocrx_word' id='word_1_325' title='bbox 940 4382 995 4430; x_wconf 91' lang='lat' dir='ltr'><strong>et</strong></span> <span class='ocrx_word' id='word_1_326' title='bbox 1022 4374 1166 4432; x_wconf 87' lang='lat' dir='ltr'><strong>Petri</strong></span> <span class='ocrx_word' id='word_1_327' title='bbox 1204 4366 1273 4433; x_wconf 83' lang='lat' dir='ltr'><strong>de</strong></span> <span class='ocrx_word' id='word_1_328' title='bbox 1310 4375 1485 4434; x_wconf 82' lang='lat' dir='ltr'><strong>Roma</strong></span> <span class='ocrx_word' id='word_1_329' title='bbox 1516 4374 1572 4433; x_wconf 89' lang='lat' dir='ltr'><strong>in</strong></span> 
     </span>
    </p>
   </div>
   <div class='ocr_carea' id='block_1_50' title="bbox 42 4450 1652 4564">
    <p class='ocr_par' dir='ltr' id='par_1_50' title="bbox 42 4450 1652 4564">
     <span class='ocr_line' id='line_1_50' title="bbox 42 4450 1652 4564; baseline 0.011 -54"><span class='ocrx_word' id='word_1_330' title='bbox 42 4450 327 4564; x_wconf 40' lang='lat' dir='ltr'><strong>laetaniam</strong></span> <span class='ocrx_word' id='word_1_331' title='bbox 368 4462 640 4521; x_wconf 84' lang='lat' dir='ltr'><strong>translata</strong></span> <span class='ocrx_word' id='word_1_332' title='bbox 683 4478 875 4523; x_wconf 80' lang='lat' dir='ltr'><strong>mense</strong></span> <span class='ocrx_word' id='word_1_333' title='bbox 918 4464 1209 4524; x_wconf 78' lang='lat' dir='ltr'><strong>Novembri</strong></span> <span class='ocrx_word' id='word_1_334' title='bbox 1236 4511 1252 4535; x_wconf 89' lang='lat'><strong>,</strong></span> <span class='ocrx_word' id='word_1_335' title='bbox 1291 4469 1574 4527; x_wconf 86' lang='lat' dir='ltr'><strong>miraculis</strong></span> <span class='ocrx_word' id='word_1_336' title='bbox 1598 4501 1652 4564; x_wconf 65' lang='grc' dir='ltr'><strong>Β</strong></span> 
     </span>
    </p>
   </div>
   <div class='ocr_carea' id='block_1_51' title="bbox 43 4543 458 4611">
    <p class='ocr_par' dir='ltr' id='par_1_51' title="bbox 43 4543 458 4611">
     <span class='ocr_line' id='line_1_51' title="bbox 43 4543 458 4611; baseline 0.012 -5"><span class='ocrx_word' id='word_1_337' title='bbox 43 4543 277 4608; x_wconf 71' lang='lat' dir='ltr'><strong>darilieata</strong></span> <span class='ocrx_word' id='word_1_338' title='bbox 311 4563 458 4611; x_wconf 85' lang='lat' dir='ltr'><strong>sunt.</strong></span> 
     </span>
    </p>
   </div>
   <div class='ocr_carea' id='block_1_52' title="bbox 157 4640 1577 4719">
    <p class='ocr_par' dir='ltr' id='par_1_52' title="bbox 157 4640 1577 4719">
     <span class='ocr_line' id='line_1_52' title="bbox 157 4640 1577 4719; baseline 0.011 -21"><span class='ocrx_word' id='word_1_339' title='bbox 157 4640 239 4719; x_wconf 35' lang='lat'><strong>&#39;9‘.</strong></span> <span class='ocrx_word' id='word_1_340' title='bbox 266 4643 333 4719; x_wconf 82' lang='lat' dir='ltr'><strong>_E.</strong></span> <span class='ocrx_word' id='word_1_341' title='bbox 370 4647 579 4719; x_wconf 60' lang='lat' dir='ltr'><strong>addunt</strong></span> <span class='ocrx_word' id='word_1_342' title='bbox 607 4662 626 4703; x_wconf 90' lang='lat'><strong><em>:</em></strong></span> <span class='ocrx_word' id='word_1_343' title='bbox 652 4647 753 4705; x_wconf 80' lang='lat' dir='ltr'><strong>Hic</strong></span> <span class='ocrx_word' id='word_1_344' title='bbox 789 4652 1073 4710; x_wconf 81' lang='lat' dir='ltr'><strong>constituit</strong></span> <span class='ocrx_word' id='word_1_345' title='bbox 1096 4695 1113 4719; x_wconf 86' lang='lat'><strong>,</strong></span> <span class='ocrx_word' id='word_1_346' title='bbox 1161 4663 1223 4711; x_wconf 91' lang='lat' dir='ltr'><strong>ut</strong></span> <span class='ocrx_word' id='word_1_347' title='bbox 1268 4664 1476 4713; x_wconf 65' lang='lat' dir='ltr'><strong>octava:</strong></span> <span class='ocrx_word' id='word_1_348' title='bbox 1506 4687 1577 4698; x_wconf 93' lang='lat'><strong>—</strong></span> 
     </span>
    </p>
   </div>
   <div class='ocr_carea' id='block_1_53' title="bbox 200 4712 1582 4795">
    <p class='ocr_par' dir='ltr' id='par_1_53' title="bbox 200 4712 1582 4795">
     <span class='ocr_line' id='line_1_53' title="bbox 200 4712 1582 4795; baseline 0.009 -25"><span class='ocrx_word' id='word_1_349' title='bbox 404 4716 661 4795; x_wconf 77' lang='lat' dir='ltr'><strong>Decrevit</strong></span> <span class='ocrx_word' id='word_1_350' title='bbox 683 4721 896 4795; x_wconf 68' lang='lat' dir='ltr'><strong>etiam,</strong></span> <span class='ocrx_word' id='word_1_351' title='bbox 943 4733 1004 4780; x_wconf 94' lang='lat' dir='ltr'><strong>ut</strong></span> <span class='ocrx_word' id='word_1_352' title='bbox 1043 4712 1273 4795; x_wconf 82' lang='lat' dir='ltr'><strong>dum—</strong></span> <span class='ocrx_word' id='word_1_353' title='bbox 1297 4712 1582 4795; x_wconf 85' lang='lat' dir='ltr'><strong>presumat</strong></span> 
     </span>
    </p>
   </div>
   <div class='ocr_carea' id='block_1_54' title="bbox 202 4785 1573 4867">
    <p class='ocr_par' dir='ltr' id='par_1_54' title="bbox 202 4785 1573 4867">
     <span class='ocr_line' id='line_1_54' title="bbox 202 4785 1573 4867; baseline 0.007 -24"><span class='ocrx_word' id='word_1_354' title='bbox 202 4785 538 4867; x_wconf 42' lang='lat' dir='ltr'><strong>uisitantum</strong></span> <span class='ocrx_word' id='word_1_355' title='bbox 563 4790 802 4846; x_wconf 89' lang='lat' dir='ltr'><strong>ministri</strong></span> <span class='ocrx_word' id='word_1_356' title='bbox 839 4785 1048 4867; x_wconf 70' lang='lat' dir='ltr'><strong>altaris.</strong></span> <span class='ocrx_word' id='word_1_357' title='bbox 1073 4810 1139 4849; x_wconf 73' lang='lat' dir='ltr'><strong>ea;</strong></span> <span class='ocrx_word' id='word_1_358' title='bbox 1164 4785 1338 4867; x_wconf 55' lang='lat' dir='ltr'><strong>Sigei.</strong></span> <span class='ocrx_word' id='word_1_359' title='bbox 1366 4815 1420 4851; x_wconf 81' lang='grc' dir='ltr'><strong>α.</strong></span> <span class='ocrx_word' id='word_1_360' title='bbox 1447 4796 1573 4854; x_wconf 73' lang='lat'><strong>847.</strong></span> 
     </span>
    </p>
   </div>
   <div class='ocr_carea' id='block_1_55' title="bbox 202 4854 1581 4924">
    <p class='ocr_par' dir='ltr' id='par_1_55' title="bbox 202 4854 1581 4924">
     <span class='ocr_line' id='line_1_55' title="bbox 202 4854 1581 4924; baseline 0.013 -17"><span class='ocrx_word' id='word_1_361' title='bbox 202 4863 250 4907; x_wconf 78' lang='lat' dir='ltr'><strong>et</strong></span> <span class='ocrx_word' id='word_1_362' title='bbox 283 4854 325 4909; x_wconf 92' lang='lat' dir='ltr'><strong>D</strong></span> <span class='ocrx_word' id='word_1_363' title='bbox 358 4876 372 4912; x_wconf 89' lang='lat'><strong>:</strong></span> <span class='ocrx_word' id='word_1_364' title='bbox 408 4856 673 4915; x_wconf 80' lang='lat' dir='ltr'><strong>Bahanus</strong></span> <span class='ocrx_word' id='word_1_365' title='bbox 701 4864 1009 4921; x_wconf 83' lang='lat' dir='ltr'><strong>monachus</strong></span> <span class='ocrx_word' id='word_1_366' title='bbox 1036 4865 1092 4920; x_wconf 92' lang='lat' dir='ltr'><strong>in</strong></span> <span class='ocrx_word' id='word_1_367' title='bbox 1117 4854 1345 4923; x_wconf 69' lang='lat' dir='ltr'><strong>scientia</strong></span> <span class='ocrx_word' id='word_1_368' title='bbox 1371 4868 1581 4924; x_wconf 86' lang='lat' dir='ltr'><strong>littera-</strong></span> 
     </span>
    </p>
   </div>
   <div class='ocr_carea' id='block_1_56' title="bbox 201 4929 1571 4994">
    <p class='ocr_par' dir='ltr' id='par_1_56' title="bbox 201 4929 1571 4994">
     <span class='ocr_line' id='line_1_56' title="bbox 201 4929 1571 4994; baseline 0.004 -7"><span class='ocrx_word' id='word_1_369' title='bbox 201 4940 316 4987; x_wconf 83' lang='lat' dir='ltr'><strong>rum</strong></span> <span class='ocrx_word' id='word_1_370' title='bbox 337 4929 476 4985; x_wconf 89' lang='lat' dir='ltr'><strong>nulli</strong></span> <span class='ocrx_word' id='word_1_371' title='bbox 500 4931 779 4991; x_wconf 82' lang='lat' dir='ltr'><strong>secundus</strong></span> <span class='ocrx_word' id='word_1_372' title='bbox 801 4962 872 4974; x_wconf 94' lang='lat'><strong><em>—</em></strong></span> <span class='ocrx_word' id='word_1_373' title='bbox 891 4934 1061 4990; x_wconf 82' lang='lat' dir='ltr'><strong>misit.</strong></span> <span class='ocrx_word' id='word_1_374' title='bbox 1083 4950 1150 4990; x_wconf 82' lang='lat' dir='ltr'><strong>ea:</strong></span> <span class='ocrx_word' id='word_1_375' title='bbox 1168 4936 1347 4991; x_wconf 77' lang='lat' dir='ltr'><strong>eodem</strong></span> <span class='ocrx_word' id='word_1_376' title='bbox 1370 4956 1423 4994; x_wconf 80' lang='grc' dir='ltr'><strong>α.</strong></span> <span class='ocrx_word' id='word_1_377' title='bbox 1445 4938 1571 4994; x_wconf 65' lang='lat'><strong>82‘.</strong></span> 
     </span>
    </p>
   </div>
   <div class='ocr_carea' id='block_1_57' title="bbox 86 4996 1442 5063">
    <p class='ocr_par' dir='ltr' id='par_1_57' title="bbox 86 4996 1442 5063">
     <span class='ocr_line' id='line_1_57' title="bbox 86 4996 1442 5063; baseline 0.013 -18"><span class='ocrx_word' id='word_1_378' title='bbox 86 5036 97 5045; x_wconf 93' lang='lat'><strong>.</strong></span> <span class='ocrx_word' id='word_1_379' title='bbox 201 5004 289 5051; x_wconf 74' lang='lat' dir='ltr'><strong>et:</strong></span> <span class='ocrx_word' id='word_1_380' title='bbox 316 4996 610 5058; x_wconf 85' lang='lat' dir='ltr'><strong>Tractatus</strong></span> <span class='ocrx_word' id='word_1_381' title='bbox 630 5002 797 5059; x_wconf 82' lang='lat' dir='ltr'><strong>etiam</strong></span> <span class='ocrx_word' id='word_1_382' title='bbox 821 5032 895 5044; x_wconf 92' lang='lat'><em>—</em></span> <span class='ocrx_word' id='word_1_383' title='bbox 916 5004 1108 5062; x_wconf 82' lang='lat' dir='ltr'><strong>edidit.</strong></span> <span class='ocrx_word' id='word_1_384' title='bbox 1142 5020 1209 5061; x_wconf 76' lang='lat' dir='ltr'><strong>ea:</strong></span> <span class='ocrx_word' id='word_1_385' title='bbox 1234 5023 1288 5063; x_wconf 86' lang='grc' dir='ltr'><strong>α.</strong></span> <span class='ocrx_word' id='word_1_386' title='bbox 1317 5007 1442 5063; x_wconf 85' lang='grc'><strong>827.</strong></span> 
     </span>
    </p>
   </div>
   <div class='ocr_carea' id='block_1_58' title="bbox 54 5078 1579 5181">
    <p class='ocr_par' dir='ltr' id='par_1_58' title="bbox 54 5078 1579 5181">
     <span class='ocr_line' id='line_1_58' title="bbox 54 5078 1579 5181; baseline 0.014 -45"><span class='ocrx_word' id='word_1_387' title='bbox 54 5138 59 5181; x_wconf 42' lang='grc' dir='ltr'>ι</span> <span class='ocrx_word' id='word_1_388' title='bbox 90 5078 160 5138; x_wconf 73' lang='lat' dir='ltr'><strong>li.</strong></span> <span class='ocrx_word' id='word_1_389' title='bbox 194 5084 271 5181; x_wconf 72' lang='grc'><strong>15.</strong></span> <span class='ocrx_word' id='word_1_390' title='bbox 307 5090 371 5146; x_wconf 79' lang='grc' dir='ltr'><strong>Α.</strong></span> <span class='ocrx_word' id='word_1_391' title='bbox 406 5089 473 5147; x_wconf 91' lang='lat' dir='ltr'><strong>D.</strong></span> <span class='ocrx_word' id='word_1_392' title='bbox 499 5091 627 5149; x_wconf 80' lang='lat'><strong>828.</strong></span> <span class='ocrx_word' id='word_1_393' title='bbox 649 5092 710 5149; x_wconf 86' lang='lat' dir='ltr'><strong>In</strong></span> <span class='ocrx_word' id='word_1_394' title='bbox 730 5093 953 5169; x_wconf 73' lang='lat' dir='ltr'><strong>regione</strong></span> <span class='ocrx_word' id='word_1_395' title='bbox 974 5095 1268 5181; x_wconf 69' lang='lat' dir='ltr'><strong>Wascouia</strong></span> <span class='ocrx_word' id='word_1_396' title='bbox 1293 5107 1447 5156; x_wconf 88' lang='lat' dir='ltr'><strong>trans</strong></span> <span class='ocrx_word' id='word_1_397' title='bbox 1467 5098 1579 5157; x_wconf 85' lang='lat' dir='ltr'><strong>Ga-</strong></span> 
     </span>
    </p>
   </div>
   <div class='ocr_carea' id='block_1_59' title="bbox 53 5170 1589 5263">
    <p class='ocr_par' dir='ltr' id='par_1_59' title="bbox 53 5170 1589 5263">
     <span class='ocr_line' id='line_1_59' title="bbox 53 5170 1589 5263; baseline 0.007 -24"><span class='ocrx_word' id='word_1_398' title='bbox 53 5170 314 5263; x_wconf 51' lang='lat' dir='ltr'><strong>Plﬂmin</strong></span> <span class='ocrx_word' id='word_1_399' title='bbox 343 5197 491 5257; x_wconf 69' lang='lat' dir='ltr'><strong>pago</strong></span> <span class='ocrx_word' id='word_1_400' title='bbox 532 5182 796 5257; x_wconf 72' lang='lat' dir='ltr'><strong>Aginensi</strong></span> <span class='ocrx_word' id='word_1_401' title='bbox 838 5170 1209 5245; x_wconf 61' lang='lat' dir='ltr'><strong>annonamiie</strong></span> <span class='ocrx_word' id='word_1_402' title='bbox 1250 5190 1384 5247; x_wconf 68' lang='lat' dir='ltr'><strong>caelo</strong></span> <span class='ocrx_word' id='word_1_403' title='bbox 1420 5193 1589 5263; x_wconf 84' lang='lat' dir='ltr'><strong>quasi</strong></span> 
     </span>
    </p>
   </div>
   <div class='ocr_carea' id='block_1_60' title="bbox 54 5202 1580 5355">
    <p class='ocr_par' dir='ltr' id='par_1_60' title="bbox 54 5202 1580 5355">
     <span class='ocr_line' id='line_1_60' title="bbox 60 5202 1580 5263; baseline 0.003 -19"><span class='ocrx_word' id='word_1_404' title='bbox 60 5202 235 5244; x_wconf 73' lang='grc' dir='ltr'><strong>-ιμειω,</strong></span> <span class='ocrx_word' id='word_1_405' title='bbox 258 5202 314 5237; x_wconf 84' lang='lat' dir='ltr'><strong>m</strong></span> <span class='ocrx_word' id='word_1_406' title='bbox 343 5202 491 5257; x_wconf 68' lang='lat' dir='ltr'><strong>pago</strong></span> <span class='ocrx_word' id='word_1_407' title='bbox 532 5202 796 5257; x_wconf 63' lang='lat' dir='ltr'><strong>meust</strong></span> <span class='ocrx_word' id='word_1_408' title='bbox 838 5202 1115 5244; x_wconf 84' lang='lat' dir='ltr'><strong>annonam</strong></span> <span class='ocrx_word' id='word_1_409' title='bbox 1140 5202 1209 5245; x_wconf 80' lang='lat' dir='ltr'><strong>de</strong></span> <span class='ocrx_word' id='word_1_410' title='bbox 1250 5202 1384 5247; x_wconf 64' lang='lat' dir='ltr'><strong>calo</strong></span> <span class='ocrx_word' id='word_1_411' title='bbox 1420 5202 1580 5263; x_wconf 82' lang='lat' dir='ltr'><strong>quasi</strong></span> 
     </span>
     <span class='ocr_line' id='line_1_61' title="bbox 54 5202 1580 5355; baseline 0.011 -29"><span class='ocrx_word' id='word_1_412' title='bbox 54 5202 231 5355; x_wconf 32' lang='lat' dir='ltr'><strong>inuam</strong></span> <span class='ocrx_word' id='word_1_413' title='bbox 257 5270 610 5332; x_wconf 85' lang='lat' dir='ltr'><strong>descendisse</strong></span> <span class='ocrx_word' id='word_1_414' title='bbox 664 5274 869 5347; x_wconf 80' lang='lat' dir='ltr'><strong>ferunt,</strong></span> <span class='ocrx_word' id='word_1_415' title='bbox 897 5278 1129 5336; x_wconf 89' lang='lat' dir='ltr'><strong>similem</strong></span> <span class='ocrx_word' id='word_1_416' title='bbox 1154 5277 1451 5351; x_wconf 77' lang='lat' dir='ltr'><strong>frumento.</strong></span> <span class='ocrx_word' id='word_1_417' title='bbox 1484 5286 1580 5343; x_wconf 87' lang='lat' dir='ltr'><strong>sed</strong></span> 
     </span>
    </p>
   </div>
   <div class='ocr_carea' id='block_1_61' title="bbox 57 5358 1587 5445">
    <p class='ocr_par' dir='ltr' id='par_1_61' title="bbox 57 5358 1587 5445">
     <span class='ocr_line' id='line_1_62' title="bbox 57 5358 1587 5445; baseline 0.019 -38"><span class='ocrx_word' id='word_1_418' title='bbox 57 5358 269 5421; x_wconf 65' lang='lat' dir='ltr'><strong>anulum</strong></span> <span class='ocrx_word' id='word_1_419' title='bbox 298 5364 553 5425; x_wconf 75' lang='lat' dir='ltr'><strong>breviora</strong></span> <span class='ocrx_word' id='word_1_420' title='bbox 582 5383 647 5426; x_wconf 89' lang='lat' dir='ltr'><strong>ac</strong></span> <span class='ocrx_word' id='word_1_421' title='bbox 666 5369 983 5428; x_wconf 86' lang='lat' dir='ltr'><strong>rotundiora</strong></span> <span class='ocrx_word' id='word_1_422' title='bbox 1007 5386 1175 5445; x_wconf 76' lang='lat' dir='ltr'><strong>grana</strong></span> <span class='ocrx_word' id='word_1_423' title='bbox 1211 5373 1488 5444; x_wconf 88' lang='lat' dir='ltr'><strong>habuisse,</strong></span> <span class='ocrx_word' id='word_1_424' title='bbox 1517 5378 1587 5436; x_wconf 90' lang='lat' dir='ltr'><strong>de</strong></span> 
     </span>
    </p>
   </div>
   <div class='ocr_carea' id='block_1_62' title="bbox 1654 522 3256 595">
    <p class='ocr_par' dir='ltr' id='par_1_62' title="bbox 1654 522 3256 595">
     <span class='ocr_line' id='line_1_63' title="bbox 1654 522 3256 595; baseline 0.003 -16"><span class='ocrx_word' id='word_1_425' title='bbox 1654 523 1936 594; x_wconf 89' lang='lat' dir='ltr'><strong>palatium.</strong></span> <span class='ocrx_word' id='word_1_426' title='bbox 1967 553 2040 564; x_wconf 91' lang='lat'><strong>—</strong></span> <span class='ocrx_word' id='word_1_427' title='bbox 2067 522 2218 595; x_wconf 82' lang='lat' dir='ltr'><strong>(Chr.</strong></span> <span class='ocrx_word' id='word_1_428' title='bbox 2255 522 2366 595; x_wconf 72' lang='grc' dir='ltr'><strong>νγ.)</strong></span> <span class='ocrx_word' id='word_1_429' title='bbox 2408 522 2685 581; x_wconf 83' lang='lat' dir='ltr'><strong>Wettinus</strong></span> <span class='ocrx_word' id='word_1_430' title='bbox 2723 522 3019 595; x_wconf 74' lang='lat' dir='ltr'><strong>Augieasis</strong></span> <span class='ocrx_word' id='word_1_431' title='bbox 3063 538 3256 584; x_wconf 75' lang='lat' dir='ltr'><strong>murta-</strong></span> 
     </span>
    </p>
   </div>
   <div class='ocr_carea' id='block_1_63' title="bbox 1653 613 3250 686">
    <p class='ocr_par' dir='ltr' id='par_1_63' title="bbox 1653 613 3250 686">
     <span class='ocr_line' id='line_1_64' title="bbox 1653 613 3250 686; baseline 0.001 -14"><span class='ocrx_word' id='word_1_432' title='bbox 1653 617 1795 673; x_wconf 84' lang='lat' dir='ltr'><strong>chus</strong></span> <span class='ocrx_word' id='word_1_433' title='bbox 1814 615 1872 670; x_wconf 85' lang='lat' dir='ltr'><strong>in</strong></span> <span class='ocrx_word' id='word_1_434' title='bbox 1895 614 2091 686; x_wconf 87' lang='lat' dir='ltr'><strong>spiritu</strong></span> <span class='ocrx_word' id='word_1_435' title='bbox 2122 623 2331 686; x_wconf 71' lang='lat' dir='ltr'><strong>raptus,</strong></span> <span class='ocrx_word' id='word_1_436' title='bbox 2354 614 2755 671; x_wconf 81' lang='lat' dir='ltr'><strong>ammirabilem</strong></span> <span class='ocrx_word' id='word_1_437' title='bbox 2788 613 2931 671; x_wconf 82' lang='lat' dir='ltr'><strong>vidit</strong></span> <span class='ocrx_word' id='word_1_438' title='bbox 2956 615 3250 673; x_wconf 82' lang='lat' dir='ltr'><strong>viaiOnem.</strong></span> 
     </span>
    </p>
   </div>
   <div class='ocr_carea' id='block_1_64' title="bbox 1729 726 3256 804">
    <p class='ocr_par' dir='ltr' id='par_1_64' title="bbox 1729 726 3256 804">
     <span class='ocr_line' id='line_1_65' title="bbox 1729 726 3256 804; baseline 0.003 -19"><span class='ocrx_word' id='word_1_439' title='bbox 1729 730 1815 785; x_wconf 83' lang='grc'><strong>15.</strong></span> <span class='ocrx_word' id='word_1_440' title='bbox 1855 729 1940 783; x_wconf 72' lang='lat' dir='ltr'><strong>ll.</strong></span> <span class='ocrx_word' id='word_1_441' title='bbox 1983 726 2160 799; x_wconf 64' lang='lat' dir='ltr'><strong>(Esau.</strong></span> <span class='ocrx_word' id='word_1_442' title='bbox 2193 728 2359 800; x_wconf 76' lang='lat' dir='ltr'><strong>Am.)</strong></span> <span class='ocrx_word' id='word_1_443' title='bbox 2403 727 2469 784; x_wconf 80' lang='grc' dir='ltr'><strong>Α.</strong></span> <span class='ocrx_word' id='word_1_444' title='bbox 2518 727 2581 785; x_wconf 90' lang='lat' dir='ltr'><strong>D.</strong></span> <span class='ocrx_word' id='word_1_445' title='bbox 2621 728 2835 787; x_wconf 83' lang='lat' dir='ltr'><strong>829.1n</strong></span> <span class='ocrx_word' id='word_1_446' title='bbox 2867 730 3256 804; x_wconf 40' lang='lat' dir='ltr'><strong>ipso‘quadra-</strong></span> 
     </span>
    </p>
   </div>
   <div class='ocr_carea' id='block_1_65' title="bbox 1656 819 3255 894">
    <p class='ocr_par' dir='ltr' id='par_1_65' title="bbox 1656 819 3255 894">
     <span class='ocr_line' id='line_1_66' title="bbox 1656 819 3255 894; baseline 0.003 -16"><span class='ocrx_word' id='word_1_447' title='bbox 1656 820 1903 894; x_wconf 79' lang='lat' dir='ltr'><strong>gesimali</strong></span> <span class='ocrx_word' id='word_1_448' title='bbox 1935 819 2145 893; x_wconf 85' lang='lat' dir='ltr'><strong>jejunio</strong></span> <span class='ocrx_word' id='word_1_449' title='bbox 2181 822 2370 893; x_wconf 85' lang='lat' dir='ltr'><strong>paucis</strong></span> <span class='ocrx_word' id='word_1_450' title='bbox 2394 830 2520 878; x_wconf 85' lang='lat' dir='ltr'><strong>ante</strong></span> <span class='ocrx_word' id='word_1_451' title='bbox 2542 830 2792 879; x_wconf 89' lang='lat' dir='ltr'><strong>sanctum</strong></span> <span class='ocrx_word' id='word_1_452' title='bbox 2826 821 3036 881; x_wconf 84' lang='lat' dir='ltr'><strong>Pascha</strong></span> <span class='ocrx_word' id='word_1_453' title='bbox 3061 824 3255 883; x_wconf 83' lang='lat' dir='ltr'><strong>diebus</strong></span> 
     </span>
    </p>
   </div>
   <div class='ocr_carea' id='block_1_66' title="bbox 1656 911 3256 989">
    <p class='ocr_par' dir='ltr' id='par_1_66' title="bbox 1656 911 3256 989">
     <span class='ocr_line' id='line_1_67' title="bbox 1656 911 3256 989; baseline 0.004 -22"><span class='ocrx_word' id='word_1_454' title='bbox 1656 911 1988 985; x_wconf 78' lang='lat' dir='ltr'><strong>Aquisgrani</strong></span> <span class='ocrx_word' id='word_1_455' title='bbox 2022 918 2368 969; x_wconf 68' lang='lat' dir='ltr'><strong>terrmmotus</strong></span> <span class='ocrx_word' id='word_1_456' title='bbox 2411 922 2577 970; x_wconf 91' lang='lat' dir='ltr'><strong>noctu</strong></span> <span class='ocrx_word' id='word_1_457' title='bbox 2602 913 2779 972; x_wconf 77' lang='lat' dir='ltr'><strong>factus</strong></span> <span class='ocrx_word' id='word_1_458' title='bbox 2803 922 2923 985; x_wconf 87' lang='lat' dir='ltr'><strong>est,‘</strong></span> <span class='ocrx_word' id='word_1_459' title='bbox 2949 924 3256 989; x_wconf 86' lang='lat' dir='ltr'><strong>ventusque</strong></span> 
     </span>
    </p>
   </div>
   <div class='ocr_carea' id='block_1_67' title="bbox 1658 1004 3253 1069">
    <p class='ocr_par' dir='ltr' id='par_1_67' title="bbox 1658 1004 3253 1069">
     <span class='ocr_line' id='line_1_68' title="bbox 1658 1004 3253 1069; baseline 0.002 -8"><span class='ocrx_word' id='word_1_460' title='bbox 1658 1014 1772 1061; x_wconf 88' lang='lat' dir='ltr'><strong>tam</strong></span> <span class='ocrx_word' id='word_1_461' title='bbox 1792 1004 2088 1062; x_wconf 82' lang='lat' dir='ltr'><strong>vehemens</strong></span> <span class='ocrx_word' id='word_1_462' title='bbox 2112 1014 2357 1069; x_wconf 80' lang='lat' dir='ltr'><strong>exortus,</strong></span> <span class='ocrx_word' id='word_1_463' title='bbox 2379 1014 2441 1063; x_wconf 94' lang='lat' dir='ltr'><strong>ut</strong></span> <span class='ocrx_word' id='word_1_464' title='bbox 2466 1022 2575 1063; x_wconf 91' lang='lat' dir='ltr'><strong>non</strong></span> <span class='ocrx_word' id='word_1_465' title='bbox 2595 1007 2776 1066; x_wconf 87' lang='lat' dir='ltr'><strong>solum</strong></span> <span class='ocrx_word' id='word_1_466' title='bbox 2809 1008 3133 1067; x_wconf 81' lang='lat' dir='ltr'><strong>humiliores</strong></span> <span class='ocrx_word' id='word_1_467' title='bbox 3152 1010 3253 1066; x_wconf 83' lang='lat' dir='ltr'><strong>do-</strong></span> 
     </span>
    </p>
   </div>
   <div class='ocr_carea' id='block_1_68' title="bbox 1660 1084 3259 1177">
    <p class='ocr_par' dir='ltr' id='par_1_68' title="bbox 1660 1084 3259 1177">
     <span class='ocr_line' id='line_1_69' title="bbox 1660 1084 3259 1177; baseline 0.003 -24"><span class='ocrx_word' id='word_1_468' title='bbox 1660 1113 1803 1166; x_wconf 91' lang='lat' dir='ltr'><strong>mos,</strong></span> <span class='ocrx_word' id='word_1_469' title='bbox 1828 1112 2021 1154; x_wconf 91' lang='lat' dir='ltr'><strong>verum</strong></span> <span class='ocrx_word' id='word_1_470' title='bbox 2043 1096 2209 1155; x_wconf 89' lang='lat' dir='ltr'><strong>etiam</strong></span> <span class='ocrx_word' id='word_1_471' title='bbox 2230 1096 2404 1170; x_wconf 91' lang='lat' dir='ltr'><strong>ipsam</strong></span> <span class='ocrx_word' id='word_1_472' title='bbox 2430 1108 2635 1156; x_wconf 61' lang='lat' dir='ltr'><strong>sanctae</strong></span> <span class='ocrx_word' id='word_1_473' title='bbox 2655 1098 2752 1156; x_wconf 89' lang='lat' dir='ltr'><strong>Dei</strong></span> <span class='ocrx_word' id='word_1_474' title='bbox 2778 1084 3076 1177; x_wconf 27' lang='lat' dir='ltr'><strong>genitricis.</strong></span> <span class='ocrx_word' id='word_1_475' title='bbox 3093 1102 3259 1174; x_wconf 79' lang='lat' dir='ltr'><strong>hasy-</strong></span> 
     </span>
    </p>
   </div>
   <div class='ocr_carea' id='block_1_69' title="bbox 1663 1187 3259 1269">
    <p class='ocr_par' dir='ltr' id='par_1_69' title="bbox 1663 1187 3259 1269">
     <span class='ocr_line' id='line_1_70' title="bbox 1663 1187 3259 1269; baseline 0.004 -25"><span class='ocrx_word' id='word_1_476' title='bbox 1663 1187 1846 1257; x_wconf 89' lang='lat' dir='ltr'><strong>licam,</strong></span> <span class='ocrx_word' id='word_1_477' title='bbox 1871 1203 2040 1260; x_wconf 88' lang='lat' dir='ltr'><strong>quam</strong></span> <span class='ocrx_word' id='word_1_478' title='bbox 2073 1188 2337 1260; x_wconf 88' lang='lat' dir='ltr'><strong>capellam</strong></span> <span class='ocrx_word' id='word_1_479' title='bbox 2380 1199 2596 1259; x_wconf 87' lang='lat' dir='ltr'><strong>vocant,</strong></span> <span class='ocrx_word' id='word_1_480' title='bbox 2639 1190 2835 1265; x_wconf 72' lang='lat' dir='ltr'><strong>tegulis</strong></span> <span class='ocrx_word' id='word_1_481' title='bbox 2874 1192 3146 1264; x_wconf 81' lang='lat' dir='ltr'><strong>plumbeis</strong></span> <span class='ocrx_word' id='word_1_482' title='bbox 3178 1203 3259 1269; x_wconf 81' lang='lat' dir='ltr'><strong>te-</strong></span> 
     </span>
    </p>
   </div>
   <div class='ocr_carea' id='block_1_70' title="bbox 1663 1279 2813 1353">
    <p class='ocr_par' dir='ltr' id='par_1_70' title="bbox 1663 1279 2813 1353">
     <span class='ocr_line' id='line_1_71' title="bbox 1663 1279 2813 1353; baseline 0.003 -17"><span class='ocrx_word' id='word_1_483' title='bbox 1663 1290 1829 1346; x_wconf 87' lang='lat' dir='ltr'><strong>ctam,</strong></span> <span class='ocrx_word' id='word_1_484' title='bbox 1855 1295 1965 1336; x_wconf 90' lang='lat' dir='ltr'><strong>non</strong></span> <span class='ocrx_word' id='word_1_485' title='bbox 1987 1279 2201 1338; x_wconf 87' lang='lat' dir='ltr'><strong>modica</strong></span> <span class='ocrx_word' id='word_1_486' title='bbox 2228 1281 2532 1338; x_wconf 84' lang='lat' dir='ltr'><strong>dcuudaret</strong></span> <span class='ocrx_word' id='word_1_487' title='bbox 2551 1299 2618 1339; x_wconf 78' lang='lat' dir='ltr'><strong>ex</strong></span> <span class='ocrx_word' id='word_1_488' title='bbox 2642 1293 2813 1353; x_wconf 81' lang='lat' dir='ltr'><strong>parte.</strong></span> 
     </span>
    </p>
   </div>
   <div class='ocr_carea' id='block_1_71' title="bbox 1737 1370 3117 1447">
    <p class='ocr_par' dir='ltr' id='par_1_71' title="bbox 1737 1370 3117 1447">
     <span class='ocr_line' id='line_1_72' title="bbox 1737 1370 3117 1447; baseline 0.004 -18"><span class='ocrx_word' id='word_1_489' title='bbox 1737 1370 1824 1429; x_wconf 88' lang='grc'><strong>16.</strong></span> <span class='ocrx_word' id='word_1_490' title='bbox 1866 1372 1953 1428; x_wconf 76' lang='grc'><strong>15.</strong></span> <span class='ocrx_word' id='word_1_491' title='bbox 1994 1370 2060 1429; x_wconf 82' lang='grc' dir='ltr'><strong>Α.</strong></span> <span class='ocrx_word' id='word_1_492' title='bbox 2101 1371 2167 1429; x_wconf 90' lang='lat' dir='ltr'><strong>D.</strong></span> <span class='ocrx_word' id='word_1_493' title='bbox 2207 1372 2334 1431; x_wconf 86' lang='grc'><strong>850.</strong></span> <span class='ocrx_word' id='word_1_494' title='bbox 2359 1373 2627 1431; x_wconf 76' lang='lat' dir='ltr'><strong>Michahel</strong></span> <span class='ocrx_word' id='word_1_495' title='bbox 2648 1376 2943 1447; x_wconf 87' lang='lat' dir='ltr'><strong>imperator</strong></span> <span class='ocrx_word' id='word_1_496' title='bbox 2966 1379 3117 1434; x_wconf 88' lang='lat' dir='ltr'><strong>obiit.</strong></span> 
     </span>
    </p>
   </div>
   <div class='ocr_carea' id='block_1_72' title="bbox 1738 1464 3257 1542">
    <p class='ocr_par' dir='ltr' id='par_1_72' title="bbox 1738 1464 3257 1542">
     <span class='ocr_line' id='line_1_73' title="bbox 1738 1464 3257 1542; baseline 0.003 -21"><span class='ocrx_word' id='word_1_497' title='bbox 1738 1464 1825 1521; x_wconf 87' lang='lat' dir='ltr'><strong>l7.</strong></span> <span class='ocrx_word' id='word_1_498' title='bbox 1864 1464 1953 1521; x_wconf 86' lang='grc'><strong>16.</strong></span> <span class='ocrx_word' id='word_1_499' title='bbox 1993 1464 2060 1520; x_wconf 78' lang='grc' dir='ltr'><strong>Α.</strong></span> <span class='ocrx_word' id='word_1_500' title='bbox 2102 1465 2166 1522; x_wconf 92' lang='lat' dir='ltr'><strong>D.</strong></span> <span class='ocrx_word' id='word_1_501' title='bbox 2206 1464 2944 1539; x_wconf 74' lang='lat' dir='ltr'><strong>83!.Secundumquosdam</strong></span> <span class='ocrx_word' id='word_1_502' title='bbox 2970 1470 3119 1542; x_wconf 85' lang='lat' dir='ltr'><strong>(Chr.</strong></span> <span class='ocrx_word' id='word_1_503' title='bbox 3138 1469 3257 1541; x_wconf 83' lang='lat' dir='ltr'><strong>W.)</strong></span> 
     </span>
    </p>
   </div>
   <div class='ocr_carea' id='block_1_73' title="bbox 1666 1556 3261 1631">
    <p class='ocr_par' dir='ltr' id='par_1_73' title="bbox 1666 1556 3261 1631">
     <span class='ocr_line' id='line_1_74' title="bbox 1666 1556 3261 1631; baseline 0.003 -19"><span class='ocrx_word' id='word_1_504' title='bbox 1666 1557 1949 1615; x_wconf 83' lang='lat' dir='ltr'><strong>Paschalis</strong></span> <span class='ocrx_word' id='word_1_505' title='bbox 1999 1574 2139 1630; x_wconf 92' lang='lat' dir='ltr'><strong>papa</strong></span> <span class='ocrx_word' id='word_1_506' title='bbox 2190 1558 2345 1625; x_wconf 83' lang='lat' dir='ltr'><strong>obiit,</strong></span> <span class='ocrx_word' id='word_1_507' title='bbox 2400 1558 2563 1631; x_wconf 84' lang='lat' dir='ltr'><strong>eique</strong></span> <span class='ocrx_word' id='word_1_508' title='bbox 2597 1556 2877 1630; x_wconf 78' lang='lat' dir='ltr'><strong>Eugenius</strong></span> <span class='ocrx_word' id='word_1_509' title='bbox 2927 1563 3212 1619; x_wconf 88' lang='lat' dir='ltr'><strong>successit.</strong></span> <span class='ocrx_word' id='word_1_510' title='bbox 3241 1566 3261 1585; x_wconf 87' lang='grc'><strong>⁹</strong></span> 
     </span>
    </p>
   </div>
   <div class='ocr_carea' id='block_1_74' title="bbox 1665 1648 3262 1731">
    <p class='ocr_par' dir='ltr' id='par_1_74' title="bbox 1665 1648 3262 1731">
     <span class='ocr_line' id='line_1_75' title="bbox 1665 1648 3262 1731; baseline 0.002 -25"><span class='ocrx_word' id='word_1_511' title='bbox 1665 1650 1909 1721; x_wconf 86' lang='lat' dir='ltr'><strong>Corpora</strong></span> <span class='ocrx_word' id='word_1_512' title='bbox 1958 1660 2277 1708; x_wconf 86' lang='lat' dir='ltr'><strong>sanctorum</strong></span> <span class='ocrx_word' id='word_1_513' title='bbox 2306 1648 2571 1719; x_wconf 79' lang='lat' dir='ltr'><strong>Valentis,</strong></span> <span class='ocrx_word' id='word_1_514' title='bbox 2608 1651 2819 1731; x_wconf 78' lang='lat' dir='ltr'><strong>Senesii</strong></span> <span class='ocrx_word' id='word_1_515' title='bbox 2854 1662 2910 1708; x_wconf 91' lang='lat' dir='ltr'><strong>et</strong></span> <span class='ocrx_word' id='word_1_516' title='bbox 2934 1650 3262 1725; x_wconf 84' lang='lat' dir='ltr'><strong>Thcopontii</strong></span> 
     </span>
    </p>
   </div>
   <div class='ocr_carea' id='block_1_75' title="bbox 1669 1741 3265 1815">
    <p class='ocr_par' dir='ltr' id='par_1_75' title="bbox 1669 1741 3265 1815">
     <span class='ocr_line' id='line_1_76' title="bbox 1669 1741 3265 1815; baseline 0.004 -19"><span class='ocrx_word' id='word_1_517' title='bbox 1669 1742 1722 1796; x_wconf 91' lang='lat' dir='ltr'><strong>in</strong></span> <span class='ocrx_word' id='word_1_518' title='bbox 1769 1742 1998 1815; x_wconf 79' lang='lat' dir='ltr'><strong>Augiam</strong></span> <span class='ocrx_word' id='word_1_519' title='bbox 2033 1743 2271 1800; x_wconf 91' lang='lat' dir='ltr'><strong>insulam</strong></span> <span class='ocrx_word' id='word_1_520' title='bbox 2315 1742 2658 1803; x_wconf 79' lang='lat' dir='ltr'><strong>deferuntur.</strong></span> <span class='ocrx_word' id='word_1_521' title='bbox 2712 1741 3072 1815; x_wconf 86' lang='lat' dir='ltr'><strong>Theophilus,</strong></span> <span class='ocrx_word' id='word_1_522' title='bbox 3118 1744 3265 1802; x_wconf 82' lang='lat' dir='ltr'><strong>ﬁlius</strong></span> 
     </span>
    </p>
   </div>
   <div class='ocr_carea' id='block_1_76' title="bbox 1669 1832 2611 1908">
    <p class='ocr_par' dir='ltr' id='par_1_76' title="bbox 1669 1832 2611 1908">
     <span class='ocr_line' id='line_1_77' title="bbox 1669 1832 2611 1908; baseline 0.002 -20"><span class='ocrx_word' id='word_1_523' title='bbox 1669 1832 2008 1901; x_wconf 78' lang='lat' dir='ltr'><strong>Michahelis,</strong></span> <span class='ocrx_word' id='word_1_524' title='bbox 2046 1834 2292 1908; x_wconf 76' lang='lat' dir='ltr'><strong>regnavit</strong></span> <span class='ocrx_word' id='word_1_525' title='bbox 2317 1850 2495 1891; x_wconf 91' lang='lat' dir='ltr'><strong>annos</strong></span> <span class='ocrx_word' id='word_1_526' title='bbox 2528 1836 2611 1891; x_wconf 88' lang='lat' dir='ltr'><strong>l2.</strong></span> 
     </span>
    </p>
   </div>
   <div class='ocr_carea' id='block_1_77' title="bbox 1811 1945 3267 2017">
    <p class='ocr_par' dir='ltr' id='par_1_77' title="bbox 1811 1945 3267 2017">
     <span class='ocr_line' id='line_1_78' title="bbox 1811 1945 3267 2017; baseline 0.007 -18"><span class='ocrx_word' id='word_1_527' title='bbox 1811 1950 1829 1969; x_wconf 88' lang='lat'><strong>&#39;</strong></span> <span class='ocrx_word' id='word_1_528' title='bbox 1860 1945 1921 2000; x_wconf 92' lang='lat' dir='ltr'><strong>D.</strong></span> <span class='ocrx_word' id='word_1_529' title='bbox 1966 1947 2146 2015; x_wconf 82' lang='lat' dir='ltr'><strong>(initio</strong></span> <span class='ocrx_word' id='word_1_530' title='bbox 2172 1948 2323 2017; x_wconf 80' lang='lat' dir='ltr'><strong>anni)</strong></span> <span class='ocrx_word' id='word_1_531' title='bbox 2354 1959 2404 2004; x_wconf 86' lang='lat' dir='ltr'><strong>et</strong></span> <span class='ocrx_word' id='word_1_532' title='bbox 2451 1948 2512 2005; x_wconf 87' lang='grc' dir='ltr'><strong>Ε.</strong></span> <span class='ocrx_word' id='word_1_533' title='bbox 2556 1949 2762 2005; x_wconf 71' lang='lat' dir='ltr'><strong>addunt</strong></span> <span class='ocrx_word' id='word_1_534' title='bbox 2794 1966 2813 2003; x_wconf 87' lang='lat'><strong><em>:</em></strong></span> <span class='ocrx_word' id='word_1_535' title='bbox 2856 1948 3174 2008; x_wconf 79' lang='lat' dir='ltr'><strong>Amularius</strong></span> <span class='ocrx_word' id='word_1_536' title='bbox 3195 1980 3267 1993; x_wconf 85' lang='lat'><strong>--</strong></span> 
     </span>
    </p>
   </div>
   <div class='ocr_carea' id='block_1_78' title="bbox 1880 2018 2753 2092">
    <p class='ocr_par' dir='ltr' id='par_1_78' title="bbox 1880 2018 2753 2092">
     <span class='ocr_line' id='line_1_79' title="bbox 1880 2018 2753 2092; baseline 0.006 -21"><span class='ocrx_word' id='word_1_537' title='bbox 1880 2033 2072 2088; x_wconf 76' lang='lat' dir='ltr'><strong>regum</strong></span> <span class='ocrx_word' id='word_1_538' title='bbox 2105 2018 2236 2075; x_wconf 87' lang='lat' dir='ltr'><strong>edit.</strong></span> <span class='ocrx_word' id='word_1_539' title='bbox 2260 2035 2326 2073; x_wconf 78' lang='lat' dir='ltr'><strong>ex</strong></span> <span class='ocrx_word' id='word_1_540' title='bbox 2348 2018 2523 2092; x_wconf 81' lang='lat' dir='ltr'><strong>Sigeb.</strong></span> <span class='ocrx_word' id='word_1_541' title='bbox 2549 2037 2603 2075; x_wconf 89' lang='lat' dir='ltr'><strong>a.</strong></span> <span class='ocrx_word' id='word_1_542' title='bbox 2627 2019 2753 2076; x_wconf 85' lang='lat'><strong>827.</strong></span> 
     </span>
    </p>
   </div>
   <div class='ocr_carea' id='block_1_79' title="bbox 1742 2108 3270 2184">
    <p class='ocr_par' dir='ltr' id='par_1_79' title="bbox 1742 2108 3270 2184">
     <span class='ocr_line' id='line_1_80' title="bbox 1742 2108 3270 2184; baseline 0.005 -21"><span class='ocrx_word' id='word_1_543' title='bbox 1742 2108 1827 2164; x_wconf 84' lang='lat' dir='ltr'><strong>l9.</strong></span> <span class='ocrx_word' id='word_1_544' title='bbox 1872 2109 1958 2165; x_wconf 85' lang='grc'><strong>18.</strong></span> <span class='ocrx_word' id='word_1_545' title='bbox 2000 2110 2088 2181; x_wconf 82' lang='grc' dir='ltr'><strong>(Α.</strong></span> <span class='ocrx_word' id='word_1_546' title='bbox 2117 2108 2276 2182; x_wconf 83' lang='lat' dir='ltr'><strong>Lob.)</strong></span> <span class='ocrx_word' id='word_1_547' title='bbox 2307 2111 2371 2166; x_wconf 87' lang='lat' dir='ltr'><strong>A.</strong></span> <span class='ocrx_word' id='word_1_548' title='bbox 2405 2108 2468 2167; x_wconf 90' lang='lat' dir='ltr'><strong>D.</strong></span> <span class='ocrx_word' id='word_1_549' title='bbox 2518 2110 2644 2168; x_wconf 86' lang='grc'><strong>855.</strong></span> <span class='ocrx_word' id='word_1_550' title='bbox 2688 2110 2990 2184; x_wconf 86' lang='lat' dir='ltr'><strong>imperator</strong></span> <span class='ocrx_word' id='word_1_551' title='bbox 3022 2113 3136 2170; x_wconf 87' lang='lat' dir='ltr'><strong>ﬁlio</strong></span> <span class='ocrx_word' id='word_1_552' title='bbox 3165 2129 3270 2170; x_wconf 90' lang='lat' dir='ltr'><strong>suo</strong></span> 
     </span>
    </p>
   </div>
   <div class='ocr_carea' id='block_1_80' title="bbox 1670 2200 3267 2273">
    <p class='ocr_par' dir='ltr' id='par_1_80' title="bbox 1670 2200 3267 2273">
     <span class='ocr_line' id='line_1_81' title="bbox 1670 2200 3267 2273; baseline 0.003 -17"><span class='ocrx_word' id='word_1_553' title='bbox 1670 2200 1871 2269; x_wconf 72' lang='lat' dir='ltr'><strong>lia;olo</strong></span> <span class='ocrx_word' id='word_1_554' title='bbox 1905 2218 1971 2259; x_wconf 76' lang='lat' dir='ltr'><strong>ex</strong></span> <span class='ocrx_word' id='word_1_555' title='bbox 2016 2201 2206 2260; x_wconf 80' lang='lat' dir='ltr'><strong>Judith</strong></span> <span class='ocrx_word' id='word_1_556' title='bbox 2234 2213 2364 2262; x_wconf 89' lang='lat' dir='ltr'><strong>nato</strong></span> <span class='ocrx_word' id='word_1_557' title='bbox 2390 2205 2537 2261; x_wconf 88' lang='lat' dir='ltr'><strong>dedit</strong></span> <span class='ocrx_word' id='word_1_558' title='bbox 2562 2205 2967 2273; x_wconf 86' lang='lat' dir='ltr'><strong>Alamanniam,</strong></span> <span class='ocrx_word' id='word_1_559' title='bbox 3013 2203 3267 2262; x_wconf 81' lang='lat' dir='ltr'><strong>Rhetiam</strong></span> 
     </span>
    </p>
   </div>
   <div class='ocr_carea' id='block_1_81' title="bbox 1668 2294 3181 2371">
    <p class='ocr_par' dir='ltr' id='par_1_81' title="bbox 1668 2294 3181 2371">
     <span class='ocr_line' id='line_1_82' title="bbox 1668 2294 3181 2371; baseline 0.003 -23"><span class='ocrx_word' id='word_1_560' title='bbox 1668 2304 1723 2349; x_wconf 86' lang='lat' dir='ltr'><strong>et</strong></span> <span class='ocrx_word' id='word_1_561' title='bbox 1744 2305 1953 2366; x_wconf 79' lang='lat' dir='ltr'><strong>partem</strong></span> <span class='ocrx_word' id='word_1_562' title='bbox 1981 2294 2330 2370; x_wconf 73' lang='lat' dir='ltr'><strong>Burgundim,</strong></span> <span class='ocrx_word' id='word_1_563' title='bbox 2354 2297 2763 2371; x_wconf 82' lang='lat' dir='ltr'><strong>indignantibus</strong></span> <span class='ocrx_word' id='word_1_564' title='bbox 2796 2298 2998 2354; x_wconf 84' lang='lat' dir='ltr'><strong>ceteris</strong></span> <span class='ocrx_word' id='word_1_565' title='bbox 3032 2297 3181 2353; x_wconf 87' lang='lat' dir='ltr'><strong>ﬁliis.</strong></span> 
     </span>
    </p>
   </div>
   <div class='ocr_carea' id='block_1_82' title="bbox 1738 2387 3271 2463">
    <p class='ocr_par' dir='ltr' id='par_1_82' title="bbox 1738 2387 3271 2463">
     <span class='ocr_line' id='line_1_83' title="bbox 1738 2387 3271 2463; baseline 0.003 -21"><span class='ocrx_word' id='word_1_566' title='bbox 1738 2387 1829 2442; x_wconf 78' lang='grc'><strong>24.</strong></span> <span class='ocrx_word' id='word_1_567' title='bbox 1869 2388 1959 2443; x_wconf 88' lang='grc'><strong>25.</strong></span> <span class='ocrx_word' id='word_1_568' title='bbox 2004 2387 2067 2442; x_wconf 79' lang='grc' dir='ltr'><strong>Α.</strong></span> <span class='ocrx_word' id='word_1_569' title='bbox 2108 2388 2171 2444; x_wconf 90' lang='lat' dir='ltr'><strong>D.</strong></span> <span class='ocrx_word' id='word_1_570' title='bbox 2214 2388 2338 2445; x_wconf 83' lang='grc'><strong>858.</strong></span> <span class='ocrx_word' id='word_1_571' title='bbox 2376 2388 2660 2462; x_wconf 90' lang='lat' dir='ltr'><strong>Pippinus,</strong></span> <span class='ocrx_word' id='word_1_572' title='bbox 2713 2390 2859 2447; x_wconf 77' lang='lat' dir='ltr'><strong>illius</strong></span> <span class='ocrx_word' id='word_1_573' title='bbox 2898 2389 3271 2463; x_wconf 78' lang='lat' dir='ltr'><strong>imperatoris,</strong></span> 
     </span>
    </p>
   </div>
   <div class='ocr_carea' id='block_1_83' title="bbox 1669 2479 1893 2535">
    <p class='ocr_par' dir='ltr' id='par_1_83' title="bbox 1669 2479 1893 2535">
     <span class='ocr_line' id='line_1_84' title="bbox 1669 2479 1893 2535; baseline 0 -2"><span class='ocrx_word' id='word_1_574' title='bbox 1669 2479 1824 2535; x_wconf 88' lang='lat' dir='ltr'><strong>obiit.</strong></span> <span class='ocrx_word' id='word_1_575' title='bbox 1888 2488 1893 2497; x_wconf 87' lang='lat'>‘</span> 
     </span>
    </p>
   </div>
   <div class='ocr_carea' id='block_1_84' title="bbox 1739 2572 2336 2632">
    <p class='ocr_par' dir='ltr' id='par_1_84' title="bbox 1739 2572 2336 2632">
     <span class='ocr_line' id='line_1_85' title="bbox 1739 2572 2336 2632; baseline 0.007 -4"><span class='ocrx_word' id='word_1_576' title='bbox 1739 2573 1831 2628; x_wconf 81' lang='lat'><strong>25.</strong></span> <span class='ocrx_word' id='word_1_577' title='bbox 1874 2572 1963 2628; x_wconf 75' lang='lat' dir='ltr'><strong>2i.</strong></span> <span class='ocrx_word' id='word_1_578' title='bbox 2002 2572 2066 2628; x_wconf 76' lang='grc' dir='ltr'><strong>Α.</strong></span> <span class='ocrx_word' id='word_1_579' title='bbox 2106 2572 2170 2629; x_wconf 83' lang='grc' dir='ltr'><strong>ο.</strong></span> <span class='ocrx_word' id='word_1_580' title='bbox 2211 2574 2336 2632; x_wconf 79' lang='grc'><strong>859.</strong></span> 
     </span>
    </p>
   </div>
   <div class='ocr_carea' id='block_1_85' title="bbox 1739 2678 3270 2760">
    <p class='ocr_par' dir='ltr' id='par_1_85' title="bbox 1739 2678 3270 2760">
     <span class='ocr_line' id='line_1_86' title="bbox 1739 2678 3270 2760; baseline 0.008 -22"><span class='ocrx_word' id='word_1_581' title='bbox 1739 2678 1830 2738; x_wconf 80' lang='grc'><strong>26.</strong></span> <span class='ocrx_word' id='word_1_582' title='bbox 1868 2684 1961 2741; x_wconf 85' lang='grc'><strong>25.</strong></span> <span class='ocrx_word' id='word_1_583' title='bbox 2002 2685 2068 2740; x_wconf 81' lang='grc' dir='ltr'><strong>Α.</strong></span> <span class='ocrx_word' id='word_1_584' title='bbox 2109 2684 2172 2740; x_wconf 89' lang='lat' dir='ltr'><strong>D.</strong></span> <span class='ocrx_word' id='word_1_585' title='bbox 2198 2686 2324 2743; x_wconf 77' lang='lat' dir='ltr'><strong>8l0.</strong></span> <span class='ocrx_word' id='word_1_586' title='bbox 2351 2686 2676 2744; x_wconf 73' lang='lat' dir='ltr'><strong>Ludewicus</strong></span> <span class='ocrx_word' id='word_1_587' title='bbox 2719 2688 3020 2760; x_wconf 88' lang='lat' dir='ltr'><strong>imperator</strong></span> <span class='ocrx_word' id='word_1_588' title='bbox 3037 2689 3270 2751; x_wconf 57' lang='lat' dir='ltr'><strong>obii”!</strong></span> 
     </span>
    </p>
   </div>
   <div class='ocr_carea' id='block_1_86' title="bbox 1672 2772 3265 2849">
    <p class='ocr_par' dir='ltr' id='par_1_86' title="bbox 1672 2772 3265 2849">
     <span class='ocr_line' id='line_1_87' title="bbox 1672 2772 3265 2849; baseline 0.006 -21"><span class='ocrx_word' id='word_1_589' title='bbox 1672 2772 1896 2830; x_wconf 80' lang='lat' dir='ltr'><strong>Kalend.</strong></span> <span class='ocrx_word' id='word_1_590' title='bbox 1945 2773 2079 2843; x_wconf 58' lang='grc' dir='ltr'><strong>Μελ,</strong></span> <span class='ocrx_word' id='word_1_591' title='bbox 2122 2777 2475 2849; x_wconf 87' lang='lat' dir='ltr'><strong>sepultusque</strong></span> <span class='ocrx_word' id='word_1_592' title='bbox 2501 2787 2587 2835; x_wconf 80' lang='lat' dir='ltr'><strong>est</strong></span> <span class='ocrx_word' id='word_1_593' title='bbox 2632 2778 2689 2834; x_wconf 84' lang='lat' dir='ltr'><strong>in</strong></span> <span class='ocrx_word' id='word_1_594' title='bbox 2730 2779 3009 2839; x_wconf 53' lang='lat' dir='ltr'><strong>inceleaia.</strong></span> <span class='ocrx_word' id='word_1_595' title='bbox 3035 2779 3265 2837; x_wconf 76' lang='lat' dir='ltr'><strong>Metten-</strong></span> 
     </span>
    </p>
   </div>
   <div class='ocr_carea' id='block_1_87' title="bbox 1673 2866 3235 2920">
    <p class='ocr_par' dir='ltr' id='par_1_87' title="bbox 1673 2866 3235 2920">
     <span class='ocr_line' id='line_1_88' title="bbox 1673 2866 3235 2920; baseline 0.003 -24"><span class='ocrx_word' id='word_1_596' title='bbox 1673 2866 1719 2920; x_wconf 71' lang='lat' dir='ltr'><strong>si</strong></span> <span class='ocrx_word' id='word_1_597' title='bbox 1756 2866 1865 2920; x_wconf 51' lang='lat' dir='ltr'><strong>me.</strong></span> <span class='ocrx_word' id='word_1_598' title='bbox 3226 2910 3235 2919; x_wconf 37' lang='grc'><em>³</em></span> 
     </span>
    </p>
   </div>
   <div class='ocr_carea' id='block_1_88' title="bbox 1745 2956 3260 3033">
    <p class='ocr_par' dir='ltr' id='par_1_88' title="bbox 1745 2956 3260 3033">
     <span class='ocr_line' id='line_1_89' title="bbox 1745 2956 3260 3033; baseline 0.003 -20"><span class='ocrx_word' id='word_1_599' title='bbox 1745 2958 1796 3013; x_wconf 89' lang='grc'><strong>1.</strong></span> <span class='ocrx_word' id='word_1_600' title='bbox 1840 2957 1992 3030; x_wconf 81' lang='lat' dir='ltr'><strong>(Chr.</strong></span> <span class='ocrx_word' id='word_1_601' title='bbox 2026 2957 2285 3015; x_wconf 80' lang='lat' dir='ltr'><strong>W.—A.</strong></span> <span class='ocrx_word' id='word_1_602' title='bbox 2310 2956 2441 3017; x_wconf 77' lang='lat' dir='ltr'><strong>Lob.</strong></span> <span class='ocrx_word' id='word_1_603' title='bbox 2462 2960 2638 3017; x_wconf 62' lang='grc' dir='ltr'><strong>-ει</strong></span> <span class='ocrx_word' id='word_1_604' title='bbox 2663 2959 2789 3018; x_wconf 84' lang='lat' dir='ltr'><strong>Chr.</strong></span> <span class='ocrx_word' id='word_1_605' title='bbox 2819 2960 2934 3033; x_wconf 74' lang='lat' dir='ltr'><strong>W.)</strong></span> <span class='ocrx_word' id='word_1_606' title='bbox 2973 2962 3133 3023; x_wconf 86' lang='lat' dir='ltr'><strong>Anno</strong></span> <span class='ocrx_word' id='word_1_607' title='bbox 3160 2962 3260 3019; x_wconf 75' lang='lat' dir='ltr'><strong>Do</strong></span> 
     </span>
    </p>
   </div>
   <div class='ocr_carea' id='block_1_89' title="bbox 1672 3052 3264 3123">
    <p class='ocr_par' dir='ltr' id='par_1_89' title="bbox 1672 3052 3264 3123">
     <span class='ocr_line' id='line_1_90' title="bbox 1672 3052 3264 3123; baseline 0.003 -16"><span class='ocrx_word' id='word_1_608' title='bbox 1672 3052 1889 3123; x_wconf 71' lang='lat' dir='ltr'><strong>minicze</strong></span> <span class='ocrx_word' id='word_1_609' title='bbox 1912 3052 2308 3111; x_wconf 76' lang='lat' dir='ltr'><strong>incarnationis</strong></span> <span class='ocrx_word' id='word_1_610' title='bbox 2328 3053 2455 3123; x_wconf 73' lang='grc'><strong>841,</strong></span> <span class='ocrx_word' id='word_1_611' title='bbox 2476 3054 2551 3113; x_wconf 86' lang='lat' dir='ltr'><strong>ab</strong></span> <span class='ocrx_word' id='word_1_612' title='bbox 2573 3052 2721 3117; x_wconf 78' lang='lat' dir='ltr'><strong>Urbe</strong></span> <span class='ocrx_word' id='word_1_613' title='bbox 2741 3070 2871 3115; x_wconf 88' lang='lat' dir='ltr'><strong>vero</strong></span> <span class='ocrx_word' id='word_1_614' title='bbox 2902 3055 3126 3114; x_wconf 78' lang='lat' dir='ltr'><strong>condita</strong></span> <span class='ocrx_word' id='word_1_615' title='bbox 3144 3058 3264 3113; x_wconf 57' lang='lat' dir='ltr'><strong>mil.</strong></span> 
     </span>
    </p>
   </div>
   <div class='ocr_carea' id='block_1_90' title="bbox 1671 3145 3272 3219">
    <p class='ocr_par' dir='ltr' id='par_1_90' title="bbox 1671 3145 3272 3219">
     <span class='ocr_line' id='line_1_91' title="bbox 1671 3145 3272 3219; baseline 0.002 -17"><span class='ocrx_word' id='word_1_616' title='bbox 1671 3146 1866 3209; x_wconf 85' lang='lat' dir='ltr'><strong>lesimo</strong></span> <span class='ocrx_word' id='word_1_617' title='bbox 1900 3145 2027 3215; x_wconf 84' lang='lat'><strong>592,</strong></span> <span class='ocrx_word' id='word_1_618' title='bbox 2076 3145 2425 3215; x_wconf 75' lang='lat' dir='ltr'><strong>Ludewicus,</strong></span> <span class='ocrx_word' id='word_1_619' title='bbox 2458 3147 2758 3219; x_wconf 84' lang='lat' dir='ltr'><strong>superioris</strong></span> <span class='ocrx_word' id='word_1_620' title='bbox 2800 3145 3075 3207; x_wconf 80' lang='lat' dir='ltr'><strong>Ludewiei</strong></span> <span class='ocrx_word' id='word_1_621' title='bbox 3100 3147 3272 3219; x_wconf 78' lang='lat' dir='ltr'><strong>illius.</strong></span> 
     </span>
    </p>
   </div>
   <div class='ocr_carea' id='block_1_91' title="bbox 1673 3238 3272 3315">
    <p class='ocr_par' dir='ltr' id='par_1_91' title="bbox 1673 3238 3272 3315">
     <span class='ocr_line' id='line_1_92' title="bbox 1673 3238 3272 3315; baseline 0.004 -21"><span class='ocrx_word' id='word_1_622' title='bbox 1673 3238 1762 3296; x_wconf 76' lang='lat'><strong>75°</strong></span> <span class='ocrx_word' id='word_1_623' title='bbox 1793 3239 1885 3272; x_wconf 77' lang='grc'>¹¹⁶⁰</span> <span class='ocrx_word' id='word_1_624' title='bbox 1914 3239 2038 3297; x_wconf 90' lang='lat' dir='ltr'><strong>loco</strong></span> <span class='ocrx_word' id='word_1_625' title='bbox 2054 3241 2129 3299; x_wconf 84' lang='lat' dir='ltr'><strong>ab</strong></span> <span class='ocrx_word' id='word_1_626' title='bbox 2154 3239 2425 3314; x_wconf 71' lang='lat' dir='ltr'><strong>Augusto.</strong></span> <span class='ocrx_word' id='word_1_627' title='bbox 2462 3256 2691 3314; x_wconf 71' lang='lat' dir='ltr'><strong>regnare</strong></span> <span class='ocrx_word' id='word_1_628' title='bbox 2713 3243 2899 3315; x_wconf 75' lang='lat' dir='ltr'><strong>cmpit,</strong></span> <span class='ocrx_word' id='word_1_629' title='bbox 2929 3252 2986 3300; x_wconf 87' lang='lat' dir='ltr'><strong>et</strong></span> <span class='ocrx_word' id='word_1_630' title='bbox 3010 3244 3083 3300; x_wconf 83' lang='grc'><strong>56</strong></span> <span class='ocrx_word' id='word_1_631' title='bbox 3108 3244 3272 3302; x_wconf 74' lang='lat' dir='ltr'><strong>annis</strong></span> 
     </span>
    </p>
   </div>
   <div class='ocr_carea' id='block_1_92' title="bbox 1670 3330 3246 3406">
    <p class='ocr_par' dir='ltr' id='par_1_92' title="bbox 1670 3330 3246 3406">
     <span class='ocr_line' id='line_1_93' title="bbox 1670 3330 3246 3406; baseline 0.004 -20"><span class='ocrx_word' id='word_1_632' title='bbox 1670 3331 1939 3404; x_wconf 77' lang='lat' dir='ltr'><strong>regnavit.</strong></span> <span class='ocrx_word' id='word_1_633' title='bbox 1962 3331 2051 3405; x_wconf 83' lang='grc' dir='ltr'><strong>(Α.</strong></span> <span class='ocrx_word' id='word_1_634' title='bbox 2080 3330 2245 3404; x_wconf 73' lang='grc' dir='ltr'><strong>ιώ.)</strong></span> <span class='ocrx_word' id='word_1_635' title='bbox 2276 3331 2409 3390; x_wconf 87' lang='lat' dir='ltr'><strong>Post</strong></span> <span class='ocrx_word' id='word_1_636' title='bbox 2434 3343 2668 3391; x_wconf 83' lang='lat' dir='ltr'><strong>mortem</strong></span> <span class='ocrx_word' id='word_1_637' title='bbox 2698 3350 2835 3392; x_wconf 88' lang='lat' dir='ltr'><strong>vero</strong></span> <span class='ocrx_word' id='word_1_638' title='bbox 2854 3336 3029 3406; x_wconf 81' lang='lat' dir='ltr'><strong>patris</strong></span> <span class='ocrx_word' id='word_1_639' title='bbox 3050 3337 3139 3393; x_wconf 89' lang='lat' dir='ltr'><strong>sui</strong></span> <span class='ocrx_word' id='word_1_640' title='bbox 3160 3336 3246 3394; x_wconf 74' lang='lat' dir='ltr'><strong>La</strong></span> 
     </span>
    </p>
   </div>
   <div class='ocr_carea' id='block_1_93' title="bbox 1669 3421 3273 3496">
    <p class='ocr_par' dir='ltr' id='par_1_93' title="bbox 1669 3421 3273 3496">
     <span class='ocr_line' id='line_1_94' title="bbox 1669 3421 3273 3496; baseline 0.004 -19"><span class='ocrx_word' id='word_1_641' title='bbox 1669 3421 1863 3478; x_wconf 78' lang='lat' dir='ltr'><strong>dewici</strong></span> <span class='ocrx_word' id='word_1_642' title='bbox 1909 3421 2280 3495; x_wconf 82' lang='lat' dir='ltr'><strong>imperatoris,</strong></span> <span class='ocrx_word' id='word_1_643' title='bbox 2322 3422 2495 3480; x_wconf 77' lang='lat' dir='ltr'><strong>frater</strong></span> <span class='ocrx_word' id='word_1_644' title='bbox 2534 3424 2656 3496; x_wconf 86' lang='lat' dir='ltr'><strong>ejus</strong></span> <span class='ocrx_word' id='word_1_645' title='bbox 2682 3422 2979 3481; x_wconf 78' lang='lat' dir='ltr'><strong>Lotharius</strong></span> <span class='ocrx_word' id='word_1_646' title='bbox 3018 3441 3273 3487; x_wconf 77' lang='lat' dir='ltr'><strong>revezsus</strong></span> 
     </span>
    </p>
   </div>
   <div class='ocr_carea' id='block_1_94' title="bbox 1669 3513 3267 3591">
    <p class='ocr_par' dir='ltr' id='par_1_94' title="bbox 1669 3513 3267 3591">
     <span class='ocr_line' id='line_1_95' title="bbox 1669 3513 3267 3591; baseline 0.003 -21"><span class='ocrx_word' id='word_1_647' title='bbox 1669 3514 1739 3591; x_wconf 84' lang='lat' dir='ltr'><strong>de</strong></span> <span class='ocrx_word' id='word_1_648' title='bbox 1764 3513 1938 3585; x_wconf 85' lang='lat' dir='ltr'><strong>Italia,</strong></span> <span class='ocrx_word' id='word_1_649' title='bbox 1966 3525 2024 3575; x_wconf 89' lang='lat' dir='ltr'><strong>et</strong></span> <span class='ocrx_word' id='word_1_650' title='bbox 2068 3513 2354 3589; x_wconf 82' lang='lat' dir='ltr'><strong>Pippinus,</strong></span> <span class='ocrx_word' id='word_1_651' title='bbox 2394 3515 2543 3573; x_wconf 86' lang='lat' dir='ltr'><strong>ﬁlius</strong></span> <span class='ocrx_word' id='word_1_652' title='bbox 2577 3515 2793 3588; x_wconf 84' lang='lat' dir='ltr'><strong>Pippini</strong></span> <span class='ocrx_word' id='word_1_653' title='bbox 2846 3518 2999 3589; x_wconf 89' lang='lat' dir='ltr'><strong>patui</strong></span> <span class='ocrx_word' id='word_1_654' title='bbox 3050 3516 3158 3587; x_wconf 90' lang='lat' dir='ltr'><strong>sui,</strong></span> <span class='ocrx_word' id='word_1_655' title='bbox 3204 3519 3267 3574; x_wconf 80' lang='lat' dir='ltr'><strong>ds</strong></span> 
     </span>
    </p>
   </div>
   <div class='ocr_carea' id='block_1_95' title="bbox 1669 3606 3266 3684">
    <p class='ocr_par' dir='ltr' id='par_1_95' title="bbox 1669 3606 3266 3684">
     <span class='ocr_line' id='line_1_96' title="bbox 1669 3606 3266 3684; baseline 0.003 -21"><span class='ocrx_word' id='word_1_656' title='bbox 1669 3607 1988 3679; x_wconf 77' lang='lat' dir='ltr'><strong>Aquitania,</strong></span> <span class='ocrx_word' id='word_1_657' title='bbox 2010 3608 2307 3665; x_wconf 84' lang='lat' dir='ltr'><strong>voluerunt</strong></span> <span class='ocrx_word' id='word_1_658' title='bbox 2324 3606 2608 3677; x_wconf 74' lang='lat' dir='ltr'><strong>list-clum,</strong></span> <span class='ocrx_word' id='word_1_659' title='bbox 2632 3609 2805 3666; x_wconf 75' lang='lat' dir='ltr'><strong>Ilium</strong></span> <span class='ocrx_word' id='word_1_660' title='bbox 2830 3609 3040 3679; x_wconf 82' lang='lat' dir='ltr'><strong>ludith,</strong></span> <span class='ocrx_word' id='word_1_661' title='bbox 3067 3625 3266 3684; x_wconf 79' lang='lat' dir='ltr'><strong>cogno-</strong></span> 
     </span>
    </p>
   </div>
   <div class='ocr_carea' id='block_1_96' title="bbox 1670 3696 3271 3772">
    <p class='ocr_par' dir='ltr' id='par_1_96' title="bbox 1670 3696 3271 3772">
     <span class='ocr_line' id='line_1_97' title="bbox 1670 3696 3271 3772; baseline 0.002 -19"><span class='ocrx_word' id='word_1_662' title='bbox 1670 3698 1819 3754; x_wconf 90' lang='lat' dir='ltr'><strong>mine</strong></span> <span class='ocrx_word' id='word_1_663' title='bbox 1858 3696 2113 3768; x_wconf 88' lang='lat' dir='ltr'><strong>Calvum,</strong></span> <span class='ocrx_word' id='word_1_664' title='bbox 2139 3714 2204 3755; x_wconf 91' lang='lat' dir='ltr'><strong>ea</strong></span> <span class='ocrx_word' id='word_1_665' title='bbox 2228 3708 2383 3772; x_wconf 86' lang='lat' dir='ltr'><strong>parte</strong></span> <span class='ocrx_word' id='word_1_666' title='bbox 2402 3715 2571 3772; x_wconf 87' lang='lat' dir='ltr'><strong>quam</strong></span> <span class='ocrx_word' id='word_1_667' title='bbox 2613 3699 2719 3759; x_wconf 91' lang='lat' dir='ltr'><strong>sibi</strong></span> <span class='ocrx_word' id='word_1_668' title='bbox 2747 3712 2903 3772; x_wconf 88' lang='lat' dir='ltr'><strong>pater</strong></span> <span class='ocrx_word' id='word_1_669' title='bbox 2927 3716 3271 3768; x_wconf 63' lang='lat' dir='ltr'><strong>concessera;</strong></span> 
     </span>
    </p>
   </div>
   <div class='ocr_carea' id='block_1_97' title="bbox 1670 3791 3276 3867">
    <p class='ocr_par' dir='ltr' id='par_1_97' title="bbox 1670 3791 3276 3867">
     <span class='ocr_line' id='line_1_98' title="bbox 1670 3791 3276 3867; baseline 0.003 -21"><span class='ocrx_word' id='word_1_670' title='bbox 1670 3791 1909 3863; x_wconf 90' lang='lat' dir='ltr'><strong>privare,</strong></span> <span class='ocrx_word' id='word_1_671' title='bbox 1948 3801 2003 3849; x_wconf 88' lang='lat' dir='ltr'><strong>et</strong></span> <span class='ocrx_word' id='word_1_672' title='bbox 2045 3792 2348 3851; x_wconf 87' lang='lat' dir='ltr'><strong>secundum</strong></span> <span class='ocrx_word' id='word_1_673' title='bbox 2396 3792 2454 3853; x_wconf 87' lang='lat' dir='ltr'><strong>id</strong></span> <span class='ocrx_word' id='word_1_674' title='bbox 2494 3801 2906 3862; x_wconf 79' lang='lat' dir='ltr'><strong>testamentum,</strong></span> <span class='ocrx_word' id='word_1_675' title='bbox 2944 3794 3093 3867; x_wconf 87' lang='lat' dir='ltr'><strong>quod</strong></span> <span class='ocrx_word' id='word_1_676' title='bbox 3136 3810 3276 3851; x_wconf 76' lang='lat' dir='ltr'><strong>avus</strong></span> 
     </span>
    </p>
   </div>
   <div class='ocr_carea' id='block_1_98' title="bbox 1671 3882 3271 3958">
    <p class='ocr_par' dir='ltr' id='par_1_98' title="bbox 1671 3882 3271 3958">
     <span class='ocr_line' id='line_1_99' title="bbox 1671 3882 3271 3958; baseline 0.003 -18"><span class='ocrx_word' id='word_1_677' title='bbox 1671 3897 1864 3940; x_wconf 90' lang='lat' dir='ltr'><strong>eorum</strong></span> <span class='ocrx_word' id='word_1_678' title='bbox 1884 3882 2119 3942; x_wconf 83' lang='lat' dir='ltr'><strong>Karolus</strong></span> <span class='ocrx_word' id='word_1_679' title='bbox 2141 3884 2372 3957; x_wconf 77' lang='lat' dir='ltr'><strong>Magnus</strong></span> <span class='ocrx_word' id='word_1_680' title='bbox 2392 3894 2682 3954; x_wconf 86' lang='lat' dir='ltr'><strong>statuerat,</strong></span> <span class='ocrx_word' id='word_1_681' title='bbox 2704 3887 2760 3941; x_wconf 92' lang='lat' dir='ltr'><strong>in</strong></span> <span class='ocrx_word' id='word_1_682' title='bbox 2788 3895 2899 3943; x_wconf 83' lang='lat' dir='ltr'><strong>tres</strong></span> <span class='ocrx_word' id='word_1_683' title='bbox 2926 3895 3108 3958; x_wconf 90' lang='lat' dir='ltr'><strong>partes</strong></span> <span class='ocrx_word' id='word_1_684' title='bbox 3130 3887 3271 3944; x_wconf 85' lang='lat' dir='ltr'><strong>inter</strong></span> 
     </span>
    </p>
   </div>
   <div class='ocr_carea' id='block_1_99' title="bbox 1671 3973 3277 4048">
    <p class='ocr_par' dir='ltr' id='par_1_99' title="bbox 1671 3973 3277 4048">
     <span class='ocr_line' id='line_1_100' title="bbox 1671 3973 3277 4048; baseline -0.001 -18"><span class='ocrx_word' id='word_1_685' title='bbox 1671 3989 1737 4032; x_wconf 86' lang='lat' dir='ltr'><strong>se</strong></span> <span class='ocrx_word' id='word_1_686' title='bbox 1760 3987 1931 4046; x_wconf 71' lang='lat' dir='ltr'><strong>regna</strong></span> <span class='ocrx_word' id='word_1_687' title='bbox 1952 3974 2214 4033; x_wconf 86' lang='lat' dir='ltr'><strong>dividere.</strong></span> <span class='ocrx_word' id='word_1_688' title='bbox 2244 3973 2364 4043; x_wconf 86' lang='lat' dir='ltr'><strong>Qua</strong></span> <span class='ocrx_word' id='word_1_689' title='bbox 2402 3975 2472 4033; x_wconf 89' lang='lat' dir='ltr'><strong>de</strong></span> <span class='ocrx_word' id='word_1_690' title='bbox 2509 3992 2569 4033; x_wconf 87' lang='lat' dir='ltr'><strong>re</strong></span> <span class='ocrx_word' id='word_1_691' title='bbox 2594 3976 2738 4048; x_wconf 82' lang='lat' dir='ltr'><strong>apud</strong></span> <span class='ocrx_word' id='word_1_692' title='bbox 2764 3975 3277 4033; x_wconf 79' lang='lat' dir='ltr'><strong>Autisiodercnsen.</strong></span> 
     </span>
    </p>
   </div>
   <div class='ocr_carea' id='block_1_100' title="bbox 1672 4068 3274 4142">
    <p class='ocr_par' dir='ltr' id='par_1_100' title="bbox 1672 4068 3274 4142">
     <span class='ocr_line' id='line_1_101' title="bbox 1672 4068 3274 4142; baseline 0.002 -19"><span class='ocrx_word' id='word_1_693' title='bbox 1672 4083 1897 4140; x_wconf 65' lang='lat' dir='ltr'><strong>pagum,</strong></span> <span class='ocrx_word' id='word_1_694' title='bbox 1926 4068 1981 4125; x_wconf 89' lang='lat' dir='ltr'><strong>in</strong></span> <span class='ocrx_word' id='word_1_695' title='bbox 2006 4068 2128 4127; x_wconf 88' lang='lat' dir='ltr'><strong>loco</strong></span> <span class='ocrx_word' id='word_1_696' title='bbox 2148 4070 2246 4141; x_wconf 88' lang='lat' dir='ltr'><strong>qui</strong></span> <span class='ocrx_word' id='word_1_697' title='bbox 2268 4071 2472 4126; x_wconf 84' lang='lat' dir='ltr'><strong>dicitur</strong></span> <span class='ocrx_word' id='word_1_698' title='bbox 2486 4069 2815 4137; x_wconf 81' lang='lat' dir='ltr'><strong>Fontaaeth,</strong></span> <span class='ocrx_word' id='word_1_699' title='bbox 2839 4086 3003 4142; x_wconf 75' lang='lat' dir='ltr'><strong>grave</strong></span> <span class='ocrx_word' id='word_1_700' title='bbox 3022 4071 3274 4142; x_wconf 63' lang='lat' dir='ltr'><strong>praelium</strong></span> 
     </span>
    </p>
   </div>
   <div class='ocr_carea' id='block_1_101' title="bbox 1673 4161 3269 4235">
    <p class='ocr_par' dir='ltr' id='par_1_101' title="bbox 1673 4161 3269 4235">
     <span class='ocr_line' id='line_1_102' title="bbox 1673 4161 3269 4235; baseline 0.002 -19"><span class='ocrx_word' id='word_1_701' title='bbox 1673 4161 1930 4219; x_wconf 79' lang='lat' dir='ltr'><strong>intereas</strong></span> <span class='ocrx_word' id='word_1_702' title='bbox 1970 4161 2330 4219; x_wconf 83' lang='lat' dir='ltr'><strong>commissum</strong></span> <span class='ocrx_word' id='word_1_703' title='bbox 2373 4173 2477 4229; x_wconf 84' lang='lat' dir='ltr'><strong>est,</strong></span> <span class='ocrx_word' id='word_1_704' title='bbox 2518 4171 2575 4219; x_wconf 89' lang='lat' dir='ltr'><strong>et</strong></span> <span class='ocrx_word' id='word_1_705' title='bbox 2608 4177 2803 4235; x_wconf 70' lang='lat' dir='ltr'><strong>magna</strong></span> <span class='ocrx_word' id='word_1_706' title='bbox 2832 4171 3015 4234; x_wconf 73' lang='lat' dir='ltr'><strong>strage</strong></span> <span class='ocrx_word' id='word_1_707' title='bbox 3057 4177 3269 4234; x_wconf 72' lang='lat' dir='ltr'><strong>pugna-</strong></span> 
     </span>
    </p>
   </div>
   <div class='ocr_carea' id='block_1_102' title="bbox 1673 4252 3275 4327">
    <p class='ocr_par' dir='ltr' id='par_1_102' title="bbox 1673 4252 3275 4327">
     <span class='ocr_line' id='line_1_103' title="bbox 1673 4252 3275 4327; baseline 0 -18"><span class='ocrx_word' id='word_1_708' title='bbox 1673 4261 1814 4321; x_wconf 83' lang='lat' dir='ltr'><strong>tum,</strong></span> <span class='ocrx_word' id='word_1_709' title='bbox 1865 4262 2129 4313; x_wconf 77' lang='lat' dir='ltr'><strong>a.neutra</strong></span> <span class='ocrx_word' id='word_1_710' title='bbox 2174 4262 2260 4311; x_wconf 83' lang='lat' dir='ltr'><strong>est</strong></span> <span class='ocrx_word' id='word_1_711' title='bbox 2301 4264 2456 4325; x_wconf 83' lang='lat' dir='ltr'><strong>parte</strong></span> <span class='ocrx_word' id='word_1_712' title='bbox 2500 4254 2917 4327; x_wconf 76' lang='lat' dir='ltr'><strong>triumphatum.</strong></span> <span class='ocrx_word' id='word_1_713' title='bbox 2966 4252 3116 4324; x_wconf 80' lang='lat' dir='ltr'><strong>(Chr.</strong></span> <span class='ocrx_word' id='word_1_714' title='bbox 3158 4253 3275 4323; x_wconf 80' lang='lat' dir='ltr'><strong>W.)</strong></span> 
     </span>
    </p>
   </div>
   <div class='ocr_carea' id='block_1_103' title="bbox 1674 4343 3265 4417">
    <p class='ocr_par' dir='ltr' id='par_1_103' title="bbox 1674 4343 3265 4417">
     <span class='ocr_line' id='line_1_104' title="bbox 1674 4343 3265 4417; baseline 0.003 -17"><span class='ocrx_word' id='word_1_715' title='bbox 1674 4343 1920 4402; x_wconf 85' lang='lat' dir='ltr'><strong>Tandem</strong></span> <span class='ocrx_word' id='word_1_716' title='bbox 1941 4361 2073 4402; x_wconf 87' lang='lat' dir='ltr'><strong>vero</strong></span> <span class='ocrx_word' id='word_1_717' title='bbox 2106 4345 2397 4417; x_wconf 85' lang='lat' dir='ltr'><strong>paciﬁcati,</strong></span> <span class='ocrx_word' id='word_1_718' title='bbox 2423 4361 2522 4417; x_wconf 86' lang='lat' dir='ltr'><strong>per</strong></span> <span class='ocrx_word' id='word_1_719' title='bbox 2549 4356 2787 4416; x_wconf 80' lang='lat' dir='ltr'><strong>quatuor</strong></span> <span class='ocrx_word' id='word_1_720' title='bbox 2818 4347 3143 4404; x_wconf 87' lang='lat' dir='ltr'><strong>tetrarchias</strong></span> <span class='ocrx_word' id='word_1_721' title='bbox 3185 4365 3265 4405; x_wconf 84' lang='lat' dir='ltr'><strong>re-</strong></span> 
     </span>
    </p>
   </div>
   <div class='ocr_carea' id='block_1_104' title="bbox 1676 4434 3273 4509">
    <p class='ocr_par' dir='ltr' id='par_1_104' title="bbox 1676 4434 3273 4509">
     <span class='ocr_line' id='line_1_105' title="bbox 1676 4434 3273 4509; baseline 0.003 -18"><span class='ocrx_word' id='word_1_722' title='bbox 1676 4451 1783 4509; x_wconf 73' lang='lat' dir='ltr'><strong>gna</strong></span> <span class='ocrx_word' id='word_1_723' title='bbox 1810 4436 2081 4492; x_wconf 89' lang='lat' dir='ltr'><strong>dividunt.</strong></span> <span class='ocrx_word' id='word_1_724' title='bbox 2106 4434 2166 4491; x_wconf 93' lang='lat' dir='ltr'><strong>ln</strong></span> <span class='ocrx_word' id='word_1_725' title='bbox 2210 4435 2301 4469; x_wconf 81' lang='grc'>¹¹⁶¹</span> <span class='ocrx_word' id='word_1_726' title='bbox 2343 4435 2613 4492; x_wconf 88' lang='lat' dir='ltr'><strong>divisione</strong></span> <span class='ocrx_word' id='word_1_727' title='bbox 2649 4449 2944 4509; x_wconf 63' lang='lat' dir='ltr'><strong>regnorum</strong></span> <span class='ocrx_word' id='word_1_728' title='bbox 2977 4436 3273 4495; x_wconf 61' lang='lat' dir='ltr'><strong>Lotharivs</strong></span> 
     </span>
    </p>
   </div>
   <div class='ocr_carea' id='block_1_105' title="bbox 1677 4526 3235 4600">
    <p class='ocr_par' dir='ltr' id='par_1_105' title="bbox 1677 4526 3235 4600">
     <span class='ocr_line' id='line_1_106' title="bbox 1677 4526 3235 4600; baseline 0.001 -16"><span class='ocrx_word' id='word_1_729' title='bbox 1677 4544 1804 4584; x_wconf 91' lang='lat' dir='ltr'><strong>cum</strong></span> <span class='ocrx_word' id='word_1_730' title='bbox 1846 4527 2068 4587; x_wconf 89' lang='lat' dir='ltr'><strong>nomine</strong></span> <span class='ocrx_word' id='word_1_731' title='bbox 2094 4527 2442 4599; x_wconf 85' lang='lat' dir='ltr'><strong>imperatoris</strong></span> <span class='ocrx_word' id='word_1_732' title='bbox 2470 4529 2714 4600; x_wconf 83' lang='lat' dir='ltr'><strong>possedit</strong></span> <span class='ocrx_word' id='word_1_733' title='bbox 2751 4526 2986 4596; x_wconf 81' lang='lat' dir='ltr'><strong>Italiam,</strong></span> <span class='ocrx_word' id='word_1_734' title='bbox 3009 4526 3235 4585; x_wconf 83' lang='lat' dir='ltr'><strong>Ludewi</strong></span> 
     </span>
    </p>
   </div>
   <div class='ocr_carea' id='block_1_106' title="bbox 1677 4618 3249 4694">
    <p class='ocr_par' dir='ltr' id='par_1_106' title="bbox 1677 4618 3249 4694">
     <span class='ocr_line' id='line_1_107' title="bbox 1677 4618 3249 4694; baseline 0.001 -17"><span class='ocrx_word' id='word_1_735' title='bbox 1677 4636 1779 4678; x_wconf 90' lang='lat' dir='ltr'><strong>cus</strong></span> <span class='ocrx_word' id='word_1_736' title='bbox 1805 4619 2178 4687; x_wconf 86' lang='lat' dir='ltr'><strong>Germaniam,</strong></span> <span class='ocrx_word' id='word_1_737' title='bbox 2209 4618 2472 4692; x_wconf 70' lang='lat' dir='ltr'><strong>Pippines</strong></span> <span class='ocrx_word' id='word_1_738' title='bbox 2494 4621 2865 4694; x_wconf 71' lang='lat' dir='ltr'><strong>Aquitaniam,</strong></span> <span class='ocrx_word' id='word_1_739' title='bbox 2890 4620 3123 4679; x_wconf 80' lang='lat' dir='ltr'><strong>Karolus</strong></span> <span class='ocrx_word' id='word_1_740' title='bbox 3146 4620 3249 4678; x_wconf 83' lang='lat' dir='ltr'><strong>Gal</strong></span> 
     </span>
    </p>
   </div>
   <div class='ocr_carea' id='block_1_107' title="bbox 1679 4713 1831 4769">
    <p class='ocr_par' dir='ltr' id='par_1_107' title="bbox 1679 4713 1831 4769">
     <span class='ocr_line' id='line_1_108' title="bbox 1679 4713 1831 4769; baseline 0.013 -2"><span class='ocrx_word' id='word_1_741' title='bbox 1679 4713 1831 4769; x_wconf 90' lang='lat' dir='ltr'><strong>liam.</strong></span> 
     </span>
    </p>
   </div>
   <div class='ocr_carea' id='block_1_108' title="bbox 1753 4824 3274 4900">
    <p class='ocr_par' dir='ltr' id='par_1_108' title="bbox 1753 4824 3274 4900">
     <span class='ocr_line' id='line_1_109' title="bbox 1753 4824 3274 4900; baseline 0.004 -18"><span class='ocrx_word' id='word_1_742' title='bbox 1753 4824 2102 4899; x_wconf 79' lang='lat' dir='ltr'><strong>Theophylus</strong></span> <span class='ocrx_word' id='word_1_743' title='bbox 2135 4826 2427 4899; x_wconf 64' lang='lat' dir='ltr'><strong>imperator</strong></span> <span class='ocrx_word' id='word_1_744' title='bbox 2452 4826 3087 4900; x_wconf 83' lang='lat' dir='ltr'><strong>Constantinopolitanua</strong></span> <span class='ocrx_word' id='word_1_745' title='bbox 3116 4830 3274 4899; x_wconf 84' lang='lat' dir='ltr'><strong>obiit,</strong></span> 
     </span>
    </p>
   </div>
   <div class='ocr_carea' id='block_1_109' title="bbox 1680 4918 2933 4992">
    <p class='ocr_par' dir='ltr' id='par_1_109' title="bbox 1680 4918 2933 4992">
     <span class='ocr_line' id='line_1_110' title="bbox 1680 4918 2933 4992; baseline 0.002 -19"><span class='ocrx_word' id='word_1_746' title='bbox 1680 4919 1841 4990; x_wconf 84' lang='lat' dir='ltr'><strong>cujus</strong></span> <span class='ocrx_word' id='word_1_747' title='bbox 1869 4919 2016 4983; x_wconf 77' lang='lat' dir='ltr'><strong>illius</strong></span> <span class='ocrx_word' id='word_1_748' title='bbox 2040 4918 2308 4975; x_wconf 78' lang='lat' dir='ltr'><strong>Michahel</strong></span> <span class='ocrx_word' id='word_1_749' title='bbox 2331 4919 2579 4992; x_wconf 67' lang='lat' dir='ltr'><strong>regnavit</strong></span> <span class='ocrx_word' id='word_1_750' title='bbox 2605 4921 2766 4978; x_wconf 81' lang='lat' dir='ltr'><strong>annis</strong></span> <span class='ocrx_word' id='word_1_751' title='bbox 2786 4921 2876 4977; x_wconf 87' lang='lat'><strong>26.</strong></span> <span class='ocrx_word' id='word_1_752' title='bbox 2914 4925 2933 4945; x_wconf 83' lang='grc'>⁶</span> 
     </span>
    </p>
   </div>
   <div class='ocr_carea' id='block_1_110' title="bbox 1831 5033 3277 5108">
    <p class='ocr_par' dir='ltr' id='par_1_110' title="bbox 1831 5033 3277 5108">
     <span class='ocr_line' id='line_1_111' title="bbox 1831 5033 3277 5108; baseline 0.002 -20"><span class='ocrx_word' id='word_1_753' title='bbox 1831 5038 1848 5056; x_wconf 84' lang='grc'>⁶</span> <span class='ocrx_word' id='word_1_754' title='bbox 1874 5033 1936 5089; x_wconf 85' lang='grc' dir='ltr'><strong>Ι).</strong></span> <span class='ocrx_word' id='word_1_755' title='bbox 1979 5033 2038 5090; x_wconf 83' lang='lat' dir='ltr'><strong>E.</strong></span> <span class='ocrx_word' id='word_1_756' title='bbox 2068 5034 2273 5090; x_wconf 71' lang='lat' dir='ltr'><strong>addrmt&#39;</strong></span> <span class='ocrx_word' id='word_1_757' title='bbox 2303 5050 2323 5089; x_wconf 92' lang='lat'><strong><em>:</em></strong></span> <span class='ocrx_word' id='word_1_758' title='bbox 2356 5033 2473 5091; x_wconf 80' lang='lat' dir='ltr'><strong>Rex</strong></span> <span class='ocrx_word' id='word_1_759' title='bbox 2519 5034 2815 5108; x_wconf 69' lang='lat' dir='ltr'><strong>Bulgaer</strong></span> <span class='ocrx_word' id='word_1_760' title='bbox 2852 5035 2925 5108; x_wconf 87' lang='lat' dir='ltr'><strong>ad</strong></span> <span class='ocrx_word' id='word_1_761' title='bbox 2947 5034 3277 5108; x_wconf 82' lang='lat' dir='ltr'><strong>Christiani-</strong></span> 
     </span>
    </p>
   </div>
   <div class='ocr_carea' id='block_1_111' title="bbox 1898 5103 3129 5177">
    <p class='ocr_par' dir='ltr' id='par_1_111' title="bbox 1898 5103 3129 5177">
     <span class='ocr_line' id='line_1_112' title="bbox 1898 5103 3129 5177; baseline 0.002 -17"><span class='ocrx_word' id='word_1_762' title='bbox 1898 5120 2081 5160; x_wconf 87' lang='lat' dir='ltr'><strong>smum</strong></span> <span class='ocrx_word' id='word_1_763' title='bbox 2114 5135 2184 5145; x_wconf 91' lang='lat'><strong>--</strong></span> <span class='ocrx_word' id='word_1_764' title='bbox 2205 5105 2591 5175; x_wconf 84' lang='lat' dir='ltr'><strong>perseveravit.</strong></span> <span class='ocrx_word' id='word_1_765' title='bbox 2619 5103 2687 5161; x_wconf 64' lang='lat' dir='ltr'><strong>ea:</strong></span> <span class='ocrx_word' id='word_1_766' title='bbox 2715 5103 2893 5177; x_wconf 68' lang='grc' dir='ltr'><strong>εὔρει».</strong></span> <span class='ocrx_word' id='word_1_767' title='bbox 2925 5123 2987 5161; x_wconf 87' lang='lat' dir='ltr'><strong>a.-</strong></span> <span class='ocrx_word' id='word_1_768' title='bbox 3004 5106 3129 5163; x_wconf 85' lang='lat'><strong>865.</strong></span> 
     </span>
    </p>
   </div>
   <div class='ocr_carea' id='block_1_112' title="bbox 1758 5195 3275 5270">
    <p class='ocr_par' dir='ltr' id='par_1_112' title="bbox 1758 5195 3275 5270">
     <span class='ocr_line' id='line_1_113' title="bbox 1758 5195 3275 5270; baseline 0.002 -18"><span class='ocrx_word' id='word_1_769' title='bbox 1758 5196 1811 5252; x_wconf 70' lang='grc' dir='ltr'><strong>Δ.</strong></span> <span class='ocrx_word' id='word_1_770' title='bbox 1850 5196 1914 5249; x_wconf 81' lang='grc' dir='ltr'><strong>Α.</strong></span> <span class='ocrx_word' id='word_1_771' title='bbox 1958 5195 2020 5251; x_wconf 71' lang='grc'><strong>1).</strong></span> <span class='ocrx_word' id='word_1_772' title='bbox 2059 5196 2184 5253; x_wconf 68' lang='lat' dir='ltr'><strong>all.</strong></span> <span class='ocrx_word' id='word_1_773' title='bbox 2225 5197 2433 5255; x_wconf 87' lang='lat' dir='ltr'><strong>Bellum</strong></span> <span class='ocrx_word' id='word_1_774' title='bbox 2462 5196 2566 5255; x_wconf 79' lang='lat' dir='ltr'><strong>fuit</strong></span> <span class='ocrx_word' id='word_1_775' title='bbox 2590 5197 2735 5259; x_wconf 77' lang='lat' dir='ltr'><strong>inter</strong></span> <span class='ocrx_word' id='word_1_776' title='bbox 2758 5196 3073 5270; x_wconf 85' lang='lat' dir='ltr'><strong>Pippinum,</strong></span> <span class='ocrx_word' id='word_1_777' title='bbox 3100 5198 3275 5255; x_wconf 83' lang='lat' dir='ltr'><strong>lilium</strong></span> 
     </span>
    </p>
   </div>
   <div class='ocr_carea' id='block_1_113' title="bbox 1682 5286 2306 5361">
    <p class='ocr_par' dir='ltr' id='par_1_113' title="bbox 1682 5286 2306 5361">
     <span class='ocr_line' id='line_1_114' title="bbox 1682 5286 2306 5361; baseline 0.006 -19"><span class='ocrx_word' id='word_1_778' title='bbox 1682 5286 1919 5361; x_wconf 75' lang='lat' dir='ltr'><strong>Pippiri,</strong></span> <span class='ocrx_word' id='word_1_779' title='bbox 1948 5299 2000 5346; x_wconf 72' lang='lat' dir='ltr'><strong>et</strong></span> <span class='ocrx_word' id='word_1_780' title='bbox 2028 5286 2306 5347; x_wconf 78' lang='lat' dir='ltr'><strong>Karolum.</strong></span> 
     </span>
    </p>
   </div>
   <div class='ocr_carea' id='block_1_114' title="bbox 1760 5360 3276 5456">
    <p class='ocr_par' dir='ltr' id='par_1_114' title="bbox 1760 5360 3276 5456">
     <span class='ocr_line' id='line_1_115' title="bbox 1760 5360 3276 5456; baseline 0.005 -23"><span class='ocrx_word' id='word_1_781' title='bbox 1760 5379 1813 5434; x_wconf 93' lang='lat'><strong>7.</strong></span> <span class='ocrx_word' id='word_1_782' title='bbox 1854 5380 1918 5436; x_wconf 83' lang='lat' dir='ltr'><strong>A.</strong></span> <span class='ocrx_word' id='word_1_783' title='bbox 1962 5380 2024 5438; x_wconf 87' lang='lat' dir='ltr'><strong>D.</strong></span> <span class='ocrx_word' id='word_1_784' title='bbox 2052 5381 2178 5438; x_wconf 75' lang='lat'><strong>817.</strong></span> <span class='ocrx_word' id='word_1_785' title='bbox 2208 5381 2396 5441; x_wconf 79' lang='lat' dir='ltr'><strong>Judith</strong></span> <span class='ocrx_word' id='word_1_786' title='bbox 2433 5382 2526 5416; x_wconf 78' lang='lat'><strong>“&quot;</strong></span> <span class='ocrx_word' id='word_1_787' title='bbox 2552 5383 2893 5456; x_wconf 68' lang='lat' dir='ltr'><strong>imperatrix,</strong></span> <span class='ocrx_word' id='word_1_788' title='bbox 2935 5399 3074 5441; x_wconf 80' lang='lat' dir='ltr'><strong>uxor</strong></span> <span class='ocrx_word' id='word_1_789' title='bbox 3100 5360 3276 5440; x_wconf 50' lang='lat' dir='ltr'><strong>Luae-</strong></span> 
     </span>
    </p>
   </div>
   <div class='ocr_carea' id='block_1_115' title="bbox 1289 5531 1987 5598">
    <p class='ocr_par' dir='ltr' id='par_1_115' title="bbox 1289 5531 1987 5598">
     <span class='ocr_line' id='line_1_116' title="bbox 1289 5531 1987 5598; baseline 0.014 -10"><span class='ocrx_word' id='word_1_790' title='bbox 1289 5531 1524 5593; x_wconf 62' lang='grc' dir='ltr'><strong>νΑιιω</strong></span> <span class='ocrx_word' id='word_1_791' title='bbox 1564 5534 1987 5598; x_wconf 53' lang='grc' dir='ltr'><strong>ιιιιΕΤΙΟΝΕΞᾸ</strong></span> 
     </span>
    </p>
   </div>
   <div class='ocr_carea' id='block_1_116' title="bbox 62 5621 1662 5721">
    <p class='ocr_par' dir='ltr' id='par_1_116' title="bbox 62 5621 1662 5721">
     <span class='ocr_line' id='line_1_117' title="bbox 62 5621 1662 5721; baseline 0.017 -35"><span class='ocrx_word' id='word_1_792' title='bbox 62 5621 280 5721; x_wconf 31' lang='lat' dir='ltr'><strong>hirqui</strong></span> <span class='ocrx_word' id='word_1_793' title='bbox 302 5637 472 5721; x_wconf 75' lang='lat' dir='ltr'><strong>etiam</strong></span> <span class='ocrx_word' id='word_1_794' title='bbox 505 5637 657 5695; x_wconf 68' lang='lat' dir='ltr'><strong>illi&quot;</strong></span> <span class='ocrx_word' id='word_1_795' title='bbox 695 5639 808 5721; x_wconf 73' lang='lat' dir='ltr'><strong>Leo</strong></span> <span class='ocrx_word' id='word_1_796' title='bbox 829 5640 1008 5721; x_wconf 73' lang='lat' dir='ltr'><strong>dictus</strong></span> <span class='ocrx_word' id='word_1_797' title='bbox 1032 5653 1135 5704; x_wconf 86' lang='lat' dir='ltr'><strong>est.</strong></span> <span class='ocrx_word' id='word_1_798' title='bbox 1158 5664 1421 5721; x_wconf 56' lang='lat' dir='ltr'><strong>sttperscr.</strong></span> <span class='ocrx_word' id='word_1_799' title='bbox 1452 5652 1496 5709; x_wconf 79' lang='grc' dir='ltr'>Ε</span> <span class='ocrx_word' id='word_1_800' title='bbox 1531 5654 1581 5711; x_wconf 92' lang='grc'><strong>1.</strong></span> <span class='ocrx_word' id='word_1_801' title='bbox 1607 5673 1662 5713; x_wconf 80' lang='lat' dir='ltr'><strong>re</strong></span> 
     </span>
    </p>
   </div>
   <div class='ocr_carea' id='block_1_117' title="bbox 63 5698 1570 5803">
    <p class='ocr_par' dir='ltr' id='par_1_117' title="bbox 63 5698 1570 5803">
     <span class='ocr_line' id='line_1_118' title="bbox 63 5698 1570 5803; baseline -0.005 1"><span class='ocrx_word' id='word_1_802' title='bbox 63 5698 308 5803; x_wconf 55' lang='lat' dir='ltr'><strong>esse</strong></span> <span class='ocrx_word' id='word_1_803' title='bbox 332 5698 767 5803; x_wconf 56' lang='grc' dir='ltr'><strong>ίηέεςοέιείομρ</strong></span> <span class='ocrx_word' id='word_1_804' title='bbox 782 5698 1008 5803; x_wconf 59' lang='grc' dir='ltr'>ε</span> <span class='ocrx_word' id='word_1_805' title='bbox 1040 5698 1517 5798; x_wconf 45' lang='lat' dir='ltr'><strong>assariis</strong></span> <span class='ocrx_word' id='word_1_806' title='bbox 1534 5698 1570 5783; x_wconf 62' lang='grc' dir='ltr'><strong>ἰε</strong></span> 
     </span>
    </p>
   </div>
   <div class='ocr_carea' id='block_1_118' title="bbox 1687 5698 2521 5803">
    <p class='ocr_par' dir='ltr' id='par_1_118' title="bbox 1687 5698 2521 5803">
     <span class='ocr_line' id='line_1_119' title="bbox 1687 5698 2521 5803; baseline 0.001 -18"><span class='ocrx_word' id='word_1_807' title='bbox 1687 5698 1870 5785; x_wconf 59' lang='lat' dir='ltr'><strong>E’i&#39;h.&quot;</strong></span> <span class='ocrx_word' id='word_1_808' title='bbox 1902 5698 2004 5761; x_wconf 74' lang='grc' dir='ltr'><strong>ῖῖεο</strong></span> <span class='ocrx_word' id='word_1_809' title='bbox 2030 5698 2521 5803; x_wconf 48' lang='grc' dir='ltr'><strong>ιχγνῠὶἰῖῗῦῗεῗ</strong></span> 
     </span>
    </p>
   </div>
   <div class='ocr_carea' id='block_1_119' title="bbox 63 5756 926 5855">
    <p class='ocr_par' dir='ltr' id='par_1_119' title="bbox 63 5756 926 5855">
     <span class='ocr_line' id='line_1_120' title="bbox 63 5756 926 5855; baseline 0.029 -37"><span class='ocrx_word' id='word_1_810' title='bbox 63 5756 926 5855; x_wconf 56' lang='grc' dir='ltr'><strong>μυρίηςῐ.⁷”ι⁷ιὶῖ’ήιὶἷάὲᾇιιπι5</strong></span> 
     </span>
    </p>
   </div>
   <div class='ocr_carea' id='block_1_120' title="bbox 316 5870 838 5941">
    <p class='ocr_par' dir='ltr' id='par_1_120' title="bbox 316 5870 838 5941">
     <span class='ocr_line' id='line_1_121' title="bbox 316 5870 838 5941; baseline 0.017 -9"><span class='ocrx_word' id='word_1_811' title='bbox 316 5870 577 5937; x_wconf 69' lang='lat' dir='ltr'><strong>Parnm.</strong></span> <span class='ocrx_word' id='word_1_812' title='bbox 635 5876 838 5941; x_wconf 81' lang='lat' dir='ltr'><strong>CLIV.</strong></span> 
     </span>
    </p>
   </div>
   <div class='ocr_carea' id='block_1_121' title="bbox 1664 5656 3275 5747">
    <p class='ocr_par' dir='ltr' id='par_1_121' title="bbox 1664 5656 3275 5747">
     <span class='ocr_line' id='line_1_122' title="bbox 1664 5656 3275 5747; baseline 0 0"><span class='ocrx_word' id='word_1_813' title='bbox 1664 5656 1870 5747; x_wconf 65' lang='grc' dir='ltr'><strong>εερξεε</strong></span> <span class='ocrx_word' id='word_1_814' title='bbox 1898 5657 2388 5747; x_wconf 64' lang='lat' dir='ltr'><strong>?:..1‘;°.925r°&#39;:</strong></span> <span class='ocrx_word' id='word_1_815' title='bbox 3118 5663 3275 5747; x_wconf 66' lang='grc' dir='ltr'><strong>ιηιίειε</strong></span> 
     </span>
    </p>
   </div>
   <div class='ocr_carea' id='block_1_122' title="bbox 2602 5734 3274 5791">
    <p class='ocr_par' dir='ltr' id='par_1_122' title="bbox 2602 5734 3274 5791">
     <span class='ocr_line' id='line_1_123' title="bbox 2602 5734 3274 5791; baseline 0.001 -4"><span class='ocrx_word' id='word_1_816' title='bbox 2602 5734 2689 5766; x_wconf 81' lang='lat'><strong>“&#39;&quot;</strong></span> <span class='ocrx_word' id='word_1_817' title='bbox 2715 5735 2768 5788; x_wconf 87' lang='lat' dir='ltr'><strong>in</strong></span> <span class='ocrx_word' id='word_1_818' title='bbox 2812 5764 2878 5773; x_wconf 87' lang='lat'><strong>-—</strong></span> <span class='ocrx_word' id='word_1_819' title='bbox 2936 5734 3274 5791; x_wconf 56' lang='lat' dir='ltr'><strong>Cdﬁam‘irs</strong></span> 
     </span>
    </p>
   </div>
   <div class='ocr_carea' id='block_1_123' title="bbox 2919 5897 2998 5956">
    <p class='ocr_par' dir='ltr' id='par_1_123' title="bbox 2919 5897 2998 5956">
     <span class='ocr_line' id='line_1_124' title="bbox 2919 5897 2998 5956; baseline 0.038 -3"><span class='ocrx_word' id='word_1_820' title='bbox 2919 5897 2998 5956; x_wconf 68' lang='lat'><strong>‘28</strong></span> 
     </span>
    </p>
   </div>
  </div>
