3880 6308
56 288 128 345 877
882 270 1247 330 CHRONICA.
1286 294 1355 308 -
1390 259 1783 320 cunemcon
1821 221 2282 320 umv’snsxts.

3132 260 3236 316 878

56 404 271 458 Romanus
293 388 632 448 Armeniacus
652 406 777 447 cum
799 384 1364 447 eodemCon‘stantino
1386 382 1545 437 annis
1575 399 1619 452 Α
1645 387 1899 451 cognato,
1950 394 2048 449 per
2086 377 2317 434 insidias
2346 383 2634 448 caperetur
2665 376 2984 447 carcerique
3027 378 3238 433 manci-

53 493 114 558 26,
143 488 366 560 posthaec
392 484 528 539 idem
557 481 952 537 Constantinus
993 493 1116 532 cum
1144 475 1255 530 ﬁlio
1303 488 1406 529 suo
1439 471 1548 526 Ro-

53 595 168 635 mano
190 590 335 647 puero
359 573 510 628 annis
545 572 626 627 15.

98 669 295 740 (Lu'vra.
337 681 372 732 ι,
421 665 473 730 5,
524 663 636 732 15.)
683 659 946 716 Arnolqu
993 659 1177 730 itaque
1224 672 1315 712 rex
1356 663 1549 727 potens

53 756 382 829 principabatur
427 752 714 823 Bajoariis,
763 750 981 818 Suevis,
1033 747 1262 805 Francis
1310 747 1546 803 orienta-
1592 795 1598 805 .

53 852 166 914 libus,
189 858 233 903 et
267 854 380 918 post
421 854 650 902 mortem
679 842 862 900 Karoli
889 842 1044 898 Calvi
1068 841 1415 912 Lotharingis
1451 855 1551 895 au-

53 943 313 1011 iacibusque
353 939 681 994 Saxonibus.
707 938 809 993 Cui
847 935 1270 1001 Zuentebaldus,
1304 933 1549 988 Marava—

53 1049 186 1087 norum
204 1034 317 1097 dux,
339 1031 562 1086 viriliter
582 1027 1128 1101 repugnavitJUsque
1149 1025 1218 1082 ad
1231 1027 1346 1081 hazc
1367 1033 1548 1079 autem

53 1139 228 1193 .empora
291 1120 648 1192 Ungariorum
725 1136 882 1193 gens,
942 1119 1103 1190 cujus
1173 1132 1365 1176 omnes
1413 1130 1552 1186 pene

54 1215 230 1269 rationes
256 1222 480 1282 experta:
507 1220 637 1268 sunt
665 1212 948 1278 seviciam,
979 1209 1309 1280 quibusdam
1338 1205 1551 1262 difﬁcil-

54 1307 142 1360 imis
189 1304 694 1375 interpositionibus,
769 1319 913 1373 quas
979 1301 1233 1357 clusuras
1301 1299 1551 1356 nominat

54 1399 200 1468 rulgus,
237 1407 472 1468 separata
515 1406 633 1452 erat
663 1412 694 1450 a
743 1396 928 1463 nobis,
974 1402 1036 1450 ut
1065 1409 1244 1465 neque
1272 1393 1341 1448 ad
1379 1392 1548 1448 meri-

53 1491 197 1544 lianam
226 1505 386 1560 neque
426 1489 496 1544 ad
532 1489 926 1545 occidentalem
955 1487 1170 1560 plagam
1211 1485 1444 1542 exeundi
1469 1485 1551 1538 fa-

53 1583 230 1636 :ultatem
257 1581 518 1636 habuerit.
547 1579 810 1637 Arnolqu
858 1581 1025 1652 igitur
1053 1595 1170 1646 rex,
1211 1594 1335 1634 cum
1372 1576 1549 1632 Zuen-

53 1675 246 1729 eboldum
274 1675 641 1744 supradictum
683 1689 945 1744 superare
974 1671 1226 1743 nequiret
1281 1670 1545 1741 depulsis,

1646 478 1907 540 paretur;
1945 469 2000 523 in
2031 485 2143 539 quo
2169 477 2293 538 post
2326 467 2767 538 quinquennium
2809 466 3102 523 defunctus
3129 478 3234 534 est,

1647 575 1794 614 anno
1821 559 1975 630 regni
2019 559 2105 614 sui
2148 559 2262 627 ὄϐα,
2294 559 2418 614 vita:
2445 574 2575 614 vero
2606 559 2696 613 54°
2728 558 2840 612 “".
2871 557 3016 614 Idem
3051 567 3238 616 autem

1647 653 1880 711 Karolus
1912 670 1980 709 ex
2011 669 2200 710 sorore
2236 654 2517 709 Adelstani
2552 654 2695 725 regis
2732 654 3031 725 Anglorum
3065 655 3240 713 lilium
3335 643 3346 656 ’

1647 747 1955 819 procreavit
1981 746 2203 802 nomine
2242 746 2617 813 Ludewicum,
2649 747 2744 816 qui
2767 745 2908 802 inter
2946 748 3237 816 perturba-

1647 843 1826 898 tiones
1849 841 2020 911 patris
2043 839 2346 895 infantulus
2371 840 2552 895 adhuc
2576 839 2964 895 transmarinis
2988 840 3238 909 partibus

1647 934 1904 988 advectus
1957 933 2023 987 ad
2070 934 2404 988 avunculum
2454 933 2835 1000 Adelstanum,
2887 943 3011 1002 post
3066 933 3239 1003 patris

1647 1041 1834 1082 necem
1886 1035 1941 1081 et
1994 1024 2246 1081 Ruodolli
2299 1034 2532 1080 mortem
2584 1035 2871 1096 paternum
2925 1039 2980 1081 et
3029 1028 3237 1081 avitum

1647 1117 1790 1172 rexit
1833 1117 2144 1188 imperium.
2196 1116 2297 1173 llic
2352 1118 2520 1173 etiam
2567 1134 2634 1173 ex
2681 1119 2962 1191 Gcrbirga,
2997 1119 3238 1177 lleiurici

1650 1210 1930 1267 Saxonum
1958 1213 2115 1268 ducis
2143 1221 2199 1267 et
2229 1222 2418 1283 postea
2460 1213 2603 1284 regis
2636 1213 2768 1282 ﬁlia,
2803 1229 2993 1270 sorore
3019 1213 3238 1272 Ottonis

1647 1301 1850 1373 Magni,
1900 1318 2068 1374 quam
2124 1303 2238 1371 ¹¹⁹³,
2297 1312 2538 1358 extincto
2589 1303 2884 1361 Gisilberto
2927 1306 3046 1376 ejus
3099 1307 3238 1376 viro,

1648 1395 1938 1466 conjugem
1985 1395 2164 1464 duxit,
2212 1395 2536 1451 Lotharium
2573 1397 2746 1452 ﬁlium
2779 1399 3007 1469 accepit,
3057 1401 3152 1470 qui
3180 1401 3238 1457 in

1649 1487 1842 1544 eodem
1873 1503 2043 1559 regno
2075 1489 2216 1558 patri
2250 1489 2536 1544 successit.

1720 1581 1806 1634 11.
1864 1581 1917 1635 5.
1974 1580 2125 1651 (Chr.
2163 1580 2276 1652 W.)
2308 1582 2373 1636 A.
2408 1581 2472 1636 D.
2509 1582 2635 1638 899.
2667 1582 2861 1654 Magna
2908 1582 3086 1640 fames
3141 1585 3240 1642 ho-

1650 1672 1827 1728 mines
1851 1688 1912 1727 se
1937 1673 2171 1729 invicem
2199 1675 2486 1730 comedere
2515 1677 2808 1745 persuasit.

53 1766 130 1818 ll'Oh
153 1765 318 1820 dolor!
346 1766 430 1820 his
470 1765 892 1830 munitionibus,
917 1762 1284 1834 Ungariorum
1309 1771 1542 1832 gentem,

1717 1766 1802 1820 12.
1836 1767 1891 1821 4.
1925 1765 2173 1836 (ιιυυριι.
2207 1783 2267 1834 n,
2297 1767 2347 1833 1,
2374 1767 2455 1838 2.)
2481 1768 2546 1822 Α.
2582 1766 2644 1822 Ι).
2677 1769 2802 1824 900.
2842 1769 3106 1827 Arnolqu
3133 1772 3240 1827 im-

53 1856 234 1912 celerum
286 1858 568 1928 cupidam,
616 1858 671 1912 in
718 1857 986 1912 auxilium
1033 1863 1212 1922 vocat,
1262 1855 1308 1910 si
1361 1863 1544 1908 tamen

57 1951 232 2005 axilium
257 1952 356 2006 dici
386 1961 586 2022 potest,
618 1951 764 2021 quod
793 1950 959 2021 paulo
985 1957 1130 2019 post,
1161 1963 1228 2003 eo
1258 1947 1544 2012 moriente,

54 2059 117 2096 um
143 2044 264 2113 genti
292 2060 419 2111 suae,
458 2053 577 2098 tum
621 2043 818 2098 ceteris
869 2042 922 2096 in
959 2041 1187 2096 meridie
1237 2053 1548 2108 occasuque

54 2138 282 2207 egentibus
335 2154 500 2209 grave
548 2137 877 2208 periculum,
921 2137 1090 2192 immo
1134 2134 1370 2190 exicium
1421 2132 1544 2188 fuit.

53 2229 194 2284 ιεγὶαο
217 2231 386 2302 itaque
409 2231 804 2296 Zuenteboldo,
829 2227 1093 2284 Arnolqu
1119 2243 1311 2284 secure
1343 2228 1550 2298 potitur

53 2335 181 2393 agno;
208 2321 415 2395 Ungarii
453 2339 589 2379 vero
632 2323 872 2388 interim,
905 2322 1197 2377 observato
1235 2320 1328 2352 ¹¹⁹⁰
1374 2319 1546 2385 exitu,

53 2416 406 2486 ontemplatique
454 2417 761 2488 regionem,
807 2415 1016 2470 malum
1065 2413 1354 2479 cordibus,
1403 2411 1548 2482 quod

54 2513 114 2558 ost
142 2507 184 2559 in
212 2509 492 2578 propatulo
519 2509 794 2578 apparuit,
826 2506 1304 2562 machinabantur.

75 2597 114 2650 ‘2.
141 2599 265 2668 (Chr.
296 2600 404 2672 W.)
454 2601 528 2656 Α.
561 2599 624 2654 D.
658 2601 782 2655 889.
817 2600 1100 2669 Liutperto
1137 2597 1550 2667 archiepiscopo

54 2690 266 2745 underold
325 2691 617 2748 successit.
662 2722 729 2731 —
764 2693 879 2746 Arn
926 2689 1395 2761 Wirciburgeusis
1429 2688 1546 2758 epi-

53 2793 176 2849 ropus
218 2782 265 2837 in
296 2782 540 2838 Saxonia
567 2783 786 2839 occisus
808 2792 893 2838 est
923 2783 1066 2837 inter
1114 2782 1408 2836 missarum
1441 2781 1548 2835 sol-

53 2874 190 2928 rmnia.
215 2873 354 2931 Sedit
376 2887 565 2932 autem
597 2891 770 2931 annos
795 2875 885 2942 '56,
910 2889 1128 2930 menses
1158 2873 1209 2928 7.

68 2963 108 3016 5.
134 2965 186 3019 Α.
215 2965 270 3022 D.
297 2968 418 3024 890.
476 2967 746 3024 Arnolqu
784 2985 878 3024 rex
920 2967 1224 3023 exercitum
1257 2964 1553 3021 Nortmax-

53 3067 168 3111 orum
191 3059 390 3116 delevit.

69 3145 109 3199 4.
133 3146 186 3202 Α.
215 3148 273 3204 Ι).
303 3151 423 3207 891.
453 3152 776 3223 Radispona
808 3150 1062 3208 incendio
1091 3150 1306 3221 ﬂagrat.

69 3232 110 3288 6.
124 3236 338 3307 (Ψιυειί.
364 3258 404 3309 ι,
429 3243 555 3312 22.)
584 3242 649 3296 A.
682 3241 745 3297 D.
780 3242 904 3297 895.
941 3240 1319 3296 Sunderoldus
1374 3238 1550 3294 archi-

53 3323 246 3397 iiscopus
282 3347 310 3386 a
336 3331 699 3389 Nortmannis
744 3333 1050 3396 occiditur;
1101 3347 1203 3402 pro
1247 3347 1358 3401 quo
1386 3329 1548 3386 Hatto

53 3417 256 3489 dinatur,
305 3425 584 3482 obscurus
634 3426 857 3496 quidem
913 3440 1130 3496 genere,
1194 3425 1290 3480 sed
1351 3435 1547 3480 acutus

54 3511 200 3578 genie,
229 3524 278 3569 et
324 3519 420 3587 qui
473 3517 699 3573 difﬁcile
742 3518 1148 3574 diseerneretur
1185 3517 1381 3572 melior
1416 3533 1548 3571 con-

53 3598 104 3653 lio
126 3601 245 3661 foret
271 3624 337 3663 an
363 3609 545 3680 pejor.

63 3691 99 3746 7.
126 3695 177 3749 Α.
204 3697 257 3752 0.
285 3700 432 3757 894.‘

121 3787 200 3842 ‘D.
231 3789 288 3846 Ε.
320 3795 575 3850 addunt:
609 3795 867 3852 Arnolqu
887 3797 1058 3838 ¹¹⁹¹-
1078 3794 1541 3852 Lothariensium.

172 3878 229 3913 ea:
256 3860 430 3934 Sigeb.
461 3885 517 3922 α.
552 3867 679 3921 896.

61 3963 101 4019 3.
125 3968 258 4039 (Chr.
290 3972 403 4046 W.)
436 3976 505 4032 A.
538 3975 604 4031 Ι).
659 3975 784 4032 895.
839 3977 1100 4034 Arnolfus
1146 3975 1358 4032 Italiam
1409 3976 1548 4032 Bur-

53 4060 320 4135 Indiamque
346 4069 454 4124 sibi
488 4068 745 4140 subjecit.

53 4151 101 4197 Ini
123 4154 294 4218 imperii
319 4160 531 4211 Arnolll.

59 4229 100 4283 9.
133 4235 176 4288 1.
204 4237 262 4292 Α.
314 4240 376 4296 D.
409 4243 543 4298 896.
582 4241 845 4298 Arnolqu
886 4257 981 4297 rex
1022 4241 1255 4298 Romam
1297 4245 1543 4311 veniens,

53 4335 250 4392 Iperator
274 4333 534 4388 ellicitur.

55 4414 198 4487 llujus
224 4427 571 4496 temporibus
598 4425 900 4482 Formosus
921 4436 1038 4482 erat
1071 4444 1211 4499 papa
1237 4428 1434 4483 H5“.

54 4507 121 4564 10.
147 4513 192 4568 2.
222 4515 475 4584 (Risum.
507 4537 548 4587 ι,
579 4519 666 4587 12,
695 4520 1019 4591 sqq.)Anno
1043 4520 1343 4578 Dominiae
1373 4522 1548 4577 incar-

54 4599 192 4657 tionis
235 4606 358 4672 897,
408 4608 652 4664 Karolus
693 4609 810 4680 jam
858 4611 1192 4681 quindennis
1237 4623 1457 4668 creatur
1489 4613 1544 4667 in

53 4701 139 4754 gem
183 4691 386 4765 Gallia,
442 4697 662 4754 Outone
718 4699 898 4756 adhuc
942 4701 1157 4756 vivente
1188 4711 1241 4756 et
1289 4702 1544 4773 injuriam

53 4780 359 4854 .simulants;
414 4791 614 4845 eodem
669 4801 849 4846 tamen
911 4807 1058 4846 anno
1100 4791 1392 4849 defunctus
1439 4805 1539 4850 est.

54 4869 130 4938 jus
147 4875 375 4938 Outonis
407 4885 586 4940 frater
629 4885 967 4955 Ruotpertus
991 4901 1018 4939 a
1055 4885 1254 4940 Karolo
1282 4886 1391 4941 dux
1422 4885 1544 4940 Cel—

53 4980 86 5018 ae
107 4972 357 5042 prolatus,
389 4993 525 5031 cum
555 4986 743 5047 postea
785 4993 1016 5050 regnum
1053 4977 1352 5042 aﬂ'ectaret,
1380 4995 1412 5034 a
1442 4978 1546 5032 mi-

54 5055 140 5116 bus
180 5061 359 5120 Karoli
405 5068 734 5124 interfectus
761 5079 865 5126 est.
897 5069 1070 5139 Cujus
1097 5070 1242 5124 ﬁlius
1283 5068 1442 5142 Hugo
1472 5070 1544 5124 ob

54 5165 139 5206 tem
167 5160 335 5224 patris
363 5161 489 5232 regi
521 5177 736 5232 semper
761 5162 1030 5229 infensus,
1067 5161 1299 5216 consilio
1320 5163 1429 5232 egit
1449 5177 1546 5230 per

53 5254 320 5318 oscumque
348 5253 557 5322 potuit,
607 5265 668 5309 ut
718 5253 1042 5321 Ruodolfus,
1091 5255 1238 5310 ﬁlius
1285 5254 1542 5309 Richardi

53 5341 461 5410 rgundionis,eo
488 5346 719 5400 multum
733 5347 1083 5413 reclamante,
1118 5362 1212 5402 rex
1242 5356 1540 5412 crearetur,

69 5421 285 5486 Karolus
333 5449 437 5488 rex
486 5435 558 5489 ab
610 5433 921 5508 Heriperto,
990 5437 1234 5509 ejusdem
1295 5435 1540 5508 Hugonis

1647 1861 1886 1927 perator‘
1911 1859 2067 1927 obiit,
2096 1873 2334 1930 moxque
2363 1859 2557 1915 eodem
2592 1876 2739 1915 anno
2788 1859 3032 1934 Ungarii,
3065 1873 3244 1921 morte

1648 1948 1796 2004 illius
1818 1949 2023 2018 audita,
2071 1950 2299 2006 collecto
2327 1965 2628 2023 permagno
2672 1954 2937 2023 exercitu,
2971 1955 3243 2012 Maravia-

1648 2054 1847 2095 norum
1886 2050 2122 2112 gentem,
2153 2058 2321 2113 quam
2350 2043 2568 2098 illorum
2599 2044 2807 2100 auxilio
2834 2045 3096 2103 Arnolqu
3131 2049 3240 2104 im-

1648 2140 1869 2201 perator
1894 2132 2000 2188 sibi
2023 2133 2359 2203 subdiderat,
2391 2135 2658 2191 invadunt
2688 2137 2904 2208 sibique
2925 2141 3238 2210 vendicant,

1649 2222 2026 2293 Bajoariorum
2104 2241 2328 2298 quoque
2410 2227 2550 2284 ﬁnes
2625 2241 2940 2302 occupant,
3018 2237 3242 2293 castella

1647 2319 1898 2388 diruunt,
1936 2322 2213 2378 aecclesias
2262 2323 2376 2395 igni
2428 2335 2781 2391 consumunt,
2810 2328 3041 2397 populos
3077 2329 3245 2402 juguo

1649 2409 1783 2476 lant,
1818 2419 1956 2465 etut
2000 2411 2175 2482 magis
2221 2413 2507 2483 magisque
2555 2415 2870 2484 timeantur,
2921 2417 3241 2474 interfecto-

1646 2515 1771 2556 rum
1799 2515 1919 2556 sese
1946 2502 2212 2572 sanguine
2231 2512 2438 2572 potant.

1793 2599 1814 2616 '
1836 2593 2108 2671 Arnolfus_
2139 2595 2439 2671 imperator
2482 2597 2646 2671 longa
2678 2632 2750 2641 —
2786 2601 3039 2657 moritur.
3069 2602 3130 2657 D.
3173 2601 3240 2659 Ε.

1862 2680 1928 2718 ea:
1964 2664 2142 2736 Sigeb.
2172 2664 2232 2720 α.
2254 2667 2378 2722 902.

1724 2772 1968 2845 (ιιυυρκ.
2003 2791 2042 2841 1,
2069 2775 2161 2842 28,
2185 2777 2278 2845 29,
2316 2777 2408 2846 50,
2434 2780 2523 2847 36,
2553 2780 2642 2847 50,
2675 2782 2790 2849 51.)
2816 2781 2992 2855 Hujus
3029 2785 3241 2842 Arnolﬁ

1651 2867 1992 2935 temporibus
2043 2866 2344 2925 Formosus
2390 2886 2531 2941 papa
2595 2873 2947 2931 vehementer
2993 2876 3241 2933 adﬂicta-

1651 2957 1816 3012 batur
1859 2974 1891 3013 a
1945 2958 2229 3029 Romanis,
2259 2964 2419 3033 cujus
2471 2973 2526 3019 et
2578 2965 2799 3021 hortatu
2844 2970 3107 3027 Arnollus
3144 2988 3243 3030 rex

1655 3047 1888 3105 Romam
1931 3053 2244 3109 advenerat.
2305 3055 2409 3122 Qui
2451 3057 2735 3128 ingressus
2787 3062 3000 3128 urbem,
3040 3065 3242 3122 multos

1573 3125 1617 3186 C
1650 3137 2024 3197 Romanorum
2078 3144 2356 3216 principes
2415 3125 2634 3203 obviam
2685 3151 2790 3204 sibi
2844 3164 3245 3225 properantes,

1648 3235 1964 3290 ulciscendo
2002 3252 2155 3308 papa:
2176 3238 2455 3309 injuriam,
2481 3227 2740 3296 decollari
2769 3247 3027 3316 precepit.
3060 3247 3244 3306 Causa

1648 3335 1833 3382 autem
1892 3328 2190 3386 simultatis
2254 3332 2398 3387 inter
2459 3332 2739 3390 Romanos
2801 3347 2857 3392 et
2914 3337 3242 3398 Formosum

1647 3438 1844 3492 papam
1871 3424 1988 3478 haec
2016 3424 2119 3479 fuit
2151 3441 2162 3477 :
2196 3425 2447 3483 Formosi
2470 3428 2760 3486 decessore
2781 3431 3056 3502 defuncto,
3089 3453 3243 3508 quaa-

1647 3514 1773 3568 dam
1801 3531 1930 3585 pars
1960 3515 2337 3572 Romanorum
2371 3518 2646 3592 Sergium,
2674 3525 2948 3593 quendam
2977 3526 3242 3586 Romanas

1645 3605 1940 3661 diaconum
1982 3609 2266 3676 aacclesiaa,
2295 3624 2496 3682 papam
2539 3614 2645 3669 sibi
2684 3617 2944 3689 elegerat,
2987 3622 3238 3690 quedam

1649 3713 1778 3752 vero
1803 3715 1932 3768 pars
1963 3715 2074 3755 non
2119 3702 2308 3756 inﬁma
2349 3713 2481 3759 natu
2523 3704 2876 3776 Formosum,
2923 3709 3242 3770 Portuensis

1647 3784 1888 3843 civitatis
1906 3789 2248 3860 episcopum,
2273 3808 2372 3862 pro
2389 3809 2518 3849 vera
2539 3797 2805 3869 religione
2821 3800 3241 3876 divinarumque

1650 3877 2060 3948 Scripturarum
2109 3891 2164 3937 et
2189 3883 2565 3941 doctrinarum
2611 3890 2843 3946 scientia
2882 3909 3079 3965 papam
3124 3897 3239 3977 ﬁeri

1648 3974 1960 4030 anhelabat.
1990 3977 2130 4032 Cum
2156 3987 2340 4034 autem
2372 3981 2426 4035 in
2460 3998 2526 4037 eo
2555 3994 2719 4052 esset,
2749 3995 2810 4041 ut
2834 3986 3058 4061 Sergius
3087 3974 3240 4047 οι·ᾱί-ί

1647 4066 1769 4121 nari
1798 4067 2094 4135 debuisset,
2125 4085 2254 4139 pars
2284 4087 2407 4141 qua-
2433 4072 2698 4132 Formoso
2729 4077 2943 4135 favebat
2980 4097 3088 4136 non
3124 4083 3240 4142 sine

1648 4157 1911 4214 mediocri
1951 4161 2186 4215 tumultu
2239 4175 2291 4218 et
2320 4163 2522 4234 injuria
2562 4164 2817 4239 Sergium
2843 4171 2912 4225 ab
2950 4173 3108 4228 altari
3140 4191 3240 4230 ex-

1647 4251 1786 4320 pulit
1809 4259 1864 4306 et
1893 4250 2221 4308 Formosum
2249 4271 2447 4326 papam
2471 4259 2777 4316 constituit.
2817 4260 2972 4319 Unde
3017 4264 3240 4338 Sergius

1648 4342 1930 4397 descendit
1952 4344 2007 4397 in
2029 4343 2310 4414 Tusciam,
2324 4357 2596 4418 quatenus
2608 4351 2881 4408 Adclberti
2903 4356 3239 4414 marcbionis

1575 4471 1624 4529 υ
1649 4434 2012 4504 potentissimi
2053 4437 2340 4507 juvaretur
2380 4457 2477 4511 per
2503 4444 2822 4512 potentiam.
2855 4445 3012 4515 Quod
3063 4459 3118 4506 et
3159 4450 3238 4506 fa-

1650 4535 1796 4581 ctum
1849 4536 1951 4582 est.
1997 4527 2133 4583 Nam
2188 4530 2458 4589 Formoso
2509 4535 2790 4605 defuncto,
2843 4551 2897 4596 et
2931 4541 3158 4598 Arnolfo
3183 4544 3239 4599 in

1649 4619 1823 4687 patria
1862 4621 2162 4676 miserabili
2207 4634 2401 4694 morte,
2436 4628 2646 4683 scilicet
2674 4632 2942 4687 vermium
2971 4650 3112 4704 quos
3138 4651 3238 4706 pe-

1647 4709 1880 4767 duculos
1916 4713 2108 4769 dicunt
2156 4724 2308 4771 tanta
2342 4720 2730 4788 seaturicione,
2769 4731 2831 4778 ut
2875 4726 3042 4781 nullis
3067 4727 3239 4782 medi-

1646 4819 1837 4858 corum
1890 4806 2042 4861 curis
2084 4807 2260 4862 minui
2307 4819 2553 4879 possent,
2609 4814 2869 4882 extincto,
2915 4817 2964 4871 is
2990 4819 3086 4888 qui
3114 4830 3239 4890 post

1647 4909 1834 4949 necem
1886 4894 2139 4952 Formosi
2198 4899 2530 4977 constitutus
2577 4914 2662 4959 est
2715 4908 3041 4978 expellitur,
3103 4909 3237 4967 Ser-

1645 4986 1878 5056 giusque
1930 5004 2026 5058 per
2088 4990 2442 5053 Adelbertum
2498 5011 2637 5065 papa
2695 5000 3070 5056 constituitur.
3123 5002 3230 5070 Qui

1643 5073 2000 5141 constitutus,
2071 5086 2132 5131 ut
2191 5079 2413 5150 impius,
2484 5091 2800 5138 sanctarum
2853 5087 3232 5145 doctrinarum

1643 5162 1872 5230 inscius,
1926 5165 2255 5224 Formosum
2300 5187 2331 5225 e
2375 5173 2670 5241 sepulchro
2721 5179 2938 5232 extrahi
2977 5189 3142 5251 atque
3172 5182 3230 5238 in

1645 5255 1773 5310 sede
1799 5255 2030 5312 Romani
2056 5261 2410 5329 pentiﬁcatus
2437 5265 2869 5323 sacerdotalibus
2893 5271 3234 5328 vestimentis

1644 5346 1893 5403 indutum
1914 5351 2084 5406 locari
2113 5353 2301 5423 sicque
2321 5355 2580 5410 decollari
2609 5361 2868 5431 precepit.
2905 5360 3007 5417 Cui
3035 5371 3091 5418 et
3120 5363 3228 5419 ait:

1641 5436 1775 5493 Cum
1809 5439 2119 5498 Par-mensis
2155 5462 2292 5500 esses
2330 5449 2626 5519 episcopus,
2654 5467 2750 5505 cur
2783 5453 3089 5510 ambitionis
3120 5456 3231 5526 spi-

1238 5590 1472 5650 VARIIE
1508 5589 1802 5648 LECTION
1809 5593 1913 5650 ES.

54 5713 108 5746 ‘”
135 5728 348 5776 servato
371 5737 526 5776 corr.
555 5722 845 5780 observato
868 5723 919 5779 1.
998 5723 1089 5758 ¹¹⁹¹
1118 5723 1394 5781 Arnoldus
1431 5723 1526 5780 Di.
1605 5727 1696 5759 “9'
1739 5725 1868 5782 [ΛΠ.
1912 5727 1994 5784 lb.
2081 5733 2171 5765 ¹¹⁹³
2205 5742 2746 5810 uuam—persuasit
2777 5744 2831 5798 in
2867 5745 2982 5801 loco
3021 5764 3140 5803 raso
3167 5748 3219 5805 1.
