3880 6308
668 241 773 294 εἷς)

1839 234 1923 290 ΕΚ
1932 234 2233 290 KEHARDI
2272 233 2738 293 URAUGIENSIS
3703 253 3760 305 sai

670 354 780 405 ritu
823 352 1114 406 Romanam
1148 350 1510 404 'tmiversalem
1542 348 1714 403 sedem
1762 351 2084 420 usurpasti?
2131 349 2263 404 Dein
2297 354 2336 414 Α
2367 351 2649 406 castellum
2675 351 2795 421 ejus
2826 351 3083 408 irruerat.
3134 352 3237 407 Cui
3278 354 3541 413 nominatas
3570 358 3680 417 heros
3704 380 3763 419 ιω

674 444 852 501 sacris
892 452 1114 499 exutum
1164 443 1431 508 vestibus,
1463 442 1806 512 abscisisque
1849 441 2034 513 digitis
2061 442 2261 509 tribus,

670 535 729 590 in
757 533 1012 603 Tyberim
1052 532 1252 603 jactari
1285 533 1547 603 precepit,
1578 540 1919 603 cunctosque
1957 547 2099 603 quos
2140 532 2226 605 ips
2258 593 2263 597 ,

668 627 1019 691 ordinaverat
1065 626 1236 697 gradu
1282 627 1505 698 proprio
1553 626 1833 697 depositus
1864 626 2066 681 iterum
2113 627 2260 682 ordi—

668 718 838 773 navit.
886 716 1043 783 Quod
1089 732 1255 787 quam
1299 717 1444 772 male
1490 724 1546 771 et
1599 716 1804 786 injuste
1829 717 2023 788 egerit,
2068 717 2127 772 in
2154 717 2263 774 hoc

667 808 1030 863 animadverti
1060 796 1279 878 poterit,
1309 807 1568 878 quoniam
1598 815 1654 863 et
1677 808 1734 862 hi
1772 808 1868 878 qui
1905 823 1937 862 a
1959 806 2098 863 Juda
2126 823 2258 879 pro-

665 900 831 955 ditori
858 899 949 932 “”
978 908 1106 955 ante
1132 900 1497 970 proditionem
1525 896 1757 955 salutem
1788 915 1887 956 seu
1921 899 2258 955 benedictio-

667 1009 792 1048 nem
827 992 1186 1063 apostolicam
1216 1003 1599 1064 perceperunt,
1632 1008 1696 1047 ea
1741 1000 1868 1063 post
1895 992 2258 1062 proditionem

666 1084 987 1156 propriique
1012 1085 1263 1155 corporis
1287 1085 1706 1156 suspensionem
1742 1099 1851 1139 non
1882 1093 2010 1140 sunt
2036 1086 2255 1155 privati,

664 1176 775 1232 nisi
825 1190 967 1245 quos
997 1175 1246 1246 improba
1283 1176 1426 1231 forte
1462 1175 1718 1232 fedarunt
1750 1175 1983 1247 ﬁagicia.
2028 1175 2259 1232 Benedi-

663 1272 774 1327 ctio
785 1271 1080 1342 siquidem,
1104 1284 1227 1338 quae
1248 1267 1519 1323 ministris
1540 1265 1747 1322 Christi
1773 1266 2125 1336 impenditur,
2146 1283 2257 1323 non

662 1379 759 1433 per
786 1379 914 1419 eum
939 1362 1034 1433 qui
1057 1361 1296 1427 videtur,
1329 1358 1425 1415 sed
1464 1359 1561 1430 qui
1592 1374 1702 1413 non
1724 1358 1961 1427 videtur,
1999 1360 2258 1416 sacerdo-

661 1463 773 1509 tem
814 1454 1143 1526 infunditur.
1186 1451 1375 1522 Neque
1412 1451 1508 1522 qui
1538 1451 1678 1523 rigat
1704 1460 1787 1507 est
1814 1451 2041 1522 aliquid,
2079 1468 2257 1524 neque

661 1549 759 1619 qui
778 1549 1008 1619 plantat,
1038 1547 1132 1603 sed
1156 1546 1251 1616 qui
1278 1546 1680 1601 incrementum
1696 1545 1810 1613 dat,
1839 1544 2003 1601 Deus.
2028 1545 2257 1613 Quantas

661 1653 847 1693 autem
891 1637 1234 1693 auctoritatis
1265 1645 1596 1707 quantaeque
1637 1634 1920 1707 religionis
1954 1634 2255 1693 Formosus

2358 442 2517 512 juxta
2566 443 2874 510 castellum,
2923 452 2986 499 ut
3015 444 3262 514 plerique
3290 446 3462 513 solent,
3497 449 3569 502 sed
3603 454 3723 520 procul
3747 474 3764 508 λ

2362 534 2668 589 munitione
2718 542 2974 605 preparat
3018 535 3244 591 bellum.
3296 535 3441 607 Regis
3483 539 3622 609 itaque
3652 544 3768 601 milites

2360 626 2682 697 priusquam
2714 625 2880 696 hujus
2924 626 3186 682 virtutem
3225 627 3314 659 “"
3357 643 3410 682 re
3442 629 3538 699 ipsa
3568 634 3766 701 experim-

2326 731 2470 789 .tur,
2510 736 2693 793 regem
2727 729 3043 795 preeuntes,
3088 736 3285 792 pugnae
3325 722 3536 791 prebtdio
3563 724 3666 780 hunc
3683 736 3769 780 eun

2360 826 2607 873 castrum
2649 816 2849 873 elicere
2891 825 3057 887 atque
3094 815 3393 872 interﬁcere
3441 817 3768 888 cogitationum

2360 908 2478 980 ipse
2498 907 2814 979 hujusmodi
2839 907 3080 978 proludii
3106 907 3196 939 “9"
3231 923 3341 962 non
3365 908 3518 962 solum
3539 923 3621 963 non
3642 909 3771 979 ignaris

2359 1001 2457 1057 sed
2478 1001 2644 1056 etiam
2668 999 2972 1068 debriatus,
3002 999 3089 1055 bis
3116 998 3334 1055 obviam
3374 1008 3473 1054 tam
3498 1000 3617 1069 longe
3636 1015 3657 1052 a
3673 1012 3773 1053 castra

2358 1098 2723 1162 processerat,
2752 1099 2814 1146 ut
2841 1090 2993 1146 hunc
3026 1090 3227 1145 milites
3249 1104 3475 1160 eousque
3497 1105 3551 1144 ex
3573 1090 3776 1143 adversaria

2357 1199 2482 1239 esse
2504 1198 2616 1238 non
2647 1190 3069 1254 cognoscerent,
3090 1181 3274 1252 quoad
3304 1197 3474 1236 eorum
3498 1180 3674 1235 cervices
3690 1181 3775 1233 istius

2358 1291 2552 1332 mucro
2578 1275 2728 1331 cedis
2750 1275 3045 1346 impatiens
3064 1275 3225 1331 descv
3233 1275 3350 1330 iret.
3373 1273 3520 1344 Igitur
3539 1290 3633 1329 cum
3650 1283 3778 1342 septe:-

2358 1370 2452 1424 nio
2482 1369 2653 1425 ferme
2687 1368 3016 1425 Adelbertus
3043 1368 3211 1425 heros
3239 1367 3557 1423 rebellionem
3587 1367 3777 1435 διήρεωώ

2359 1472 2657 1528 exerceret,
2682 1461 2866 1517 sciens
2894 1459 3222 1516 Ludewicus
3258 1458 3593 1515 fortitudinem
3613 1459 3711 1512 illius
3726 1474 3765 1512 an

2357 1554 2529 1610 daciaa
2546 1554 2962 1623 hautquaquam
2998 1568 3057 1608 se
3079 1552 3187 1607 nisi
3219 1551 3312 1584 “9"
3336 1550 3693 1621 tergiversatione
3704 1564 3779 1618 qu-

2358 1644 2485 1699 dam
2527 1658 2692 1714 posse
2731 1642 3040 1710 devincerc,
3079 1640 3375 1697 Hattonem
3418 1638 3675 1711 Mogontioe
3703 1638 3782 1692 solis

660 1745 801 1801 papa
832 1729 1016 1797 fuerit,
1040 1730 1169 1784 hinc
1191 1729 1443 1800 colligere
1465 1743 1785 1799 possumus,
1809 1727 2094 1798 quoniam,
2123 1729 2254 1784 dum
2287 1715 2330 1771 Β
2356 1735 2852 1805 archiepiscopum,
2877 1733 3012 1804 quid
3039 1749 3205 1803 super
3230 1734 3338 1789 hac
3359 1748 3414 1788 re
3440 1731 3676 1787 faciendum
3690 1738 3780 1793 esset.

662 1837 694 1875 a
722 1822 1089 1892 piscatoribus
1132 1820 1485 1891 postmodum
1521 1828 1670 1876 esset
1699 1819 1955 1875 inventus
1985 1828 2150 1890 atque
2177 1820 2246 1876 ad

662 1915 810 1971 beati
838 1913 986 1971 Petri
1019 1912 1283 1985 principis
1310 1914 1689 1984 apostolorum
1719 1911 2027 1968 aecclcsiam
2056 1913 2254 1982 depor-

660 2015 829 2075 tatus,
856 2016 1171 2063 sanctorum
1193 2006 1444 2079 quaedam
1468 2006 1738 2078 imagines
1760 2021 1882 2062 sese
1904 2006 2251 2075 inclinantes,

664 2101 814 2157 hunc
850 2102 906 2156 in
941 2102 1123 2157 loculo
1168 2102 1409 2172 positum
1439 2101 1827 2157 venerabiliter
1857 2101 2249 2157 salutaverunt.

659 2191 816 2259 Quod
842 2191 1246 2262 religiosissimi
1279 2190 1543 2248 Romanae
1564 2192 1719 2248 urbis
1769 2193 1955 2248 testati
2007 2202 2158 2248 sunt.
2186 2223 2256 2235 --

663 2282 797 2339 Post
839 2282 1006 2339 Form
1030 2299 1171 2339 :sum
1221 2282 1503 2339 Johannes
1525 2299 1664 2356 papa
1707 2285 1869 2340 114ιι⁸
1906 2285 2124 2353 extitit;
2164 2285 2253 2342 cui

664 2373 982 2446 Stephanus
1015 2376 1175 2431 1-15ιη
1205 2376 1495 2433 successit.

727 2468 779 2523 1.
833 2467 993 2523 Anno
1035 2467 1333 2522 Dominicm
1392 2467 1788 2525 incarnationis
1832 2466 1959 2534 901,
2002 2468 2072 2523 ab
2108 2466 2254 2525 Urbe

655 2573 791 2617 vero
812 2559 1358 2629 conditamillesimo
1395 2559 1523 2629 652,
1552 2558 1897 2627 Ludewicus,
1924 2559 2133 2615 Arnolﬁ
2158 2560 2256 2613 im-

654 2653 928 2723 peratoris
959 2651 1125 2719 ﬁlius,
1157 2652 1247 2707 78°
1277 2652 1370 2686 “”
1406 2652 1528 2707 loco
1553 2651 1623 2706 ab
1651 2651 1920 2723 Augusto,
1958 2651 2251 2707 admodum

657 2757 815 2812 puer,
842 2742 1135 2813 imperium
1180 2741 1444 2813 suscepit,
1487 2750 1544 2798 et
1587 2742 1655 2797 l2
1693 2744 1855 2798 annis
1880 2743 2128 2814 regnavit
2155 2741 2250 2813 (cf.

661 2832 788 2888 Chr.
839 2831 975 2903 W.).
1034 2831 1282 2904 (Lworn.
1344 2849 1407 2900 ιι,
1458 2833 1600 2904 2-5.)
1652 2833 1825 2905 Cujus
1879 2851 2025 2890 anno
2072 2834 2253 2905 primo

660 2922 888 2997 Ungarii
953 2923 1266 2994 Bajoariam
1318 2933 1716 2992 vastaverunt;
1776 2924 1874 2981 sed
1927 2924 2253 2983 Ludevvicus

662 3016 846 3086 gentis
906 3031 1022 3072 sua:
1067 3016 1547 3087 depopulationem
1609 3033 1720 3073 non
1780 3017 1963 3074 ferens
1987 3061 2002 3085 ,
2051 3034 2253 3091 magno

657 3108 903 3165 exercitu
916 3116 1129 3175 coacto,
1149 3108 1308 3178 juxta
1330 3107 1521 3164 Licum
1549 3108 1775 3164 ﬂuvium
1797 3125 1925 3166 cum
1948 3111 2029 3166 eis
2050 3126 2254 3182 pugna-

655 3199 755 3266 vit,
804 3210 859 3255 et
892 3199 1016 3269 plus
1056 3215 1221 3269 quam
1262 3200 1411 3256 mille
1440 3215 1508 3255 ex
1538 3201 1622 3257 eis
1668 3200 1962 3258 interfecit.
2003 3201 2254 3273 Cumque

660 3305 844 3363 pugna
868 3307 1047 3362 usque
1073 3292 1142 3346 ad
1167 3292 1361 3347 horam
1385 3292 1673 3363 septimam
1696 3294 1812 3364 jam
1840 3295 2253 3364 protraheretur

658 3393 717 3439 et
741 3384 888 3456 regis
916 3383 1143 3439 victoria
1167 3385 1542 3455 estimaretur,
1570 3384 1797 3457 Ungarii
1826 3386 2030 3454 callidi,
2058 3388 2253 3458 positis

662 3493 733 3531 ex
773 3476 1007 3533 adverso
1053 3476 1292 3543 insidiis,
1337 3476 1524 3549 fugam
1586 3477 1870 3533 simulant.
1921 3477 2069 3545 Quos
2120 3480 2251 3535 dum

660 3570 809 3642 regis
843 3569 1068 3636 milites,
1111 3568 1224 3626 doli
1268 3570 1466 3642 ignari,
1499 3570 1707 3643 impetu
1737 3571 2080 3629 validissimo
2107 3572 2252 3629 inse—

659 3668 985 3732 querentur,
1011 3660 1163 3716 omni
1199 3676 1266 3716 ex
1287 3670 1442 3731 parte
1466 3661 1738 3731 prodeunt
1760 3660 1994 3729 insidiaa,
2017 3669 2072 3717 et
2091 3662 2251 3732 quasi

661 3751 792 3807 victi
828 3750 934 3821 ipsi
979 3750 1219 3808 victores
1246 3751 1594 3820 interimunt,
1639 3768 1734 3809 rex
1765 3753 1883 3827 ipse
1911 3769 1943 3809 e
1962 3753 2167 3810 victore
2192 3769 2254 3810 se

662 3845 871 3902 victum
894 3858 1019 3901 esse
1044 3844 1298 3919 miratur,
1322 3844 1491 3916 ﬁtque
1514 3846 1593 3901 illi
1616 3860 1729 3902 non
1752 3847 2011 3917 opinatus
2032 3848 2252 3919 gravior

658 3951 854 4005 mus;
892 3934 1115 4008 Ungarii
1150 3952 1279 3993 vero
1302 3945 1364 3992 ut
1402 3936 1614 3994 rabiem
1648 3938 1892 4009 perﬁdiae
1919 3956 2035 3997 suae
2071 3941 2252 3997 saeia-

656 4038 802 4098 rent,
852 4028 1254 4101 Bajoariorum,
1303 4029 1631 4099 Suevorum,
1688 4029 2024 4087 Francorum
2085 4046 2250 4103 regna

657 4130 1007 4195 percurrunt,
1033 4129 1341 4193 cunctaque
1368 4123 1637 4180 vastando
1662 4122 1982 4179 incendunt.

730 4215 907 4288 Hujus
938 4214 1277 4287 temporibus
1318 4214 1669 4283 Adelbertus,
1714 4230 1827 4270 non
1870 4214 2100 4285 quilibet
2133 4200 2250 4271 me;

657 4315 885 4379 diocris,
929 4314 1028 4371 sed
1054 4329 1122 4369 ex
1149 4313 1479 4384 primatibus
1513 4330 1748 4385 magnus
1778 4314 1869 4369 ille
1892 4313 2077 4381 heros,
2104 4312 2249 4371 ﬁlius

2355 1828 2651 1884 consuluit.
2682 1826 2789 1894 Qui
2819 1834 2882 1882 ut
2909 1836 3025 1883 erat
3058 1827 3302 1889 versutia
3344 1826 3522 1897 plenus
3541 1843 3555 1880 ι
3574 1822 3782 1887 Desinant.

2353 1938 2448 1993 ego
2480 1930 2529 1975 te
2553 1936 2798 1975 securum
2828 1920 2958 1975 meis
2981 1918 3435 1973 sollicitudinibus
3460 1917 3656 1980 reddam;
3672 1924 3781 1984 qui

2355 2013 2426 2066 ad
2468 2022 2516 2067 te
2540 2011 2634 2066 ille
2665 2012 2936 2079 adveniat,
2959 2011 3271 2081 providebo;
3307 2020 3387 2077 tu,
3415 2026 3471 2063 ne
3502 2007 3781 2071 redeamus.

2355 2101 2519 2158 Hatto
2553 2102 2738 2172 itaque
2766 2101 2937 2156 animi
2978 2100 3340 2165 conﬁdentia,
3381 2115 3483 2171 qua
3522 2095 3726 2152 nonnullas
3741 2110 3783 2144 re

2353 2209 2421 2250 ex
2450 2192 2756 2248 infortunio
2784 2191 3059 2247 secundas
3084 2191 3361 2260 effecerat,
3402 2190 3645 2253 animatos,
3669 2184 3783 2238 Bibe

2352 2284 2508 2357 berg,
2530 2284 2695 2355 quasi
2733 2282 3013 2339 Adelberti
3043 2283 3209 2338 rebus
3229 2282 3577 2345 consulturus,
3598 2277 3702 2339 adiit,
3715 2278 3785 2328 nol

2353 2385 2520 2448 taque
2569 2377 2812 2442 locutus,
2862 2374 2918 2429 in
2954 2374 3082 2430 dolo
3113 2374 3293 2429 suasit
3334 2374 3384 2429 ei
3425 2372 3486 2428 ad
3514 2384 3651 2441 regem
3668 2366 3786 2427 τεηὶπν

2355 2468 2631 2538 spondens
2679 2467 2733 2524 ei
2772 2467 3156 2538 jurejurando,
3195 2475 3298 2521 aut
3338 2465 3387 2522 ei
3425 2479 3588 2536 pacem
3612 2476 3696 2516 cum
3722 2470 3788 2524 κει

2353 2559 2652 2626 facturum,
2688 2567 2786 2614 aut
2816 2559 3141 2613 incolomem
3187 2557 3349 2614 illum
3379 2573 3475 2612 suo
3500 2556 3596 2609 loco
3617 2550 3787 2605 restitutu-

2354 2667 2498 2706 rum.
2537 2649 2708 2722 (Wrn,
2734 2657 2772 2717 t,
2803 2650 2920 2720 22.)
2949 2648 3050 2705 His
3082 2650 3257 2720 pactis
3303 2647 3615 2706 consentiens
3637 2640 3791 2695 Addixt-

2355 2751 2465 2810 tus,
2498 2742 2624 2797 ﬁdei
2645 2750 2702 2797 et
2730 2741 2996 2817 amicicire
3025 2742 3202 2813 gratia
3226 2750 3295 2796 ut
3322 2741 3603 2812 dignaretur
3620 2731 3790 2805 promat.

2355 2835 2570 2907 rogavit
2594 2834 2935 2905 episcopum.
2951 2832 3202 2905 (LIUDPR.
3218 2842 3279 2889 et
3294 2832 3464 2903 Win.)
3484 2829 3584 2896 Quo
3604 2820 3793 2881 calliditatis

2356 2927 2582 2983 obtentu
2606 2935 2863 2998 negante,
2889 2925 3037 2980 illico
3057 2926 3251 2981 urbem
3286 2925 3491 2997 egressi
3511 2915 3792 2985 suanep'srot!ll

2356 3018 2640 3075 dexteram
2663 3017 2942 3073 Adelbcrti
2972 3026 3213 3073 tenente.
3242 3016 3493 3087 Cumque

2355 3111 2616 3182 oppidum
2648 3125 2777 3166 cum
2814 3110 2966 3166 omni
2992 3110 3288 3176 comitatu,
3314 3110 3482 3166 fertur
3506 3095 3805 3177 episcopum?

2352 3217 2535 3257 masse
2563 3220 2575 3254 :
2601 3199 2748 3254 Proh
2772 3200 2793 3253 .'
2814 3200 3094 3270 inquiens,
3128 3217 3297 3271 quam
3325 3217 3441 3271 sepe
3462 3199 3592 3269 petit,
3611 3193 3676 3264 qui
3698 3188 3805 3247 οΗιυζ

2352 3294 2584 3365 spernit;
2616 3292 2754 3347 tedet
2803 3308 2883 3346 me
2935 3291 3197 3363 longioris
3238 3293 3346 3347 via:
3393 3301 3442 3346 et
3476 3285 3676 3344 tardioris
3699 3280 3794 3335 tam

2353 3403 2479 3442 nam
2507 3386 2597 3418 ¹¹⁹⁹
2617 3384 2794 3455 jejuni
2824 3393 2937 3437 tota
2961 3384 3049 3438 die
3068 3400 3174 3438 non
3203 3400 3484 3455 possumus
3503 3366 3795 3435 cubandi:

2352 3478 2585 3535 audiens
2618 3476 2976 3543 Adelbertus,
3017 3476 3270 3546 nihilque
3324 3476 3453 3531 mali
3493 3469 3735 3539 suspicatus.
3760 3458 3794 3509 ιλ

2352 3587 2528 3644 genua
2555 3568 2832 3640 pontiﬁcis
2861 3584 2920 3625 se
2950 3569 3093 3624 lctus
3131 3568 3444 3634 inclinavit,
3469 3573 3519 3621 et
3549 3571 3599 3618 ut
3627 3558 3671 3613 in

2352 3661 2607 3735 gustandi
2643 3660 2818 3732 gratia
2856 3668 3245 3728 reverteretur,
3295 3659 3549 3731 deposcit.
3590 3646 3753 3735 Pontiltt
3770 3653 3805 3695 t1

2351 3734 2545 3812 urbem
2584 3752 2878 3809 revertitur
2905 3769 3033 3808 cum
3073 3752 3394 3821 Adelberto,
3422 3751 3648 3820 deputans
3664 3754 3703 3796 se
3724 3734 3797 3787 litt

2351 3860 2533 3903 ratum
2586 3860 2619 3899 a
2658 3844 2880 3899 vinculo
2932 3844 3256 3916 juramenti,
3298 3859 3368 3901 eo
3416 3840 3549 3913 quod

2351 3940 2506 3996 illum
2536 3937 2619 3993 sic
2648 3936 2985 3992 restituisset
3016 3936 3140 3992 loco
3162 3951 3289 3991 suo.
3314 3934 3450 4019 Post
3473 3933 3576 3988 haec
3596 3926 3805 4019 MN“;

2352 4034 2455 4090 ﬁce
2475 4033 2683 4095 exiens,
2701 4030 2815 4102 regi
2840 4029 3133 4086 Ludevvico
3146 4030 3225 4099 ab
3240 4045 3311 4086 eo
3329 4012 3652 4100 presentatnr.
3666 4012 3805 4103 9019"}

2353 4125 2541 4180 habito
2563 4124 2795 4195 judicio,
2828 4120 3142 4193 principum
3178 4122 3279 4191 qui
3311 4119 3512 4185 aﬂuere
3532 4114 3700 4171 ἀωαο

2354 4217 2516 4272 talem
2544 4192 2716 4273 subiit
2746 4213 3098 4281 sententiam,
3134 4220 3191 4268 et
3213 4214 3273 4269 in
3297 4210 3514 4284 proprio
3539 4192 3805 4263 ωιεηοτυολ

2353 4311 2495 4367 rissa
2530 4309 2742 4380 accepit
2774 4306 3138 4378 sepulturam.

659 4376 1120 4463 sororislleinrici
1141 4376 1301 4459 ducis
1320 4402 1415 4458 sed
1439 4376 1635 4473 postea
1654 4404 1823 4475 regis,
1841 4419 2013 4474 nepos
2033 4376 2250 4461 Qttonis
2283 4423 2329 4480 ι)
2420 4400 2475 4454 2.
2503 4376 2679 4471 (Cluu—
2700 4396 2814 4469 W.)
2837 4376 2921 4451 7A.
2968 4395 3031 4451 D.
3082 4394 3210 4451 902.
3258 4392 3488 4465 Ungarii
3513 4376 3801 4480 Ωιιξιωωίξέ

659 4496 818 4552 ducis
845 4494 1119 4562 Saxoniae,
1141 4494 1477 4550 simultatem
1512 4510 1625 4551 non
1647 4496 1919 4552 modicam
1943 4496 2001 4551 in
2026 4497 2252 4553 castello
2285 4476 2314 4480 τ
2354 4490 2639 4556 invadunt,
2674 4497 2731 4544 et
2773 4485 3070 4545 commissa
3119 4486 3175 4542 in
3218 4486 3458 4543 sabbato
3486 4478 3663 4554 μεθείη
3686 4476 3805 4543 FW

614 4635 619 4640 .
659 4587 982 4658 Babenberg
1001 4594 1193 4642 contra
1236 4602 1353 4642 rem
1394 4588 1671 4657 publicam
1717 4588 2026 4646 exercebat.
2075 4588 2247 4659 (Win.

662 4695 706 4745 ι.
738 4679 855 4750 22.)
879 4677 1019 4735 Nam
1048 4694 1174 4735 cum
1221 4679 1531 4735 inimicicitn
1566 4689 1753 4737 essent
1777 4680 1920 4736 inter
1964 4679 2246 4737 Chuonra-

663 4772 817 4839 dum,
853 4779 1063 4842 patrem
1110 4769 1430 4829 Cbuonradi
1482 4780 1675 4842 postea
1716 4772 1883 4844 regis,
1927 4772 2168 4843 primum
2220 4789 2252 4828 a

663 4862 997 4921 Cbuonrado
1023 4860 1352 4918 interfectus
1379 4870 1464 4919 est
1490 4861 1662 4919 frater
1689 4863 1986 4932 Adelberti,
2013 4863 2070 4919 in
2095 4863 2255 4935 cujus

643 4916 927 5013 lultionem
954 4952 1322 5013 Chuonradus
1352 4968 1572 5025 quoque
1598 4962 1790 5025 postea
1824 4916 2044 5010 occisus
2075 4916 2251 5009 est.ab

665 5044 984 5113 Adelberto;
1012 5062 1111 5102 nec
1132 5046 1279 5102 ullus
1292 5061 1481 5117 regum
1504 5046 1681 5116 potuit
1701 5054 1812 5101 tam
1835 5046 2027 5119 ingens
2046 5047 2249 5102 bellum

668 5140 809 5195 inter
839 5142 1146 5199 eminentes
1174 5143 1323 5198 viros
1365 5151 1549 5197 ortum
1588 5143 1803 5199 sedare.
1833 5142 2083 5215 (Lrunpn.
2113 5144 2152 5199 ι.
2185 5145 2248 5216 ι.)

668 5230 919 5302 Cumque
943 5234 1049 5305 ipsi
1075 5235 1244 5290 etiam
1272 5236 1384 5306 regi
1425 5235 1719 5292 Ludewico
1744 5235 1965 5292 rebellis
1992 5236 2253 5292 existeret

669 5323 1014 5396 Adelbertus,
1073 5344 1199 5399 sepe
1249 5345 1343 5386 rex
1393 5329 1739 5402 congregatis
1781 5330 2038 5387 omnibus
2085 5346 2251 5401 super

2352 4581 2728 4638 occiduntur.‘

2498 4675 2517 4695 ‘
2538 4670 2602 4724 D.
2631 4670 2694 4726 E.
2722 4668 2929 4724 addunt
2951 4684 2969 4723 :
2993 4667 3289 4725 Sarraceni
3311 4697 3387 4709 ——-
3408 4655 3744 4722 debellavemi-
3764 4648 3805 4701 ‘57

2572 4739 2747 4812 Sigeb.
2773 4757 2825 4794 a.
2849 4740 2974 4796 910.

2425 4833 2479 4887 5.
2508 4832 2575 4886 Α.
2606 4830 2670 4885 D.
2711 4830 2863 4887 905."

2499 4923 2598 4979 ‘D.
2626 4922 2689 4979 Ε.
2722 4923 2925 4978 addunt
2950 4939 2968 4977 :
3010 4921 3371 4978 Ludewicum
3390 4951 3462 4962 —
3480 4916 3668 4975 veniret.
3700 4919 3740 4984 (ξ
3759 4896 3806 4984 ε]

2569 4970 2689 5058 Mf
2716 4970 2964 5049 Im:
2985 4970 3409 5049 Ζῖιὲὖῖιὲιὶᾷῖιίὶίς
3424 4970 3753 5053 -ἑόιιψθςυίιο
3773 4970 3806 5031 τά

2569 5052 2747 5135 Sigeo.
2776 5064 2989 5119 09903.
3622 5052 3629 5053 ί

2594 5154 2658 5201 Ι)-
2683 5153 2808 5201 906-
2843 5152 3068 5201 [limat-ii
3101 5153 3352 5201 amat-ins
3373 5149 3675 5201 omidunllﬂ’.

2425 5153 2479 5210 6.
2503 5154 2569 5209 A.
2594 5154 2658 5209 D.
2683 5153 2808 5209 906.
2843 5152 3071 5225 Ungarii
3101 5153 3352 5208 amarius
3373 5149 3675 5207 occiduntur.
3694 5136 3789 5188 Μ

2353 5206 2879 5317 gerl;;‘l,1leginolt
2895 5206 3217 5322 stega...
3230 5206 3243 5208 ’
3256 5206 3507 5315 gemant
3541 5237 3693 5292 (rarts
3711 5206 3805 5307 uel

2356 5335 2639 5392 ﬁciuntur.

1959 5488 2003 5533 V
2016 5489 2035 5516 ‘
2052 5487 2191 5544 ΜΔΕ
2229 5488 2632 5581 ιΕΟΤΙΟΝζδ.

747 5592 837 5695 ξω
861 5592 1016 5695 ἱιαιξ.
1220 5591 1432 5695 ILXXII.
1470 5593 1531 5649 Ι).
1557 5594 1620 5649 Ε.
1670 5596 1795 5695 1¹1¹⁹⁸
1822 5613 2081 5695 superscr.
2123 5600 2172 5653 1.
2256 5600 2272 5630 ¹

799 5665 904 5695 ζοηιι
991 5682 1003 5695 ι
1239 5665 1468 5695 ὶΛνιιιιιηῖη
1516 5666 1667 5695 ιπιῖηη
1693 5684 1701 5695 Α
1750 5676 1798 5695 ι..
1827 5682 1920 5695 num
1962 5670 2054 5695 nnJ
2080 5671 2278 5695 ,νηηξηξ

2273 5600 2348 5695 ,ιζ’
2386 5574 2629 5695 ριτιςιυιίἱέ
2682 5568 2791 5657 ut.‘
2835 5604 2888 5658 ι.
2945 5603 2999 5659 5.
3053 5603 3139 5658 lt).
3190 5602 3369 5658 11.ῡ,
3450 5602 3535 5635 ιιη
3566 5597 3650 5652 πίε,
3686 5602 3725 5642 ει
3758 5558 3805 5695 nl

676 5665 766 5698 “9°
791 5665 905 5735 jam
937 5664 1022 5719 11).
1101 5664 1194 5695 ¹¹⁰⁹
1218 5665 1487 5734 berengir,
1516 5666 1723 5721 reinold
1749 5676 1802 5722 et
1825 5664 2055 5737 gerbard
2079 5671 2280 5742 gemini
2308 5664 2495 5729 fta-il).
3804 5664 3805 5729 ἕ
