3880 6320
75 394 151 453 εει
916 378 1286 438 CHRONICA.
1320 409 1391 420 —
1425 375 1819 435 CHRONICON
1858 377 2317 437 UNIV’ERSALE.

3078 384 3087 390 ”
3179 384 3288 441 882

131 502 170 555 7.
188 498 243 552 Δ.
269 494 326 549 D.
353 491 470 549 907.
492 489 683 561 Pugna
709 489 798 521 ¹²⁰¹
824 489 1347 556 interAdelbertum,
1372 485 1596 542 fratrem
1629 486 1671 545 Α
1699 484 1897 544 Suevia
1929 490 2043 556 1’”,
2068 489 2420 548 Eherhardus
2447 491 2540 525 θ’θ’
2564 507 2750 549 comes
2773 494 3189 565 potentissimus
3229 499 3289 554 in

74 606 245 661 eorum,
271 596 322 643 et
347 582 756 652 Chuonradum,
798 581 1023 640 fratrem
1051 581 1327 639 Ludewici
1353 581 1593 655 impera-

73 664 303 747 teriam";
347 678 401 732 in
434 691 543 748 qua
577 674 947 732 Cbuonradus
978 675 1273 732 occiditur.

127 778 169 832 8.
190 775 245 829 Δ.
267 771 323 826 D.
348 769 466 826 908.
485 767 793 824 Ruodolfus
814 768 1107 840 episcopus
1126 765 1593 838 Wircihurgensis

68 863 583 927 obiit—Adelbertus,‘
625 861 851 932 perfidia
889 860 1144 919 Battonis
1194 860 1599 932 archiepiscopi

68 970 109 1015 rt
128 955 379 1029 cujusdam
411 952 681 1024 Luitpaldi
710 953 993 1024 deceptus,
1024 952 1316 1010 Ludewico
1354 967 1481 1024 rege
1499 952 1592 1023 ju-

68 1057 209 1118 hente,
255 1045 902 1116 decollatur.—Bajoarii
953 1045 1025 1102 ah
1072 1044 1326 1117 Ungariis
1380 1043 1589 1101 interfi-

66 1155 320 1292 ag'jtxdl.
369 1231 491 1287 909.
523 1231 750 1303 Ungarii
805 1230 1101 1287 Saxoniam
1139 1238 1195 1287 et
1225 1229 1585 1302 Thuringiam

68 1332 258 1382 vastant.

116 1417 185 1473 10.
208 1416 266 1471 A.
306 1415 363 1469 D.
401 1413 526 1471 910.
585 1413 812 1486 Ungarii
846 1412 1228 1470 Alemanniam
1282 1418 1494 1483 petunt.
1517 1441 1588 1451 —

63 1510 147 1565 Leo
166 1511 434 1579 imperator
458 1507 877 1578 Coustantinop.
914 1505 1068 1562 obiit.

112 1603 182 1657 11.
212 1601 270 1657 A.
294 1599 352 1655 D.
391 1599 516 1656 911.
550 1599 746 1655 Franci
776 1607 1021 1670 pugnant
1049 1613 1176 1653 cum
1207 1594 1481 1667 Ungariis.

110 1693 181 1748 12.
213 1692 272 1747 Δ.
309 1691 367 1747 1).
405 1691 531 1748 912.
570 1691 894 1747 Ludewicus
918 1705 1013 1745 rex
1040 1689 1294 1745 moritur.
1311 1686 1412 1744 Hic
1426 1687 1583 1759 juxta

58 1785 271 1856 quosdam
295 1785 516 1840 ultimus
550 1785 751 1841 dicitur
778 1783 1104 1840 Karolorum
1128 1783 1272 1855 apud
1293 1782 1585 1839 orientales

57 1877 249 1932 Francos
272 1876 675 1946 imperantium,
700 1877 857 1947 juxta
885 1877 1154 1949 quosdam
1190 1889 1323 1931 vero
1361 1872 1588 1929 Cbuon-

56 1967 200 2034 radus,
220 1965 305 2037 qui
337 1975 458 2038 post
472 1982 604 2022 eum
637 1967 944 2038 imperavit,
966 1967 1196 2023 ultimus
1214 1972 1584 2036 computatur,

55 2076 80 2117 a
100 2060 265 2131 quibus
278 2067 424 2131 pater
444 2060 599 2118 illius
615 2059 1005 2127 Cbuonradus,
1030 2060 1127 2132 qui
1169 2061 1241 2116 ab
1292 2058 1586 2115 Adelberto

55 2154 313 2210 interfectus
334 2162 436 2221 est,
468 2153 643 2211 frater
663 2153 939 2210 Ludewici
964 2154 1130 2225 hujus
1156 2153 1329 2211 fuisse
1356 2152 1584 2210 estima-

53 2256 133 2301 tur.
161 2245 249 2301 Sed
285 2246 443 2315 hujus
464 2246 803 2303 diversitatis
820 2262 977 2303 error
1006 2246 1365 2317 scriptoribus
1389 2259 1585 2316 regno-

52 2355 142 2392 rum
160 2338 449 2407 imputetur.
480 2336 655 2409 (Win.
691 2355 732 2407 ι,
769 2338 881 2409 16.)
906 2337 1233 2393 Ludevvicus
1255 2337 1422 2410 igitur
1454 2350 1582 2391 cum

50 2429 291 2499 accepisset
338 2444 571 2485 uxorem
634 2429 859 2485 nomine
904 2428 1282 2499 Mahthildam,
1334 2442 1581 2485 sororem

50 2519 267 2575 Brnnonis
292 2536 353 2577 ac
377 2520 568 2593 magni
595 2521 752 2577 ducis
796 2519 1013 2579 Ottonis
1039 2563 1055 2589 ,
1083 2536 1196 2577 non
1224 2520 1413 2575 multis
1458 2527 1585 2590 post

50 2609 133 2665 haec
153 2611 337 2667 vixerat
358 2613 545 2669 annis.
580 2611 785 2668 Horum
816 2620 971 2683 pater
1010 2621 1130 2668 erat
1160 2611 1451 2678 Luitolfus,
1484 2612 1580 2682 qui

48 2699 226 2758 Romam
253 2703 551 2774 profectus,
588 2705 868 2760 transtulit
913 2704 1041 2761 inde
1083 2704 1347 2777 reliquias
1411 2703 1579 2760 Inno-

45 2794 342 2866 centiipapm.
372 2795 451 2851 Ex
472 2796 684 2868 quibus
712 2795 860 2852 Brun
905 2813 1032 2853 cum
1072 2797 1333 2854 ducatum
1378 2796 1579 2852 ammi-

43 2884 273 2942 nistrasset
296 2887 458 2943 totius
518 2887 793 2955 Saxoniae,
836 2890 995 2945 duxit
1045 2890 1347 2945 exercitum
1389 2897 1579 2945 contra

44 2971 265 3042 Danos,el
299 2977 663 3033 inundatione
706 2978 990 3049 repentina
1033 2977 1425 3045 circumfusus,
1468 2992 1576 3033 non

42 3064 202 3122 habens
224 3067 390 3124 locum
413 3070 721 3142 pugnandi,
749 3070 912 3141 periit
935 3085 1063 3126 cum
1112 3070 1265 3126 omni
1306 3071 1574 3137 exercitu,

40 3154 175 3223 fratri,
195 3170 313 3217 natu
345 3162 573 3233 quidem
600 3163 822 3229 minori,
855 3163 949 3219 sed
972 3163 1123 3218 omni
1157 3150 1360 3220 virtute
1400 3164 1574 3219 multo
1602 3190 1648 3252 ο

38 3249 203 3317 potiori,
228 3252 542 3325 relinquens
589 3255 869 3310 ducatum.
917 3254 1049 3328 Regi
1073 3263 1255 3311 autem
1285 3254 1575 3312 Ludewico

36 3355 128 3394 rum
154 3355 249 3398 non
278 3354 419 3400 esset
443 3344 618 3410 ﬁlius,
643 3353 767 3416 post
814 3352 1049 3400 mortem
1092 3343 1215 3415 ejus
1245 3345 1428 3402 omnis
1475 3361 1575 3416 po-

36 3431 156 3498 pulus
171 3432 488 3492 Francorum
527 3445 692 3508 atque
736 3435 1023 3491 Saxonum
1068 3436 1334 3508 querebat
1385 3434 1572 3493 Ottoni

33 3521 229 3580 diadema
250 3526 534 3598 imponere
551 3528 725 3600 regni,
752 3528 847 3584 sed
875 3528 993 3598 ipse
1019 3528 1179 3599 quasi
1203 3528 1320 3599 jam
1355 3528 1575 3600 gravior

32 3616 266 3673 recusabat
280 3633 418 3676 onus
443 3619 696 3691 imperii;
721 3620 843 3690 ejus
864 3627 1045 3674 tamen
1070 3620 1326 3676 consultu
1346 3619 1575 3676 Cbuon-

34 3705 177 3775 radus,
196 3711 460 3780 quondam
488 3711 609 3767 dux
631 3710 996 3777 Francorum,
1021 3711 1169 3768 ﬁlius
1195 3713 1280 3783 (ea:
1300 3711 1431 3769 Chr.
1455 3712 1570 3786 W.)

30 3794 141 3854 illius
157 3799 453 3859 Chuonradi
489 3819 662 3875 quem
712 3803 1040 3859 Adelbertus
1082 3804 1301 3870 occidit,
1348 3804 1574 3876 ungitur

32 3885 71 3940 in
88 3904 302 3962 regnum,
328 3909 496 3965 penes
519 3894 779 3951 Ottonem
814 3901 997 3950 tamen
1021 3911 1302 3951 summum
1355 3912 1574 3968 semper

28 3986 70 4033 et
90 3983 262 4054 ubique
294 3986 456 4042 ﬁebat
486 3986 801 4057 imperium.
836 3985 1006 4058 (Win.
1031 4003 1072 4054 ι,
1100 3987 1214 4059 17.)
1258 3986 1435 4045 Natus
1487 3999 1573 4047 est

28 4079 170 4127 autem
196 4074 361 4131 eidem
411 4075 603 4133 Ottoni
633 4077 800 4143 ﬁlius,
839 4077 1047 4133 mundo
1074 4079 1443 4147 necessarius,
1471 4095 1571 4151 op-

24 4160 156 4218 timus
181 4163 477 4236 Heinrieus,
508 4167 607 4239 qui
635 4167 848 4239 primus
875 4167 1047 4223 libera
1081 4176 1349 4240 potestate
1374 4186 1571 4241 regna-

26 4248 83 4303 vit
111 4251 157 4306 in
182 4253 442 4325 Saxonia;
469 4257 565 4313 cui
600 4266 756 4329 pater
796 4257 1041 4313 moriens
1104 4260 1273 4315 totius
1316 4258 1570 4330 Saxonia:

24 4339 231 4402 ducatum
253 4349 494 4420 reliquit,
520 4348 859 4405 Cbuonrado
877 4349 992 4420 jam
1043 4349 1099 4404 in
1128 4366 1357 4423 regnum
1389 4354 1565 4410 subli-

25 4441 155 4489 mato.

72 4525 196 4593 (Chr.
235 4530 345 4604 W.)
381 4532 553 4591 Anno
572 4518 872 4595 Dominicai
892 4536 1293 4598 incarnationis
1316 4540 1442 4610 915,
1467 4540 1568 4598 Ur-
1596 4536 1643 4592 D

21 4612 84 4671 bis
136 4629 300 4679 autem
346 4627 592 4683 conditae
628 4628 927 4699 millesimo
974 4629 1100 4699 664,
1166 4630 1558 4700 Cbuonradus,

16 4703 129 4764 ﬁlius
144 4708 449 4771 Cbuonradi
481 4731 650 4787 quem
676 4716 1005 4776 Adelbertus
1067 4721 1291 4789 occidit,
1322 4721 1563 4779 Franco-

16 4809 109 4852 rum
134 4815 191 4856 ex
218 4819 412 4874 genere
446 4808 742 4876 oriundus,
787 4810 875 4865 vir
902 4819 1163 4868 strenuus
1190 4812 1565 4883 bellorumque

14 4892 236 4957 exercicio
281 4896 503 4966 doctus,
559 4900 805 4955 omnium
854 4902 1138 4969 electione,
1187 4902 1277 4958 79“
1310 4903 1404 4935 "°'
1442 4903 1565 4958 loco

14 4978 65 5032 ab
103 4982 349 5057 Angusto,
400 5007 639 5062 regnum
690 4994 925 5065 accepit,
972 5002 1028 5050 et
1052 4994 1084 5048 7
1111 4994 1274 5050 annis
1296 4994 1562 5066 regnavit.

13 5068 215 5137 (Litora.
247 5096 306 5147 ιι,
332 5080 423 5149 17,
455 5082 552 5151 18,
589 5083 703 5155 19.)
736 5083 852 5142 Sub
877 5102 989 5157 quo
1010 5085 1376 5157 potentissimi
1406 5087 1562 5159 prin-

11 5162 126 5233 cipes
162 5180 312 5227 erant
335 5174 622 5232 Arnoldus
667 5177 724 5233 in
785 5176 1061 5250 Bajoaria,
1104 5178 1454 5236 Burchardus
1506 5180 1562 5237 in

1694 577 1947 647 Francia,
1970 581 2299 640 Gisilbertus
2339 582 2448 639 dux
2479 583 2535 639 in
2564 582 2947 660 Lotharingia;
2975 587 3119 643 inter
3147 603 3289 661 quos

1692 669 1985 731 Heiuricus
2014 674 2297 731 Saxonum
2322 684 2377 731 et
2405 675 2811 750 Thuringorum
2836 680 2947 735 dux
2993 689 3286 751 prepotens
3338 739 3356 756 ,

1691 765 1951 822 clarebat.
1981 766 2237 825 Secundo
2261 781 2445 825 autem
2470 772 2620 844 regni
2655 771 2776 843 ejus
2804 788 2950 830 anno
2992 777 3284 832 memorati

1688 857 1964 929 principes
1985 859 2113 916 huic
2156 862 2441 931 presertim
2495 863 2724 919 rebelles
2778 865 3109 936 extiterant,
3141 882 3284 937 quos

1690 951 1780 1007 ille
1809 959 1922 1007 tam
1945 952 2228 1024 sapientiae
2257 954 2447 1027 vigore
2485 971 2651 1026 quam
2701 956 3038 1017 fortitudinis
3084 950 3284 1018 robore

1688 1046 1972 1116 superavit
1992 1061 2264 1119 suamque
2285 1047 2351 1103 ad
2379 1048 2695 1106 ﬁdelitatem
2725 1051 3001 1122 perduxit.
3017 1052 3282 1112 Arnolfns

1687 1144 1870 1192 autem
1905 1137 2077 1192 nimio
2100 1145 2308 1194 terrore
2332 1148 2575 1208 coactus,
2608 1158 2733 1197 cum
2759 1161 2927 1200 uxore
2963 1161 3029 1201 ac
3063 1144 3187 1202 ﬁliis
3210 1147 3279 1200 ad
3338 1180 3359 1192 -

1689 1225 1962 1300 Ungarios
1982 1226 2142 1301 fugit,
2168 1229 2352 1301 ibique
2377 1247 2552 1302 usque
2596 1234 2666 1290 ad
2706 1235 2913 1292 obitum
2962 1236 3278 1293 Chucnz'adi

1686 1320 2008 1390 permansit.

1685 1410 1811 1460 Anni
1843 1411 2140 1465 Chuonradi.

1760 1495 1811 1548 1.
1853 1493 2004 1564 (Chr.
2042 1495 2111 1551 W
2117 1496 2157 1567 .)
2178 1495 2365 1551 Primo
2400 1497 2529 1551 anni
2558 1496 2875 1554 Cbuonradi
2921 1501 3064 1571 regis
3091 1498 3279 1573 Unga—

1687 1587 1754 1642 rii
1808 1586 1883 1651 ab
1916 1587 2235 1643 Alemannis
2287 1589 2380 1620 ¹¹⁰⁶
2425 1598 2482 1643 et
2534 1582 2802 1658 Bajoariis
2842 1590 2999 1659 juxta
3049 1591 3276 1646 fluvium

1686 1676 1865 1733 Enum
1901 1677 2015 1745 ⁸⁸⁸⁷,
2040 1677 2134 1750 qui
2162 1679 2461 1751 vulgariter
2488 1678 2580 1736 lne
2613 1679 2835 1751 dicitur,
2861 1679 3204 1743 occiduntur.

1754 1769 1809 1824 2.
1854 1768 2101 1841 (Ltunrn.
2121 1802 2189 1811 —
2212 1770 2339 1826 Chr.
2360 1769 2447 1825 W.
2473 1801 2543 1810 —
2567 1769 2773 1826 thnsu
2802 1787 2862 1839 ιι,
2889 1772 2913 1826 1
2949 1772 3118 1844 sqq.).
3143 1772 3189 1826 Α
3214 1771 3277 1827 1).

1615 1838 1661 1899 Β
1687 1860 1812 1917 9M.
1837 1838 2070 1917 liredicti
2088 1862 2364 1934 principes
2399 1864 2512 1934 regi
2542 1864 2827 1920 rebellant.
2848 1838 3157 1931 nam“.
3184 1882 3281 1920 rex

1687 1953 1956 2021 moritur;
1991 1963 2114 2025 post
2136 1969 2301 2024 quem
2338 1954 2487 2025 (251)
2512 1952 2859 2023 Ludevvicus,
2883 1953 3067 2010 Karoli
3110 1954 3263 2010 ﬁlius

1680 2046 1741 2102 in
1762 2062 1995 2118 regnum
2018 2046 2193 2117 patris
2214 2046 2449 2103 consilio
2486 2045 2731 2119 Hugonis
2758 2047 2937 2115 ducis,
2982 2047 3077 2102 ﬁlii
3103 2046 3263 2103 Ruot-

1682 2136 1843 2207 perti,
1866 2152 1934 2192 ex
1958 2137 2347 2193 transmarinis
2372 2137 2618 2208 partibus
2645 2138 2711 2193 ad
2733 2137 2938 2195 Gallias
2966 2124 3273 2194 retineitiir.

1682 2229 1773 2284 cui
1794 2229 1941 2284 idem
1967 2226 2123 2301 Hugo
2141 2238 2326 2285 tamen
2359 2240 2549 2300 postea
2577 2230 2918 2286 adversatur.
2970 2229 3086 2287 lloc
3140 2239 3250 2286 tem

1682 2340 1815 2397 pore
1837 2324 2083 2381 Marinus
2114 2338 2256 2396 papa
2292 2324 2450 2380 116'"
2482 2325 2681 2381 extitit.

1753 2419 1808 2473 5.
1851 2416 2003 2490 (Chr.
2036 2417 2150 2488 W.)
2174 2416 2239 2472 A.
2272 2416 2336 2471 Ι).
2366 2417 2492 2473 915.
2519 2416 2744 2489 Ungarii
2772 2417 3148 2474 Alemanniam
3184 2419 3255 2474 de

1682 2517 1919 2565 vastant.
1938 2509 2101 2565 llatto
2127 2508 2576 2581 archiepiscopus
2610 2510 2705 2544 ¹²⁰⁸
2734 2508 2903 2579 obiit;
2932 2511 3022 2566 cui
3051 2509 3280 2583 Herigcr

1682 2603 1950 2660 successit
1977 2603 2089 2658 "°’.

1676 2694 1693 2708 ⁸
1751 2695 1805 2751 5.
1846 2694 1911 2750 Α.
1942 2693 2006 2750 D.
2034 2694 2159 2751 917.
2185 2694 2445 2750 Salomon
2460 2694 2760 2766 episcopus
2782 2703 2975 2764 captus
2998 2705 3102 2761 est,
3159 2692 3275 2751 Cu-
3342 2762 3349 2769 ι

1678 2787 1818 2858 garii
1836 2785 2219 2843 Alamanniam
2251 2794 2419 2843 totam
2453 2790 2469 2810 ‘
2502 2786 2625 2858 igne
2644 2796 2699 2843 et
2726 2787 2908 2858 gladio
2930 2796 3163 2843 vastazt.

1828 2882 1847 2901 '
1896 2878 2089 2936 Totam
2114 2881 2474 2950 Adevastantes
2504 2895 2678 2950 usque
2712 2879 2782 2934 ad
2811 2878 3041 2935 Fuldam
3089 2895 3280 2936 uerre-

1896 2950 2073 3006 uiunt.
2107 2948 2171 3004 D.
2201 2949 2263 3005 E.
2288 2947 2545 3022 πείθεὸ.
2572 2947 2626 3005 ἁ.
2664 2949 2790 3007 917.

1750 3041 1806 3099 6.
1830 3043 1895 3098 Α.
1924 3043 1990 3098 Ι).
2008 3043 2133 3099 918.
2172 3041 2451 3114 Erkenger
2481 3041 2593 3098 dux
2617 3050 2673 3098 et
2694 3041 3006 3099 Berhtolfus
3024 3043 3278 3116 germani

1680 3133 1880 3192 fratres
1908 3134 2268 3192 decollantur.
2308 3164 2381 3174 ——
2417 3134 2629 3191 Basilea
2659 3134 2729 3191 ab
2756 3133 3009 3207 Ungariis
3043 3134 3279 3191 destrui-

1680 3235 1790 3283 llll'.
2826 3280 2832 3285 .

1748 3318 1800 3374 7.
1830 3317 1896 3374 Α.
1915 3318 1979 3373 1).
2003 3317 2129 3374 919.
2156 3317 2385 3391 Ungarii
2403 3332 2499 3390 per
2518 3317 2898 3374 Alcmanniam
2921 3327 2976 3374 ct
2996 3318 3273 3376 Alsaciam

1674 3418 2044 3477 transeuntes,
2076 3409 2491 3482 Lotharingiam
2520 3407 3276 3467 invadunt.-—Burchardus'

1673 3501 1785 3557 dux
1805 3502 2180 3558 constituitur.
2217 3533 2287 3544 ——
2309 3500 2678 3559 Cbuonradus
2703 3516 2801 3557 rex
2829 3501 3085 3570 moritur,
3109 3499 3276 3571 cujus

1672 3593 1905 3649 consilio
1928 3601 1985 3649 et
2009 3601 2265 3664 precepto
2312 3591 2602 3649 Hcinricus
2628 3591 2739 3649 dux
2793 3592 3069 3661 Saxoniae,
3124 3593 3275 3650 ﬁlius

1672 3681 1890 3741 Ottonis
1912 3683 2090 3751 ducis,
2115 3683 2171 3738 in
2200 3700 2431 3755 regnum
2455 3685 2777 3756 provehitur
2819 3684 2915 3761 (cf.
2939 3683 3134 3757 th.).
3162 3683 3275 3742 Sed

1671 3774 1823 3845 quia,
1850 3773 2178 3831 Karolorum
2219 3774 2391 3845 stirpe
2439 3777 2494 3830 in
2542 3791 2712 3847 regno
2746 3774 3087 3835 Francorum
3141 3776 3276 3832 deﬁ-

1670 3864 2107 3936 ciente,regnum
2132 3865 2247 3935 jam
2274 3866 2341 3919 ad
2360 3866 2608 3922 Saxones
2635 3882 2733 3938 per
2753 3865 3069 3922 lleinricutn
3086 3876 3272 3924 trans-

1669 3953 1861 4023 fertur,
1885 3956 2259 4027 genealogiam
2282 3939 2607 4012 Karolorum
2641 3972 2808 4013 causa
2844 3957 3126 4015 memoria:
3149 3959 3272 4017 bre-

1669 4046 1807 4101 viter
1833 4044 2212 4116 depingamus,
2241 4045 2443 4101 dehinc
2480 4046 2548 4101 de
2575 4045 2789 4118 origine
2819 4047 2999 4118 gentis
3032 4045 3269 4107 Saxonis

1670 4149 1768 4201 cae,
1794 4133 1952 4204 cujus
1973 4132 2162 4203 opinio
2186 4134 2339 4188 varia
2367 4142 2473 4201 cst,
2507 4134 2691 4205 aliqua
2712 4135 3134 4204 describamus,.
3151 4136 3283 4193 sic»-

1668 4242 1776 4297 quc
1804 4226 1873 4281 ad
1894 4225 2121 4281 inicium
2159 4226 2317 4298 regni
2344 4225 2736 4297 pertendamus
2760 4231 2780 4250 ‘
2817 4228 2869 4283 1.

1808 4330 1827 4351 ⁶
1879 4325 2119 4401 B.,d._c.
2145 4322 2333 4401 desunt
2368 4325 2457 4395 E.,
2509 4328 2922 4401 ubi‘sequentia
2967 4330 3267 4401 itailegun-

1878 4405 1968 4471 tur
1988 4413 2008 4450 :
2032 4396 2360 4471 Cuonradus
2384 4413 2478 4471 rex
2497 4396 2741 4471 moriens
2763 4415 2950 4471 coram
2995 4396 3249 4471 principi-

1877 4467 1984 4551 bus
2006 4467 2161 4551 regni
2191 4482 2374 4539 regem
2396 4468 2646 4551 designat
2679 4467 3261 4551 ljeinricum'Lﬁlium

1874 4536 2093 4612 Ottonis
2119 4536 2399 4612 Saxonum
2428 4536 2587 4612 ducis
2605 4554 2672 4594 ex
2695 4539 2989 4612 Luitgarda
3017 4541 3127 4597 ﬁlia
3150 4540 3260 4598 Ar-

1879 4609 2024 4733 nultli‘
2041 4608 2326 4733 im‘perato:
2340 4608 2409 4667 is.
2448 4608 2581 4665 Tota
2615 4627 2735 4667 vero
2765 4608 3052 4686 Sa'xonum.
3087 4611 3267 4675 hieto:

1879 4695 1963 4733 na
2024 4696 2107 4733 res

1876 4679 1963 4733 ria
1988 4680 2133 4735 deest
3044 4679 3052 4686 ’

1806 4770 1890 4826 ’1.
1918 4772 1974 4828 5.
2000 4771 2166 4827 Addit
2200 4773 2294 4828 hos
2317 4788 2494 4828 uersus
2530 4788 2551 4828 :

2102 4886 2265 4958 Reges
2304 4887 2369 4942 de
2406 4896 2584 4959 styrpe
2616 4886 2849 4947 Karoli._

1738 4974 1927 5050 Stirps‘
1955 4975 2137 5050 Karoli
2164 4976 2342 5050 Magni
2372 4980 2599 5047 mundo,
2625 4980 2955 5050 venerabilis
2974 4982 3167 5050 omni,.

1741 5046 1884 5119 {inte
1904 5046 2006 5119 fuit
2028 5049 2197 5115 clara,
2224 5046 2393 5119 coepit
2413 5050 2634 5105 demum
2665 5049 2784 5106 fore
2813 5066 2959 5106 rara.

1744 5115 1880 5189 [.eto
1902 5117 2115 5189 delente
2142 5115 2403 5189 paulatim
2426 5120 2731 5187 deﬁciente,

1746 5186 2027 5243 Successit
2047 5186 2257 5259 primus
2277 5189 2602 5250 Cuonradus
2627 5191 2868 5248 nominis
2892 5191 3078 5264 hujus.

1258 5290 1494 5348 VARIE
1533 5296 1937 5355 LECTIONES.

170 5392 343 5461 pugna
376 5381 747 5461 committitur
771 5383 827 5440 5.
884 5384 998 5461 _““
1018 5382 1065 5461 Ai.
1097 5387 1297 5461 erat}.
1322 5386 1362 5444 i.
1390 5391 1753 5461 committitur
1781 5391 1867 5461 9°.
1898 5389 1983 5446 10.
2022 5391 2111 5447 11.
2152 5392 2248 5425 ’³⁸³
2274 5391 2508 5449 LXXIII.
2542 5394 2605 5450 D.
2658 5394 2721 5451 E.
2802 5395 2895 5430 ““
2938 5398 3014 5452 ita
3057 5396 3254 5453 litteris

11 5437 338 5532 ΡῙΪξθὶοὰξῶῳ-
365 5452 659 5532 recentiori
684 5470 848 5532 manu
876 5454 928 5532 1_.
954 5453 1092 5532 rell.”
1146 5437 1571 5532 ‘ﬁf‘evrardus—
1588 5437 1720 5516 1b..—
1752 5437 1867 5532 ξῖέί
1898 5437 2207 5520 alam-annis
2262 5437 2772 5523 SETZ'IeBiaﬁiiis
2830 5467 2882 5522 1.
2939 5437 3255 5526 ’3⁸⁷ηὲιῖίᾶ

11 5524 114 5572 ξεττ.
160 5522 241 5574 eni
291 5522 378 5578 1b.
458 5522 559 5557 ²¹⁸⁸
588 5538 641 5579 a.
678 5523 1034 5599 Mogontinus
1059 5527 1114 5584 5.
1193 5527 1286 5561 ¹³⁰⁹
1322 5544 1369 5586 s.
1397 5530 1645 5589 decimus
1665 5531 2109 5614 archiepiscopus
2134 5534 2190 5589 5.

1436 5643 1672 5702 NOT/E.

56 5739 583 5838 (Eiilltzlrliehardus
621 5750 727 5809 hoc
772 5751 896 5810 loco
952 5750 1248 5812 Rudolfum
1297 5770 1479 5829 regem
1539 5756 1871 5832 Burgundiae
1934 5762 2102 5837 hujus
2154 5762 2396 5821 nominis
2433 5764 2672 5837 primum
2725 5773 2779 5821 et
2824 5765 3010 5823 Gallice
3068 5780 3267 5838 regem

11 5812 217 5873 mmdem
239 5817 419 5875 habet.
