3880 6320
95 352 175 406 εδδ
925 335 1296 396 CllRONlCA.
1333 371 1404 380 —
1439 341 1828 400 CllRONiCO‘Iv
1870 343 2327 407 UNIVERSALE.

3193 346 3296 400 886

1198 608 1303 669 DE
1343 605 1678 669 ORIGINE
1719 609 2127 674 SAXONUM.

142 957 346 1030 (Vlixem.
371 969 410 1022 ι,
433 949 513 1023 2.)
553 948 728 1022 Super
758 946 968 1020 origine
996 947 1176 1020 gentis
1207 947 1486 1003 Saxonum
1511 964 1609 1003 va-
1639 949 1681 1006 Δ
1711 955 1972 1003 secuntur
2005 957 2208 1006 tamen.
2238 948 2330 1006 llle
2353 959 2559 1022 autem,
2592 963 2811 1026 sumpta
2834 952 3031 1016 humo,
3080 966 3177 1020 per
3223 968 3303 1005 vi-

91 1056 149 1110 ria
171 1050 330 1122 opinio
357 1055 457 1112 est,
507 1044 629 1099 aliis
680 1042 1064 1098 estimantibus
1112 1042 1179 1097 de
1223 1040 1390 1098 Danis
1448 1039 1610 1096 Nort-

91 1143 363 1210 mannisque
381 1152 471 1193 eos
501 1135 766 1208 originem
792 1134 1033 1199 duxisse,
1062 1133 1184 1188 aliis
1223 1147 1376 1199 vero,
1411 1131 1611 1202 quibus

89 1246 128 1292 et
164 1232 300 1290 Greci
335 1228 635 1286 consentire
671 1227 948 1292 dicuntur,
999 1241 1094 1281 eos
1139 1225 1402 1294 reliquias
1442 1223 1612 1278 fuisse

89 1321 368 1382 Macedonici
400 1318 693 1385 exercitus,
723 1317 816 1389 qui
836 1327 1058 1372 secutus
1091 1315 1347 1388 Magnum
1372 1315 1612 1369 Alexan-

87 1419 229 1474 drum.
252 1413 527 1466 immatura
551 1409 722 1478 ipsius
757 1415 932 1462 morte
955 1422 1050 1481 per
1085 1414 1260 1461 totum
1311 1405 1498 1460 orbem
1542 1404 1614 1458 sit

87 1511 331 1578 dispersus.
367 1502 676 1558 Invenimus
737 1507 919 1555 autem
940 1499 1000 1554 in
1053 1499 1274 1568 scriptis
1326 1495 1611 1568 cujusdam

88 1598 276 1672 (Transi.
303 1595 356 1651 S.
382 1594 582 1664 Alea),
620 1593 788 1664 quod,
851 1591 1175 1662 antiquitate
1223 1590 1500 1655 tradente,
1545 1585 1614 1641 ab

85 1692 231 1764 Anglis
248 1688 526 1744 Britannia:
548 1686 744 1742 incolis
767 1683 1114 1755 sintegressi,
1141 1690 1196 1737 et
1217 1697 1314 1753 per
1334 1680 1612 1736 Oceanum

85 1786 363 1856 navigantes,
381 1779 684 1836 Germania:
715 1776 986 1832 littoribus
1009 1775 1191 1831 studio
1214 1784 1266 1830 et
1291 1773 1615 1830 necessitate

84 1874 427 1946 querendarum
451 1870 664 1927 sedium
697 1870 807 1925 sint
827 1868 1063 1939 appulsi,
1096 1867 1150 1920 in
1175 1867 1296 1921 loco
1322 1866 1417 1936 qui
1455 1880 1615 1919 voca-

84 1978 150 2022 ttir
192 1964 490 2034 llathuloga,
550 1977 617 2018 eo
663 1971 907 2031 tempore
959 1975 1068 2030 quo
1112 1957 1482 2013 Theodericus
1517 1971 1614 2010 rex

83 2060 360 2113 Francorum
384 2063 574 2110 contra
593 2052 966 2108 lrminfridum
991 2051 1185 2107 ducem
1203 2049 1612 2121 Thuringorum

81 2149 317 2213 dimicans,
342 2156 538 2202 terram
567 2161 758 2202 eorum
791 2145 1084 2200 crudeliter
1109 2142 1257 2199 ferro
1301 2141 1536 2198 vastavit
1560 2149 1615 2195 et

1711 1037 1866 1093 cinos
1888 1053 2048 1109 agros
2073 1054 2238 1109 quam
2268 1041 2524 1098 subtilius
2573 1045 2753 1113 potuit
2779 1060 2899 1101 eam
2925 1043 3209 1116 dispersit.
3250 1052 3303 1098 Pl

1711 1139 2019 1186 castrorum
2055 1132 2174 1187 loca
2217 1135 2522 1204 occupavit.
2570 1134 2642 1191 Ut
2662 1146 2842 1193 autem
2867 1138 3126 1196 viderunt
3155 1135 3294 1189 Tim-

1711 1223 1852 1292 ringi
1882 1231 2063 1278 castra
2089 1223 2390 1291 Saxonum,
2432 1224 2790 1284 intolerabilis
2817 1230 2934 1285 visa
2957 1239 3040 1286 est
3063 1231 3143 1286 eis
3165 1243 3260 1286 res
3284 1248 3300 1287 ε

1710 1326 1786 1384 et,
1811 1319 1998 1374 missis
2028 1319 2238 1390 legatis,
2285 1323 2572 1391 conquesti
2611 1333 2740 1379 sunt
2786 1325 2852 1381 de
2876 1325 3081 1383 foedere
3132 1333 3304 1399 rupto

1713 1424 1777 1464 ac
1803 1409 2006 1464 violato
2032 1419 2192 1480 pacto
2219 1425 2284 1464 ex
2311 1420 2464 1480 parte
2478 1410 2776 1468 Saxonum.
2795 1413 3040 1473 Saxones
3065 1433 3285 1488 respon-

1712 1499 1911 1555 derunt
1965 1516 2024 1556 se
2074 1501 2339 1557 hactenus
2376 1501 2555 1558 fcedus
2594 1504 2977 1562 inviolabiliter
3025 1525 3298 1578 servasse,

1715 1602 1916 1648 terram
1939 1611 2068 1650 vero
2096 1595 2318 1666 pr0prio
2365 1611 2500 1651 auro
2568 1607 2942 1668 comparatam
2993 1617 3116 1656 cum
3165 1619 3302 1672 paco

1713 1691 1850 1746 velle
1875 1691 2122 1746 obtinere
2145 1701 2239 1747 aut
2271 1700 2418 1747 certe
2457 1693 2627 1748 armis
2661 1692 2971 1751 defendere.
3021 1694 3116 1750 His
3141 1698 3303 1752 audi-

1714 1783 1806 1850 tis,
1833 1783 2026 1839 incola!
2047 1793 2310 1854 ceperunt
2330 1802 2526 1840 aurum
2556 1785 2888 1842 Saxonicum
2938 1788 3052 1858 jam
3080 1788 3306 1859 maledi-

1714 1891 1857 1941 cere,
1895 1885 1948 1931 et
1977 1891 2138 1946 quem
2185 1877 2346 1946 paulo
2371 1885 2496 1932 ante
2532 1876 2741 1931 felicem
2779 1877 3152 1947 predicabant,
3199 1894 3304 1933 au-

1713 1973 1919 2020 ctorem
1945 1966 2266 2036 perditionis
2287 1982 2400 2021 sua:
2421 1975 2583 2036 atque
2603 1966 2842 2037 regionis
2864 1965 3192 2022 fatebantur.
3219 1966 3306 2022 Ira

1714 2056 1911 2112 deinde
1941 2057 2183 2123 accensi,
2211 2072 2356 2112 caeco
2384 2065 2558 2111 marte
2580 2058 2698 2113 sine
2720 2058 2913 2113 ordine
2941 2067 2994 2114 et
3022 2059 3140 2113 sine
3165 2075 3302 2114 con-

1714 2146 1838 2200 silio
1866 2147 2082 2202 irruunt
2125 2147 2178 2201 in
2217 2155 2417 2202 castra.
2447 2147 2692 2204 Saxones
2720 2165 2850 2205 vero
2897 2150 3072 2220 parati
3116 2150 3308 2207 hostes

82 2239 179 2307 igni.
204 2235 354 2308 (Win.
387 2253 424 2303 ι,
461 2237 494 2290 5
524 2236 671 2306 sqq.)
703 2235 951 2306 Cumque
978 2229 1216 2306 primum
1257 2242 1418 2289 terra:
1440 2232 1612 2303 appli—
1640 2303 1684 2315 __
1713 2241 1994 2310 excipiunt
2019 2250 2402 2311 sternuntque,
2433 2250 2486 2296 et
2507 2243 2671 2296 rebus
2693 2257 2952 2313 prospere
2979 2245 3308 2315 gestis,pro-

81 2303 292 2395 tuissent,
319 2328 505 2385 incolzz
569 2303 742 2398 ipsius
791 2303 1096 2397 terrae,qui
1132 2327 1398 2398 Thuringi
1439 2324 1610 2380 fuisse
1640 2303 1688 2364 Β
1717 2303 1864 2385 xima
1894 2331 2251 2386 circumcirca
2289 2303 2407 2386 loca
2433 2332 2560 2402 jure
2597 2303 2723 2386 belli
2753 2303 3016 2389 obiineni
3071 2303 3314 2390 Diditu-

81 2422 333 2487 traduntur,
359 2420 652 2476 adventum
681 2435 871 2474 eorum
899 2420 1140 2491 graviter
1179 2417 1435 2483 ferentes,
1461 2431 1613 2470 arma

79 2525 229 2572 contra
246 2533 333 2573 eos
362 2515 957 2584 moverunt;'Saxones
982 2529 1113 2570 vero
1141 2515 1343 2569 acriter
1355 2512 1615 2568 resisten—

79 2619 155 2676 tes,
185 2619 380 2680 portum
410 2610 787 2666 obtinuerunt.
816 2607 919 2662 Diu
946 2607 1141 2662 deinde
1183 2607 1325 2660 inter
1366 2619 1424 2660 se
1449 2603 1614 2659 dimi-

77 2700 298 2766 cantibus,
318 2707 369 2754 et
411 2699 606 2755 multis
662 2699 792 2754 hinc
837 2698 962 2753 inde
1016 2696 1359 2761 cadentibus,
1393 2693 1615 2749 tandem

77 2792 276 2863 utrisque
302 2792 500 2863 placuit
546 2792 614 2847 de
666 2807 800 2862 pace
857 2799 1124 2857 tractare;
1189 2789 1496 2858 initumque
1533 2794 1618 2841 est

79 2884 219 2941 {rudus
256 2901 316 2941 eo
355 2894 535 2956 pacto,
579 2901 690 2956 quo
730 2885 997 2940 haberent
1054 2882 1300 2938 Saxones
1348 2878 1614 2936 vendendi

81 2977 353 3047 emendique
383 2979 622 3048 copiam,
646 2986 888 3033 ceterum
915 2977 985 3031 ah
1014 2975 1182 3047 agris,
1209 2989 1239 3028 a
1273 2973 1404 3029 cede
1437 2971 1617 3026 homi-

80 3085 179 3126 num
198 3079 341 3140 atque
360 3071 571 3140 rapinis
596 3071 969 3136 abstinerent;
1003 3069 1262 3137 stetitque
1285 3065 1416 3121 illud
1440 3064 1618 3120 fmdus

81 3161 406 3217 inviolabiliter
426 3162 619 3218 multis
643 3162 858 3218 diebus.
890 3161 1138 3230 Cumque
1163 3157 1476 3213 Saxonibus
1501 3155 1618 3226 jam

80 3252 315 3309 defecisset
338 3255 592 3325 pecunia,
630 3255 761 3326 quid
792 3262 1037 3310 emerent
1060 3261 1156 3308 aut
1182 3252 1480 3307 venderent
1509 3266 1618 3305 non

82 3344 312 3411 habentes,
346 3346 597 3401 inutilem
640 3347 743 3402 sibi
774 3361 962 3416 pacem
999 3360 1121 3400 esse
1165 3342 1416 3398 arbitrati
1467 3349 1614 3397 sunt.

81 3433 135 3487 Ea
155 3436 295 3506 igitur
315 3446 636 3507 tempestate
670 3438 896 3508 contigit
917 3437 1318 3491 adolescentem
1347 3433 1619 3505 quendam

1715 2436 1822 2492 que
1853 2435 1977 2476 cum
2000 2421 2070 2474 ab
2103 2421 2385 2475 alterutris
2432 2429 2730 2490 pugnatum
2776 2420 2934 2490 foret,
2956 2433 3009 2478 et
3043 2422 3316 2496 Thuringi

1717 2512 1967 2568 Saxones
1990 2513 2094 2568 sibi
2119 2513 2431 2582 superiores
2456 2513 2570 2567 fore
2593 2514 2861 2580 viderent,
2884 2531 2982 2584 per
3014 2516 3307 2571 internun-

1714 2604 1831 2660 cios
1851 2602 2124 2674 pacificari
2145 2619 2270 2657 cum
2286 2603 2367 2658 eis
2392 2611 2649 2674 querunt,
2675 2619 2880 2674 eosque
2905 2606 2958 2658 in
2979 2616 3119 2660 terra
3141 2624 3239 2677 qur
3253 2625 3308 2663 m

1715 2703 2043 2766 acwperunt
2064 2694 2256 2750 cedere
2291 2696 2618 2751 concedunt.

1789 2787 1875 2858 (ϐ.
1903 2786 2102 2842 Franc.
2143 2803 2189 2841 c.
2223 2787 2309 2841 i9.
2347 2817 2419 2827 -—
2454 2786 2601 2842 Win.
2629 2804 2670 2854 ι,
2693 2787 2727 2842 9
2752 2789 2901 2858 sqq.)
2952 2789 3031 2844 Eo
3061 2798 3310 2860 tempore

1720 2889 1944 2935 mortuo
1963 2878 2239 2934 Clodoveo
2260 2895 2387 2950 rege
2408 2878 2770 2945 Francorum,
2794 2867 3031 2950 quatuor
3060 2881 3154 2934 lilii
3187 2882 3310 2952 ejus

1716 2987 1943 3042 regnum
1968 2970 2141 3040 ipsius
2161 2971 2428 3040 equaliter
2446 2971 2770 3026 diviserunt.
2803 2971 2880 3026 Ex
2907 2973 3105 3042 quibus
3128 2972 3311 3027 Theo-

1717 3064 1937 3118 dericus
1962 3079 2088 3117 cum
2111 3062 2455 3118 Austrasiam
2483 3063 2800 3132 accepisset,
2829 3065 2988 3134 cujus
3030 3066 3182 3136 regni
3219 3082 3310 3122 se-

1717 3155 1814 3210 des
1835 3155 1980 3226 apud
2009 3153 2327 3209 Mettensem
2378 3153 2482 3210 fuit
2523 3155 2817 3221 civitatem,
2838 3156 3052 3212 mittere
3098 3158 3312 3214 curavit

1718 3247 2042 3318 legationem
2067 3246 2131 3301 ad
2164 3245 2535 3302 lrminfridum
2561 3262 2744 3317 regem
2774 3247 3180 3320 Thuringorum
3207 3265 3311 3322 pro

1719 3354 1852 3409 pace
1880 3347 1934 3392 et
1953 3339 2266 3403 concordia,
2297 3339 2566 3394 mandans
2617 3340 2668 3394 ei
2715 3355 2825 3394 non
2865 3356 2924 3396 se
2965 3357 3165 3412 cupere
3205 3343 3310 3398 sibi

1719 3446 1841 3484 esse
1863 3429 2147 3484 dominum
2201 3430 2294 3484 sed
2325 3430 2585 3497 amicum,
2623 3446 2733 3485 non
2783 3432 3169 3502 imperatorem
3214 3435 3313 3492 sed

79 3527 221 3597 egredi
241 3528 301 3583 de
328 3529 580 3596 navibus,
610 3537 896 3584 oneratum
922 3529 1094 3583 multo
1120 3543 1278 3594 auro,
1307 3535 1500 3596 torque
1522 3541 1622 3579 au-
1721 3521 2110 3591 propinquum,
2137 3522 2665 3592 propinquitatisque
2687 3523 2814 3593 jura
2843 3524 3229 3582 inviolabiliter
3252 3543 3316 3584 se

79 3631 164 3716 rea,
190 3617 444 3689 simulque
475 3619 709 3674 armillis
757 3619 960 3674 aureis.
1011 3617 1112 3672 Cui
1156 3617 1352 3672 obvius
1393 3615 1617 3686 quidam
1647 3655 1691 3716 Ο
1721 3614 1858 3668 velle
1885 3628 2424 3669 servare—sororem
2460 3615 2662 3686 quippe
2690 3614 3012 3673 Theoderici
3038 3616 3313 3676 lrminfri-

81 3703 431 3780 Tburingorum
463 3729 476 3765 :
508 3710 652 3776 Quid
706 3711 807 3764 sibi
849 3710 980 3775 vult,
1040 3709 1236 3780 inquit,
1275 3718 1384 3762 tam
1434 3709 1615 3778 ingens

79 3814 228 3854 curam
254 3803 390 3857 circa
414 3812 567 3856 tuum
593 3802 898 3873 famelicum
923 3802 1155 3856 collum?
1178 3801 1503 3871 Emptorem,
1525 3800 1614 3855 in-

79 3889 182 3956 quit,
204 3909 396 3962 quam;
433 3894 504 3947 ad
549 3894 684 3948 nihil
713 3894 864 3948 aliud
889 3895 1034 3948 istud
1073 3912 1263 3948 aurum
1313 3910 1452 3964 gero.
1511 3892 1616 3960 Qui

76 3980 182 4031 num
203 3981 329 4049 fame
356 3983 656 4053 periclitor,
682 4001 782 4055 quo
809 4001 939 4038 auro
974 3985 1239 4038 delecter?
1259 3985 1328 4038 At
1351 3985 1445 4039 illo
1475 3999 1616 4054 qua-

79 4066 239 4123 litatem
290 4073 764 4143 quantitatemque
819 4075 990 4143 precii
1058 4083 1326 4144 rogante:
1367 4072 1614 4139 Nullum,

77 4157 213 4229 inquit
237 4161 392 4232 Saxo,
421 4166 554 4219 mihi
584 4174 662 4220 est
700 4165 982 4220 discrimen
1024 4167 1078 4220 in
1126 4167 1332 4236 precio;
1368 4165 1616 4238 quicquid

75 4249 194 4302 dabis
220 4262 418 4322 gratum
467 4255 658 4310 habeo.
709 4254 801 4310 Ille
848 4272 978 4312 vero
1007 4257 1333 4311 subridens:
1362 4256 1503 4322 Quid
1546 4257 1614 4321 si,

75 4338 231 4408 inquit,
251 4345 310 4397 de
337 4345 552 4414 pulvere
583 4348 687 4400 isto
713 4349 889 4402 sinum
918 4349 1012 4402 tibi
1035 4348 1224 4418 impleo
1242 4347 1408 4402 ?Erat
1433 4356 1614 4402 autem

76 4435 274 4497 presenti
321 4438 443 4493 loco
494 4449 680 4510 egesta
719 4440 921 4496 humus
967 4442 1222 4511 plurima.
1282 4441 1428 4496 Saxo
1479 4441 1616 4495 nihil

71 4533 309 4582 cunctatus
337 4530 514 4599 aperit
537 4530 721 4586 sinum
740 4540 794 4585 et
809 4531 1005 4601 accipit
1022 4533 1268 4597 humum,
1294 4532 1439 4586 illico
1465 4530 1616 4586 Thu-

72 4612 195 4684 ritth
238 4619 452 4675 tradens
516 4637 746 4686 aurum;
795 4621 1046 4691 letusque
1095 4621 1162 4675 ad
1210 4637 1342 4675 suos
1383 4630 1615 4690 uterque

69 4704 191 4760 redit.
227 4708 483 4784 Thuringi
526 4712 870 4784 Thuringum
902 4713 1156 4768 laudibus
1189 4713 1253 4767 ad
1283 4713 1483 4768 cmlum
1507 4713 1612 4767 tol-

71 4793 178 4862 lunt,
208 4802 291 4869 qui
314 4804 481 4856 nobili
519 4803 714 4859 fraude
737 4803 1006 4860 Saxonem
1035 4804 1333 4874 deceperit;
1365 4803 1614 4858 fortuna-

71 4894 252 4962 tumque
289 4912 412 4951 eum
451 4897 597 4952 inter
639 4913 830 4954 omnes
883 4899 1140 4953 mortales
1183 4897 1354 4952 fuisse
1384 4898 1477 4968 qui
1515 4897 1609 4952 vili

1722 3706 1826 3760 dus
1848 3714 2442 3775 acceperat;—tantum
2469 3715 2580 3762 uta
2607 3709 2792 3778 populi
2815 3707 3154 3766 Francorum
3182 3725 3317 3767 oon-

1722 3796 1929 3862 cordia,
1965 3796 2060 3866 qui
2095 3811 2221 3851 eum
2254 3812 2438 3867 regem
2483 3799 2902 3867 constituerant,
2934 3817 3041 3856 non
3096 3803 3315 3859 discor-

1722 3887 1894 3955 daret,
1924 3888 2170 3958 rOgabat.
2217 3887 2302 3943 Ad
2353 3889 2470 3945 haec
2521 3889 2869 3947 lrminfridus
2904 3909 3029 3947 cum
3079 3893 3324 3965 benigne

1721 3979 2076 4049 responderet
2127 3979 2463 4035 Francorum
2518 3989 2720 4036 statuta
2775 3982 2880 4038 sibi
2914 3984 3148 4054 placere,
3179 4001 3315 4056 pace

1721 4071 2053 4126 omnimodis
2074 4087 2133 4126 se
2154 4071 2416 4143 indigere,
2437 4089 2602 4144 super
2623 4075 2841 4145 negotio
2886 4077 3040 4148 regni
3083 4093 3314 4149 respon-

1720 4165 1932 4220 siOnem
1954 4179 2110 4219 suam
2139 4165 2193 4218 in
2220 4165 2523 4220 amicorum
2550 4168 2878 4235 prescntiam
2929 4184 2989 4224 se
3026 4170 3160 4224 velle
3204 4171 3312 4225 dif-

1720 4255 1882 4321 ferre,
1911 4257 2140 4311 audiens
2193 4257 2379 4326 regina
2418 4258 2651 4327 legatum
2694 4257 2883 4313 fratris
2929 4262 3312 4330 supervenisse

1719 4357 1774 4403 et
1796 4365 1960 4418 super
1983 4347 2203 4419 negotio
2225 4349 2376 4417 regni
2401 4364 2527 4402 cum
2549 4365 2675 4419 rege
2701 4350 2942 4404 locutum
2973 4350 3163 4417 fuisse,
3201 4355 3313 4420 egit

1719 4457 1845 4497 cum
1882 4441 2062 4512 lringo
2091 4441 2260 4495 milite
2283 4440 2431 4510 regis
2457 4483 2471 4506 ,
2505 4441 2598 4510 qui
2629 4449 2746 4495 erat
2790 4441 2874 4494 vir
2905 4441 3104 4509 audax,
3152 4442 3312 4500 fortis

1720 4549 1908 4600 manu,
1963 4549 2090 4587 acer
2131 4532 2372 4603 ingenio,
2417 4540 2612 4587 acutus
2665 4532 2918 4600 consilio,
2957 4535 3204 4603 pertinax
3253 4539 3307 4590 in

1718 4623 1883 4678 rebus
1929 4622 2154 4693 agendis
2186 4664 2200 4686 ,
2253 4619 2431 4676 facilis
2485 4621 2554 4676 ad
2609 4621 2886 4676 suadenda
2940 4639 3064 4692 qua:
3125 4625 3306 4689 vellet,

1717 4713 1862 4767 unde
1907 4720 1963 4766 et
2015 4711 2259 4766 animum
2291 4711 2434 4781 regis
2468 4710 2572 4765 sibi
2629 4719 2981 4776 connexerat,
3015 4720 3074 4766 ut
3106 4712 3315 4781 pariter.

1717 4804 1833 4875 regi
1874 4805 2165 4860 suaderent
2209 4818 2437 4874 regnum
2481 4802 2585 4858 sibi
2637 4803 2762 4872 jure
2811 4803 3141 4857 hereditario
3183 4820 3306 4858 ces-

1719 4896 1881 4962 sisse,
1903 4904 2091 4966 utpote
2118 4909 2241 4964 quae
2265 4894 2374 4948 lilia
2403 4894 2546 4966 regis
2569 4903 2796 4949 essetet
2821 4894 3038 4966 reginae,
3066 4895 3312 4951 Theode-

69 4983 214 5044 precio
240 4995 344 5042 tam
380 4989 580 5062 ingens
610 5007 804 5045 aurum
836 4990 1159 5062 possederit.
1197 4989 1453 5044 Ceterum
1475 4989 1607 5044 certi
1641 5011 1688 5071 ο
1715 4986 1900 5040 ricum
1925 4999 2056 5038 vero
2082 4999 2243 5038 suum
2271 4999 2490 5038 servum
2518 4999 2662 5048 esse,
2693 4993 2971 5058 tamquam
3007 4999 3073 5038 ex
3101 5000 3303 5039 concu—

68 5069 118 5126 de
141 5075 362 5145 victoria,
399 5082 467 5135 de
507 5080 818 5137 Saxonibus
850 5083 962 5152 jam
987 5084 1143 5154 quasi
1173 5082 1605 5152 triumphabant.

68 5157 236 5220 interea
279 5166 420 5223 Saxo
477 5171 729 5240 privatus
775 5187 931 5236 auro,
986 5185 1243 5229 oneratus
1272 5189 1402 5228 vero
1435 5173 1608 5227 multa

68 5251 217 5325 humo,
238 5263 518 5333 apprOpiat
541 5263 791 5317 navibus.
823 5262 1001 5318 Sociis
1024 5264 1186 5334 igitur
1212 5266 1263 5318 ei
1307 5280 1606 5321 occurren-

66 5347 181 5403 tibus
209 5363 257 5406 et
289 5355 417 5423 quid
460 5363 650 5427 ageret
702 5355 1138 5420 ammirantibus,
1183 5356 1274 5409 alii
1303 5359 1606 5413 amicorum

64 5456 164 5498 eum
189 5446 402 5506 irridere
424 5462 734 5521 ceperunt,
761 5452 853 5505 alii
877 5468 1122 5523 arguere,
1169 5468 1362 5507 omnes
1411 5456 1614 5522 pariter

65 5545 162 5586 cum
177 5550 429 5595 amentem
453 5541 826 5596 crediderunt.
844 5541 913 5594 At
936 5541 1044 5603 ille,
1070 5542 1344 5611 postulato
1367 5541 1612 5597 silentio:

68 5617 314 5691 Sequimini
343 5647 442 5697 me,
493 5630 693 5699 inquit,
721 5632 908 5700 optimi
943 5629 1197 5697 Saxones,
1230 5640 1279 5685 et
1309 5648 1478 5684 meam
1523 5649 1615 5685 ro-

66 5709 126 5764 bii
151 5721 414 5775 amentiam
435 5721 731 5792 probabitis
766 5722 967 5777 utilem.
1011 5722 1077 5780 At
1126 5723 1221 5790 illi,
1278 5724 1402 5780 licet
1443 5724 1616 5793 dubii,

1713 5083 1842 5137 bina
1884 5089 2096 5148 natum,
2137 5090 2192 5136 et
2233 5081 2366 5136 ideo.
2396 5081 2656 5136 indecens
2717 5079 2834 5134 fore
2876 5079 3097 5149 proprio
3143 5093 3306 5133 servo

1713 5189 2182 5243 manus-unquam
2224 5173 2374 5228 dare.
2419 5171 2750 5228 Convocatis
2795 5188 2926 5242 ergo
2967 5170 3307 5241 principibus

1707 5273 1768 5342 get
1808 5264 2136 5320 necessariis
2181 5264 2393 5329 amicis,
2445 5263 2790 5323 lrminfridus
2835 5263 3000 5317 verba
3046 5261 3207 5332 legati
3254 5262 3308 5316 in

1715 5358 1988 5428 presentia
2015 5373 2205 5412 eorum
2238 5357 2489 5412 contulit.
2526 5357 2598 5412 At
2633 5359 2709 5412 illi
2737 5357 3073 5412 unanimiter
3105 5356 3303 5412 suade-

1717 5453 1868 5517 bant,
1895 5466 2018 5520 quaz
2040 5449 2191 5519 pacis
2215 5458 2269 5504 et
2291 5449 2601 5504 concordia;
2628 5460 2756 5504 sunt
2779 5464 2904 5502 eum
2928 5447 3150 5512 sentire,
3175 5447 3306 5516 quia

1716 5542 1949 5612 impetus
1980 5540 2316 5594 Francorum
2363 5538 2506 5594 ferre
2544 5555 2654 5594 non
2698 5545 2902 5608 posset;
2945 5537 3181 5592 maxime
3210 5537 3314 5612 qui.
3385 5559 3390 5562 ·

1718 5633 2025 5688 acrioribus
2051 5631 2294 5687 hostium
2324 5631 2494 5685 armis
2520 5647 2583 5684 ex
2609 5631 2714 5684 alia
2750 5639 2904 5700 parte
2943 5636 3301 5698 premeretur.

1719 5723 1863 5796 lring
1887 5741 2035 5794 vero,
2056 5724 2271 5782 lascivae
2297 5723 2542 5788 mulieris
2569 5722 2908 5779 satisfaciens
2937 5721 3101 5789 votis,
3132 5720 3320 5778 suasit
