3880 6308
521 323 623 376 8ἳῖ

1696 317 2094 409 EKKEllARDl
2133 314 2616 375 URAUGIENSIS.
3690 324 3777 379 Sis

522 434 840 490 lrminfrido
887 434 1116 492 Francis
1136 434 1329 491 cedere
1358 450 1467 490 non
1499 436 1716 502 debere,
1751 450 1913 506 super
1947 451 2113 507 nego-
2142 473 2185 531 Α
2214 432 2336 487 licet
2375 431 2554 497 lassa;
2596 450 2714 504 quae
2742 442 2917 490 tamen
2947 435 3129 491 omnia
3165 444 3349 491 nostra
3383 446 3779 507 reamlt’graltlt'

517 525 599 580 tiu
629 523 784 595 regni
823 524 1113 595 jnstiorem
1152 541 1213 581 se
1256 542 1477 582 causam
1522 526 1743 594 habere,
1778 527 1946 583 latum
1984 542 2110 597 pre-

522 625 669 670 terea
698 614 1011 685 imperium,
1040 617 1275 672 militum
1308 634 1507 674 manus
1535 626 1589 673 et
1614 634 1766 672 arma
1792 628 2112 689 ceterasque

520 707 648 763 belli
687 707 871 777 copias
900 708 1005 763 sibi
1048 725 1112 765 ac
1139 709 1478 766 Theoderico
1505 725 1696 780 parum
1733 727 1887 782 teque
1916 727 2110 782 proce-

520 799 668 853 dere.
713 798 811 854 llis
851 800 1017 871 igitur
1052 800 1397 858 lrminfridus
1442 806 2108 877 persuasustsecundum

522 892 639 948 haec
679 894 841 948 verba
881 895 1060 966 legato
1088 897 1388 968 respondit,
1421 897 1730 953 amicieiam
1765 898 1987 969 quidem
2023 900 2110 956 sui

519 993 575 1041 et
600 987 1059 1058 propinquitatem
1087 988 1426 1046 Theoderico
1453 1007 1560 1046 non
1592 1006 1810 1063 negare,
1838 992 2027 1048 mirari
2051 1008 2111 1049 se

523 1085 703 1134 tamen
753 1079 888 1135 satis
932 1096 1048 1136 non
1094 1098 1254 1152 posse
1299 1083 1578 1153 quomodo
1622 1100 1889 1155 usurpare
1950 1086 2111 1142 vellet

520 1171 674 1244 prius
702 1173 987 1244 imperium
1011 1190 1176 1244 quam
1209 1175 1545 1242 libertatem;
1583 1191 1799 1232 servum
1832 1177 1982 1232 illum
2013 1195 2110 1233 na-

522 1274 661 1332 tum,
703 1273 757 1320 et
797 1267 1076 1336 quomodo
1108 1267 1192 1322 sui
1225 1276 1481 1337 quereret
1522 1268 1862 1335 dominium;
1906 1285 1965 1325 se
1999 1286 2109 1325 non

520 1370 687 1426 posse
728 1359 952 1428 proprio
995 1374 1154 1414 servo
1179 1376 1376 1415 manus
1409 1359 1558 1415 dare.
1594 1360 1828 1432 Legatus
1855 1362 1940 1417 his
1974 1363 2110 1417 satis

420 1448 429 1451 ’
520 1458 869 1506 commotus:
920 1450 1170 1517 Mallem,
1214 1452 1421 1522 inquit,
1467 1452 1564 1505 hoc
1604 1463 1763 1524 caput
1800 1470 1972 1508 meum
2013 1455 2137 1508 tibi

521 1540 750 1608 tradere,
775 1557 936 1612 quam
963 1542 1269 1612 hujusmodi
1300 1545 1454 1598 verba
1486 1562 1517 1597 a
1549 1554 1596 1600 te
1618 1545 1822 1612 audire,
1848 1547 2018 1601 sciens
2046 1563 2108 1600 ea

518 1631 689 1687 multo
726 1634 987 1705 sanguine
1026 1632 1360 1689 Francorum
1404 1646 1560 1709 atque
1602 1636 1991 1709 Tlmringorum
2020 1638 2108 1692 di-

519 1719 733 1776 luenda.
761 1720 828 1776 Et
857 1724 973 1779 haec
998 1724 1185 1779 dicens
1208 1740 1458 1781 reversus
1486 1728 1658 1783 estad
1687 1726 2108 1794 Theodericum,

2213 526 2472 581 absentia.
2528 525 2848 582 Indecorum
2891 538 2969 584 est
3017 530 3329 597 victoribus,
3373 530 3530 584 victis
3569 532 3782 584 rint-cadi

2212 618 2386 672 locum
2427 618 2575 673 dare.
2623 617 2769 674 Num
2813 620 3041 692 singulis
3092 621 3316 676 urbibus
3360 622 3783 678 amministmtds

2211 712 2496 781 sufficimus
2541 712 2818 783 presidia?
2865 712 2936 767 Et
2979 730 3070 770 eas
3123 731 3303 769 omnes
3345 715 3648 785 perdimus;
3683 716 3784 769 dan

2210 802 2350 857 imus
2377 811 2426 857 et
2455 804 2707 858 redimus.
2739 802 2868 860 Haec
2888 820 2955 860 eo
2978 816 3377 877 prosequente,
3399 806 3609 876 placuit
3639 806 3786 862 Thro-
3878 856 3880 887 Ξ

2211 895 2395 953 derieo
2450 895 2820 968 omnibusque
2863 897 3111 954 victoria:
3152 898 3331 957 avidis
3372 913 3606 953 manere
3638 898 3689 952 in
3714 913 3787 953 cs-

2212 986 2362 1054 stris,
2404 995 2459 1043 et
2495 986 2711 1043 mittere
2757 987 2826 1043 ad
2868 985 3138 1053 Saxones,
3175 985 3485 1058 Thuringis
3525 987 3645 1057 iam
3678 987 3784 1043 olim
3878 1028 3880 1049 ,

2212 1079 2489 1148 inimicos,
2529 1089 2590 1136 ut
2621 1079 2669 1135 ei
2707 1088 2893 1135 essent
2920 1079 3148 1148 auxilio,
3191 1094 3259 1135 ea
3296 1079 3647 1145 conditione,
3670 1081 3788 1136 utsi
3878 1112 3880 1117 -

2211 1172 2493 1227 vincerent
2534 1170 2908 1227 Irminfridum
2943 1171 3249 1242 urbemque
3284 1180 3577 1242 caperenk
3621 1180 3787 1226 ιαήω

2211 1265 2291 1321 eis
2321 1266 2376 1321 in
2400 1266 2755 1322 hereditatem
2782 1276 3102 1338 perpetuam
3145 1266 3408 1322 traderet.
3448 1265 3695 1341 Saxones
3718 1267 3783 1321 ni

2210 1357 2319 1411 chil
2364 1358 2628 1425 cunctati,
2674 1373 2874 1414 novem
2917 1358 3086 1414 duces
3129 1373 3259 1414 cum
3306 1357 3558 1430 singulis
3604 1356 3789 1412 milibus
3878 1362 3880 1423 ε

2214 1450 2449 1505 militum
2490 1450 2859 1507 destinabant.
2898 1449 2967 1505 Et
3003 1451 3240 1523 ingressi
3277 1451 3460 1507 duces
3505 1450 3569 1505 in
3612 1460 3789 1513 castra,
3878 1456 3880 1503 i

2213 1539 2413 1611 singuli
2449 1556 2575 1596 cum
2603 1541 2848 1596 centenis
2875 1539 3165 1605 militibus,
3202 1539 3421 1610 reliqua
3469 1538 3790 1594 multitudine
3878 1528 3880 1595 ἶ

2210 1642 2366 1687 extra
2408 1641 2591 1688 castra
2637 1633 2851 1700 relicta,
2895 1632 3301 1688 Theodericum
3340 1632 3543 1687 verbis
3584 1630 3790 1703 paciﬁcis

2212 1724 2546 1790 salutabant,
2574 1732 2630 1779 et
2659 1723 2728 1779 ab
2755 1740 2823 1779 eo
2847 1723 3112 1795 bylariter
3145 1723 3415 1795 suscepti,
3454 1724 3683 1779 dextras
3712 1723 3790 1777 da-

517 1822 575 1869 et
594 1829 716 1885 qum
739 1814 948 1870 audivit
971 1830 1077 1870 non
1102 1818 1273 1873 cselat.
1292 1816 1660 1875 Theodericus
1680 1829 1858 1875 autem
1885 1821 2108 1876 nimiam
2145 1819 2186 1873 Β
2214 1817 2346 1871 bant
2371 1827 2428 1871 et
2457 1815 2818 1886 accipiebant,
2851 1794 3021 1887 seque
3060 1814 3140 1870 illi
3162 1794 3396 1871 devotos
3421 1825 3488 1871 et
3530 1814 3601 1871 ad
3643 1815 3789 1869 omnia

520 1906 659 1960 iram
705 1907 856 1962 vultu
892 1909 1075 1964 celans
1120 1922 1313 1966 sereno
1344 1930 1355 1963 :
1406 1911 1624 1982 Oportet
1655 1930 1769 1980 nos,
1810 1913 2010 1984 inquit,
2038 1913 2108 1968 ad

518 2001 797 2055 servicium
826 2000 1132 2073 Irmiufridi
1158 2004 1430 2073 festinare,
1458 2007 1710 2075 quatinus
1741 2007 1830 2077 qui
1865 2005 2111 2061 libertate

516 2093 807 2160 privamur,
834 2095 986 2151 inani
1026 2096 1213 2150 saltem
1263 2097 1366 2150 vita
1402 2098 1666 2166 fruantur.
1707 2097 1921 2152 Etcum
1957 2098 2109 2169 gravi

516 2186 761 2241 exercitu
787 2188 1121 2257 appropians
1154 2188 1404 2243 terminis
1428 2188 1858 2260 Thuringorum,
1904 2191 2112 2246 invenit

519 2293 646 2332 eum
670 2279 849 2333 valida
884 2293 1107 2350 quoque
1138 2295 1303 2334 manu
1348 2295 1410 2335 se
1448 2289 1855 2351 exspectantem
1896 2282 1951 2345 in
1988 2282 2110 2338 loco

515 2371 610 2440 qui
647 2370 848 2427 dicitur
876 2370 1176 2443 Ruuiberg,
1219 2381 1274 2427 et
1310 2374 1609 2429 commisso
1652 2374 1971 2443 certamine,
2005 2391 2109 2446 pu—

515 2473 740 2531 gnatum
771 2472 856 2519 est
889 2465 1115 2535 ancipiti
1152 2465 1294 2521 bello
1325 2482 1421 2536 per
1468 2467 1724 2534 biduum;
1763 2469 1933 2524 tercia
1979 2485 2110 2526 vero

512 2554 603 2611 die
651 2556 829 2613 victus
868 2556 1217 2615 lrminfridus
1258 2560 1425 2615 cessit
1468 2559 1829 2629 Theoderico,
1868 2561 2111 2634 fugiens-

512 2663 620 2717 que
644 2648 861 2704 tandem
887 2665 947 2705 se
989 2652 1193 2722 recepit
1231 2652 1285 2707 in
1314 2652 1504 2709 urbem
1546 2669 1671 2724 quae
1706 2654 1909 2711 dicitur
1952 2646 2110 2712 Schi-

512 2739 696 2811 dinga,
711 2741 815 2797 sita
828 2756 991 2813 super
1004 2742 1229 2799 ﬂuvium
1244 2743 1516 2800 Onestrod
1534 2746 1600 2778 ¹¹⁸
1610 2746 1724 2799 ί-θθ.
1740 2744 2108 2804 Theodericus

511 2837 717 2898 autem,
752 2834 1101 2905 congregatis
1130 2835 1472 2906 principibus
1500 2838 1776 2893 exercitus
1806 2839 1914 2905 sui,
1952 2848 2110 2910 rogat

514 2923 862 2991 sententiam,
892 2934 1209 2981 utrumnam
1234 2938 1523 2983 censerent
1555 2927 1930 2985 lrminfridmn
1983 2945 2109 3000 per-

514 3017 851 3086 sequendum
907 3034 976 3073 an
1025 3019 1261 3090 patriam
1314 3022 1703 3077 remeantium?
1748 3022 1879 3078 Erat
1923 3033 2105 3078 autem

515 3104 852 3165 Theoderico
875 3125 1067 3167 servus
1091 3112 1408 3183 ingeniosus
1435 3113 1592 3180 satis,
1625 3113 1783 3184 cujus
1814 3114 2106 3171 consilium

513 3209 774 3268 expertus
803 3210 891 3256 est
927 3202 1113 3271 sepius
1147 3203 1403 3273 probum,
1430 3204 1592 3274 eique
1636 3216 1925 3275 propterea
1967 3221 2107 3277 qua-
2137 3202 2180 3222 υ

516 3292 643 3346 dam
681 3291 1056 3348 familiaritate
1096 3294 1201 3350 fuit
1228 3297 1577 3367 coniunctus.
1608 3296 1863 3369 Cumque
1885 3298 2109 3369 quidam

516 3395 808 3441 censerent
844 3396 1090 3443 mortuos
1145 3389 1509 3459 sepeliendos,
1555 3389 1777 3448 saucios
1814 3390 2108 3458 curandos,

517 3487 572 3532 et
592 3478 660 3534 ad
688 3479 951 3550 majorem
979 3481 1282 3537 exercitum
1318 3482 1761 3553 congregandum
1793 3498 1917 3540 esse
1950 3490 2109 3554 repa-

520 3570 821 3637 triandum,
863 3581 1090 3643 rogatus
1119 3573 1206 3628 ille
1241 3589 1435 3630 servus
1464 3574 1791 3630 sententiam
1833 3575 2009 3631 dixit:
2048 3575 2113 3630 In

518 3663 674 3717 rebus
695 3663 928 3718 honestis
950 3664 1364 3733 pulcherrimam
1385 3682 1587 3737 semper
1607 3682 1718 3721 esse
1740 3667 1975 3721 arbitror
1995 3683 2115 3737 per-

519 3755 890 3820 severantiam,
922 3772 1080 3826 quam
1112 3758 1187 3811 ita
1219 3755 1495 3813 coluerunt
1524 3756 1752 3827 majores
1775 3758 1964 3823 nostri,
1996 3766 2052 3812 ut
2080 3775 2112 3812 a

519 3847 684 3916 septis
714 3848 936 3918 negotiis
967 3864 1091 3903 raro
1126 3849 1203 3904 vel
1232 3864 1501 3921 nunquam
1539 3850 1838 3920 deﬁcerent.
1883 3849 1996 3905 Nec
2031 3860 2115 3905 ta-

520 3953 639 3992 men
670 3937 876 3994 labores
913 3948 1119 3995 nostros
1155 3956 1337 3994 eorum
1366 3940 1651 4012 arquandos
1671 3941 1987 4011 putaverim,
2022 3943 2113 4010 qui

520 4032 698 4100 parvis
737 4033 902 4102 copiis
938 4033 1175 4104 ingentes
1216 4035 1449 4104 gentium
1490 4034 1672 4104 copias
1715 4045 2110 4105 superaverunt.

525 4122 683 4178 Nunc
729 4133 872 4179 terra
921 4126 978 4179 in
1023 4136 1204 4180 nostra
1246 4135 1323 4181 est
1363 4135 1653 4198 potestate;
1698 4136 1750 4180 et
1796 4127 2114 4182 discessione

502 4226 706 4290 nostra
742 4217 897 4272 uictis
930 4217 1258 4272 occasionem
1284 4216 1524 4272 vincendi
1564 4218 1958 4287 prestabimus?
1983 4218 2114 4272 Am-

520 4306 776 4372 plecterer
807 4318 858 4362 et
898 4309 1008 4379 ipse
1031 4310 1263 4378 patriam
1290 4310 1482 4377 redire,
1529 4309 1855 4381 familiarem
1887 4312 2115 4365 necessi-

523 4399 760 4454 tudinem
779 4400 1070 4469 providere,
1095 4402 1142 4454 si
1167 4399 1366 4455 hostem
1390 4411 1627 4456 nostrum
1647 4418 1706 4457 eo
1726 4403 1907 4473 spacio
1927 4404 2116 4458 scirem

2213 1917 2497 1979 promptos
2524 1923 2555 1961 a
2580 1905 2851 1962 Saxonica
2878 1915 3040 1979 gente
3068 1906 3273 1962 missos
3308 1905 3608 1969 dicebant,
3638 1904 3791 1974 eisque
3878 1914 3880 1979 ί

2212 2000 2363 2055 cordi
2405 2014 2550 2066 esse,
2590 2007 2687 2054 aut
2723 1998 2942 2055 vincere
2974 1997 3112 2053 velle
3156 2004 3254 2052 aut
3276 1997 3480 2053 vivere
3516 1996 3674 2051 nolle
3704 1994 3791 2049 ills
3878 1998 3880 2066 1

2214 2094 2329 2147 haec
2358 2091 2731 2162 loquentibus,
2757 2089 2941 2145 mirati
2968 2098 3098 2145 sunt
3119 2089 3318 2144 Franci
3348 2097 3672 2159 prestantes
3694 2105 3791 2143 ωτι
3878 2094 3880 2099 ’

2212 2199 2342 2253 pore
2368 2191 2423 2238 et
2449 2183 2634 2237 animo
2659 2182 2830 2249 viros,
2854 2182 3039 2236 mirati
3065 2189 3195 2238 sunt
3219 2189 3272 2236 et
3304 2181 3577 2243 habitum
3605 2196 3791 2241 novum,
3878 2182 3880 2253 ξ

2212 2292 2366 2332 arma
2389 2282 2609 2348 quoque
2631 2285 2685 2349 et.
2707 2276 2964 2331 diﬂ‘usam
2987 2274 3229 2345 scapulis
3256 2275 3570 2340 cesariem,
3590 2284 3642 2328 et
3664 2289 3791 2343 supr
3878 2274 3880 2349 ς

2212 2368 2397 2423 omnia
2440 2368 2713 2438 ingentem
2759 2365 2929 2421 animi
2964 2365 3362 2421 constantiam.
3403 2363 3615 2420 Vestiti
3643 2374 3790 2417 autem
3878 2363 3880 2438 ξ

2211 2468 2369 2515 erant
2389 2459 2536 2531 sagis
2562 2468 2616 2513 et
2644 2458 2841 2514 armati
2863 2457 3043 2530 longis
3065 2458 3295 2523 lanceis,
3326 2457 3668 2523 stabantque
3691 2455 3793 2510 sal~

2212 2552 2328 2608 nixi
2363 2553 2548 2623 parvis
2581 2552 2776 2617 scutis,
2806 2551 3074 2630 habentes
3110 2550 3175 2605 ad
3217 2564 3386 2605 renes
3416 2549 3672 2605 cultellos
3698 2563 3784 2601 m-

2211 2659 2371 2716 gnos.
2415 2641 2651 2711 Quidam
2687 2657 2819 2698 vero
2858 2656 2929 2696 ex
2970 2640 3201 2696 Francis
3239 2639 3540 2707 dicebant,
3567 2638 3720 2694 tantis
3745 2652 3797 2690 ac
3878 2638 3880 2711 ξ

2214 2737 2416 2793 talibus
2436 2735 2632 2792 amicis
2657 2734 2899 2790 Francos
2925 2748 3037 2789 non
3068 2732 3338 2802 indigere,
3382 2747 3571 2803 genus
3596 2728 3797 2785 indomi-

2173 2838 2327 2885 -tum
2353 2828 2493 2896 fore,
2532 2828 2658 2884 etsi
2698 2836 3006 2898 presentem
3050 2834 3253 2880 terram
3285 2824 3690 2889 inhabitarent,
3714 2836 3796 2875 es
3878 2824 3880 2898 ἒ

2210 2924 2400 2996 procul
2440 2925 2609 2980 dubio
2646 2938 2791 2989 esse,
2827 2921 2923 2993 qui
2958 2919 3304 2975 Francorum
3349 2919 3687 2988 quandoque
3726 2914 3798 2945 “3

2210 3017 2574 3074 destruerent.
2617 3014 2993 3070 Theodericus
3035 3027 3167 3067 vero
3201 3011 3459 3081 propriis
3503 3009 3799 3065 utilitatibus

2211 3109 2525 3175 consulens,
2554 3107 2610 3162 in
2639 3107 2743 3163 ﬁde
2774 3105 3018 3176 suscepit
3043 3103 3217 3169 viros,
3248 3102 3633 3168 demandatus,
3666 3111 3718 3156 ut
3746 3102 3801 3155 ad
3878 3102 3880 3176 ξ

2212 3200 2635 3274 obpugnandam
2678 3198 2869 3254 urbem
2912 3204 3367 3268 prepararentur.
3407 3195 3486 3249 At
3529 3194 3604 3249 illi
3633 3210 3663 3248 a
3699 3208 3801 3263 rege
3878 3198 3880 3243 ξ

2210 3292 2470 3364 regressi,
2501 3299 2685 3347 castra
2728 3288 2918 3345 metati
2944 3296 3074 3343 sunt
3114 3286 3183 3340 ad
3210 3285 3589 3340 meridianam
3617 3285 3799 3356 plagam
3878 3288 3880 3359 ξ

2212 3386 2366 3441 urbis
2392 3385 2446 3439 in
2471 3383 2645 3454 pratis
2670 3381 2838 3437 ﬂuvio
2872 3378 3171 3449 contiguis,
3201 3384 3259 3432 et
3281 3387 3513 3447 postera
3541 3377 3631 3432 die
3652 3376 3797 3446 prima

2211 3478 2334 3534 luce
2361 3484 2670 3548 surgentes,
2714 3472 2949 3544 sumptis
2990 3469 3163 3526 armis
3198 3469 3472 3540 oppidum
3509 3470 3800 3540 ohpugnant

2211 3579 2266 3625 et
2293 3568 2611 3633 incendunt,
2647 3564 3142 3635 statimqueaeiem
3179 3562 3454 3617 ordinant
3491 3578 3564 3617 ex
3601 3561 3799 3616 adversus

2212 3670 2385 3733 portae
2425 3658 2729 3715 orientalis.
2776 3654 2842 3710 lli
2883 3648 3014 3710 vero
3059 3653 3154 3724 Qui
3206 3652 3364 3707 intus
3411 3662 3609 3718 erant,
3657 3650 3801 3706 classi

2213 3754 2410 3819 muris,
2434 3752 2564 3808 dum
2596 3751 2780 3806 vident
2821 3749 2967 3804 acies
2998 3747 3288 3803 ordinatas
3327 3762 3396 3802 ac
3431 3762 3494 3803 se
3524 3748 3584 3802 in

2214 3842 2579 3907 constitutos,
2635 3838 2894 3896 audacter
2943 3837 3116 3909 portis
3170 3845 3514 3906 erumpunt,
3576 3848 3803 3905 extaque
3878 3837 3880 3909 ί

2216 3946 2392 3990 marte
2435 3933 2492 3988 in
2524 3930 2870 3988 adversarios
2903 3929 3145 3994 irruunt,
3185 3934 3241 3980 ct
3279 3925 3411 3981 telis
3450 3926 3693 4003 emissis,
3730 3937 3803 3976 us

2216 4026 2441 4098 perinde
2466 4025 2645 4097 agitur
2674 4022 2889 4095 gladiis.
2912 4019 3165 4090 Cumque
3190 4033 3361 4091 grave
3404 4018 3615 4074 bellum
3656 4014 3804 4070 orire—
3878 4014 3880 4091 ξ

2218 4129 2328 4188 tur,
2371 4120 2558 4190 plures
2589 4118 2719 4173 hinc
2761 4115 2888 4171 inde
2934 4122 3281 4179 sternuntur,
3328 4112 3458 4169 istis
3489 4128 3595 4184 pro
3632 4110 3803 4182 patria.

2218 4227 2318 4282 pro
2345 4210 2609 4267 uxoribus
2639 4225 2704 4264 ac
2730 4207 2894 4273 natis,
2924 4214 3206 4278 postremo
3233 4221 3337 4276 pro
3369 4206 3491 4261 vita
3530 4204 3803 4276 pugnanti

2218 4306 2344 4372 bus,
2383 4302 2697 4359 Saxonibus
2721 4315 2852 4357 vero
2885 4314 2985 4370 pro
3024 4298 3199 4370 gloria
3224 4305 3284 4353 et
3315 4313 3423 4370 pro
3450 4307 3598 4354 terra
3636 4294 3799 4364 aequi-
3878 4308 3880 4372 ἰ

2220 4396 2386 4452 renda
2410 4392 2768 4451 certantibus.
2805 4391 3056 4462 Cumque
3091 4389 3300 4461 ubique
3340 4389 3541 4445 ﬁerent
3579 4388 3732 4444 cedes
3762 4393 3803 4437 et

522 4508 730 4546 vacare.
763 4489 867 4546 Sed
895 4488 1158 4551 vulnerati
1182 4493 1350 4546 nostri
1379 4492 1606 4562 forsitan
1636 4494 1736 4547 hac
1764 4511 1818 4549 re
1842 4494 2115 4566 indigent;
2149 4516 2191 4571 υ
2223 4488 2463 4543 ululatus
2483 4496 2537 4541 et
2558 4495 2812 4540 neutrum
2836 4498 3031 4554 agmen
3053 4482 3178 4537 loco
3204 4480 3451 4548 cederet,
3473 4481 3592 4553 iam
3620 4477 3803 4571 tardior

522 4593 823 4641 castrorum
845 4600 967 4654 ergo
987 4581 1138 4638 labor
1156 4585 1398 4655 impigris
1414 4585 1608 4639 animis
1630 4603 1747 4640 reor
1765 4603 1860 4656 pro
1880 4585 2117 4641 maxima

523 4676 791 4746 voluptate
834 4684 931 4730 est.
985 4672 1118 4729 Cesa
1154 4674 1496 4729 multitudine
1537 4677 1797 4730 exercitus
1841 4684 1918 4729 est
1964 4674 2114 4730 vehe-

524 4779 725 4821 menter
754 4778 1101 4831 attenuatus;
1129 4767 1368 4821 hostesne
1398 4783 1575 4821 omnes
1615 4768 1933 4827 evaserunt?
1963 4765 2117 4822 Certe

525 4858 808 4913 rarissimi.
861 4858 977 4928 Ipse
1016 4875 1240 4930 namque.
1269 4858 1380 4913 dua:
1410 4866 1466 4912 ut
1496 4858 1739 4929 quendam
1765 4857 1988 4914 bestiola
2019 4874 2118 4913 suo

525 4952 764 5005 munitur
815 4949 1065 5016 latibulo,
1114 4951 1260 5006 urbis
1300 4950 1969 5019 circumdaturoclaustro,
2025 4968 2116 5006 nec

525 5042 701 5111 ipsum
746 5052 934 5098 cretum
977 5044 1133 5097 audet
1183 5059 1363 5097 secure
1395 5042 1671 5112 inspicere,
1713 5050 1891 5096 nostro
1930 5043 2119 5096 timore

527 5143 755 5205 cogente.
803 5135 908 5189 Sed
953 5152 1052 5190 non
1083 5135 1269 5189 desunt
1312 5136 1359 5190 ei
1388 5135 1643 5204 pecuniw,
1682 5134 1870 5203 quibus
1914 5134 2115 5187 condu—

527 5235 719 5281 cantur
759 5230 998 5289 nationes
1045 5228 1302 5293 barbarar,
1336 5243 1437 5281 non
1461 5226 1602 5284 deest
1632 5224 1863 5279 militum
1907 5241 2093 5278 manus

2222 4582 2355 4635 hora
2378 4579 2609 4649 prelium
2632 4577 2871 4633 diremit.
2898 4574 2976 4629 Eo
3002 4574 3089 4629 die
3118 4589 3187 4629 ex
3214 4571 3523 4645 Thuringis
3549 4571 3706 4628 multi
3731 4570 3802 4623 in.

2217 4648 2450 4737 terfeeti,
2486 4670 2641 4725 multi
2664 4667 2894 4724 sauciati
2932 4673 3083 4732 sunt,
3109 4666 3179 4721 de
3210 4666 3531 4721 Saxonibus
3564 4678 3694 4719 vero
3718 4678 3803 4714 ιω-
3878 4648 3880 4719 ξ

2220 4772 2429 4820 morata
2458 4771 2588 4819 sunt
2617 4777 2714 4817 sex
2746 4759 2896 4815 milia
2924 4774 3072 4815 cesa.
3097 4757 3337 4813 Mittitur
3366 4758 3536 4831 igitur
3573 4755 3717 4825 [ring
3746 4752 3805 4805 ab

2220 4854 2533 4912 lrminl‘rido
2571 4870 2697 4911 cum
2737 4852 2971 4923 supplici
3017 4850 3294 4920 legatione
3316 4860 3374 4904 et
3411 4849 3671 4904 omnibus
3701 4847 3803 4899 thr-

2221 4949 2400 5006 sauris
2438 4948 2555 5004 suis
2579 4947 2646 5001 ad
2683 4945 3084 5000 Theodericum
3118 4957 3222 5012 pro
3249 4957 3386 5011 pace
3416 4956 3477 4995 ac
3514 4946 3799 5009 Sponsam

2219 5038 2515 5095 deditione.
2554 5035 2621 5091 Et
2660 5034 2926 5090 accedens
2969 5032 3153 5103 lring:
3198 5028 3353 5095 Hrec,
3394 5029 3486 5087 ait,
3536 5027 3641 5080 ubi

2223 5140 2344 5184 tuus
2362 5129 2629 5201 quondam
2655 5127 3002 5198 propinquus,
3026 5123 3182 5177 modo
3204 5137 3407 5186 servus,
3436 5134 3657 5188 rogans,
3684 5122 3739 5168 ut
3760 5114 3799 5164 si

2223 5238 2326 5276 non
2363 5222 2447 5275 sui
2477 5218 2798 5286 miserearis,
2840 5216 3046 5276 misera:
3070 5214 3263 5269 saltem
3288 5210 3484 5266 sororis
3518 5218 3636 5264 tu
3662 5208 3797 5261 nis:-

1802 5523 1866 5583 [γ
1879 5523 2059 5580 Mil/ﬁ
2097 5519 2497 5579 LECTIONES.

604 5796 771 5837 ""33
801 5804 1021 5854 unstrut
1053 5795 1103 5849 ΣΞ.
1185 5794 1275 5826 ¹²³’⁸
1311 5811 1533 5849 οιιιιιιιιυ
1568 5796 1619 5851 3.
