3880 6308
88 352 175 407 ἷξε)
875 368 879 372 ’
958 349 1321 410 LHRONICA.
1366 386 1435 396 --
1472 353 1864 411 CHRONICON
1904 354 2362 414 UNIVERSALE.

3212 362 3318 422 L53)

86 482 228 523 ream
260 471 598 536 nepotumque
622 470 831 519 tuorum
861 466 917 520 in
946 466 1141 523 ultima
1170 460 1478 525 necessitate
1506 487 1627 525 con-
1663 472 1709 530 A
1734 488 1923 543 parum
1948 472 2147 528 laboris
2168 484 2279 541 est;
2305 475 2582 546 sequimini
2608 491 2685 530 me
2706 473 2912 544 ducem,
2938 484 2988 532 et
3010 477 3107 531 hoc
3126 493 3317 535 canum

86 560 377 614 stitutorum.
404 555 541 610 Dum
568 556 686 612 haec
720 556 1016 615 lacrimans
1045 560 1294 630 dixisset,
1318 561 1629 633 interpella-

86 651 147 703 tio
188 647 485 719 principum
528 662 667 703 auro
719 659 1102 721 corruptorum
1150 651 1381 723 adjecit,
1441 653 1632 710 decere

86 739 397 794 clementiam
418 737 656 809 regalem
692 755 802 795 non
832 756 1090 811 spernere
1112 742 1440 816 legationem
1465 746 1631 801 talem

83 846 165 886 nec
185 844 521 886 communem
554 840 814 888 naturam
847 834 1115 903 oblivisci,
1148 836 1455 907 meliusque
1508 853 1630 894 esse

83 938 185 977 cum
211 920 262 975 in
282 921 385 976 ﬁde
408 921 708 992 suscipere,
735 936 896 994 quem
918 924 1033 994 jam
1056 934 1375 996 superatum
1400 927 1475 982 ita
1497 943 1631 982 con-

82 1022 268 1080 tereret,
298 1023 358 1069 ιιι
386 1030 672 1086 nunquam
715 1032 777 1072 SC
817 1026 1015 1073 contra
1038 1033 1162 1074 eum
1203 1019 1381 1075 levare
1420 1029 1625 1091 posset,

81 1123 217 1176 quam
239 1106 363 1162 illud
388 1122 562 1179 genus
583 1107 869 1164 hominum
894 1109 1223 1166 iadomabile
1244 1119 1298 1166 ct
1317 1112 1385 1167 ad
1408 1126 1627 1167 omnem

82 1200 287 1254 laborem
314 1198 682 1270 perdurabile,
719 1215 749 1256 a
771 1215 881 1271 quo
907 1202 1077 1258 nichil
1113 1203 1261 1259 aliud
1290 1213 1630 1275 exspectaret

81 1291 372 1347 Francorum
397 1291 689 1364 imperium
714 1293 820 1349 nisi
837 1293 1014 1350 solum
1038 1295 1368 1366 perieulum;
1396 1297 1628 1369 ideoque

80 1387 241 1441 melius
271 1401 391 1441 esse
416 1394 498 1453 ut,
531 1385 802 1457 susceptis
829 1384 1145 1461 Thuringis,
1175 1388 1377 1459 pariter
1405 1405 1500 1446 eos
1527 1390 1627 1461 eji-

81 1486 231 1534 cerent
257 1478 321 1534 de
360 1477 562 1534 ﬁnibus
590 1479 726 1534 suis.
754 1478 850 1535 llis
880 1479 1041 1536 dictis
1069 1480 1196 1536 licet
1227 1481 1429 1538 invitus
1457 1482 1626 1538 ﬂecti-

79 1577 148 1623 tur
180 1567 568 1637 Theodericus,
603 1571 984 1643 pmmisitque,
1027 1581 1247 1643 postera
1294 1573 1402 1640 die,
1425 1572 1623 1629 Irmin—

81 1659 245 1715 iridum
291 1676 347 1716 se
398 1670 786 1733 suscepturum
846 1662 1202 1735 Saxonesque
1256 1664 1620 1735 abjecturum.

81 1751 252 1818 Quibus
285 1752 428 1826 Iring
469 1754 695 1821 auditis,
736 1754 801 1809 ad
838 1755 1002 1825 pedes
1046 1757 1414 1827 prosternitur
1457 1758 1621 1829 regis,

80 1844 373 1916 Iaudausque
400 1847 733 1902 sententiam
763 1848 929 1920 regis,
960 1848 1075 1919 ipse
1107 1858 1265 1905 nocte
1293 1850 1384 1905 illa
1422 1851 1627 1907 mansit

80 1936 121 1989 in
154 1938 349 2003 castris,
391 1945 447 1991 et
492 1937 668 1993 misso
704 1938 775 1994 ad
824 1939 1108 1995 dominum
1151 1949 1339 2011 optato
1388 1944 1621 2011 nuncio,

80 2026 223 2097 ipsum
247 2028 545 2099 urbemque
575 2030 887 2086 securitatis
909 2032 1136 2103 replevit
1167 2034 1389 2106 gaudio.
1414 2034 1623 2092 Interea

78 2120 184 2174 urbe
211 2135 271 2175 ex
298 2136 429 2191 pace
465 2121 744 2192 promissa
786 2124 1067 2181 securiore
1094 2126 1324 2194 reddita,
1367 2142 1624 2199 egressus

76 2220 142 2266 est
167 2212 366 2282 quidam
400 2228 530 2268 cum
564 2214 845 2285 accipitre,
889 2216 1092 2272 victum
1130 2220 1428 2290 quaeritans
1456 2237 1621 2293 supra

77 2301 177 2358 litus
192 2302 328 2359 ﬁuvii
351 2305 684 2376 supradicti;
708 2306 804 2363 sed
817 2308 1083 2366 emissum
1097 2311 1373 2367 volucrem
1399 2313 1618 2383 quidam

76 2393 126 2449 de
158 2394 444 2454 Saxonibus
490 2397 548 2452 in
591 2398 711 2470 ripa
753 2401 998 2471 suscepit
1028 2402 1296 2459 ulteriori.
1345 2402 1621 2460 Emissore

76 2502 174 2543 vero
200 2493 410 2563 rogante
440 2498 508 2546 ut
544 2491 935 2560 remitteretur,
961 2493 1107 2549 Saxo
1138 2495 1375 2566 negavit.
1406 2493 1500 2550 Ille
1521 2511 1620 2551 au-

73 2586 157 2634 tem
177 2580 277 2635 ait:
316 2581 570 2651 Remitte,
601 2592 651 2638 et
692 2584 915 2655 prodam
948 2594 1203 2640 secretum
1232 2587 1329 2642 tibi
1359 2587 1620 2660 sociisque

76 2672 156 2724 tuis
194 2673 328 2729 utile.
374 2673 527 2731 Saxo
565 2685 829 2731 econtra:
879 2675 1001 2745 Dic,
1043 2678 1244 2749 inquit,
1292 2688 1349 2733 ut
1383 2681 1618 2752 accipias

75 2755 182 2830 quod
216 2765 397 2834 queris.
442 2764 632 2837 Reges,
665 2766 864 2837 inquit,
904 2784 1032 2838 pace
1065 2769 1204 2823 inter
1228 2786 1283 2824 se
1317 2769 1484 2841 facta,
1520 2771 1616 2828 de—

78 2869 316 2927 creverunt,
351 2871 410 2915 ut
439 2863 488 2916 si
519 2878 642 2916 cras
676 2863 733 2916 in
770 2864 961 2917 castris
993 2864 1354 2933 inveniamini,
1390 2875 1483 2921 aut
1522 2885 1610 2923 ca-

74 2949 255 3017 piamini
280 2962 367 3007 aut
386 2964 527 3008 certe
557 2954 894 3009 occidamini.
922 2955 1004 3011 Ad
1027 2955 1143 3012 haec
1166 2957 1257 3014 ille
1280 2977 1294 3013 :
1323 2956 1476 3015 Serio
1504 2961 1616 3017 ha'c

75 3040 153 3106 ais,
179 3058 241 3095 an
268 3042 387 3098 ludo
406 3046 432 3100 ?
462 3042 737 3113 Secunda,
769 3046 965 3117 inquit,
995 3046 1127 3103 hora
1151 3050 1323 3120 futuri
1352 3052 1462 3106 diei
1488 3071 1613 3124 pro-

1733 573 1890 635 caput
1932 581 2102 619 meum
2142 567 2285 621 vobis
2316 567 2492 635 trado,
2523 569 2572 622 si
2612 584 2715 622 non
2743 568 2970 624 evenerit
3000 571 3140 641 quod
3172 572 3311 628 dico.

1731 653 1880 711 Illius
1925 656 2091 728 igitur
2131 658 2354 728 optimis
2394 659 2577 715 verbis
2611 659 2800 728 erecti,
2843 660 2991 732 quod
3036 672 3319 733 supererat

1730 748 1838 804 diei
1889 750 1945 804 in
1998 750 2308 807 reﬁciendis
2368 751 2694 822 corporibus
2741 752 2859 808 suis
2908 754 3313 823 expendebant,

1729 840 1925 897 deinde
1952 840 2123 912 prima
2153 841 2339 913 vigilia
2373 844 2576 911 noctis,
2604 858 2711 914 qua
2742 844 2878 899 solet
2907 859 3072 915 sopor
3099 847 3317 917 gravior
3356 910 3363 921 ,

1731 947 2002 1003 occupare
2052 934 2331 999 mortales,
2374 934 2501 990 dato
2546 935 2723 1006 signo,
2773 944 2998 991 sumunt
3023 951 3197 1003 arma,
3235 945 3314 1005 et,

1728 1024 2053 1094 precedeute
2077 1024 2235 1091 duce,
2265 1024 2485 1080 irruunt
2511 1040 2677 1096 super
2705 1041 2915 1094 muros,
2946 1025 3315 1083 invenientes-

1728 1132 1836 1188 que
1876 1133 1973 1174 eos
2012 1117 2133 1173 sine
2173 1118 2375 1188 vigiliis
2411 1134 2476 1174 ac
2517 1120 2862 1187 custodibus,
2909 1120 3143 1191 ingressi
3185 1128 3316 1176 sunt

1729 1205 1920 1260 urbem
1944 1221 2069 1261 eum
2091 1206 2332 1261 clamore
2355 1222 2574 1280 magno.
2600 1207 2721 1275 Quo
2742 1209 2963 1264 excitati
2989 1210 3310 1275 adversarii,

1728 1297 1821 1352 alii
1856 1296 1982 1367 fuga
2011 1298 2243 1353 salutem
2273 1300 2613 1369 quesierunt,
2639 1300 2730 1354 alii
2760 1317 2857 1371 per
2880 1302 3089 1371 plateas
3112 1310 3164 1357 et
3191 1319 3309 1356 mu-

1726 1404 1821 1445 ros
1845 1388 1998 1446 urbis
2022 1398 2082 1445 ut
2110 1390 2247 1445 ebrii
2277 1400 2622 1459 erraverunt,
2651 1392 2745 1447 alii
2778 1392 2834 1446 in
2867 1391 3131 1460 Saxones,
3166 1393 3313 1447 cives

1728 1500 1860 1540 suos
1881 1493 2158 1555 putantes,
2192 1484 2521 1539 inciderunt.
2551 1483 2631 1538 Illi
2669 1499 2801 1539 vero
2836 1498 3027 1540 omnes
3060 1484 3312 1555 perfecta:

1725 1576 1900 1631 astatis
1926 1577 2090 1630 morti
2119 1575 2481 1642 tradiderunt,
2510 1575 2822 1647 impuberes
2845 1576 3041 1646 praedae
3062 1591 3305 1632 servave-

1724 1674 1873 1743 runt.
1908 1663 2256 1721 lrminfridus
2296 1674 2478 1720 autem
2521 1664 2841 1736 requisitus,
2882 1681 3005 1720 cum
3052 1681 3221 1720 uxore
3250 1681 3313 1721 ac

1727 1755 1852 1809 ﬁliis
1898 1770 2182 1825 paucaque
2227 1755 2488 1810 comitatu
2542 1756 2786 1812 evasisse
2845 1764 3158 1826 compertus
3207 1764 3312 1812 est.

1728 1847 1885 1915 Quod
1915 1849 2144 1904 audiens
2176 1847 2568 1915 Theodericus,
2602 1850 2732 1919 egit,
2765 1856 2826 1903 ut
2864 1848 2992 1903 dolo
3026 1861 3313 1902 revocare-

1724 1950 1814 1995 tur
1841 1951 1897 1996 et
1929 1939 2077 2011 Iring
2103 1955 2229 1995 eum
2258 1940 2605 2007 interﬁceret,
2651 1941 2913 2012 quatinus
2944 1939 3316 1995 Theodericus

1723 2031 1883 2101 quasi
1924 2031 2139 2086 alienus
2189 2030 2259 2086 ab
2291 2031 2413 2101 ejus
2458 2032 2589 2088 cede
2639 2032 2984 2086 consisteret.
3027 2029 3144 2085 Hoc
3185 2044 3312 2084 cum

1722 2121 1867 2195 Iring
1903 2138 2030 2195 egre
2071 2124 2425 2194 suscepisset,
2468 2124 2645 2180 victus
2683 2122 2967 2178 fallacibus
3001 2121 3311 2192 promissis,

1721 2214 1880 2286 quasi
1904 2215 2119 2288 magnis
2141 2212 2464 2271 muneribus
2488 2215 2627 2271 foret
2647 2215 2935 2271 donandus
2957 2229 3020 2268 ac
3040 2221 3316 2283 potestate

1721 2323 1919 2379 magna
1967 2309 2023 2363 in
2072 2325 2242 2381 regno
2285 2309 2686 2376 sublimandus,
2736 2308 2955 2363 tandem
3006 2307 3311 2372 consensit,

1721 2415 1890 2471 seque
1919 2400 2186 2457 voluntati
2210 2402 2331 2474 ejus
2358 2392 2549 2473 parere
2571 2403 2843 2474 promisit.
2870 2402 3176 2458 Revocatus
3211 2401 3302 2473 igi-

1721 2499 1812 2546 tur
1862 2490 2242 2561 Irminfridus,
2287 2494 2654 2565 prosternitur
2698 2495 2946 2565 vestigiis
2990 2493 3313 2551 Theoderici

1719 2579 1865 2654 Iring
1886 2598 2018 2639 vero
2047 2594 2202 2641 stans
2232 2585 2429 2655 juxta;
2467 2585 2626 2656 quasi
2658 2587 2898 2658 armiger
2923 2586 3088 2656 regis,
3125 2586 3310 2657 evagi-

1718 2682 1849 2730 nato
1871 2675 2053 2746 gladio
2075 2685 2410 2747 prostratum
2435 2678 2719 2733 dominum
2743 2677 3056 2733 trucidavit.
3085 2676 3297 2732 Statim-

1718 2780 1827 2835 que
1851 2782 1948 2821 rex
1994 2767 2070 2821 ait
2099 2768 2165 2823 ad
2207 2783 2331 2822 eum
2361 2786 2375 2822 :
2416 2768 2558 2834 Quia
2589 2769 2867 2823 dominum
2891 2771 3055 2823 'tuum
3088 2768 3307 2839 interfe—

1719 2856 1863 2923 cisti,
1907 2873 2003 2926 pro
2049 2857 2148 2910 tali
2197 2857 2434 2927 facinore
2475 2857 2715 2911 omnibus
2760 2856 3073 2911 mortalibus
3121 2857 3312 2911 merito

1718 2947 1953 3015 odiosus,
1977 2948 2117 3002 ciam
2143 2947 2329 3002 habeto
2349 2954 2587 3018 apertam
2611 2948 2915 3003 discedendi
2938 2965 2971 3002 a
2997 2948 3177 3014 nobis;
3201 2964 3314 3002 sor-

1721 3047 1823 3093 tem
1850 3040 1929 3095 vel
1954 3048 2155 3111 partem
2182 3049 2287 3095 tua:
2307 3042 2556 3113 nequitia:
2581 3042 2827 3098 nolumus
2855 3044 3063 3098 habere.
3094 3043 3307 3109 Merito,

76 3130 204 3200 babit,
233 3136 361 3205 quod
387 3139 503 3192 sine
531 3136 658 3191 ludo
681 3155 769 3193 vos
809 3156 962 3210 agere
988 3148 1245 3211 oporteat.
1281 3143 1615 3217 Quapropter

1725 3130 1904 3201 inquit
1930 3130 2095 3203 Iring,
2125 3130 2340 3187 odiosus
2376 3134 2579 3187 cunctis
2609 3149 2858 3204 appareo,
2888 3136 2980 3206 qui
3015 3136 3121 3190 tuis
3149 3137 3307 3206 parui

74 3225 184 3278 rotis
211 3228 330 3297 ipsis
375 3217 639 3285 consulite
667 3239 718 3285 et
763 3230 890 3303 fuga
932 3232 1159 3289 salutem
1201 3238 1419 3307 querite.
1467 3238 1612 3297 Saxo

73 3316 220 3372 statim
252 3320 525 3378 volucrem
558 3323 759 3390 emisit,
793 3324 1069 3396 sociisque
1099 3328 1286 3383 retulit
1311 3346 1433 3399 qua:
1457 3332 1615 3387 audi-

73 3407 145 3463 vit.
165 3409 255 3477 Qui
276 3414 404 3471 satis
425 3415 714 3481 commoti,
739 3415 793 3470 in
824 3427 1079 3488 promptu
1103 3435 1213 3475 non
1258 3420 1612 3478 inveniebant

73 3500 174 3569 quid
201 3519 351 3575 super
374 3506 458 3564 his
481 3522 647 3579 agere
671 3508 1006 3564 debuissent.
1034 3508 1169 3566 Erat
1191 3521 1372 3568 autem
1398 3524 1527 3570 tunc
1555 3514 1611 3570 in

72 3594 228 3651 castris
259 3599 471 3670 quidam
512 3599 582 3655 de
620 3600 896 3656 veteranis
941 3603 1208 3659 militibus
1249 3604 1365 3675 jam
1406 3608 1609 3676 senior,

72 3684 143 3738 sed
164 3687 303 3745 viridi
329 3693 509 3749 adhuc
543 3701 823 3749 senectute
846 3694 1058 3766 vigens,
1086 3696 1181 3767 qui
1217 3698 1414 3753 merito
1440 3700 1613 3756 bona-

72 3790 164 3832 rum
190 3782 432 3840 virtutum
479 3794 639 3856 pater
668 3796 886 3857 patrum
916 3788 1222 3858 dicebatur,
1251 3791 1474 3846 nomine
1501 3790 1612 3847 Ha-

72 3875 236 3939 tugato.
257 3873 352 3931 Hic
369 3879 640 3950 arripiens
664 3880 943 3948 vexillum,
972 3881 1119 3951 quod
1140 3882 1284 3952 apud
1316 3896 1411 3937 eos
1438 3882 1609 3939 habe-

72 3957 198 4019 batur
237 3983 466 4039 sacrum,
526 3972 702 4028 leonis
759 3980 924 4044 atque
976 3973 1235 4043 draconis
1283 3983 1338 4030 et
1380 3974 1614 4045 desuper

72 4055 228 4121 aquila:
265 4061 494 4119 volantis
536 4063 857 4134 insignitum
899 4063 1103 4136 cﬁigie,
1151 4079 1264 4135 quo
1312 4073 1613 4121 ostentaret

71 4138 360 4208 fortitudinis
388 4163 557 4226 atque
585 4156 889 4226 prudentia:
915 4165 971 4211 et
1000 4172 1190 4212 earum
1219 4172 1404 4212 rerum
1431 4157 1611 4213 enica-

71 4233 197 4305 ciam,
229 4250 278 4297 et
315 4255 461 4302 motu
512 4248 761 4318 corporis
806 4248 976 4305 animi
1012 4250 1380 4307 constantiam
1424 4249 1608 4306 decla-

71 4340 187 4398 rans,
214 4333 317 4390 ait:
359 4337 644 4410 Hucusque
684 4342 821 4394 inter
857 4343 1082 4411 optimos
1114 4339 1353 4405 Saxones
1384 4344 1523 4411 rtxi,
1558 4352 1609 4398 et

71 4416 122 4468 ad
149 4420 265 4477 hanc
293 4427 396 4496 fere
433 4428 682 4483 ultimam
707 4439 1022 4485 senectutem
1057 4440 1188 4487 tetas
1230 4448 1310 4486 me
1337 4431 1605 4502 perduxit,

1719 3222 1891 3290 dolis;
1937 3233 2220 3296 antequam
2267 3233 2443 3279 tamen
2480 3241 2685 3292 exeam,
2726 3227 2960 3298 purgabo
3004 3227 3102 3281 hac
3137 3228 3308 3283 scelus

1720 3336 1912 3387 meum,
1941 3320 2257 3375 vindicando
2291 3320 2565 3375 dominum
2611 3338 2784 3375 meum
2802 3338 2820 3388 ;
2850 3330 2905 3377 et
2932 3330 2992 3376 ut
3019 3322 3310 3393 evaginato

1719 3410 1900 3482 gladio
1926 3412 2094 3477 stetit,
2120 3412 2300 3483 ipsum
2330 3427 2550 3483 quoque
2579 3410 2977 3469 Theodericum
3013 3412 3309 3468 obtrunca-

1718 3504 1815 3571 vit,
1848 3520 2181 3575 sumensquc
2205 3521 2407 3576 corpus
2430 3504 2660 3571 domini,
2684 3506 2868 3575 posuit
2890 3520 3055 3576 super
3075 3505 3309 3561 cadaver

1718 3595 2060 3663 Theoderici,
2092 3606 2153 3652 ut
2194 3598 2438 3652 vinceret
2468 3597 2660 3653 saltem
2694 3606 2967 3665 mortuus,
3000 3596 3093 3667 qui
3123 3595 3308 3652 vince—

1716 3688 1877 3743 batur
1899 3689 2080 3756 vivus,
2110 3689 2365 3760 viamque
2390 3688 2534 3745 ferro
2557 3688 2786 3757 faciens,
2809 3689 3080 3745 discessit.
3112 3686 3171 3744 Si
3197 3703 3305 3759 qua

1716 3776 1849 3833 ﬁdes
1881 3778 1969 3833 bis
2002 3778 2164 3864 dictis
2192 3778 2539 3847 adhibeatur,
2569 3794 2740 3850 penes
2774 3779 3033 3835 lectorem
3059 3788 3163 3845 est,
3199 3779 3299 3834 mi.

1687 3864 1826 3924 ’rari
1863 3878 2045 3926 tamen
2088 3886 2197 3925 non
2229 3881 2525 3940 possumus
2561 3872 2699 3928 satis
2754 3871 2954 3928 famam
2996 3873 3054 3928 in
3091 3882 3305 3935 tantum

1715 3962 2073 4032 prevaluisse,
2105 3972 2166 4018 ut
2197 3964 2404 4020 lacteus
2429 3965 2545 4021 caeli
2572 3966 2814 4021 circulus
2842 3964 3040 4037 Iringis
3079 3966 3304 4022 nomine

1715 4053 2104 4126 lringesstraza
2137 4071 2312 4127 usque
2339 4057 2393 4111 in
2420 4073 2648 4128 presens
2671 4058 2745 4113 sit
2765 4067 3006 4113 notatus.
3038 4057 3094 4112 In
3127 4057 3305 4113 Fran-

1714 4160 1907 4201 corum
1929 4162 2060 4201 vero
2081 4148 2249 4218 gestis
2276 4148 2476 4220 legitur
2497 4149 2569 4219 (e.
2593 4148 2707 4219 22),
2735 4150 2884 4219 quod
2912 4148 3304 4216 Theodericus,

1713 4238 1840 4295 data
1885 4240 1989 4296 ﬁde
2023 4239 2358 4309 lrminfrido,
2389 4242 2457 4297 ad
2499 4241 2815 4297 Tulbiacam
2856 4241 3133 4297 civitatem
3175 4256 3302 4296 eum

1714 4331 1780 4386 ad
1807 4347 1867 4388 se
1902 4332 2091 4387 venire
2135 4331 2346 4401 fecerit,
2372 4342 2427 4389 et
2470 4348 2596 4389 cum
2639 4347 2803 4403 supra
2838 4345 3029 4387 muros
3067 4331 3304 4387 civitatis

1714 4425 2179 4496 colloquerentur,
2225 4426 2544 4497 compulsus
2581 4425 2670 4480 ille
2704 4425 2771 4479 de
2815 4438 2977 4479 muro
3012 4422 3066 4478 in
3100 4432 3301 4478 terram

71 4514 106 4557 σε
127 4525 362 4584 nunquam
406 4517 643 4574 Saxones
679 4536 819 4574 meos
864 4521 1043 4592 fugere
1077 4522 1216 4589 ridi,
1262 4530 1313 4576 et
1348 4522 1608 4593 quomodo
1643 4517 1685 4573 D
1711 4518 1983 4573 corruerit
2004 4518 2191 4588 sicque
2219 4527 2469 4574 mortuus
2500 4518 2590 4584 sit,
2617 4531 2860 4586 suosque
2882 4516 3021 4571 ﬁlios
3049 4515 3301 4570 Theode-

72 4615 177 4655 mmc
198 4622 339 4679 cogor
365 4628 519 4682 agere
558 4612 696 4682 quod
726 4630 995 4684 nunquam
1036 4614 1246 4668 didici?
1279 4613 1493 4669 Certare
1524 4615 1609 4669 di-

71 4692 167 4760 dici,
193 4700 355 4770 fugere
378 4704 562 4775 ignoro
586 4722 677 4760 nec
706 4705 871 4760 ualeo.
900 4704 958 4761 Si
986 4707 1101 4777 fata
1132 4724 1232 4762 non
1256 4708 1437 4762 sinunt
1465 4708 1609 4764 ultra

71 4782 218 4850 rivers,
239 4790 386 4848 liceat
403 4795 616 4863 saltem,
631 4796 952 4867 quod‘michi
975 4796 1344 4852 dulcissimum
1364 4807 1462 4865 est,
1487 4817 1608 4854 cum

71 4878 219 4934 aulicis
249 4888 563 4944 occumbere.
596 4887 851 4961 Exemplo
887 4891 1046 4945 michi
1077 4902 1199 4945 sunt
1229 4902 1467 4963 paterna:
1496 4894 1607 4947 cir-

72 4973 196 5054 tutes,
221 4977 498 5032 amicorum
528 4996 749 5050 corpora
775 4981 921 5034 circa
952 4998 1043 5035 nos
1069 4992 1360 5052 prostrata,
1386 4983 1475 5054 qui
1500 5000 1609 5037 ma-

71 5053 240 5117 luerunt
277 5070 407 5123 mori
441 5088 599 5142 quam
628 5072 788 5140 vinci,
832 5074 1088 5144 impigras
1123 5076 1331 5128 animas
1366 5077 1607 5129 amittere

71 5164 195 5215 quam
234 5174 400 5215 coram
442 5164 673 5220 inimicis
718 5164 832 5219 loco
869 5167 1066 5220 cedere.
1114 5166 1217 5221 Sed
1248 5168 1375 5238 quid
1404 5183 1607 5221 necesse

71 5240 198 5300 habeo
218 5253 619 5313 exhortationem
643 5258 948 5329 protrahere
982 5267 1187 5312 tantum
1214 5261 1277 5314 de
1307 5269 1605 5330 contemptu

71 5341 258 5396 mortis?
295 5344 424 5403 Ecce
452 5348 520 5402 ad
557 5366 765 5405 securos
800 5349 1015 5416 ibimus,
1062 5352 1131 5405 ad
1166 5351 1342 5406 cedem
1374 5362 1602 5419 tantum,

71 5440 149 5479 ηυη
184 5433 246 5485 ad
287 5452 528 5509 pugnam.
582 5440 726 5495 Nam
765 5442 830 5497 de
865 5443 1125 5512 promissa
1157 5460 1286 5514 pace
1330 5461 1393 5498 ac
1426 5454 1604 5499 nostro

71 5523 191 5583 θναυὶ
218 5527 413 5585 vulnere
436 5534 625 5592 securi.
654 5533 818 5590 nichil
864 5537 1208 5605 suspicantur
1236 5537 1445 5591 adversi
1459 5554 1476 5601 ;
1506 5538 1602 5592 ho-

71 5606 220 5665 dierno
251 5633 443 5690 quoque
487 5623 669 5692 pra'lio
711 5624 949 5695 fatigati,
995 5628 1435 5696 quemadmodum
1483 5639 1605 5682 sunt

71 5698 159 5787 {ille
185 5717 328 5776 metu,
360 5714 433 5766 ita
459 5715 567 5770 siue
595 5716 790 5787 vigiliis
831 5731 878 5771 et
915 5716 1075 5771 solita
1097 5720 1338 5772 custodia
1370 5730 1600 5775 manent.

72 5780 311 5852 Irruamus
344 5800 503 5871 igitur
526 5820 681 5876 super
709 5806 1021 5877 improvisos
1043 5816 1091 5862 ct
1123 5824 1304 5864 somno
1341 5809 1601 5881 sepultos;

1711 4611 1863 4667 ricus
1889 4610 2193 4666 interﬁcere
2209 4611 2456 4682 jusserit.
2487 4608 2656 4680 (Win.
2688 4608 2726 4663 ι.
2754 4608 2819 4679 ι.)
2849 4606 3094 4663 Saxones
3120 4615 3303 4662 autem

1711 4705 1853 4761 bello
1875 4714 2098 4775 peracto
2121 4704 2326 4760 reversi
2347 4704 2415 4759 ad
2439 4703 2835 4758 Theodericum
2862 4700 2919 4755 in
2942 4709 3147 4766 castra,
3166 4699 3305 4756 bene

1711 4798 1781 4853 ab
1807 4813 1872 4853 eo
1896 4807 2022 4854 sunt
2049 4798 2288 4868 suscepti
2319 4796 2563 4867 satisque
2589 4794 2795 4851 laudati
2820 4802 2875 4849 et
2894 4793 3134 4864 presenti
3158 4802 3303 4849 terra

1712 4890 1767 4944 in
1802 4900 2058 4946 mternam
2106 4888 2510 4960 possessionem
2555 4886 2765 4954 donati,
2812 4885 2951 4943 socii
2992 4899 3213 4957 quoque
3249 4893 3304 4939 et

1712 4984 1871 5038 amici
1900 4983 2237 5038 Francorum
2264 4984 2517 5053 appellati
2539 4991 2687 5048 sunt,
2713 4995 2950 5051 moxque
2975 4980 3188 5046 urbem,
3212 4979 3301 5035 cui

1713 5079 1783 5132 ab
1808 5079 1951 5147 igne,
1977 5086 2038 5131 ut
2059 5077 2298 5146 propriis
2330 5076 2625 5141 manibus,
2649 5079 3031 5145 pepercerunt,
3062 5071 3299 5142 primum

1714 5167 2079 5222 incoluerunt.
2106 5164 2345 5236 (Transl.
2373 5164 2429 5220 S.
2456 5163 2583 5234 AI.)
2612 5163 2838 5219 Terram
2863 5177 2994 5219 vero
3020 5169 3299 5232 acceptam

1712 5269 1860 5314 sorte
1895 5259 2222 5326 dividentes,
2251 5274 2377 5314 cum
2409 5257 2565 5312 multi
2599 5273 2669 5312 ex
2695 5256 2776 5313 eis
2811 5257 2868 5311 in
2900 5256 3045 5312 bello
3070 5253 3315 5366 occidis]

1709 5358 1832 5407 sent
1851 5360 1906 5406 et
1926 5365 2026 5421 pro
2048 5350 2272 5405 raritate
2299 5349 2382 5406 sui
2412 5358 2584 5405 totam
2610 5364 2882 5420 occupare
2908 5362 3022 5405 non
3049 5355 3297 5419 possent,

1674 5492 1687 5502 ,
1710 5451 1916 5513 partem
1942 5442 2109 5507 illius,
2134 5450 2189 5496 ct
2210 5456 2331 5495 eam
2360 5457 2526 5511 quam
2550 5441 2790 5497 maxime
2823 5456 2948 5512 qua:
2972 5440 3196 5511 respicit
3224 5438 3294 5494 ad

1705 5536 1990 5600 orientem,
2021 5532 2232 5589 colonis
2255 5533 2540 5589 tradebant
2559 5535 2661 5589 sub
2681 5534 2889 5590 tributo
2908 5533 3293 5596 exercendam,

1706 5638 1882 5683 cetera
1911 5641 2041 5681 vero
2061 5627 2182 5682 loca
2212 5625 2316 5695 ipsi
2339 5627 2734 5697 possederunt;
2762 5643 2794 5681 a
2821 5625 3048 5683 meridie
3071 5624 3294 5695 quidem

1706 5720 1949 5775 Francos
1999 5718 2262 5775 habentes
2309 5729 2365 5775 et
2410 5728 2622 5790 partem
2673 5718 3110 5791 Thuriugorum,
3155 5731 3296 5786 quos

1707 5814 2003 5883 precedcus
2034 5814 2250 5870 hostilis
2276 5813 2440 5870 turbo
2470 5829 2577 5869 non
2606 5812 2801 5883 tetigit,
2830 5820 2881 5871 et
2924 5811 3076 5867 alveo
3106 5808 3289 5871 ﬁumi-
