3880 6308
583 277 688 343 €91

1757 287 2157 346 unumunum
2195 288 2671 348 unauemxsrs
3649 303 3717 362 επ
3794 252 3795 329 i

585 401 675 457 nis
702 395 993 457 Unstroda:
1020 396 1375 467 dirimuntur,
1402 415 1432 455 a
1462 404 1832 473 septentrione
1857 419 1988 459 vero
2014 403 2179 461 Nort-
2203 411 2255 470 Α
2281 398 2475 464 rabilia
2502 424 2767 465 ranarum
2791 409 3247 481 supersticionum
3269 428 3459 487 genera,
3491 420 3714 490 ιιιιίικιείη.

587 506 842 560 mannos,
872 504 1062 563 gemes
1107 490 1502 559 ferocissimas,
1540 495 1612 549 ab
1650 504 1775 550 ortu
1810 506 1993 577 autem
2044 499 2179 555 solis

586 584 906 653 Ohodritos,
934 593 991 641 et
1032 585 1103 640 ab
1129 600 1329 642 occasu
1359 586 1600 656 Friesos,
1637 606 1669 645 a
1705 591 1908 662 quibus
1935 593 2054 648 sine
2095 594 2180 649 in-

589 678 941 734 termissione
988 677 1075 733 vel
1130 676 1337 736 foedere
1389 681 1475 736 vel
1523 684 1932 741 concertatione
1984 685 2179 743 ﬁnium

586 785 814 826 suorum
866 770 1051 841 spacia
1090 772 1407 831 necessario
1460 775 1773 833 tuebantur.
1818 775 2177 834 Erantenim

586 865 816 936 inquieti
847 866 1015 923 nimis
1046 874 1102 923 et
1138 868 1499 926 ﬁnitimorum
1534 871 1758 929 sedibus
1799 873 2004 942 infesti,
2029 877 2178 933 domi

586 972 716 1012 vero
743 958 920 1028 pacati
946 968 999 1014 et
1020 960 1223 1016 civium
1251 962 1581 1019 utilitatibus
1608 965 1819 1036 placida
1846 967 2180 1040 benignitate

585 1052 958 1119 consulentes,
993 1054 1207 1125 generis
1235 1071 1456 1127 quoque
1483 1073 1549 1113 ac
1570 1059 1874 1116 nobilitatis
1904 1076 2018 1116 sua:
2047 1077 2177 1133 pro.

584 1143 924 1200 vidissimam
951 1160 1140 1201 curam
1172 1146 1457 1220 habentes,
1482 1165 1584 1206 nec
1603 1149 1763 1207 facile
1791 1151 1919 1209 ullis
1945 1153 2179 1221 aliarum

587 1234 831 1303 gentium
860 1236 945 1290 vel
991 1237 1093 1292 sibi
1137 1237 1463 1295 inferiorum
1506 1242 1757 1298 conubiis
1798 1243 2007 1312 infecti,
2045 1262 2178 1316 pro-

582 1325 760 1395 priam
792 1334 847 1381 et
869 1326 1140 1383 sinceram
1165 1336 1220 1383 et
1242 1337 1454 1385 tantum
1480 1332 1566 1386 sui
1599 1332 1832 1388 similem
1859 1343 2072 1405 gentem
2098 1334 2180 1391 fa-

582 1433 707 1473 cere
736 1419 919 1473 conati
964 1428 1111 1475 sunt.
1146 1419 1302 1476 Unde
1343 1423 1564 1479 habitus
1602 1438 1824 1495 quoque
1864 1442 1930 1481 ac
1968 1428 2181 1499 magni-

584 1507 718 1562 tudo
740 1522 1033 1577 corporum
1056 1524 1448 1582 comarumque
1470 1514 1641 1580 color,
1664 1522 1925 1585 tanquam
1951 1516 2005 1571 in
2027 1525 2179 1572 tanto

588 1612 825 1652 numero
847 1598 1156 1668 hominum,
1181 1600 1323 1655 idem
1347 1618 1485 1672 pene
1507 1604 1783 1661 omnibus.
1809 1605 2058 1673 Quatuor
2078 1606 2180 1678 igi—

2280 490 2819 571 plicititenebantur,
2845 502 3271 572 observaverint,
3292 517 3524 578 pretereo;
3541 513 3715 578 imum
3794 512 3795 578 ξ

2280 591 2404 648 ideo
2436 588 2889 660 commemoravi,
2915 610 3027 666 quo
3054 596 3293 666 prudens
3316 598 3463 656 lector
3499 617 3715 674 agnoscat:
3794 598 3795 674 ξ

2279 683 2503 754 quantis
2530 680 2778 743 erratum
2806 685 3048 742 tenebris
3074 680 3290 757 per'Dei
3309 690 3505 760 gratiam
3531 695 3613 750 sint
3634 697 3718 755 libo-
3794 680 3795 751 ξ

2278 775 2418 844 rati;
2442 775 2535 846 qui
2558 784 2737 845 erant,
2760 777 2904 833 sicut
2926 791 3121 832 omnes
3144 777 3383 835 nationes
3393 779 3655 840 Germaniam
3669 789 3718 843 in-
3794 776 3795 851 Ῑ

2279 868 2542 934 colentes,
2585 876 2640 924 et
2661 877 2858 924 natura
2887 867 3100 925 feroces
3139 878 3194 926 et
3221 870 3381 936 cultui
3406 873 3643 932 daemonum
3663 879 3719 935 ὼ·
3794 868 3795 911 Ῑ

2277 959 2378 1014 diti
2406 974 2656 1032 veraeque
2683 960 2933 1032 religioni
2958 962 3243 1030 contrarii,
3269 978 3431 1034 neque
3452 966 3593 1021 divina
3614 986 3721 1041 neque

2279 1052 2522 1107 humana
2568 1052 2694 1122 jura
2736 1053 3045 1124 transgredi
3088 1053 3337 1109 illicitum
3370 1056 3444 1111 vel
3480 1057 3720 1117 inhonesta
3794 1052 3795 1109 1

2278 1152 2553 1216 putantes.
2578 1143 2735 1200 Unde
2756 1144 2961 1201 factum
2986 1152 3070 1200 est
3090 1146 3238 1216 quad
3257 1161 3377 1205 cum
3413 1147 3607 1204 ﬁnitimis
3639 1154 3721 1219 suis,

2277 1246 2333 1292 et
2366 1237 2603 1293 maxime
2631 1254 2757 1294 cum
2786 1237 3036 1306 Francis,
3071 1237 3195 1294 lites
3226 1247 3385 1310 atque
3410 1240 3642 1298 discordias
3664 1244 3722 1297 ln-

2277 1330 2501 1398 hebant,
2541 1329 2671 1400 quia
2713 1330 2974 1386 suberant
3015 1345 3195 1386 causa:
3247 1347 3364 1402 qua:
3408 1333 3723 1403 cottidicpacem

2277 1422 2599 1493 perturbare
2652 1429 2935 1492 poterant,
2993 1420 3215 1477 termini
3270 1422 3495 1478 videlicet
3538 1425 3724 1479 amborum

2277 1530 2418 1585 pene
2446 1514 2650 1584 ubique
2675 1514 2731 1569 in
2761 1514 2995 1585 planicie
3016 1514 3281 1586 contigui,
3302 1525 3466 1589 preter
3488 1533 3619 1589 parua
3640 1518 3725 1584 lora,

2279 1607 2335 1662 in
2357 1607 2560 1678 quibus
2590 1607 2673 1661 vel
2708 1608 2887 1661 saltus
2920 1606 3102 1677 magni
3132 1607 3217 1661 vel
3248 1606 3490 1662 montium
3509 1606 3607 1679 juga
3625 1609 3726 1663 inut-

585 1696 679 1742 tur
703 1689 1040 1746 differentias
1070 1706 1204 1762 gens
1228 1693 1318 1747 illa
1356 1694 1410 1748 in
1432 1696 1880 1766 ’mhbuit,
1909 1698 2176 1753 nobilium
2210 1765 2244 1769 _
2280 1699 2460 1769 posita
2487 1707 2849 1768 utrorumque
2878 1714 3039 1769 agros
3065 1705 3215 1752 certo
3253 1697 3413 1753 limite
3448 1699 3726 1766 disterminant,

586 1780 797 1836 scilicet
830 1796 896 1837 ac
944 1782 1265 1852 liberorum,
1304 1765 1627 1843 libertorum
1663 1797 1828 1859 atque
1871 1806 2175 1859 servorum,
2210 1765 2252 1819 Β
2282 1765 2336 1846 in
2368 1791 2572 1862 quibus
2600 1765 2777 1846 cedes
2812 1799 2869 1845 et
2901 1765 3107 1859 rapina:
3136 1798 3299 1861 atque
3336 1789 3550 1845 incendia
3576 1791 3727 1845 vicissim

586 1881 643 1927 et
673 1872 727 1927 id
758 1873 972 1945 legibus
1015 1875 1290 1933 ﬁrmatum
1333 1888 1438 1946 est,
1469 1888 1531 1935 ut
1560 1881 1707 1935 nulla
1744 1897 1872 1952 pars
1902 1881 1955 1935 in
2004 1898 2177 1953 copu-

586 1963 768 2021 landis
790 1966 1061 2039 conjugiis
1099 1970 1337 2041 propriae
1374 1972 1540 2041 sortis
1567 1973 1833 2030 terminos
1859 1974 2177 2043 transferat,

588 2054 682 2110 sed
712 2056 913 2113 nobilis
950 2059 1189 2115 nobilem
1233 2061 1398 2118 ducat
1429 2078 1656 2118 uxorem
1684 2073 1739 2118 et
1765 2065 1903 2120 liber
1926 2066 2178 2133 liberam,

587 2146 816 2204 libertus
865 2150 1231 2222 conjungatnr
1278 2152 1491 2210 libertae
1527 2162 1581 2210 et
1603 2170 1797 2211 servus
1837 2157 2070 2212 ancillae.
2121 2155 2181 2214 Si

586 2256 720 2295 vero
750 2243 1025 2313 quispiam
1062 2245 1260 2301 horum
1286 2246 1393 2303 sibi
1430 2263 1538 2302 non
1578 2257 1971 2326 congruentem
2001 2259 2054 2306 et
2084 2266 2180 2323 ge-

587 2347 720 2389 nere
741 2336 1159 2405 prestantiorem
1190 2339 1409 2395 duxerit
1449 2356 1699 2409 uxorem,
1736 2359 1864 2400 cum
1908 2345 2035 2400 vitae
2067 2360 2183 2401 suae

588 2424 791 2478 damno
819 2436 1134 2496 componat.
1167 2428 1406 2501 Legibus
1434 2432 1599 2487 etiam
1636 2432 1702 2487 ad
1732 2433 2032 2490 vindictam
2064 2451 2183 2491 ma-

587 2513 912 2573 lefactorum
941 2520 1167 2589 optimis
1198 2523 1511 2591 utebantur,
1541 2533 1597 2580 et
1624 2525 1795 2582 multa
1834 2527 1988 2583 utilia
2017 2536 2183 2598 atque

586 2610 889 2666 secundum
920 2611 1094 2684 legem
1137 2623 1348 2671 natura!
1382 2617 1612 2674 honesta
1651 2617 1705 2673 in
1746 2635 1961 2674 morum
1990 2619 2180 2691 prohi-

588 2709 698 2758 tate
725 2704 1052 2761 studuerunt
1083 2707 1306 2778 habere,
1350 2725 1474 2780 qua:
1507 2711 1588 2779 eis
1617 2711 1682 2766 ad
1717 2726 1904 2767 veram
1948 2712 2183 2767 beatitu-

585 2796 769 2853 dinem
808 2801 1228 2868 promerendam
1269 2801 1534 2872 proiicere
1576 2803 1908 2873 potuissent,
1944 2803 1992 2858 si
2037 2802 2183 2859 noti-

586 2889 726 2944 eiam
759 2890 843 2946 sui
867 2892 1133 2949 creatoris
1160 2893 1443 2950 haberent.
1471 2893 1773 2951 Coluerunt
1793 2895 1940 2951 enim
1961 2911 2060 2952 eos
2085 2895 2181 2966 qui

586 2991 783 3038 natura
830 2998 939 3039 non
983 2994 1141 3042 erant
1174 2986 1272 3054 dii,
1305 2987 1654 3059 maximeque
1693 2986 2048 3056 Mercurium,
2090 2987 2180 3043 cui

586 3073 753 3130 certis
784 3073 978 3130 diebus
1004 3075 1263 3132 humanis
1289 3093 1523 3149 quoque.
1542 3078 1742 3134 hostiis
1764 3079 2012 3134 litabant.
2039 3077 2179 3134 Deos

587 3178 721 3219 suos
760 3180 938 3235 neque
983 3168 1202 3237 templis
1246 3167 1524 3234 includere
1566 3185 1746 3240 neque
1787 3169 1883 3223 ulli
1924 3170 2181 3224 humanae

588 3256 790 3325 speciei
815 3258 1124 3315 assimilare
1158 3276 1259 3330 pro
1296 3261 1673 3332 magnitudine
1707 3270 1761 3317 et
1801 3262 2066 3334 dignitate
2093 3261 2180 3317 di-

587 3347 834 3403 vinitatis
888 3349 1099 3405 licitum
1142 3352 1393 3406 arbitrati
1441 3362 1589 3418 sunt,
1637 3353 1792 3409 lucos
1843 3369 1908 3409 ac
1958 3369 2181 3409 nemora

589 3450 978 3497 consecrantes
1000 3443 1342 3515 deorumque
1367 3446 1684 3502 nominibus
1710 3448 2065 3516 appellantes,
2096 3463 2183 3504 se-

589 3542 800 3589 cretum
838 3534 968 3589 illul
1003 3536 1119 3591 sola
1155 3539 1460 3593 reverentia
1494 3528 2026 3614 contemplabantur.
2069 3538 2184 3594 Au—

590 3624 764 3695 spicia
786 3633 841 3680 et
869 3636 1045 3682 sortes
1073 3644 1239 3699 quam
1270 3630 1509 3686 maxime
1532 3631 1919 3699 observabant,
1947 3647 2180 3702 quarum

593 3721 825 3775 strtium
859 3724 1201 3779 consuetudo
1223 3724 1450 3793 simplex
1478 3733 1615 3781 erat.
1652 3723 1873 3796 \‘irgam
1908 3724 2185 3796 frugiferae

592 3810 777 3866 arbori
801 3812 1039 3869 decisam
1064 3813 1118 3869 in
1146 3816 1401 3873 surculos
1423 3817 1799 3887 amputabant,
1814 3832 2018 3888 eosque
2040 3818 2184 3874 notis

592 3905 923 3975 quibusdam
969 3907 1237 3966 discretos
1286 3926 1452 3981 super
1519 3911 1809 3967 candidam
1848 3921 2057 3969 vestem
2099 3923 2177 3969 tc-

594 4012 744 4052 mere
767 4014 831 4054 ac
867 3998 1094 4055 fortuito
1120 4003 1470 4074 spargebant.
1499 4003 1618 4059 Mox
1646 4005 1691 4061 si
1715 4006 1933 4075 publica
1960 4006 2185 4063 consul-

595 4090 731 4144 tatio
757 4089 879 4158 fuit,
918 4093 1176 4149 sacerdos
1204 4095 1413 4166 populi,
1443 4096 1489 4152 si
1529 4096 1762 4167 privata,
1795 4096 1912 4168 ipse
1942 4096 2183 4168 paterfa-

593 4183 797 4247 milias,
840 4195 1098 4255 precatus
1145 4186 1284 4244 Deos
1334 4190 1638 4260 czelumque
1692 4191 2057 4261 susspiciens,
2102 4201 2186 4246 ter

592 4274 840 4346 singulos
893 4278 1045 4344 tulit,
1103 4280 1443 4352 sublatisque
1494 4282 1796 4338 secundum
1857 4284 2184 4354 impressam

592 4376 752 4421 antea
783 4376 967 4422 notam
1001 4369 1389 4441 interpretatus
1428 4382 1543 4441 est;
1581 4383 1636 4429 et
1674 4374 1721 4430 si
1763 4376 2183 4446 prohibuerunt,

2280 1886 2400 1943 fieri
2420 1902 2530 1944 non
2551 1887 2859 1943 cessabant.
2886 1884 3096 1952 Quibus
3118 1885 3255 1939 adeo
3276 1882 3457 1939 Franci
3478 1894 3578 1940 sunt
3593 1885 3728 1952 imitati,
3794 1882 3795 1952 ξ

2279 1987 2342 2034 ιιι
2385 1993 2496 2034 non
2533 1978 2648 2048 jam
2700 1975 3136 2033 vicissitudinem
3191 1975 3427 2040 reddere,
3466 1975 3543 2029 sed
3575 1982 3727 2044 apertum
3794 1975 3795 2051 ξ

2279 2076 2474 2126 contra
2514 2083 2610 2124 eos
2657 2067 3024 2123 deliberarent
3059 2065 3265 2121 bellum
3314 2065 3571 2135 suscipere.
3609 2064 3730 2119 Susce-
3794 2070 3795 2127 γ

2279 2170 2432 2232 ptum
2475 2168 2562 2216 est
2599 2159 2767 2231 igitur
2808 2167 2999 2214 contra
3042 2172 3139 2214 eos
3188 2157 3419 2226 bellum,
3460 2156 3576 2228 quod
3611 2170 3731 2226 magia

2280 2260 2644 2322 utrorumque
2689 2250 3068 2316 animositate,
3109 2248 3323 2319 majore
3361 2257 3522 2303 tamen
3554 2245 3731 2302 Saxonum
3794 2245 3795 2322 ξ

2280 2344 2502 2411 damno,
2539 2358 2637 2414 per
2673 2342 2970 2397 continuos
2999 2339 3069 2396 30
3091 2355 3272 2396 annos
3310 2340 3575 2412 gerebatur.
3600 2336 3731 2391 Patent
3794 2336 3795 2411 Ε

2281 2438 2551 2510 siquidem
2576 2436 2740 2492 citius
2769 2435 2937 2503 ﬁniri,
2962 2435 3005 2490 si
3031 2432 3312 2489 Saxonum
3338 2430 3535 2503 perﬁdia
3557 2431 3731 2498 hospit-

2281 2540 2453 2586 retur.
2487 2528 2712 2584 Ditlicile
2731 2529 2933 2604 quippe
2960 2526 3108 2583 dictu
3132 2534 3240 2593 est,
3266 2525 3500 2596 quotiens
3520 2520 3732 2592 superati:

2273 2621 2555 2692 supplices
2584 2620 2699 2691 regi
2727 2634 2848 2675 sese
2872 2618 3160 2683 dederunt,
3190 2617 3443 2686 imperata
3465 2613 3646 2669 facturos
3664 2606 3732 2679 pol-

2281 2711 2413 2769 liciti
2453 2718 2602 2779 sunt,
2645 2708 2865 2765 obsides
2895 2708 2990 2779 qui
3032 2708 3440 2778 imperabantur
3473 2705 3629 2774 absque
3656 2699 3732 2753 dih-
3794 2699 3795 2779 ξ

2281 2807 2433 2862 tione
2453 2805 2739 2871 dederunt,
2761 2804 2969 2875 legatos
2994 2802 3089 2873 qui
3114 2802 3459 2858 mittebantur
3479 2802 3733 2868 suscepean

2282 2896 2615 2969 aliquotiens
2652 2896 2728 2950 ita
2769 2894 2961 2950 domiti
2990 2901 3047 2948 et
3078 2894 3331 2961 emolliti,
3368 2901 3427 2947 ut
3458 2891 3587 2946 etiam
3611 2886 3733 2979 ultu!

2282 2990 2593 3046 dmmonum
2616 2987 2892 3043 dimittere
2920 2995 2974 3041 et
3000 2985 3336 3042 Christiana:
3373 2982 3584 3056 religioni
3604 2976 3734 3036 διξαὶ»

2282 3084 2411 3139 dere
2441 3082 2578 3137 velle
2620 3080 3031 3152 promitterent;
3070 3079 3164 3135 sed
3200 3079 3345 3135 sicut
3372 3078 3434 3132 ad
3468 3078 3561 3131 hate
3583 3068 3735 3127 facienda

2284 3171 2616 3244 aliquotiens
2644 3170 2827 3241 proni,
2864 3169 2945 3225 sic
2973 3169 3039 3224 ad
3063 3166 3257 3224 eadem
3285 3164 3592 3239 pervertenda
3608 3170 3735 3227 sumpt!
3794 3164 3795 3231 ᾗ

2283 3264 2435 3322 fuere
2463 3264 2787 3336 precipites;
2819 3278 2920 3319 nec
2944 3261 3103 3317 facile
3142 3270 3233 3318 est
3262 3261 3515 3325 estimare,
3547 3260 3597 3311 ad
3626 3260 3735 3306 utrm

2284 3358 2483 3412 horum
2520 3354 2798 3410 faciliores
2836 3353 2946 3410 dici
2983 3354 3169 3408 verius
3204 3346 3430 3424 possint.
3457 3343 3735 3403 Frondosistf-

2282 3449 2508 3505 boribus
2528 3446 2882 3518 fontibusque
2903 3445 3319 3501 venerationem
3343 3441 3631 3503 exhibebant,
3646 3443 3734 3487 tm-

2234 3555 2243 3567 '
2283 3558 2410 3597 cum
2435 3555 2657 3612 quoque
2680 3539 2812 3610 ligni
2843 3553 2952 3594 non
2982 3542 3167 3609 parva:
3189 3532 3552 3608 magnitudinis
3574 3530 3615 3584 in
3636 3526 3733 3581 altu

2282 3644 2526 3690 erectum
2571 3633 2674 3688 sub
2703 3631 2829 3687 divo
2865 3631 3140 3696 colebant,
3184 3630 3359 3701 patria
3394 3643 3504 3683 eum
3538 3624 3667 3713 lingua

2284 3726 2489 3781 minsul
2524 3723 2878 3795 appellantes,
2911 3722 3059 3793 quod
3091 3720 3286 3776 Latine
3314 3719 3498 3775 dicitur
3528 3704 3737 3770 universalis

2285 3819 2564 3883 columna,
2588 3816 2747 3887 quasi
2784 3815 3065 3870 sustinens
3094 3814 3304 3869 omnia.

2358 3909 2533 3982 (Eum.
2571 3907 2695 3963 Vita
2733 3905 2871 3962 Kar.
2903 3922 2953 3962 c.
2995 3904 3072 3977 1.)
3122 3903 3296 3977 Igitur
3329 3900 3556 3959 defuncto

2284 4002 2401 4074 qui,
2446 4000 2721 4058 llilderico
2756 4013 2904 4070 rege,
2953 3998 3007 4052 in
3050 4013 3163 4068 quo
3211 3995 3591 4085 Merivingorutn
3611 3987 3738 4085 Enim

2285 4103 2368 4152 est
2418 4092 2732 4164 imperium,
2769 4090 3022 4163 deposito
3053 4096 3110 4144 et
3155 4088 3212 4143 in
3256 4083 3599 4172 monasterium

2285 4187 2497 4259 primus
2518 4201 2586 4241 ex
2608 4182 2850 4256 prefecto
2878 4182 3019 4237 aulte
3048 4197 3146 4252 per
3183 4180 3539 4236 auctoritatem
3568 4168 3739 4225 latitarit

2286 4277 2522 4335 Romani
2580 4275 2855 4347 pontificis
2901 4273 3283 4329 monarcliiam
3334 4268 3476 4339 regni
3518 4263 3737 4319 Francorum

2286 4372 2438 4428 solus
2462 4370 2719 4436 obtinuit,
2742 4368 2977 4423 Karolus
3005 4365 3151 4421 ﬁlius
3177 4356 3299 4435 ejus
3320 4358 3570 4421 successit,
3585 4350 3650 4422 qui
3666 4359 3738 4436 mf

592 4456 742 4511 nulla
766 4456 833 4511 de
871 4458 1061 4514 eadem
1098 4475 1157 4515 re
1182 4460 1302 4531 ipsa
1335 4462 1425 4519 die
1450 4445 1780 4521 consultatio
1799 4475 1947 4533 erat;
1981 4465 2027 4522 si
2059 4482 2185 4537 per—
2217 4471 2262 4529 ι)
2288 4472 2374 4520 tra
2412 4461 2658 4519 Saxones
2680 4461 2904 4527 bellum,
2935 4458 3083 4529 quod
3114 4456 3274 4527 quasi
3306 4450 3622 4508 intermissum
3642 4445 3738 4537 ξιξ

592 4547 826 4603 missum
885 4560 999 4616 cst,
1055 4561 1349 4609 eventuum
1411 4556 1591 4612 adhuc
1652 4557 1787 4614 ﬁdes
1841 4559 2179 4630 exigebatur.

588 4636 789 4693 Avium
814 4654 976 4696 voces
1005 4630 1329 4715 volatusque
1357 4646 1714 4719 interrogare,
1745 4650 2025 4721 proprium
2052 4666 2185 4722 gen—

590 4729 663 4787 tis
691 4731 843 4787 illius
866 4742 1012 4801 erat;
1037 4751 1307 4807 equorum
1348 4754 1570 4810 quoque
1609 4742 1861 4814 presagia
1903 4759 1970 4800 ac
1999 4751 2183 4798 motus

589 4829 827 4899 experiri
856 4831 1217 4904 hinnitusque
1243 4850 1309 4891 ac
1338 4833 1588 4893 fremitus
1613 4838 1929 4905 observare,
1956 4855 2059 4895 nec
2088 4838 2182 4894 ulli

590 4920 838 4992 auspicio
881 4924 1058 4995 major
1101 4926 1236 4983 ﬁdes
1266 4928 1649 4996 adhibebatur,
1680 4947 1789 4987 non
1831 4933 2008 4989 solum
2041 4934 2186 5004 apud

589 5014 825 5086 plebem,
855 5020 951 5075 sed
987 5020 1154 5078 etiam
1184 5022 1328 5092 apud
1369 5038 1646 5094 proceres.
1678 5023 1809 5079 Erat
1842 5033 1897 5080 et
1936 5025 2042 5080 alia
2083 5026 2186 5080 ob-

592 5109 832 5166 servatio
859 5114 1254 5185 auspiciorum,
1280 5131 1392 5187 quo
1414 5117 1664 5173 solebant
1686 5127 1916 5174 eventus
1938 5119 2186 5190 gravium

589 5205 878 5276 explorare
915 5208 1218 5277 bellorum;
1264 5211 1385 5281 ejus
1427 5211 1638 5268 scilicet
1683 5213 1880 5284 gentis,
1914 5227 2039 5267 cum
2076 5228 2186 5283 qua

587 5298 908 5359 bellandum
934 5301 1058 5371 fuit,
1083 5304 1358 5375 captivum
1383 5319 1606 5376 quoquo
1628 5304 1794 5389 modo
1824 5304 2185 5374 interceptum

591 5410 718 5450 cum
740 5395 915 5451 electo
940 5398 1290 5467 popularium
1318 5413 1545 5453 suorum
1567 5396 1763 5468 patriis
1785 5411 2059 5467 quemque
2091 5412 2186 5451 ar-

589 5488 699 5545 mis
714 5488 1079 5557 committere,
1096 5498 1152 5545 et
1168 5490 1455 5547 victoriam
1479 5490 1645 5561 hujus
1657 5490 1742 5546 vel
1758 5490 1906 5547 illius
1930 5490 1987 5544 in
2002 5488 2185 5560 previ-

588 5583 774 5641 dentia
805 5583 1030 5639 habere.
1059 5582 1348 5650 Quomodo
1380 5592 1564 5639 autem
1604 5582 1771 5641 certis
1815 5581 2031 5647 diebus,
2059 5594 2185 5636 cum

590 5685 686 5734 aut
715 5678 846 5735 luna
871 5676 1162 5734 inchoatur
1190 5685 1285 5732 aut
1309 5675 1588 5747 impletur,
1631 5673 1855 5746 agendis
1882 5673 2048 5728 rebus
2090 5687 2188 5726 au-

594 5771 1028 5845 spicatissimum
1064 5769 1290 5827 inicium
1321 5767 1672 5836 credidezint,
1713 5775 1767 5823 et
1796 5766 1898 5822 alia
1931 5764 2189 5821 innume—

2274 5580 2386 5648 ‘per
2414 5590 2474 5631 se
2518 5574 2685 5629 ducto
2724 5580 2821 5626 aut
2853 5584 2951 5641 per
2991 5566 3219 5623 comites
3261 5574 3388 5616 suos

2288 4561 2410 4631 ejus
2451 4566 2629 4615 morte
2662 4524 2971 4621 videbatur,
3007 4524 3266 4622 repetivit
3301 4546 3401 4641 (Cf:
3416 4559 3563 4614 διιιπον

2290 4651 2390 4723 (Ex
2418 4650 2574 4706 Eum.
2606 4650 2749 4703 Ann.
2784 4655 2840 4702 et
2878 4645 3090 4701 Trausl.
3130 4641 3190 4699 S.
3225 4642 3341 4711 ΑΙ.)
3374 4639 3516 4693 Pater
3540 4631 3643 4687 enim
3672 4631 3739 4721 et“

2287 4746 2442 4817 prius
2471 4759 2567 4800 eos
2598 4748 2886 4813 superatos
2921 4746 3291 4794 trecentorum
3322 4741 3556 4803 equorum
3589 4734 3653 4792 ρετ
3673 4728 3737 4817 5‘”:

2288 4814 2447 4909 gulos
2487 4852 2663 4891 annos
2699 4835 2905 4888 tributo
2937 4830 3208 4885 multavit.
3238 4827 3369 4881 Post
3403 4814 3738 4909 renovatum“?

2288 4904 2369 4988 eis
2396 4947 2426 4986 a
2451 4929 2652 4985 Karolo
2672 4928 2876 4984 bellum
2902 4925 2994 4980 vix
3021 4924 3166 4979 ullus
3192 4929 3415 4977 exactus
3443 4921 3515 4970 est
3540 4916 3667 4964 annus
3680 4904 3741 4964 (Ιυθ

2288 5041 2398 5080 non
2427 5025 2496 5085 ab
2523 5024 2605 5080 eis
2650 5021 2794 5078 facta
2833 5020 2907 5076 sit
2937 5018 3086 5090 pacti
3123 5010 3469 5106 permutatio;

2289 5119 2511 5174 nimitas
2539 5116 2686 5189 regis
2712 5130 2779 5170 ac
2815 5119 3082 5184 perpetua
3112 5118 3221 5164 tam
3265 5105 3319 5159 in
3354 5094 3574 5214 adversi:
3576 5087 3742 5214 3111?":

2286 5208 2564 5281 prosperis
2586 5173 2898 5263 constantia
2917 5173 3122 5257 mentis
3143 5198 3286 5289 nulla
3308 5173 3711 5289 eorummutahlil:

2287 5266 2375 5357 ta
2417 5266 2563 5355 vinci
2602 5306 2816 5369 poterat
2858 5294 2944 5349 vel
2988 5292 3058 5348 ab
3102 5291 3189 5346 bis
3229 5266 3741 5391 defuisti:

2289 5354 2549 5462 eruperat.
2593 5354 3063 5456 liiam'nunquam
3115 5396 3210 5437 eos
3253 5354 3709 5468 hujuscemqtﬁiﬁﬂ

2287 5443 2667 5555 perpetrantes
2699 5443 2930 5549 impune
2956 5475 3100 5531 ferre
3124 5486 3319 5544 passus
3346 5474 3440 5529 est,
3471 5443 3740 5555 quin

3425 5552 3566 5610 misso
3590 5533 3739 5596 ⁸16⁸⁵⁸⁸

2284 5620 2574 5746 perﬁdiam
2613 5679 2804 5721 eorum
2848 5620 3203 5717 ulcisceretur
3236 5665 3293 5711 θί
3332 5620 3739 5746 ΨΜΨἾἮἛ

2292 5721 2803 5834 pmnam‘cxigerct,
2829 5769 3004 5827 usque
3042 5753 3191 5818 dum,
3225 5744 3469 5804 omnibus
3492 5721 3739 5805 quitum
