  <div class='ocr_page' id='page_1' title='image "/cluster/home/n/w/nwhite01/storage/ocr_20150623/154/hvd.32044015473820/452.png"; bbox 0 0 3880 6308; ppageno 0'>
   <div class='ocr_carea' id='block_1_1' title="bbox 88 372 174 429">
    <p class='ocr_par' dir='ltr' id='par_1_1' title="bbox 88 372 174 429">
     <span class='ocr_line' id='line_1_1' title="bbox 88 372 174 429; baseline -0.023 0"><span class='ocrx_word' id='word_1_1' title='bbox 88 372 174 429; x_wconf 77' lang='grc'><strong>893</strong></span> 
     </span>
    </p>
   </div>
   <div class='ocr_carea' id='block_1_2' title="bbox 961 364 2381 435">
    <p class='ocr_par' dir='ltr' id='par_1_2' title="bbox 961 364 2381 435">
     <span class='ocr_line' id='line_1_2' title="bbox 961 364 2381 435; baseline 0.003 -13"><span class='ocrx_word' id='word_1_2' title='bbox 961 365 1331 435; x_wconf 74' lang='lat' dir='ltr'><strong>CllBONlCA.</strong></span> <span class='ocrx_word' id='word_1_3' title='bbox 1375 398 1444 409; x_wconf 92' lang='lat'><strong>-</strong></span> <span class='ocrx_word' id='word_1_4' title='bbox 1479 364 1876 427; x_wconf 78' lang='lat' dir='ltr'><strong>CHRONICON</strong></span> <span class='ocrx_word' id='word_1_5' title='bbox 1915 368 2381 428; x_wconf 80' lang='lat' dir='ltr'><strong>UNIVERSALE.</strong></span> 
     </span>
    </p>
   </div>
   <div class='ocr_carea' id='block_1_3' title="bbox 3219 364 3322 429">
    <p class='ocr_par' dir='ltr' id='par_1_3' title="bbox 3219 364 3322 429">
     <span class='ocr_line' id='line_1_3' title="bbox 3219 364 3322 429; baseline 0.039 -3"><span class='ocrx_word' id='word_1_6' title='bbox 3219 364 3322 429; x_wconf 58' lang='lat' dir='ltr'><strong>89d</strong></span> 
     </span>
    </p>
   </div>
   <div class='ocr_carea' id='block_1_4' title="bbox 86 481 3327 556">
    <p class='ocr_par' dir='ltr' id='par_1_4' title="bbox 86 481 3327 556">
     <span class='ocr_line' id='line_1_4' title="bbox 86 481 3327 556; baseline -0.002 -12"><span class='ocrx_word' id='word_1_7' title='bbox 86 485 299 545; x_wconf 82' lang='lat' dir='ltr'><strong>solebant</strong></span> <span class='ocrx_word' id='word_1_8' title='bbox 321 481 616 556; x_wconf 86' lang='lat' dir='ltr'><strong>proﬁigatis</strong></span> <span class='ocrx_word' id='word_1_9' title='bbox 645 481 775 538; x_wconf 90' lang='lat' dir='ltr'><strong>etin</strong></span> <span class='ocrx_word' id='word_1_10' title='bbox 812 496 969 539; x_wconf 91' lang='lat' dir='ltr'><strong>suam</strong></span> <span class='ocrx_word' id='word_1_11' title='bbox 1013 490 1338 554; x_wconf 89' lang='lat' dir='ltr'><strong>potestatem</strong></span> <span class='ocrx_word' id='word_1_12' title='bbox 1372 482 1629 550; x_wconf 85' lang='lat' dir='ltr'><strong>redactis,</strong></span> <span class='ocrx_word' id='word_1_13' title='bbox 1656 487 1703 546; x_wconf 72' lang='grc' dir='ltr'><strong>Α</strong></span> <span class='ocrx_word' id='word_1_14' title='bbox 1733 485 1991 543; x_wconf 77' lang='lat' dir='ltr'><strong>desolata:</strong></span> <span class='ocrx_word' id='word_1_15' title='bbox 2050 496 2343 544; x_wconf 75' lang='lat' dir='ltr'><strong>testantur.</strong></span> <span class='ocrx_word' id='word_1_16' title='bbox 2375 484 2442 541; x_wconf 87' lang='lat' dir='ltr'><strong>lli</strong></span> <span class='ocrx_word' id='word_1_17' title='bbox 2477 485 2643 542; x_wconf 89' lang='lat' dir='ltr'><strong>etiam</strong></span> <span class='ocrx_word' id='word_1_18' title='bbox 2676 499 2706 540; x_wconf 93' lang='lat' dir='ltr'><strong>a</strong></span> <span class='ocrx_word' id='word_1_19' title='bbox 2739 481 3065 540; x_wconf 88' lang='lat' dir='ltr'><strong>Dalmantiis</strong></span> <span class='ocrx_word' id='word_1_20' title='bbox 3112 483 3327 540; x_wconf 79' lang='lat' dir='ltr'><strong>evocati</strong></span> 
     </span>
    </p>
   </div>
   <div class='ocr_carea' id='block_1_5' title="bbox 87 574 3328 650">
    <p class='ocr_par' dir='ltr' id='par_1_5' title="bbox 87 574 3328 650">
     <span class='ocr_line' id='line_1_5' title="bbox 87 574 3328 650; baseline -0.002 -12"><span class='ocrx_word' id='word_1_21' title='bbox 87 583 243 637; x_wconf 78' lang='lat' dir='ltr'><strong>decem</strong></span> <span class='ocrx_word' id='word_1_22' title='bbox 288 577 433 632; x_wconf 89' lang='lat' dir='ltr'><strong>milia</strong></span> <span class='ocrx_word' id='word_1_23' title='bbox 469 575 757 631; x_wconf 88' lang='lat' dir='ltr'><strong>hominum</strong></span> <span class='ocrx_word' id='word_1_24' title='bbox 802 590 869 631; x_wconf 86' lang='lat' dir='ltr'><strong>ex</strong></span> <span class='ocrx_word' id='word_1_25' title='bbox 906 575 994 631; x_wconf 86' lang='lat' dir='ltr'><strong>his</strong></span> <span class='ocrx_word' id='word_1_26' title='bbox 1032 574 1127 646; x_wconf 89' lang='lat' dir='ltr'><strong>qui</strong></span> <span class='ocrx_word' id='word_1_27' title='bbox 1172 583 1435 645; x_wconf 87' lang='lat' dir='ltr'><strong>utrasque</strong></span> <span class='ocrx_word' id='word_1_28' title='bbox 1476 575 1626 646; x_wconf 82' lang='lat' dir='ltr'><strong>ripas</strong></span> <span class='ocrx_word' id='word_1_29' title='bbox 1729 593 1985 650; x_wconf 86' lang='lat' dir='ltr'><strong>magnam</strong></span> <span class='ocrx_word' id='word_1_30' title='bbox 2039 579 2247 635; x_wconf 90' lang='lat' dir='ltr'><strong>cladem</strong></span> <span class='ocrx_word' id='word_1_31' title='bbox 2296 580 2352 633; x_wconf 90' lang='lat' dir='ltr'><strong>in</strong></span> <span class='ocrx_word' id='word_1_32' title='bbox 2404 575 2643 634; x_wconf 81' lang='lat' dir='ltr'><strong>Saxonia</strong></span> <span class='ocrx_word' id='word_1_33' title='bbox 2673 576 2941 643; x_wconf 89' lang='lat' dir='ltr'><strong>fecerunt,</strong></span> <span class='ocrx_word' id='word_1_34' title='bbox 2988 576 3328 648; x_wconf 80' lang='lat' dir='ltr'><strong>multamque</strong></span> 
     </span>
    </p>
   </div>
   <div class='ocr_carea' id='block_1_6' title="bbox 86 666 2346 741">
    <p class='ocr_par' dir='ltr' id='par_1_6' title="bbox 86 666 2346 741">
     <span class='ocr_line' id='line_1_6' title="bbox 86 666 2346 741; baseline -0.001 -15"><span class='ocrx_word' id='word_1_35' title='bbox 86 670 225 726; x_wconf 60' lang='lat' dir='ltr'><strong>Albia</strong></span> <span class='ocrx_word' id='word_1_36' title='bbox 249 667 481 723; x_wconf 84' lang='lat' dir='ltr'><strong>fluminis</strong></span> <span class='ocrx_word' id='word_1_37' title='bbox 503 667 834 733; x_wconf 80' lang='lat' dir='ltr'><strong>incolebant,</strong></span> <span class='ocrx_word' id='word_1_38' title='bbox 860 681 986 723; x_wconf 91' lang='lat' dir='ltr'><strong>cum</strong></span> <span class='ocrx_word' id='word_1_39' title='bbox 1010 667 1278 722; x_wconf 77' lang='lat' dir='ltr'><strong>uxoribus</strong></span> <span class='ocrx_word' id='word_1_40' title='bbox 1303 674 1358 722; x_wconf 92' lang='lat' dir='ltr'><strong>et</strong></span> <span class='ocrx_word' id='word_1_41' title='bbox 1385 666 1629 738; x_wconf 82' lang='lat' dir='ltr'><strong>parvulis</strong></span> <span class='ocrx_word' id='word_1_42' title='bbox 1729 669 1955 741; x_wconf 92' lang='lat' dir='ltr'><strong>predam</strong></span> <span class='ocrx_word' id='word_1_43' title='bbox 1977 671 2346 728; x_wconf 76' lang='lat' dir='ltr'><strong>abduxerunt.</strong></span> 
     </span>
    </p>
   </div>
   <div class='ocr_carea' id='block_1_7' title="bbox 85 757 1631 830">
    <p class='ocr_par' dir='ltr' id='par_1_7' title="bbox 85 757 1631 830">
     <span class='ocr_line' id='line_1_7' title="bbox 85 757 1631 830; baseline -0.003 -12"><span class='ocrx_word' id='word_1_44' title='bbox 85 760 325 818; x_wconf 84' lang='lat' dir='ltr'><strong>transtulit</strong></span> <span class='ocrx_word' id='word_1_45' title='bbox 350 768 404 815; x_wconf 91' lang='lat' dir='ltr'><strong>et</strong></span> <span class='ocrx_word' id='word_1_46' title='bbox 431 760 538 816; x_wconf 89' lang='lat' dir='ltr'><strong>huc</strong></span> <span class='ocrx_word' id='word_1_47' title='bbox 565 767 731 830; x_wconf 89' lang='lat' dir='ltr'><strong>atque</strong></span> <span class='ocrx_word' id='word_1_48' title='bbox 764 759 894 815; x_wconf 92' lang='lat' dir='ltr'><strong>illuc</strong></span> <span class='ocrx_word' id='word_1_49' title='bbox 931 774 1027 830; x_wconf 91' lang='lat' dir='ltr'><strong>per</strong></span> <span class='ocrx_word' id='word_1_50' title='bbox 1053 758 1283 815; x_wconf 84' lang='lat' dir='ltr'><strong>Galliam</strong></span> <span class='ocrx_word' id='word_1_51' title='bbox 1318 768 1373 815; x_wconf 91' lang='lat' dir='ltr'><strong>et</strong></span> <span class='ocrx_word' id='word_1_52' title='bbox 1404 757 1631 814; x_wconf 83' lang='lat' dir='ltr'><strong>Genna-</strong></span> 
     </span>
    </p>
   </div>
   <div class='ocr_carea' id='block_1_8' title="bbox 1800 754 3331 835">
    <p class='ocr_par' dir='ltr' id='par_1_8' title="bbox 1800 754 3331 835">
     <span class='ocr_line' id='line_1_8' title="bbox 1800 754 3331 835; baseline 0.003 -21"><span class='ocrx_word' id='word_1_53' title='bbox 1800 759 1972 833; x_wconf 84' lang='lat' dir='ltr'><strong>lgitur</strong></span> <span class='ocrx_word' id='word_1_54' title='bbox 2005 771 2160 833; x_wconf 89' lang='lat' dir='ltr'><strong>pater</strong></span> <span class='ocrx_word' id='word_1_55' title='bbox 2182 762 2275 795; x_wconf 82' lang='grc'><strong>¹²³⁶</strong></span> <span class='ocrx_word' id='word_1_56' title='bbox 2304 761 2495 834; x_wconf 74' lang='lat' dir='ltr'><strong>patria:</strong></span> <span class='ocrx_word' id='word_1_57' title='bbox 2533 776 2878 835; x_wconf 90' lang='lat' dir='ltr'><strong>magnusque</strong></span> <span class='ocrx_word' id='word_1_58' title='bbox 2918 759 3027 816; x_wconf 92' lang='lat' dir='ltr'><strong>dux</strong></span> <span class='ocrx_word' id='word_1_59' title='bbox 3079 757 3206 817; x_wconf 90' lang='lat' dir='ltr'><strong>Otto</strong></span> <span class='ocrx_word' id='word_1_60' title='bbox 3231 754 3331 818; x_wconf 54' lang='lat' dir='ltr'><strong>de?-</strong></span> 
     </span>
    </p>
   </div>
   <div class='ocr_carea' id='block_1_9' title="bbox 85 848 3326 926">
    <p class='ocr_par' dir='ltr' id='par_1_9' title="bbox 85 848 3326 926">
     <span class='ocr_line' id='line_1_9' title="bbox 85 848 3326 926; baseline 0 -19"><span class='ocrx_word' id='word_1_61' title='bbox 85 853 204 907; x_wconf 82' lang='lat' dir='ltr'><strong>niam</strong></span> <span class='ocrx_word' id='word_1_62' title='bbox 242 850 553 905; x_wconf 86' lang='lat' dir='ltr'><strong>multimoda</strong></span> <span class='ocrx_word' id='word_1_63' title='bbox 602 848 875 904; x_wconf 82' lang='lat' dir='ltr'><strong>divisione</strong></span> <span class='ocrx_word' id='word_1_64' title='bbox 923 849 1237 917; x_wconf 90' lang='lat' dir='ltr'><strong>distribuit;</strong></span> <span class='ocrx_word' id='word_1_65' title='bbox 1285 857 1633 920; x_wconf 86' lang='lat' dir='ltr'><strong>tractumque</strong></span> <span class='ocrx_word' id='word_1_66' title='bbox 1732 849 1980 920; x_wconf 89' lang='lat' dir='ltr'><strong>functus,</strong></span> <span class='ocrx_word' id='word_1_67' title='bbox 2021 853 2220 909; x_wconf 88' lang='lat' dir='ltr'><strong>illustri</strong></span> <span class='ocrx_word' id='word_1_68' title='bbox 2253 861 2307 908; x_wconf 92' lang='lat' dir='ltr'><strong>et</strong></span> <span class='ocrx_word' id='word_1_69' title='bbox 2341 852 2633 926; x_wconf 89' lang='lat' dir='ltr'><strong>magniﬁco</strong></span> <span class='ocrx_word' id='word_1_70' title='bbox 2685 852 2798 907; x_wconf 90' lang='lat' dir='ltr'><strong>ﬁlio</strong></span> <span class='ocrx_word' id='word_1_71' title='bbox 2830 868 2932 907; x_wconf 89' lang='lat' dir='ltr'><strong>suo</strong></span> <span class='ocrx_word' id='word_1_72' title='bbox 2967 849 3326 908; x_wconf 83' lang='lat' dir='ltr'><strong>lleinrieoto-</strong></span> 
     </span>
    </p>
   </div>
   <div class='ocr_carea' id='block_1_10' title="bbox 83 938 3333 1015">
    <p class='ocr_par' dir='ltr' id='par_1_10' title="bbox 83 938 3333 1015">
     <span class='ocr_line' id='line_1_10' title="bbox 83 938 3333 1015; baseline 0.001 -20"><span class='ocrx_word' id='word_1_73' title='bbox 83 958 160 1012; x_wconf 86' lang='lat' dir='ltr'><strong>per</strong></span> <span class='ocrx_word' id='word_1_74' title='bbox 182 948 253 995; x_wconf 90' lang='lat' dir='ltr'><strong>tot</strong></span> <span class='ocrx_word' id='word_1_75' title='bbox 274 955 442 995; x_wconf 88' lang='lat' dir='ltr'><strong>annos</strong></span> <span class='ocrx_word' id='word_1_76' title='bbox 462 939 667 994; x_wconf 83' lang='lat' dir='ltr'><strong>bellum</strong></span> <span class='ocrx_word' id='word_1_77' title='bbox 693 954 757 994; x_wconf 88' lang='lat' dir='ltr'><strong>ea</strong></span> <span class='ocrx_word' id='word_1_78' title='bbox 781 939 1097 995; x_wconf 88' lang='lat' dir='ltr'><strong>conditione</strong></span> <span class='ocrx_word' id='word_1_79' title='bbox 1122 946 1340 995; x_wconf 81' lang='lat' dir='ltr'><strong>constat</strong></span> <span class='ocrx_word' id='word_1_80' title='bbox 1361 952 1482 995; x_wconf 88' lang='lat' dir='ltr'><strong>esse</strong></span> <span class='ocrx_word' id='word_1_81' title='bbox 1510 938 1634 995; x_wconf 81' lang='lat' dir='ltr'><strong>ﬁni—</strong></span> <span class='ocrx_word' id='word_1_82' title='bbox 1732 942 1844 999; x_wconf 91' lang='lat' dir='ltr'><strong>tius</strong></span> <span class='ocrx_word' id='word_1_83' title='bbox 1874 942 2128 1000; x_wconf 87' lang='lat' dir='ltr'><strong>Saxoniae</strong></span> <span class='ocrx_word' id='word_1_84' title='bbox 2153 944 2410 1001; x_wconf 88' lang='lat' dir='ltr'><strong>ducatum</strong></span> <span class='ocrx_word' id='word_1_85' title='bbox 2441 944 2679 1015; x_wconf 90' lang='lat' dir='ltr'><strong>reliquit.</strong></span> <span class='ocrx_word' id='word_1_86' title='bbox 2694 941 2809 999; x_wconf 83' lang='lat' dir='ltr'><strong>Rex</strong></span> <span class='ocrx_word' id='word_1_87' title='bbox 2837 950 3021 998; x_wconf 87' lang='lat' dir='ltr'><strong>autem</strong></span> <span class='ocrx_word' id='word_1_88' title='bbox 3043 941 3333 999; x_wconf 85' lang='lat' dir='ltr'><strong>Chuonra-</strong></span> 
     </span>
    </p>
   </div>
   <div class='ocr_carea' id='block_1_11' title="bbox 85 1030 1619 1101">
    <p class='ocr_par' dir='ltr' id='par_1_11' title="bbox 85 1030 1619 1101">
     <span class='ocr_line' id='line_1_11' title="bbox 85 1030 1619 1101; baseline 0.001 -16"><span class='ocrx_word' id='word_1_89' title='bbox 85 1040 195 1097; x_wconf 85' lang='lat' dir='ltr'><strong>tum,</strong></span> <span class='ocrx_word' id='word_1_90' title='bbox 219 1040 292 1097; x_wconf 87' lang='lat' dir='ltr'><strong>ut,</strong></span> <span class='ocrx_word' id='word_1_91' title='bbox 319 1030 530 1101; x_wconf 89' lang='lat' dir='ltr'><strong>abjecto</strong></span> <span class='ocrx_word' id='word_1_92' title='bbox 570 1030 883 1086; x_wconf 82' lang='lat' dir='ltr'><strong>daemonum</strong></span> <span class='ocrx_word' id='word_1_93' title='bbox 918 1031 1090 1099; x_wconf 88' lang='lat' dir='ltr'><strong>cultu,</strong></span> <span class='ocrx_word' id='word_1_94' title='bbox 1139 1031 1468 1089; x_wconf 82' lang='lat' dir='ltr'><strong>Christianae</strong></span> <span class='ocrx_word' id='word_1_95' title='bbox 1502 1032 1619 1088; x_wconf 87' lang='lat' dir='ltr'><strong>reli-</strong></span> 
     </span>
    </p>
   </div>
   <div class='ocr_carea' id='block_1_12' title="bbox 82 1122 1631 1195">
    <p class='ocr_par' dir='ltr' id='par_1_12' title="bbox 82 1122 1631 1195">
     <span class='ocr_line' id='line_1_12' title="bbox 82 1122 1631 1195; baseline 0.001 -18"><span class='ocrx_word' id='word_1_96' title='bbox 82 1122 231 1193; x_wconf 85' lang='lat' dir='ltr'><strong>gionis</strong></span> <span class='ocrx_word' id='word_1_97' title='bbox 259 1130 595 1179; x_wconf 87' lang='lat' dir='ltr'><strong>sacramenta</strong></span> <span class='ocrx_word' id='word_1_98' title='bbox 636 1124 999 1195; x_wconf 83' lang='lat' dir='ltr'><strong>susciperent.</strong></span> <span class='ocrx_word' id='word_1_99' title='bbox 1032 1122 1188 1191; x_wconf 84' lang='lat' dir='ltr'><strong>Quod</strong></span> <span class='ocrx_word' id='word_1_100' title='bbox 1217 1133 1273 1181; x_wconf 88' lang='lat' dir='ltr'><strong>et</strong></span> <span class='ocrx_word' id='word_1_101' title='bbox 1294 1124 1498 1182; x_wconf 90' lang='lat' dir='ltr'><strong>factum</strong></span> <span class='ocrx_word' id='word_1_102' title='bbox 1527 1131 1631 1180; x_wconf 92' lang='lat' dir='ltr'><strong>est.</strong></span> 
     </span>
    </p>
   </div>
   <div class='ocr_carea' id='block_1_13' title="bbox 1733 1033 3329 1108">
    <p class='ocr_par' dir='ltr' id='par_1_13' title="bbox 1733 1033 3329 1108">
     <span class='ocr_line' id='line_1_13' title="bbox 1733 1033 3329 1108; baseline 0.002 -20"><span class='ocrx_word' id='word_1_103' title='bbox 1733 1033 1860 1101; x_wconf 92' lang='lat' dir='ltr'><strong>dus,</strong></span> <span class='ocrx_word' id='word_1_104' title='bbox 1897 1050 2023 1092; x_wconf 92' lang='lat' dir='ltr'><strong>cum</strong></span> <span class='ocrx_word' id='word_1_105' title='bbox 2052 1051 2180 1106; x_wconf 85' lang='lat' dir='ltr'><strong>sepe</strong></span> <span class='ocrx_word' id='word_1_106' title='bbox 2207 1047 2466 1108; x_wconf 79' lang='lat' dir='ltr'><strong>expertus</strong></span> <span class='ocrx_word' id='word_1_107' title='bbox 2490 1034 2688 1092; x_wconf 81' lang='lat' dir='ltr'><strong>fuisset</strong></span> <span class='ocrx_word' id='word_1_108' title='bbox 2715 1035 2973 1091; x_wconf 87' lang='lat' dir='ltr'><strong>virtutem</strong></span> <span class='ocrx_word' id='word_1_109' title='bbox 3005 1035 3131 1089; x_wconf 89' lang='lat' dir='ltr'><strong>novi</strong></span> <span class='ocrx_word' id='word_1_110' title='bbox 3148 1034 3329 1102; x_wconf 86' lang='lat' dir='ltr'><strong>ducis,</strong></span> 
     </span>
    </p>
   </div>
   <div class='ocr_carea' id='block_1_14' title="bbox 1735 1126 3327 1200">
    <p class='ocr_par' dir='ltr' id='par_1_14' title="bbox 1735 1126 3327 1200">
     <span class='ocr_line' id='line_1_14' title="bbox 1735 1126 3327 1200; baseline 0.001 -20"><span class='ocrx_word' id='word_1_111' title='bbox 1735 1126 1946 1183; x_wconf 90' lang='lat' dir='ltr'><strong>veritus</strong></span> <span class='ocrx_word' id='word_1_112' title='bbox 1975 1135 2059 1184; x_wconf 87' lang='lat' dir='ltr'><strong>est</strong></span> <span class='ocrx_word' id='word_1_113' title='bbox 2088 1127 2136 1183; x_wconf 90' lang='lat' dir='ltr'><strong>ei</strong></span> <span class='ocrx_word' id='word_1_114' title='bbox 2161 1129 2500 1184; x_wconf 83' lang='lat' dir='ltr'><strong>committere</strong></span> <span class='ocrx_word' id='word_1_115' title='bbox 2528 1143 2745 1183; x_wconf 89' lang='lat' dir='ltr'><strong>omnem</strong></span> <span class='ocrx_word' id='word_1_116' title='bbox 2775 1135 3100 1200; x_wconf 90' lang='lat' dir='ltr'><strong>potestatem</strong></span> <span class='ocrx_word' id='word_1_117' title='bbox 3138 1127 3327 1198; x_wconf 86' lang='lat' dir='ltr'><strong>patris.</strong></span> 
     </span>
    </p>
   </div>
   <div class='ocr_carea' id='block_1_15' title="bbox 83 1211 3331 1289">
    <p class='ocr_par' dir='ltr' id='par_1_15' title="bbox 83 1211 3331 1289">
     <span class='ocr_line' id='line_1_15' title="bbox 83 1211 3331 1289; baseline 0.002 -22"><span class='ocrx_word' id='word_1_118' title='bbox 83 1211 299 1269; x_wconf 80' lang='lat' dir='ltr'><strong>Witikint</strong></span> <span class='ocrx_word' id='word_1_119' title='bbox 317 1228 556 1284; x_wconf 88' lang='lat' dir='ltr'><strong>quoque,</strong></span> <span class='ocrx_word' id='word_1_120' title='bbox 580 1215 676 1286; x_wconf 88' lang='lat' dir='ltr'><strong>qui</strong></span> <span class='ocrx_word' id='word_1_121' title='bbox 706 1215 852 1271; x_wconf 88' lang='lat' dir='ltr'><strong>inter</strong></span> <span class='ocrx_word' id='word_1_122' title='bbox 871 1229 968 1272; x_wconf 91' lang='lat' dir='ltr'><strong>eos</strong></span> <span class='ocrx_word' id='word_1_123' title='bbox 987 1224 1041 1271; x_wconf 90' lang='lat' dir='ltr'><strong>et</strong></span> <span class='ocrx_word' id='word_1_124' title='bbox 1068 1216 1317 1272; x_wconf 78' lang='lat' dir='ltr'><strong>claritate</strong></span> <span class='ocrx_word' id='word_1_125' title='bbox 1339 1216 1557 1289; x_wconf 78' lang='lat' dir='ltr'><strong>generis</strong></span> <span class='ocrx_word' id='word_1_126' title='bbox 1581 1223 1637 1271; x_wconf 87' lang='lat' dir='ltr'><strong>et</strong></span> <span class='ocrx_word' id='word_1_127' title='bbox 1735 1216 1857 1285; x_wconf 93' lang='lat' dir='ltr'><strong>Quo</strong></span> <span class='ocrx_word' id='word_1_128' title='bbox 1904 1217 2108 1275; x_wconf 89' lang='lat' dir='ltr'><strong>factum</strong></span> <span class='ocrx_word' id='word_1_129' title='bbox 2148 1227 2233 1275; x_wconf 90' lang='lat' dir='ltr'><strong>est</strong></span> <span class='ocrx_word' id='word_1_130' title='bbox 2284 1227 2344 1275; x_wconf 89' lang='lat' dir='ltr'><strong>ut</strong></span> <span class='ocrx_word' id='word_1_131' title='bbox 2390 1219 2746 1275; x_wconf 90' lang='lat' dir='ltr'><strong>offensionem</strong></span> <span class='ocrx_word' id='word_1_132' title='bbox 2796 1219 3105 1275; x_wconf 87' lang='lat' dir='ltr'><strong>incurreret</strong></span> <span class='ocrx_word' id='word_1_133' title='bbox 3162 1218 3331 1274; x_wconf 90' lang='lat' dir='ltr'><strong>totius</strong></span> 
     </span>
    </p>
   </div>
   <div class='ocr_carea' id='block_1_16' title="bbox 81 1303 3327 1385">
    <p class='ocr_par' dir='ltr' id='par_1_16' title="bbox 81 1303 3327 1385">
     <span class='ocr_line' id='line_1_16' title="bbox 81 1303 3327 1385; baseline 0.002 -25"><span class='ocrx_word' id='word_1_134' title='bbox 81 1321 217 1377; x_wconf 89' lang='lat' dir='ltr'><strong>opum</strong></span> <span class='ocrx_word' id='word_1_135' title='bbox 239 1303 591 1374; x_wconf 82' lang='lat' dir='ltr'><strong>amplitudine</strong></span> <span class='ocrx_word' id='word_1_136' title='bbox 622 1304 918 1372; x_wconf 88' lang='lat' dir='ltr'><strong>eminebat,</strong></span> <span class='ocrx_word' id='word_1_137' title='bbox 960 1314 1016 1360; x_wconf 88' lang='lat' dir='ltr'><strong>et</strong></span> <span class='ocrx_word' id='word_1_138' title='bbox 1042 1305 1137 1376; x_wconf 89' lang='lat' dir='ltr'><strong>qui</strong></span> <span class='ocrx_word' id='word_1_139' title='bbox 1170 1305 1412 1377; x_wconf 71' lang='lat' dir='ltr'><strong>perﬁdiae</strong></span> <span class='ocrx_word' id='word_1_140' title='bbox 1441 1319 1633 1361; x_wconf 89' lang='lat' dir='ltr'><strong>eorum</strong></span> <span class='ocrx_word' id='word_1_141' title='bbox 1735 1310 2010 1367; x_wconf 89' lang='lat' dir='ltr'><strong>exercitus</strong></span> <span class='ocrx_word' id='word_1_142' title='bbox 2047 1312 2327 1367; x_wconf 83' lang='lat' dir='ltr'><strong>Saxonici.</strong></span> <span class='ocrx_word' id='word_1_143' title='bbox 2361 1310 2605 1385; x_wconf 86' lang='lat' dir='ltr'><strong>Quorum</strong></span> <span class='ocrx_word' id='word_1_144' title='bbox 2635 1313 2845 1367; x_wconf 87' lang='lat' dir='ltr'><strong>vultum</strong></span> <span class='ocrx_word' id='word_1_145' title='bbox 2877 1327 3008 1385; x_wconf 88' lang='lat' dir='ltr'><strong>erga</strong></span> <span class='ocrx_word' id='word_1_146' title='bbox 3042 1328 3102 1368; x_wconf 91' lang='lat' dir='ltr'><strong>se</strong></span> <span class='ocrx_word' id='word_1_147' title='bbox 3144 1320 3327 1367; x_wconf 83' lang='lat' dir='ltr'><strong>auste-</strong></span> 
     </span>
    </p>
   </div>
   <div class='ocr_carea' id='block_1_17' title="bbox 82 1395 3334 1493">
    <p class='ocr_par' dir='ltr' id='par_1_17' title="bbox 82 1395 3334 1493">
     <span class='ocr_line' id='line_1_17' title="bbox 82 1395 3334 1493; baseline 0.002 -42"><span class='ocrx_word' id='word_1_148' title='bbox 82 1405 242 1453; x_wconf 83' lang='lat' dir='ltr'><strong>auctor</strong></span> <span class='ocrx_word' id='word_1_149' title='bbox 276 1404 329 1451; x_wconf 91' lang='lat' dir='ltr'><strong>et</strong></span> <span class='ocrx_word' id='word_1_150' title='bbox 365 1396 614 1452; x_wconf 83' lang='lat' dir='ltr'><strong>incentor</strong></span> <span class='ocrx_word' id='word_1_151' title='bbox 648 1396 958 1454; x_wconf 91' lang='lat' dir='ltr'><strong>indefessus</strong></span> <span class='ocrx_word' id='word_1_152' title='bbox 983 1405 1121 1466; x_wconf 88' lang='lat' dir='ltr'><strong>erat,</strong></span> <span class='ocrx_word' id='word_1_153' title='bbox 1163 1397 1231 1453; x_wconf 90' lang='lat' dir='ltr'><strong>ad</strong></span> <span class='ocrx_word' id='word_1_154' title='bbox 1259 1397 1418 1454; x_wconf 90' lang='lat' dir='ltr'><strong>ﬁdem</strong></span> <span class='ocrx_word' id='word_1_155' title='bbox 1450 1395 1636 1452; x_wconf 82' lang='lat' dir='ltr'><strong>Karoli</strong></span> <span class='ocrx_word' id='word_1_156' title='bbox 1736 1403 1939 1493; x_wconf 50' lang='grc' dir='ltr'><strong>τίοι-ειη</strong></span> <span class='ocrx_word' id='word_1_157' title='bbox 1964 1420 2060 1460; x_wconf 70' lang='lat' dir='ltr'><strong>rex</strong></span> <span class='ocrx_word' id='word_1_158' title='bbox 2086 1420 2339 1471; x_wconf 76' lang='lat' dir='ltr'><strong>cernens,</strong></span> <span class='ocrx_word' id='word_1_159' title='bbox 2370 1420 2473 1459; x_wconf 84' lang='lat' dir='ltr'><strong>nec</strong></span> <span class='ocrx_word' id='word_1_160' title='bbox 2500 1402 2696 1459; x_wconf 85' lang='lat' dir='ltr'><strong>ducem</strong></span> <span class='ocrx_word' id='word_1_161' title='bbox 2727 1419 2917 1459; x_wconf 89' lang='lat' dir='ltr'><strong>eorum</strong></span> <span class='ocrx_word' id='word_1_162' title='bbox 2941 1404 3161 1475; x_wconf 87' lang='lat' dir='ltr'><strong>publico</strong></span> <span class='ocrx_word' id='word_1_163' title='bbox 3190 1404 3334 1459; x_wconf 84' lang='lat' dir='ltr'><strong>bello</strong></span> 
     </span>
    </p>
   </div>
   <div class='ocr_carea' id='block_1_18' title="bbox 82 1488 3329 1573">
    <p class='ocr_par' dir='ltr' id='par_1_18' title="bbox 82 1488 3329 1573">
     <span class='ocr_line' id='line_1_18' title="bbox 82 1488 3329 1573; baseline -0.002 -27"><span class='ocrx_word' id='word_1_164' title='bbox 82 1498 245 1560; x_wconf 84' lang='lat' dir='ltr'><strong>sponte</strong></span> <span class='ocrx_word' id='word_1_165' title='bbox 269 1489 514 1557; x_wconf 86' lang='lat' dir='ltr'><strong>veniens,</strong></span> <span class='ocrx_word' id='word_1_166' title='bbox 542 1489 687 1560; x_wconf 90' lang='lat' dir='ltr'><strong>apud</strong></span> <span class='ocrx_word' id='word_1_167' title='bbox 718 1488 1008 1546; x_wconf 84' lang='lat' dir='ltr'><strong>Tiniacum</strong></span> <span class='ocrx_word' id='word_1_168' title='bbox 1035 1491 1347 1562; x_wconf 79' lang='lat' dir='ltr'><strong>baptizatus</strong></span> <span class='ocrx_word' id='word_1_169' title='bbox 1371 1499 1425 1546; x_wconf 90' lang='lat' dir='ltr'><strong>et</strong></span> <span class='ocrx_word' id='word_1_170' title='bbox 1450 1505 1480 1545; x_wconf 91' lang='lat' dir='ltr'><strong>a</strong></span> <span class='ocrx_word' id='word_1_171' title='bbox 1512 1503 1640 1561; x_wconf 89' lang='lat' dir='ltr'><strong>rege</strong></span> <span class='ocrx_word' id='word_1_172' title='bbox 1739 1488 1800 1556; x_wconf 56' lang='lat' dir='ltr'><strong>ge</strong></span> <span class='ocrx_word' id='word_1_173' title='bbox 1824 1515 1987 1573; x_wconf 76' lang='lat' dir='ltr'><strong>posse</strong></span> <span class='ocrx_word' id='word_1_174' title='bbox 2017 1508 2299 1557; x_wconf 68' lang='grc' dir='ltr'><strong>οοηιθηιιε</strong></span> <span class='ocrx_word' id='word_1_175' title='bbox 2328 1515 2424 1570; x_wconf 64' lang='lat' dir='ltr'><strong>pre</strong></span> <span class='ocrx_word' id='word_1_176' title='bbox 2455 1498 2745 1553; x_wconf 62' lang='lat' dir='ltr'><strong>innumera</strong></span> <span class='ocrx_word' id='word_1_177' title='bbox 2770 1498 3048 1554; x_wconf 63' lang='grc' dir='ltr'><strong>αθωιωε</strong></span> <span class='ocrx_word' id='word_1_178' title='bbox 3076 1498 3329 1553; x_wconf 65' lang='lat' dir='ltr'><strong>mulum-</strong></span> 
     </span>
    </p>
   </div>
   <div class='ocr_carea' id='block_1_19' title="bbox 81 1580 1639 1654">
    <p class='ocr_par' dir='ltr' id='par_1_19' title="bbox 81 1580 1639 1654">
     <span class='ocr_line' id='line_1_19' title="bbox 81 1580 1639 1654; baseline 0.002 -20"><span class='ocrx_word' id='word_1_179' title='bbox 81 1582 135 1637; x_wconf 79' lang='lat' dir='ltr'><strong>de</strong></span> <span class='ocrx_word' id='word_1_180' title='bbox 170 1580 304 1636; x_wconf 87' lang='lat' dir='ltr'><strong>fonte</strong></span> <span class='ocrx_word' id='word_1_181' title='bbox 336 1589 628 1652; x_wconf 90' lang='lat' dir='ltr'><strong>susceptus</strong></span> <span class='ocrx_word' id='word_1_182' title='bbox 673 1591 791 1649; x_wconf 90' lang='lat' dir='ltr'><strong>est;</strong></span> <span class='ocrx_word' id='word_1_183' title='bbox 842 1582 1034 1654; x_wconf 87' lang='lat' dir='ltr'><strong>sicque</strong></span> <span class='ocrx_word' id='word_1_184' title='bbox 1082 1582 1322 1638; x_wconf 84' lang='lat' dir='ltr'><strong>Saxonia</strong></span> <span class='ocrx_word' id='word_1_185' title='bbox 1379 1590 1490 1638; x_wconf 91' lang='lat' dir='ltr'><strong>tota</strong></span> <span class='ocrx_word' id='word_1_186' title='bbox 1541 1598 1639 1638; x_wconf 87' lang='lat' dir='ltr'><strong>su-</strong></span> 
     </span>
    </p>
   </div>
   <div class='ocr_carea' id='block_1_20' title="bbox 1739 1576 3339 1665">
    <p class='ocr_par' dir='ltr' id='par_1_20' title="bbox 1739 1576 3339 1665">
     <span class='ocr_line' id='line_1_20' title="bbox 1739 1576 3339 1665; baseline -0.002 -17"><span class='ocrx_word' id='word_1_187' title='bbox 1739 1591 1867 1648; x_wconf 91' lang='lat' dir='ltr'><strong>dine</strong></span> <span class='ocrx_word' id='word_1_188' title='bbox 1895 1592 2255 1665; x_wconf 86' lang='lat' dir='ltr'><strong>perpendens,</strong></span> <span class='ocrx_word' id='word_1_189' title='bbox 2277 1594 2390 1664; x_wconf 86' lang='lat' dir='ltr'><strong>egit</strong></span> <span class='ocrx_word' id='word_1_190' title='bbox 2426 1600 2487 1647; x_wconf 92' lang='lat' dir='ltr'><strong>ut</strong></span> <span class='ocrx_word' id='word_1_191' title='bbox 2506 1606 2731 1663; x_wconf 88' lang='lat' dir='ltr'><strong>quoquo</strong></span> <span class='ocrx_word' id='word_1_192' title='bbox 2754 1591 2917 1647; x_wconf 91' lang='lat' dir='ltr'><strong>modo</strong></span> <span class='ocrx_word' id='word_1_193' title='bbox 2941 1576 3339 1647; x_wconf 86' lang='lat' dir='ltr'><strong>interﬁceretur</strong></span> 
     </span>
    </p>
   </div>
   <div class='ocr_carea' id='block_1_21' title="bbox 81 1671 3338 1752">
    <p class='ocr_par' dir='ltr' id='par_1_21' title="bbox 81 1671 3338 1752">
     <span class='ocr_line' id='line_1_21' title="bbox 81 1671 3338 1752; baseline 0.001 -19"><span class='ocrx_word' id='word_1_194' title='bbox 81 1681 235 1741; x_wconf 72' lang='lat' dir='ltr'><strong>perm</strong></span> <span class='ocrx_word' id='word_1_195' title='bbox 262 1678 314 1727; x_wconf 74' lang='lat' dir='ltr'><strong>et</strong></span> <span class='ocrx_word' id='word_1_196' title='bbox 351 1671 600 1743; x_wconf 74' lang='lat' dir='ltr'><strong>subjecta</strong></span> <span class='ocrx_word' id='word_1_197' title='bbox 633 1682 737 1728; x_wconf 71' lang='lat' dir='ltr'><strong>est.</strong></span> <span class='ocrx_word' id='word_1_198' title='bbox 772 1671 948 1745; x_wconf 78' lang='lat' dir='ltr'><strong>Hujus</strong></span> <span class='ocrx_word' id='word_1_199' title='bbox 980 1673 1270 1729; x_wconf 68' lang='lat' dir='ltr'><strong>Wilikindi</strong></span> <span class='ocrx_word' id='word_1_200' title='bbox 1312 1673 1459 1743; x_wconf 76' lang='lat' dir='ltr'><strong>ﬁlius</strong></span> <span class='ocrx_word' id='word_1_201' title='bbox 1488 1672 1643 1745; x_wconf 70' lang='lat' dir='ltr'><strong>Wis-</strong></span> <span class='ocrx_word' id='word_1_202' title='bbox 1740 1683 1908 1752; x_wconf 90' lang='lat' dir='ltr'><strong>dolo;</strong></span> <span class='ocrx_word' id='word_1_203' title='bbox 1940 1683 2009 1741; x_wconf 89' lang='lat' dir='ltr'><strong>ad</strong></span> <span class='ocrx_word' id='word_1_204' title='bbox 2057 1684 2164 1741; x_wconf 87' lang='lat' dir='ltr'><strong>hoc</strong></span> <span class='ocrx_word' id='word_1_205' title='bbox 2211 1683 2440 1752; x_wconf 88' lang='lat' dir='ltr'><strong>habens,</strong></span> <span class='ocrx_word' id='word_1_206' title='bbox 2474 1692 2536 1743; x_wconf 73' lang='lat' dir='ltr'><strong>ut</strong></span> <span class='ocrx_word' id='word_1_207' title='bbox 2567 1682 2762 1751; x_wconf 82' lang='lat' dir='ltr'><strong>fertur,</strong></span> <span class='ocrx_word' id='word_1_208' title='bbox 2793 1682 3033 1738; x_wconf 72' lang='lat' dir='ltr'><strong>maxime</strong></span> <span class='ocrx_word' id='word_1_209' title='bbox 3080 1682 3338 1737; x_wconf 87' lang='lat' dir='ltr'><strong>idoneum</strong></span> 
     </span>
    </p>
   </div>
   <div class='ocr_carea' id='block_1_22' title="bbox 81 1763 3340 1868">
    <p class='ocr_par' dir='ltr' id='par_1_22' title="bbox 81 1763 3340 1868">
     <span class='ocr_line' id='line_1_22' title="bbox 81 1763 3340 1868; baseline 0.006 -51"><span class='ocrx_word' id='word_1_210' title='bbox 81 1764 256 1831; x_wconf 84' lang='lat' dir='ltr'><strong>bertus,</strong></span> <span class='ocrx_word' id='word_1_211' title='bbox 283 1763 929 1868; x_wconf 39' lang='lat' dir='ltr'><strong>ﬁbristianteurel‘igionis</strong></span> <span class='ocrx_word' id='word_1_212' title='bbox 959 1768 1140 1823; x_wconf 88' lang='lat' dir='ltr'><strong>cultor</strong></span> <span class='ocrx_word' id='word_1_213' title='bbox 1164 1768 1415 1868; x_wconf 54' lang='lat' dir='ltr'><strong>devotus.</strong></span> <span class='ocrx_word' id='word_1_214' title='bbox 1463 1766 1638 1868; x_wconf 54' lang='lat' dir='ltr'><strong>ﬁlium</strong></span> <span class='ocrx_word' id='word_1_215' title='bbox 1667 1857 1707 1868; x_wconf 39' lang='grc' dir='ltr'>Ἀ</span> <span class='ocrx_word' id='word_1_216' title='bbox 1741 1783 2069 1856; x_wconf 66' lang='lat' dir='ltr'><strong>Mogontinaa</strong></span> <span class='ocrx_word' id='word_1_217' title='bbox 2091 1782 2239 1840; x_wconf 85' lang='lat' dir='ltr'><strong>sedis</strong></span> <span class='ocrx_word' id='word_1_218' title='bbox 2256 1782 2599 1854; x_wconf 86' lang='lat' dir='ltr'><strong>episcopum,</strong></span> <span class='ocrx_word' id='word_1_219' title='bbox 2615 1781 2840 1838; x_wconf 87' lang='lat' dir='ltr'><strong>nomine</strong></span> <span class='ocrx_word' id='word_1_220' title='bbox 2851 1778 3340 1849; x_wconf 81' lang='lat' dir='ltr'><strong>llattonem,eujus</strong></span> 
     </span>
    </p>
   </div>
   <div class='ocr_carea' id='block_1_23' title="bbox 80 1856 3333 1943">
    <p class='ocr_par' dir='ltr' id='par_1_23' title="bbox 80 1856 3333 1943">
     <span class='ocr_line' id='line_1_23' title="bbox 80 1856 3333 1943; baseline -0.001 -17"><span class='ocrx_word' id='word_1_221' title='bbox 80 1857 366 1925; x_wconf 66' lang='grc' dir='ltr'><strong>Ρτοθτθπῖῑν</strong></span> <span class='ocrx_word' id='word_1_222' title='bbox 411 1872 577 1928; x_wconf 69' lang='lat' dir='ltr'><strong>quem</strong></span> <span class='ocrx_word' id='word_1_223' title='bbox 607 1856 975 1914; x_wconf 59' lang='lat' dir='ltr'><strong>wallbel‘tum</strong></span> <span class='ocrx_word' id='word_1_224' title='bbox 1013 1861 1262 1927; x_wconf 62' lang='lat' dir='ltr'><strong>“mam;</strong></span> <span class='ocrx_word' id='word_1_225' title='bbox 1306 1859 1400 1932; x_wconf 72' lang='lat' dir='ltr'><strong>qui</strong></span> <span class='ocrx_word' id='word_1_226' title='bbox 1431 1868 1485 1914; x_wconf 63' lang='grc' dir='ltr'><strong>εί</strong></span> <span class='ocrx_word' id='word_1_227' title='bbox 1519 1858 1635 1930; x_wconf 59' lang='grc' dir='ltr'><strong>ἰΡεῖθ</strong></span> <span class='ocrx_word' id='word_1_228' title='bbox 1667 1857 1710 1913; x_wconf 76' lang='grc' dir='ltr'><strong>Β</strong></span> <span class='ocrx_word' id='word_1_229' title='bbox 1735 1874 1967 1930; x_wconf 87' lang='lat' dir='ltr'><strong>consilio</strong></span> <span class='ocrx_word' id='word_1_230' title='bbox 2000 1881 2057 1929; x_wconf 87' lang='lat' dir='ltr'><strong>et</strong></span> <span class='ocrx_word' id='word_1_231' title='bbox 2081 1872 2408 1928; x_wconf 82' lang='lat' dir='ltr'><strong>Adelbertus</strong></span> <span class='ocrx_word' id='word_1_232' title='bbox 2442 1870 2914 1943; x_wconf 87' lang='lat' dir='ltr'><strong>Bahenbergensis</strong></span> <span class='ocrx_word' id='word_1_233' title='bbox 2942 1871 3202 1940; x_wconf 88' lang='lat' dir='ltr'><strong>deceptus</strong></span> <span class='ocrx_word' id='word_1_234' title='bbox 3228 1876 3333 1924; x_wconf 88' lang='lat' dir='ltr'><strong>est.</strong></span> 
     </span>
    </p>
   </div>
   <div class='ocr_carea' id='block_1_24' title="bbox 80 1947 1631 2021">
    <p class='ocr_par' dir='ltr' id='par_1_24' title="bbox 80 1947 1631 2021">
     <span class='ocr_line' id='line_1_24' title="bbox 80 1947 1631 2021; baseline 0.002 -20"><span class='ocrx_word' id='word_1_235' title='bbox 80 1948 135 2002; x_wconf 81' lang='lat' dir='ltr'><strong>ab</strong></span> <span class='ocrx_word' id='word_1_236' title='bbox 160 1947 370 2004; x_wconf 78' lang='lat' dir='ltr'><strong>infantia</strong></span> <span class='ocrx_word' id='word_1_237' title='bbox 395 1950 712 2021; x_wconf 90' lang='lat' dir='ltr'><strong>religiosus,</strong></span> <span class='ocrx_word' id='word_1_238' title='bbox 743 1966 869 2005; x_wconf 89' lang='lat' dir='ltr'><strong>eum</strong></span> <span class='ocrx_word' id='word_1_239' title='bbox 894 1950 1073 2006; x_wconf 89' lang='lat' dir='ltr'><strong>factus</strong></span> <span class='ocrx_word' id='word_1_240' title='bbox 1100 1960 1247 2007; x_wconf 91' lang='lat' dir='ltr'><strong>esset</strong></span> <span class='ocrx_word' id='word_1_241' title='bbox 1268 1950 1372 2019; x_wconf 91' lang='lat' dir='ltr'><strong>vir,</strong></span> <span class='ocrx_word' id='word_1_242' title='bbox 1402 1948 1631 2005; x_wconf 80' lang='lat' dir='ltr'><strong>Romam</strong></span> 
     </span>
    </p>
   </div>
   <div class='ocr_carea' id='block_1_25' title="bbox 80 2040 1637 2113">
    <p class='ocr_par' dir='ltr' id='par_1_25' title="bbox 80 2040 1637 2113">
     <span class='ocr_line' id='line_1_25' title="bbox 80 2040 1637 2113; baseline 0.003 -20"><span class='ocrx_word' id='word_1_243' title='bbox 80 2054 216 2094; x_wconf 84' lang='lat' dir='ltr'><strong>causa</strong></span> <span class='ocrx_word' id='word_1_244' title='bbox 250 2040 515 2097; x_wconf 87' lang='lat' dir='ltr'><strong>orationis</strong></span> <span class='ocrx_word' id='word_1_245' title='bbox 559 2050 614 2096; x_wconf 92' lang='lat' dir='ltr'><strong>et</strong></span> <span class='ocrx_word' id='word_1_246' title='bbox 654 2041 1011 2112; x_wconf 81' lang='lat' dir='ltr'><strong>reliquiarum</strong></span> <span class='ocrx_word' id='word_1_247' title='bbox 1055 2041 1511 2113; x_wconf 73' lang='lat' dir='ltr'><strong>acquirendarum</strong></span> <span class='ocrx_word' id='word_1_248' title='bbox 1556 2049 1637 2098; x_wconf 87' lang='lat' dir='ltr'><strong>te-</strong></span> 
     </span>
    </p>
   </div>
   <div class='ocr_carea' id='block_1_26' title="bbox 1736 1958 3335 2039">
    <p class='ocr_par' dir='ltr' id='par_1_26' title="bbox 1736 1958 3335 2039">
     <span class='ocr_line' id='line_1_26' title="bbox 1736 1958 3335 2039; baseline -0.003 -21"><span class='ocrx_word' id='word_1_249' title='bbox 1736 1962 1838 2020; x_wconf 85' lang='lat' dir='ltr'><strong>llic</strong></span> <span class='ocrx_word' id='word_1_250' title='bbox 1868 1963 2173 2039; x_wconf 76' lang='lat' dir='ltr'><strong>prodictum</strong></span> <span class='ocrx_word' id='word_1_251' title='bbox 2205 1963 2400 2020; x_wconf 88' lang='lat' dir='ltr'><strong>ducem</strong></span> <span class='ocrx_word' id='word_1_252' title='bbox 2431 1978 2690 2035; x_wconf 83' lang='lat' dir='ltr'><strong>agressus</strong></span> <span class='ocrx_word' id='word_1_253' title='bbox 2726 1962 2876 2028; x_wconf 88' lang='lat' dir='ltr'><strong>dolo,</strong></span> <span class='ocrx_word' id='word_1_254' title='bbox 2922 1960 3051 2016; x_wconf 90' lang='lat' dir='ltr'><strong>fecit</strong></span> <span class='ocrx_word' id='word_1_255' title='bbox 3079 1963 3127 2016; x_wconf 92' lang='lat' dir='ltr'><strong>ei</strong></span> <span class='ocrx_word' id='word_1_256' title='bbox 3161 1958 3335 2014; x_wconf 83' lang='lat' dir='ltr'><strong>fabri-</strong></span> 
     </span>
    </p>
   </div>
   <div class='ocr_carea' id='block_1_27' title="bbox 1737 2050 3338 2127">
    <p class='ocr_par' dir='ltr' id='par_1_27' title="bbox 1737 2050 3338 2127">
     <span class='ocr_line' id='line_1_27' title="bbox 1737 2050 3338 2127; baseline -0.005 -14"><span class='ocrx_word' id='word_1_257' title='bbox 1737 2056 1851 2113; x_wconf 88' lang='lat' dir='ltr'><strong>cari</strong></span> <span class='ocrx_word' id='word_1_258' title='bbox 1873 2066 2120 2127; x_wconf 82' lang='lat' dir='ltr'><strong>torquem</strong></span> <span class='ocrx_word' id='word_1_259' title='bbox 2146 2070 2391 2121; x_wconf 88' lang='lat' dir='ltr'><strong>auream,</strong></span> <span class='ocrx_word' id='word_1_260' title='bbox 2421 2063 2475 2110; x_wconf 93' lang='lat' dir='ltr'><strong>ct</strong></span> <span class='ocrx_word' id='word_1_261' title='bbox 2498 2053 2747 2109; x_wconf 88' lang='lat' dir='ltr'><strong>invitavit</strong></span> <span class='ocrx_word' id='word_1_262' title='bbox 2768 2068 2893 2109; x_wconf 91' lang='lat' dir='ltr'><strong>eum</strong></span> <span class='ocrx_word' id='word_1_263' title='bbox 2918 2053 2983 2107; x_wconf 90' lang='lat' dir='ltr'><strong>ad</strong></span> <span class='ocrx_word' id='word_1_264' title='bbox 3001 2050 3338 2116; x_wconf 83' lang='lat' dir='ltr'><strong>convivium,</strong></span> 
     </span>
    </p>
   </div>
   <div class='ocr_carea' id='block_1_28' title="bbox 80 2129 1651 2220">
    <p class='ocr_par' dir='ltr' id='par_1_28' title="bbox 80 2129 1651 2220">
     <span class='ocr_line' id='line_1_28' title="bbox 80 2129 1651 2220; baseline 0.003 -37"><span class='ocrx_word' id='word_1_265' title='bbox 80 2129 223 2220; x_wconf 85' lang='lat' dir='ltr'><strong>tendit</strong></span> <span class='ocrx_word' id='word_1_266' title='bbox 247 2130 354 2197; x_wconf 82' lang='grc'>¹¹³⁸,</span> <span class='ocrx_word' id='word_1_267' title='bbox 388 2146 704 2203; x_wconf 90' lang='lat' dir='ltr'><strong>corpusque</strong></span> <span class='ocrx_word' id='word_1_268' title='bbox 733 2132 910 2187; x_wconf 86' lang='lat' dir='ltr'><strong>sancti</strong></span> <span class='ocrx_word' id='word_1_269' title='bbox 941 2132 1257 2199; x_wconf 81' lang='lat' dir='ltr'><strong>Alexandri,</strong></span> <span class='ocrx_word' id='word_1_270' title='bbox 1297 2131 1393 2187; x_wconf 90' lang='lat' dir='ltr'><strong>ﬁlii</strong></span> <span class='ocrx_word' id='word_1_271' title='bbox 1434 2140 1651 2189; x_wconf 61' lang='lat' dir='ltr'><strong>sanctae</strong></span> 
     </span>
    </p>
   </div>
   <div class='ocr_carea' id='block_1_29' title="bbox 1755 2129 3340 2220">
    <p class='ocr_par' dir='ltr' id='par_1_29' title="bbox 1755 2141 3340 2220">
     <span class='ocr_line' id='line_1_29' title="bbox 1755 2141 3340 2220; baseline -0.005 -16"><span class='ocrx_word' id='word_1_272' title='bbox 1755 2165 1850 2220; x_wconf 60' lang='lat' dir='ltr'><strong>guo</strong></span> <span class='ocrx_word' id='word_1_273' title='bbox 1891 2148 2103 2219; x_wconf 85' lang='lat' dir='ltr'><strong>magnis</strong></span> <span class='ocrx_word' id='word_1_274' title='bbox 2130 2148 2200 2203; x_wconf 88' lang='lat' dir='ltr'><strong>ab</strong></span> <span class='ocrx_word' id='word_1_275' title='bbox 2234 2161 2301 2203; x_wconf 92' lang='lat' dir='ltr'><strong>eo</strong></span> <span class='ocrx_word' id='word_1_276' title='bbox 2334 2146 2656 2201; x_wconf 88' lang='lat' dir='ltr'><strong>muneribus</strong></span> <span class='ocrx_word' id='word_1_277' title='bbox 2700 2145 3082 2200; x_wconf 87' lang='lat' dir='ltr'><strong>honoraretur.</strong></span> <span class='ocrx_word' id='word_1_278' title='bbox 3128 2141 3340 2197; x_wconf 85' lang='lat' dir='ltr'><strong>Interea</strong></span> 
     </span>
    </p>
   </div>
   <div class='ocr_carea' id='block_1_30' title="bbox 79 2219 1651 2327">
    <p class='ocr_par' dir='ltr' id='par_1_30' title="bbox 79 2219 1639 2327">
     <span class='ocr_line' id='line_1_30' title="bbox 79 2219 1639 2327; baseline 0.001 -51"><span class='ocrx_word' id='word_1_279' title='bbox 79 2219 362 2327; x_wconf 52' lang='lat' dir='ltr'><strong>felicitatis,</strong></span> <span class='ocrx_word' id='word_1_280' title='bbox 389 2224 667 2295; x_wconf 86' lang='lat' dir='ltr'><strong>integrum</strong></span> <span class='ocrx_word' id='word_1_281' title='bbox 696 2222 972 2294; x_wconf 87' lang='lat' dir='ltr'><strong>accipiens</strong></span> <span class='ocrx_word' id='word_1_282' title='bbox 993 2240 1024 2279; x_wconf 93' lang='lat' dir='ltr'><strong>a</strong></span> <span class='ocrx_word' id='word_1_283' title='bbox 1050 2240 1183 2296; x_wconf 89' lang='lat' dir='ltr'><strong>papa</strong></span> <span class='ocrx_word' id='word_1_284' title='bbox 1217 2234 1350 2280; x_wconf 90' lang='lat' dir='ltr'><strong>tunc</strong></span> <span class='ocrx_word' id='word_1_285' title='bbox 1376 2224 1639 2296; x_wconf 89' lang='lat' dir='ltr'><strong>temporis</strong></span> 
     </span>
    </p>
   </div>
   <div class='ocr_carea' id='block_1_31' title="bbox 1755 2219 3344 2327">
    <p class='ocr_par' dir='ltr' id='par_1_31' title="bbox 1755 2235 3344 2313">
     <span class='ocr_line' id='line_1_31' title="bbox 1755 2235 3344 2313; baseline -0.007 -12"><span class='ocrx_word' id='word_1_286' title='bbox 1755 2242 1982 2313; x_wconf 62' lang='lat' dir='ltr'><strong>pontifex</strong></span> <span class='ocrx_word' id='word_1_287' title='bbox 2007 2241 2391 2299; x_wconf 86' lang='lat' dir='ltr'><strong>considerandi</strong></span> <span class='ocrx_word' id='word_1_288' title='bbox 2415 2241 2598 2312; x_wconf 88' lang='lat' dir='ltr'><strong>operis</strong></span> <span class='ocrx_word' id='word_1_289' title='bbox 2619 2240 2793 2313; x_wconf 90' lang='lat' dir='ltr'><strong>gratia</strong></span> <span class='ocrx_word' id='word_1_290' title='bbox 2840 2239 3120 2310; x_wconf 89' lang='lat' dir='ltr'><strong>ingressus</strong></span> <span class='ocrx_word' id='word_1_291' title='bbox 3146 2235 3214 2291; x_wconf 89' lang='lat' dir='ltr'><strong>ad</strong></span> <span class='ocrx_word' id='word_1_292' title='bbox 3244 2251 3344 2290; x_wconf 88' lang='lat' dir='ltr'><strong>au-</strong></span> 
     </span>
    </p>
   </div>
   <div class='ocr_carea' id='block_1_32' title="bbox 80 2310 1651 2403">
    <p class='ocr_par' dir='ltr' id='par_1_32' title="bbox 80 2310 1642 2403">
     <span class='ocr_line' id='line_1_32' title="bbox 80 2310 1642 2403; baseline 0.002 -37"><span class='ocrx_word' id='word_1_293' title='bbox 80 2310 251 2403; x_wconf 55' lang='lat' dir='ltr'><strong>lfone,</strong></span> <span class='ocrx_word' id='word_1_294' title='bbox 282 2311 334 2368; x_wconf 90' lang='lat' dir='ltr'><strong>in</strong></span> <span class='ocrx_word' id='word_1_295' title='bbox 378 2313 683 2369; x_wconf 84' lang='lat' dir='ltr'><strong>Saxoniam</strong></span> <span class='ocrx_word' id='word_1_296' title='bbox 721 2314 915 2371; x_wconf 89' lang='lat' dir='ltr'><strong>detulit</strong></span> <span class='ocrx_word' id='word_1_297' title='bbox 954 2324 1009 2370; x_wconf 91' lang='lat' dir='ltr'><strong>et</strong></span> <span class='ocrx_word' id='word_1_298' title='bbox 1049 2315 1103 2369; x_wconf 91' lang='lat' dir='ltr'><strong>in</strong></span> <span class='ocrx_word' id='word_1_299' title='bbox 1147 2316 1269 2371; x_wconf 94' lang='lat' dir='ltr'><strong>loco</strong></span> <span class='ocrx_word' id='word_1_300' title='bbox 1299 2316 1395 2387; x_wconf 88' lang='lat' dir='ltr'><strong>qui</strong></span> <span class='ocrx_word' id='word_1_301' title='bbox 1439 2315 1642 2372; x_wconf 91' lang='lat' dir='ltr'><strong>dicitur</strong></span> 
     </span>
    </p>
   </div>
   <div class='ocr_carea' id='block_1_33' title="bbox 1755 2310 3344 2403">
    <p class='ocr_par' dir='ltr' id='par_1_33' title="bbox 1755 2310 3344 2403">
     <span class='ocr_line' id='line_1_33' title="bbox 1755 2310 3344 2403; baseline -0.004 -16"><span class='ocrx_word' id='word_1_302' title='bbox 1755 2333 1969 2399; x_wconf 80' lang='lat' dir='ltr'><strong>riﬁcem,</strong></span> <span class='ocrx_word' id='word_1_303' title='bbox 1994 2333 2221 2403; x_wconf 89' lang='lat' dir='ltr'><strong>visaque</strong></span> <span class='ocrx_word' id='word_1_304' title='bbox 2260 2310 2472 2401; x_wconf 69' lang='lat' dir='ltr'><strong>torque,</strong></span> <span class='ocrx_word' id='word_1_305' title='bbox 2500 2310 2674 2385; x_wconf 85' lang='lat' dir='ltr'><strong>fertur</strong></span> <span class='ocrx_word' id='word_1_306' title='bbox 2705 2327 3060 2400; x_wconf 81' lang='lat' dir='ltr'><strong>ingemuisse.</strong></span> <span class='ocrx_word' id='word_1_307' title='bbox 3093 2324 3344 2382; x_wconf 84' lang='lat' dir='ltr'><strong>Gemitus</strong></span> 
     </span>
    </p>
   </div>
   <div class='ocr_carea' id='block_1_34' title="bbox 85 2399 808 2473">
    <p class='ocr_par' dir='ltr' id='par_1_34' title="bbox 85 2399 808 2473">
     <span class='ocr_line' id='line_1_34' title="bbox 85 2399 808 2473; baseline 0.006 -19"><span class='ocrx_word' id='word_1_308' title='bbox 85 2399 561 2473; x_wconf 79' lang='lat' dir='ltr'><strong>Wigsltingohuson</strong></span> <span class='ocrx_word' id='word_1_309' title='bbox 586 2402 808 2460; x_wconf 86' lang='lat' dir='ltr'><strong>locavit.</strong></span> 
     </span>
    </p>
   </div>
   <div class='ocr_carea' id='block_1_35' title="bbox 136 2507 1645 2586">
    <p class='ocr_par' dir='ltr' id='par_1_35' title="bbox 136 2507 1645 2586">
     <span class='ocr_line' id='line_1_35' title="bbox 136 2507 1645 2586; baseline 0.007 -23"><span class='ocrx_word' id='word_1_310' title='bbox 136 2507 203 2564; x_wconf 83' lang='lat' dir='ltr'><strong>Ex</strong></span> <span class='ocrx_word' id='word_1_311' title='bbox 221 2509 461 2582; x_wconf 80' lang='lat' dir='ltr'><strong>ejusdem</strong></span> <span class='ocrx_word' id='word_1_312' title='bbox 509 2510 799 2569; x_wconf 69' lang='lat' dir='ltr'><strong>Saxonica:</strong></span> <span class='ocrx_word' id='word_1_313' title='bbox 827 2513 1002 2585; x_wconf 90' lang='lat' dir='ltr'><strong>gentis</strong></span> <span class='ocrx_word' id='word_1_314' title='bbox 1034 2513 1205 2586; x_wconf 89' lang='lat' dir='ltr'><strong>stirpe</strong></span> <span class='ocrx_word' id='word_1_315' title='bbox 1237 2513 1322 2570; x_wconf 87' lang='lat' dir='ltr'><strong>vir</strong></span> <span class='ocrx_word' id='word_1_316' title='bbox 1357 2513 1559 2571; x_wconf 86' lang='lat' dir='ltr'><strong>nobilis</strong></span> <span class='ocrx_word' id='word_1_317' title='bbox 1589 2525 1645 2573; x_wconf 86' lang='lat' dir='ltr'><strong>ct</strong></span> 
     </span>
    </p>
   </div>
   <div class='ocr_carea' id='block_1_36' title="bbox 80 2602 1643 2675">
    <p class='ocr_par' dir='ltr' id='par_1_36' title="bbox 80 2602 1643 2675">
     <span class='ocr_line' id='line_1_36' title="bbox 80 2602 1643 2675; baseline 0.003 -22"><span class='ocrx_word' id='word_1_318' title='bbox 80 2602 470 2674; x_wconf 80' lang='lat' dir='ltr'><strong>permagniﬁeus</strong></span> <span class='ocrx_word' id='word_1_319' title='bbox 502 2614 587 2658; x_wconf 89' lang='lat' dir='ltr'><strong>est</strong></span> <span class='ocrx_word' id='word_1_320' title='bbox 631 2603 1176 2675; x_wconf 69' lang='lat' dir='ltr'><strong>egressus,‘nomine</strong></span> <span class='ocrx_word' id='word_1_321' title='bbox 1215 2602 1511 2669; x_wconf 85' lang='lat' dir='ltr'><strong>Luitulfus,</strong></span> <span class='ocrx_word' id='word_1_322' title='bbox 1547 2604 1643 2675; x_wconf 86' lang='lat' dir='ltr'><strong>qui</strong></span> 
     </span>
    </p>
   </div>
   <div class='ocr_carea' id='block_1_37' title="bbox 79 2691 1643 2767">
    <p class='ocr_par' dir='ltr' id='par_1_37' title="bbox 79 2691 1643 2767">
     <span class='ocr_line' id='line_1_37' title="bbox 79 2691 1643 2767; baseline 0.004 -25"><span class='ocrx_word' id='word_1_323' title='bbox 79 2698 123 2743; x_wconf 88' lang='lat' dir='ltr'><strong>et</strong></span> <span class='ocrx_word' id='word_1_324' title='bbox 146 2691 245 2761; x_wconf 88' lang='lat' dir='ltr'><strong>ipse</strong></span> <span class='ocrx_word' id='word_1_325' title='bbox 269 2693 551 2765; x_wconf 76' lang='lat' dir='ltr'><strong>religionis</strong></span> <span class='ocrx_word' id='word_1_326' title='bbox 578 2693 752 2765; x_wconf 89' lang='lat' dir='ltr'><strong>gratia</strong></span> <span class='ocrx_word' id='word_1_327' title='bbox 785 2693 1017 2749; x_wconf 88' lang='lat' dir='ltr'><strong>Romam</strong></span> <span class='ocrx_word' id='word_1_328' title='bbox 1047 2693 1349 2767; x_wconf 87' lang='lat' dir='ltr'><strong>profectus,</strong></span> <span class='ocrx_word' id='word_1_329' title='bbox 1380 2695 1522 2752; x_wconf 89' lang='lat' dir='ltr'><strong>beati</strong></span> <span class='ocrx_word' id='word_1_330' title='bbox 1543 2711 1643 2766; x_wconf 91' lang='lat' dir='ltr'><strong>pa-</strong></span> 
     </span>
    </p>
   </div>
   <div class='ocr_carea' id='block_1_38' title="bbox 80 2780 1643 2859">
    <p class='ocr_par' dir='ltr' id='par_1_38' title="bbox 80 2780 1643 2859">
     <span class='ocr_line' id='line_1_38' title="bbox 80 2780 1643 2859; baseline 0.004 -23"><span class='ocrx_word' id='word_1_331' title='bbox 80 2794 147 2850; x_wconf 71' lang='lat' dir='ltr'><strong>pa:</strong></span> <span class='ocrx_word' id='word_1_332' title='bbox 171 2780 458 2840; x_wconf 88' lang='lat' dir='ltr'><strong>Innocentii</strong></span> <span class='ocrx_word' id='word_1_333' title='bbox 476 2785 735 2857; x_wconf 81' lang='lat' dir='ltr'><strong>reliquias</strong></span> <span class='ocrx_word' id='word_1_334' title='bbox 759 2785 884 2841; x_wconf 88' lang='lat' dir='ltr'><strong>inde</strong></span> <span class='ocrx_word' id='word_1_335' title='bbox 904 2786 1150 2843; x_wconf 81' lang='lat' dir='ltr'><strong>adduxit.</strong></span> <span class='ocrx_word' id='word_1_336' title='bbox 1172 2786 1342 2858; x_wconf 76' lang='lat' dir='ltr'><strong>(Win.</strong></span> <span class='ocrx_word' id='word_1_337' title='bbox 1360 2803 1401 2854; x_wconf 84' lang='grc' dir='ltr'><strong>ι,</strong></span> <span class='ocrx_word' id='word_1_338' title='bbox 1420 2786 1483 2841; x_wconf 85' lang='lat' dir='ltr'><strong>l6</strong></span> <span class='ocrx_word' id='word_1_339' title='bbox 1497 2786 1643 2859; x_wconf 88' lang='lat' dir='ltr'><strong>sqq.)</strong></span> 
     </span>
    </p>
   </div>
   <div class='ocr_carea' id='block_1_39' title="bbox 80 2867 1644 2950">
    <p class='ocr_par' dir='ltr' id='par_1_39' title="bbox 80 2867 1644 2950">
     <span class='ocr_line' id='line_1_39' title="bbox 80 2867 1644 2950; baseline 0.007 -27"><span class='ocrx_word' id='word_1_340' title='bbox 80 2867 161 2926; x_wconf 87' lang='lat' dir='ltr'><strong>llic</strong></span> <span class='ocrx_word' id='word_1_341' title='bbox 186 2873 362 2931; x_wconf 88' lang='lat' dir='ltr'><strong>habuit</strong></span> <span class='ocrx_word' id='word_1_342' title='bbox 382 2877 528 2935; x_wconf 86' lang='lat' dir='ltr'><strong>ﬁlios</strong></span> <span class='ocrx_word' id='word_1_343' title='bbox 550 2876 710 2945; x_wconf 90' lang='lat' dir='ltr'><strong>duos,</strong></span> <span class='ocrx_word' id='word_1_344' title='bbox 742 2877 1056 2933; x_wconf 89' lang='lat' dir='ltr'><strong>Prunonem</strong></span> <span class='ocrx_word' id='word_1_345' title='bbox 1091 2887 1145 2934; x_wconf 90' lang='lat' dir='ltr'><strong>et</strong></span> <span class='ocrx_word' id='word_1_346' title='bbox 1179 2877 1434 2935; x_wconf 90' lang='lat' dir='ltr'><strong>Ottonem</strong></span> <span class='ocrx_word' id='word_1_347' title='bbox 1462 2897 1477 2947; x_wconf 93' lang='lat'><strong>;</strong></span> <span class='ocrx_word' id='word_1_348' title='bbox 1503 2895 1644 2950; x_wconf 90' lang='lat' dir='ltr'><strong>quo-</strong></span> 
     </span>
    </p>
   </div>
   <div class='ocr_carea' id='block_1_40' title="bbox 81 2967 1649 3038">
    <p class='ocr_par' dir='ltr' id='par_1_40' title="bbox 81 2967 1649 3038">
     <span class='ocr_line' id='line_1_40' title="bbox 81 2967 1649 3038; baseline 0.006 -22"><span class='ocrx_word' id='word_1_349' title='bbox 81 2977 180 3017; x_wconf 87' lang='lat' dir='ltr'><strong>rum</strong></span> <span class='ocrx_word' id='word_1_350' title='bbox 204 2967 369 3038; x_wconf 82' lang='lat' dir='ltr'><strong>major</strong></span> <span class='ocrx_word' id='word_1_351' title='bbox 390 2967 567 3035; x_wconf 89' lang='lat' dir='ltr'><strong>Brun,</strong></span> <span class='ocrx_word' id='word_1_352' title='bbox 593 2984 719 3024; x_wconf 91' lang='lat' dir='ltr'><strong>cum</strong></span> <span class='ocrx_word' id='word_1_353' title='bbox 759 2969 930 3025; x_wconf 87' lang='lat' dir='ltr'><strong>totius</strong></span> <span class='ocrx_word' id='word_1_354' title='bbox 953 2968 1211 3025; x_wconf 72' lang='lat' dir='ltr'><strong>Saxonia:</strong></span> <span class='ocrx_word' id='word_1_355' title='bbox 1234 2971 1495 3026; x_wconf 89' lang='lat' dir='ltr'><strong>ducatum</strong></span> <span class='ocrx_word' id='word_1_356' title='bbox 1529 2987 1649 3026; x_wconf 91' lang='lat' dir='ltr'><strong>am-</strong></span> 
     </span>
    </p>
   </div>
   <div class='ocr_carea' id='block_1_41' title="bbox 80 3055 1649 3134">
    <p class='ocr_par' dir='ltr' id='par_1_41' title="bbox 80 3055 1649 3134">
     <span class='ocr_line' id='line_1_41' title="bbox 80 3055 1649 3134; baseline 0.005 -25"><span class='ocrx_word' id='word_1_357' title='bbox 80 3055 434 3126; x_wconf 86' lang='lat' dir='ltr'><strong>miuistrasset,</strong></span> <span class='ocrx_word' id='word_1_358' title='bbox 470 3061 770 3116; x_wconf 79' lang='lat' dir='ltr'><strong>exercitum</strong></span> <span class='ocrx_word' id='word_1_359' title='bbox 808 3070 1001 3117; x_wconf 89' lang='lat' dir='ltr'><strong>contra</strong></span> <span class='ocrx_word' id='word_1_360' title='bbox 1032 3061 1217 3119; x_wconf 81' lang='lat' dir='ltr'><strong>Danos</strong></span> <span class='ocrx_word' id='word_1_361' title='bbox 1258 3062 1434 3129; x_wconf 86' lang='lat' dir='ltr'><strong>duxit,</strong></span> <span class='ocrx_word' id='word_1_362' title='bbox 1466 3062 1649 3134; x_wconf 89' lang='lat' dir='ltr'><strong>ibique</strong></span> 
     </span>
    </p>
   </div>
   <div class='ocr_carea' id='block_1_42' title="bbox 81 3150 1650 3225">
    <p class='ocr_par' dir='ltr' id='par_1_42' title="bbox 81 3150 1650 3225">
     <span class='ocr_line' id='line_1_42' title="bbox 81 3150 1650 3225; baseline 0.004 -22"><span class='ocrx_word' id='word_1_363' title='bbox 81 3150 288 3218; x_wconf 88' lang='lat' dir='ltr'><strong>occisus,</strong></span> <span class='ocrx_word' id='word_1_364' title='bbox 340 3151 607 3207; x_wconf 89' lang='lat' dir='ltr'><strong>ducatum</strong></span> <span class='ocrx_word' id='word_1_365' title='bbox 658 3150 814 3208; x_wconf 88' lang='lat' dir='ltr'><strong>fratri</strong></span> <span class='ocrx_word' id='word_1_366' title='bbox 866 3150 1052 3211; x_wconf 89' lang='lat' dir='ltr'><strong>Ottoni</strong></span> <span class='ocrx_word' id='word_1_367' title='bbox 1104 3154 1347 3225; x_wconf 77' lang='lat' dir='ltr'><strong>reliquit.</strong></span> <span class='ocrx_word' id='word_1_368' title='bbox 1390 3152 1486 3211; x_wconf 84' lang='lat' dir='ltr'><strong>His</strong></span> <span class='ocrx_word' id='word_1_369' title='bbox 1533 3164 1650 3209; x_wconf 89' lang='lat' dir='ltr'><strong>erat</strong></span> 
     </span>
    </p>
   </div>
   <div class='ocr_carea' id='block_1_43' title="bbox 80 3220 1719 3316">
    <p class='ocr_par' dir='ltr' id='par_1_43' title="bbox 80 3220 1719 3316">
     <span class='ocr_line' id='line_1_43' title="bbox 80 3220 1719 3316; baseline 0.005 -23"><span class='ocrx_word' id='word_1_370' title='bbox 80 3255 213 3295; x_wconf 89' lang='lat' dir='ltr'><strong>soror</strong></span> <span class='ocrx_word' id='word_1_371' title='bbox 237 3242 462 3298; x_wconf 88' lang='lat' dir='ltr'><strong>nomine</strong></span> <span class='ocrx_word' id='word_1_372' title='bbox 486 3241 754 3315; x_wconf 84' lang='lat' dir='ltr'><strong>Luitgart,</strong></span> <span class='ocrx_word' id='word_1_373' title='bbox 786 3260 953 3316; x_wconf 88' lang='lat' dir='ltr'><strong>quam</strong></span> <span class='ocrx_word' id='word_1_374' title='bbox 990 3220 1317 3302; x_wconf 79' lang='lat' dir='ltr'><strong>Ludevvieus</strong></span> <span class='ocrx_word' id='word_1_375' title='bbox 1344 3262 1458 3312; x_wconf 88' lang='lat' dir='ltr'><strong>rex,</strong></span> <span class='ocrx_word' id='word_1_376' title='bbox 1498 3246 1648 3301; x_wconf 77' lang='lat' dir='ltr'><strong>ﬁlius</strong></span> <span class='ocrx_word' id='word_1_377' title='bbox 1679 3220 1719 3277; x_wconf 67' lang='grc' dir='ltr'><strong>θ</strong></span> 
     </span>
    </p>
   </div>
   <div class='ocr_carea' id='block_1_44' title="bbox 81 3330 1650 3409">
    <p class='ocr_par' dir='ltr' id='par_1_44' title="bbox 81 3330 1650 3409">
     <span class='ocr_line' id='line_1_44' title="bbox 81 3330 1650 3409; baseline 0.006 -25"><span class='ocrx_word' id='word_1_378' title='bbox 81 3330 258 3387; x_wconf 75' lang='lat' dir='ltr'><strong>Arnold</strong></span> <span class='ocrx_word' id='word_1_379' title='bbox 282 3333 653 3404; x_wconf 89' lang='lat' dir='ltr'><strong>imperatoris,</strong></span> <span class='ocrx_word' id='word_1_380' title='bbox 680 3352 907 3393; x_wconf 89' lang='lat' dir='ltr'><strong>uxorem</strong></span> <span class='ocrx_word' id='word_1_381' title='bbox 924 3337 1101 3405; x_wconf 80' lang='lat' dir='ltr'><strong>duxit,</strong></span> <span class='ocrx_word' id='word_1_382' title='bbox 1121 3338 1215 3394; x_wconf 91' lang='lat' dir='ltr'><strong>sed</strong></span> <span class='ocrx_word' id='word_1_383' title='bbox 1246 3354 1356 3393; x_wconf 91' lang='lat' dir='ltr'><strong>non</strong></span> <span class='ocrx_word' id='word_1_384' title='bbox 1380 3339 1472 3393; x_wconf 90' lang='lat' dir='ltr'><strong>diu</strong></span> <span class='ocrx_word' id='word_1_385' title='bbox 1496 3348 1650 3409; x_wconf 83' lang='lat' dir='ltr'><strong>post-</strong></span> 
     </span>
    </p>
   </div>
   <div class='ocr_carea' id='block_1_45' title="bbox 81 3424 1653 3497">
    <p class='ocr_par' dir='ltr' id='par_1_45' title="bbox 81 3424 1653 3497">
     <span class='ocr_line' id='line_1_45' title="bbox 81 3424 1653 3497; baseline 0.006 -22"><span class='ocrx_word' id='word_1_386' title='bbox 81 3436 132 3476; x_wconf 86' lang='lat' dir='ltr'><strong>ea</strong></span> <span class='ocrx_word' id='word_1_387' title='bbox 151 3424 289 3480; x_wconf 82' lang='lat' dir='ltr'><strong>vixit.</strong></span> <span class='ocrx_word' id='word_1_388' title='bbox 322 3424 486 3493; x_wconf 83' lang='lat' dir='ltr'><strong>Quod</strong></span> <span class='ocrx_word' id='word_1_389' title='bbox 518 3426 637 3483; x_wconf 89' lang='lat' dir='ltr'><strong>sine</strong></span> <span class='ocrx_word' id='word_1_390' title='bbox 659 3427 784 3484; x_wconf 87' lang='lat' dir='ltr'><strong>ﬁliis</strong></span> <span class='ocrx_word' id='word_1_391' title='bbox 808 3438 1048 3497; x_wconf 89' lang='lat' dir='ltr'><strong>mortuo,</strong></span> <span class='ocrx_word' id='word_1_392' title='bbox 1080 3430 1263 3486; x_wconf 81' lang='lat' dir='ltr'><strong>omnis</strong></span> <span class='ocrx_word' id='word_1_393' title='bbox 1310 3429 1653 3488; x_wconf 82' lang='lat' dir='ltr'><strong>Francorum</strong></span> 
     </span>
    </p>
   </div>
   <div class='ocr_carea' id='block_1_46' title="bbox 84 3513 1654 3589">
    <p class='ocr_par' dir='ltr' id='par_1_46' title="bbox 84 3513 1654 3589">
     <span class='ocr_line' id='line_1_46' title="bbox 84 3513 1654 3589; baseline 0.008 -25"><span class='ocrx_word' id='word_1_394' title='bbox 84 3513 449 3589; x_wconf 84' lang='lat' dir='ltr'><strong>Saxonumque</strong></span> <span class='ocrx_word' id='word_1_395' title='bbox 484 3518 723 3589; x_wconf 85' lang='lat' dir='ltr'><strong>populus</strong></span> <span class='ocrx_word' id='word_1_396' title='bbox 769 3519 943 3575; x_wconf 91' lang='lat' dir='ltr'><strong>voluit</strong></span> <span class='ocrx_word' id='word_1_397' title='bbox 983 3518 1173 3575; x_wconf 91' lang='lat' dir='ltr'><strong>Ottoni</strong></span> <span class='ocrx_word' id='word_1_398' title='bbox 1228 3520 1356 3577; x_wconf 89' lang='lat' dir='ltr'><strong>duci</strong></span> <span class='ocrx_word' id='word_1_399' title='bbox 1402 3522 1654 3578; x_wconf 85' lang='lat' dir='ltr'><strong>diadema</strong></span> 
     </span>
    </p>
   </div>
   <div class='ocr_carea' id='block_1_47' title="bbox 82 3602 1655 3690">
    <p class='ocr_par' dir='ltr' id='par_1_47' title="bbox 82 3602 1655 3690">
     <span class='ocr_line' id='line_1_47' title="bbox 82 3602 1655 3690; baseline 0.007 -33"><span class='ocrx_word' id='word_1_400' title='bbox 82 3602 334 3676; x_wconf 87' lang='lat' dir='ltr'><strong>imponere</strong></span> <span class='ocrx_word' id='word_1_401' title='bbox 377 3610 581 3690; x_wconf 81' lang='lat' dir='ltr'><strong>regni._</strong></span> <span class='ocrx_word' id='word_1_402' title='bbox 614 3608 773 3678; x_wconf 86' lang='lat' dir='ltr'><strong>Quod</strong></span> <span class='ocrx_word' id='word_1_403' title='bbox 822 3626 947 3667; x_wconf 92' lang='lat' dir='ltr'><strong>eum</strong></span> <span class='ocrx_word' id='word_1_404' title='bbox 996 3612 1085 3671; x_wconf 90' lang='lat' dir='ltr'><strong>ille</strong></span> <span class='ocrx_word' id='word_1_405' title='bbox 1135 3613 1295 3684; x_wconf 64' lang='lat' dir='ltr'><strong>quasi</strong></span> <span class='ocrx_word' id='word_1_406' title='bbox 1327 3613 1443 3684; x_wconf 90' lang='lat' dir='ltr'><strong>jam</strong></span> <span class='ocrx_word' id='word_1_407' title='bbox 1500 3614 1655 3671; x_wconf 90' lang='lat' dir='ltr'><strong>senio</strong></span> 
     </span>
    </p>
   </div>
   <div class='ocr_carea' id='block_1_48' title="bbox 82 3699 1658 3773">
    <p class='ocr_par' dir='ltr' id='par_1_48' title="bbox 82 3699 1658 3773">
     <span class='ocr_line' id='line_1_48' title="bbox 82 3699 1658 3773; baseline 0.006 -23"><span class='ocrx_word' id='word_1_408' title='bbox 82 3699 273 3763; x_wconf 77' lang='lat' dir='ltr'><strong>gravior</strong></span> <span class='ocrx_word' id='word_1_409' title='bbox 300 3711 604 3768; x_wconf 87' lang='lat' dir='ltr'><strong>recusaret,</strong></span> <span class='ocrx_word' id='word_1_410' title='bbox 651 3702 772 3773; x_wconf 87' lang='lat' dir='ltr'><strong>ejus</strong></span> <span class='ocrx_word' id='word_1_411' title='bbox 800 3703 1055 3759; x_wconf 88' lang='lat' dir='ltr'><strong>consultu</strong></span> <span class='ocrx_word' id='word_1_412' title='bbox 1086 3704 1455 3761; x_wconf 86' lang='lat' dir='ltr'><strong>Chuonradus</strong></span> <span class='ocrx_word' id='word_1_413' title='bbox 1483 3704 1658 3761; x_wconf 83' lang='lat' dir='ltr'><strong>Fran-</strong></span> 
     </span>
    </p>
   </div>
   <div class='ocr_carea' id='block_1_49' title="bbox 83 3792 1659 3867">
    <p class='ocr_par' dir='ltr' id='par_1_49' title="bbox 83 3792 1659 3867">
     <span class='ocr_line' id='line_1_49' title="bbox 83 3792 1659 3867; baseline 0.006 -25"><span class='ocrx_word' id='word_1_414' title='bbox 83 3801 249 3846; x_wconf 81' lang='lat' dir='ltr'><strong>eorum</strong></span> <span class='ocrx_word' id='word_1_415' title='bbox 264 3792 380 3849; x_wconf 85' lang='lat' dir='ltr'><strong>dux</strong></span> <span class='ocrx_word' id='word_1_416' title='bbox 410 3794 643 3867; x_wconf 87' lang='lat' dir='ltr'><strong>ungitur</strong></span> <span class='ocrx_word' id='word_1_417' title='bbox 671 3794 725 3849; x_wconf 92' lang='lat' dir='ltr'><strong>in</strong></span> <span class='ocrx_word' id='word_1_418' title='bbox 756 3810 961 3866; x_wconf 84' lang='lat' dir='ltr'><strong>regem,</strong></span> <span class='ocrx_word' id='word_1_419' title='bbox 986 3811 1203 3852; x_wconf 90' lang='lat' dir='ltr'><strong>summa</strong></span> <span class='ocrx_word' id='word_1_420' title='bbox 1234 3804 1419 3851; x_wconf 88' lang='lat' dir='ltr'><strong>tamen</strong></span> <span class='ocrx_word' id='word_1_421' title='bbox 1443 3811 1659 3867; x_wconf 88' lang='lat' dir='ltr'><strong>semper</strong></span> 
     </span>
    </p>
   </div>
   <div class='ocr_carea' id='block_1_50' title="bbox 83 3883 1656 3957">
    <p class='ocr_par' dir='ltr' id='par_1_50' title="bbox 83 3883 1656 3957">
     <span class='ocr_line' id='line_1_50' title="bbox 83 3883 1656 3957; baseline 0.005 -22"><span class='ocrx_word' id='word_1_422' title='bbox 83 3889 129 3935; x_wconf 83' lang='lat' dir='ltr'><strong>et</strong></span> <span class='ocrx_word' id='word_1_423' title='bbox 166 3883 358 3955; x_wconf 89' lang='lat' dir='ltr'><strong>ubique</strong></span> <span class='ocrx_word' id='word_1_424' title='bbox 420 3885 528 3941; x_wconf 82' lang='lat' dir='ltr'><strong>fuit</strong></span> <span class='ocrx_word' id='word_1_425' title='bbox 582 3902 749 3957; x_wconf 88' lang='lat' dir='ltr'><strong>penes</strong></span> <span class='ocrx_word' id='word_1_426' title='bbox 794 3884 1070 3943; x_wconf 91' lang='lat' dir='ltr'><strong>Ottonem.</strong></span> <span class='ocrx_word' id='word_1_427' title='bbox 1118 3885 1289 3944; x_wconf 91' lang='lat' dir='ltr'><strong>Natus</strong></span> <span class='ocrx_word' id='word_1_428' title='bbox 1331 3896 1417 3944; x_wconf 91' lang='lat' dir='ltr'><strong>est</strong></span> <span class='ocrx_word' id='word_1_429' title='bbox 1474 3897 1656 3943; x_wconf 91' lang='lat' dir='ltr'><strong>autem</strong></span> 
     </span>
    </p>
   </div>
   <div class='ocr_carea' id='block_1_51' title="bbox 86 3970 1658 4049">
    <p class='ocr_par' dir='ltr' id='par_1_51' title="bbox 86 3970 1658 4049">
     <span class='ocr_line' id='line_1_51' title="bbox 86 3970 1658 4049; baseline 0.006 -25"><span class='ocrx_word' id='word_1_430' title='bbox 86 3970 238 4029; x_wconf 75' lang='lat' dir='ltr'><strong>eidem</strong></span> <span class='ocrx_word' id='word_1_431' title='bbox 270 3975 464 4032; x_wconf 86' lang='lat' dir='ltr'><strong>Ottoni</strong></span> <span class='ocrx_word' id='word_1_432' title='bbox 512 3977 659 4032; x_wconf 81' lang='lat' dir='ltr'><strong>filius</strong></span> <span class='ocrx_word' id='word_1_433' title='bbox 706 3977 930 4033; x_wconf 89' lang='lat' dir='ltr'><strong>nomine</strong></span> <span class='ocrx_word' id='word_1_434' title='bbox 970 3975 1282 4045; x_wconf 82' lang='lat' dir='ltr'><strong>Heinricus,</strong></span> <span class='ocrx_word' id='word_1_435' title='bbox 1322 3978 1416 4049; x_wconf 91' lang='lat' dir='ltr'><strong>qui</strong></span> <span class='ocrx_word' id='word_1_436' title='bbox 1448 3978 1658 4048; x_wconf 89' lang='lat' dir='ltr'><strong>primus</strong></span> 
     </span>
    </p>
   </div>
   <div class='ocr_carea' id='block_1_52' title="bbox 84 4062 1658 4141">
    <p class='ocr_par' dir='ltr' id='par_1_52' title="bbox 84 4062 1658 4141">
     <span class='ocr_line' id='line_1_52' title="bbox 84 4062 1658 4141; baseline 0.004 -24"><span class='ocrx_word' id='word_1_437' title='bbox 84 4062 235 4122; x_wconf 76' lang='lat' dir='ltr'><strong>libei&#39;a</strong></span> <span class='ocrx_word' id='word_1_438' title='bbox 275 4078 555 4140; x_wconf 86' lang='lat' dir='ltr'><strong>potestate</strong></span> <span class='ocrx_word' id='word_1_439' title='bbox 590 4069 838 4141; x_wconf 78' lang='lat' dir='ltr'><strong>regnavit</strong></span> <span class='ocrx_word' id='word_1_440' title='bbox 878 4070 932 4124; x_wconf 89' lang='lat' dir='ltr'><strong>in</strong></span> <span class='ocrx_word' id='word_1_441' title='bbox 995 4067 1256 4125; x_wconf 81' lang='lat' dir='ltr'><strong>Saxonia.</strong></span> <span class='ocrx_word' id='word_1_442' title='bbox 1296 4068 1402 4136; x_wconf 88' lang='lat' dir='ltr'><strong>Qui</strong></span> <span class='ocrx_word' id='word_1_443' title='bbox 1450 4085 1575 4125; x_wconf 88' lang='lat' dir='ltr'><strong>cum</strong></span> <span class='ocrx_word' id='word_1_444' title='bbox 1602 4069 1658 4124; x_wconf 91' lang='lat' dir='ltr'><strong>in</strong></span> 
     </span>
    </p>
   </div>
   <div class='ocr_carea' id='block_1_53' title="bbox 82 4155 1658 4234">
    <p class='ocr_par' dir='ltr' id='par_1_53' title="bbox 82 4155 1658 4234">
     <span class='ocr_line' id='line_1_53' title="bbox 82 4155 1658 4234; baseline 0.005 -26"><span class='ocrx_word' id='word_1_445' title='bbox 82 4155 299 4225; x_wconf 89' lang='lat' dir='ltr'><strong>primeva</strong></span> <span class='ocrx_word' id='word_1_446' title='bbox 329 4169 496 4216; x_wconf 73' lang='lat' dir='ltr'><strong>aetate</strong></span> <span class='ocrx_word' id='word_1_447' title='bbox 548 4160 697 4215; x_wconf 93' lang='lat' dir='ltr'><strong>omni</strong></span> <span class='ocrx_word' id='word_1_448' title='bbox 732 4160 997 4216; x_wconf 89' lang='lat' dir='ltr'><strong>virtutum</strong></span> <span class='ocrx_word' id='word_1_449' title='bbox 1044 4177 1241 4234; x_wconf 89' lang='lat' dir='ltr'><strong>genere</strong></span> <span class='ocrx_word' id='word_1_450' title='bbox 1282 4161 1450 4216; x_wconf 88' lang='lat' dir='ltr'><strong>vitam</strong></span> <span class='ocrx_word' id='word_1_451' title='bbox 1501 4176 1658 4217; x_wconf 89' lang='lat' dir='ltr'><strong>suam</strong></span> 
     </span>
    </p>
   </div>
   <div class='ocr_carea' id='block_1_54' title="bbox 82 4251 1657 4324">
    <p class='ocr_par' dir='ltr' id='par_1_54' title="bbox 82 4251 1657 4324">
     <span class='ocr_line' id='line_1_54' title="bbox 82 4251 1657 4324; baseline 0.005 -23"><span class='ocrx_word' id='word_1_452' title='bbox 82 4262 365 4319; x_wconf 88' lang='lat' dir='ltr'><strong>exornaret,</strong></span> <span class='ocrx_word' id='word_1_453' title='bbox 385 4260 546 4324; x_wconf 86' lang='lat' dir='ltr'><strong>pater</strong></span> <span class='ocrx_word' id='word_1_454' title='bbox 559 4252 679 4323; x_wconf 84' lang='lat' dir='ltr'><strong>ejus</strong></span> <span class='ocrx_word' id='word_1_455' title='bbox 695 4251 884 4308; x_wconf 88' lang='lat' dir='ltr'><strong>videns</strong></span> <span class='ocrx_word' id='word_1_456' title='bbox 908 4252 1251 4323; x_wconf 88' lang='lat' dir='ltr'><strong>prudentiam</strong></span> <span class='ocrx_word' id='word_1_457' title='bbox 1275 4252 1657 4319; x_wconf 84' lang='lat' dir='ltr'><strong>adolescentis,</strong></span> 
     </span>
    </p>
   </div>
   <div class='ocr_carea' id='block_1_55' title="bbox 82 4340 1661 4413">
    <p class='ocr_par' dir='ltr' id='par_1_55' title="bbox 82 4340 1661 4413">
     <span class='ocr_line' id='line_1_55' title="bbox 82 4340 1661 4413; baseline 0.003 -20"><span class='ocrx_word' id='word_1_458' title='bbox 82 4340 279 4413; x_wconf 84' lang='lat' dir='ltr'><strong>reliquit</strong></span> <span class='ocrx_word' id='word_1_459' title='bbox 318 4344 367 4399; x_wconf 91' lang='lat' dir='ltr'><strong>ei</strong></span> <span class='ocrx_word' id='word_1_460' title='bbox 403 4345 708 4400; x_wconf 84' lang='lat' dir='ltr'><strong>exercitum</strong></span> <span class='ocrx_word' id='word_1_461' title='bbox 740 4344 1004 4400; x_wconf 88' lang='lat' dir='ltr'><strong>adversus</strong></span> <span class='ocrx_word' id='word_1_462' title='bbox 1034 4343 1421 4411; x_wconf 76' lang='lat' dir='ltr'><strong>Dalmantiam,</strong></span> <span class='ocrx_word' id='word_1_463' title='bbox 1469 4348 1661 4398; x_wconf 75' lang='lat' dir='ltr'><strong>contra</strong></span> 
     </span>
    </p>
   </div>
   <div class='ocr_carea' id='block_1_56' title="bbox 82 4433 1660 4506">
    <p class='ocr_par' dir='ltr' id='par_1_56' title="bbox 82 4433 1660 4506">
     <span class='ocr_line' id='line_1_56' title="bbox 82 4433 1660 4506; baseline 0.006 -25"><span class='ocrx_word' id='word_1_464' title='bbox 82 4445 225 4497; x_wconf 83' lang='lat' dir='ltr'><strong>quam</strong></span> <span class='ocrx_word' id='word_1_465' title='bbox 270 4434 387 4505; x_wconf 88' lang='lat' dir='ltr'><strong>ipse</strong></span> <span class='ocrx_word' id='word_1_466' title='bbox 429 4435 524 4489; x_wconf 92' lang='lat' dir='ltr'><strong>diu</strong></span> <span class='ocrx_word' id='word_1_467' title='bbox 564 4436 837 4490; x_wconf 70' lang='lat' dir='ltr'><strong>militavit.</strong></span> <span class='ocrx_word' id='word_1_468' title='bbox 886 4433 1178 4490; x_wconf 89' lang='lat' dir='ltr'><strong>Dalmantii</strong></span> <span class='ocrx_word' id='word_1_469' title='bbox 1228 4452 1360 4491; x_wconf 88' lang='lat' dir='ltr'><strong>vero</strong></span> <span class='ocrx_word' id='word_1_470' title='bbox 1398 4435 1660 4506; x_wconf 86' lang='lat' dir='ltr'><strong>impetum</strong></span> 
     </span>
    </p>
   </div>
   <div class='ocr_carea' id='block_1_57' title="bbox 1741 2417 3345 2493">
    <p class='ocr_par' dir='ltr' id='par_1_57' title="bbox 1741 2417 3345 2493">
     <span class='ocr_line' id='line_1_57' title="bbox 1741 2417 3345 2493; baseline -0.007 -12"><span class='ocrx_word' id='word_1_471' title='bbox 1741 2440 1965 2481; x_wconf 85' lang='lat' dir='ltr'><strong>causam</strong></span> <span class='ocrx_word' id='word_1_472' title='bbox 1987 2440 2112 2480; x_wconf 90' lang='lat' dir='ltr'><strong>eum</strong></span> <span class='ocrx_word' id='word_1_473' title='bbox 2135 2422 2343 2479; x_wconf 88' lang='lat' dir='ltr'><strong>aurifex</strong></span> <span class='ocrx_word' id='word_1_474' title='bbox 2374 2422 2717 2493; x_wconf 89' lang='lat' dir='ltr'><strong>requisisset,</strong></span> <span class='ocrx_word' id='word_1_475' title='bbox 2749 2419 3037 2491; x_wconf 87' lang='lat' dir='ltr'><strong>respondit</strong></span> <span class='ocrx_word' id='word_1_476' title='bbox 3086 2417 3216 2489; x_wconf 89' lang='lat' dir='ltr'><strong>quia</strong></span> <span class='ocrx_word' id='word_1_477' title='bbox 3246 2432 3345 2488; x_wconf 89' lang='lat' dir='ltr'><strong>op-</strong></span> 
     </span>
    </p>
   </div>
   <div class='ocr_carea' id='block_1_58' title="bbox 1746 2508 3342 2587">
    <p class='ocr_par' dir='ltr' id='par_1_58' title="bbox 1746 2508 3342 2587">
     <span class='ocr_line' id='line_1_58' title="bbox 1746 2508 3342 2587; baseline -0.006 -15"><span class='ocrx_word' id='word_1_478' title='bbox 1746 2517 1863 2572; x_wconf 90' lang='lat' dir='ltr'><strong>timi</strong></span> <span class='ocrx_word' id='word_1_479' title='bbox 1896 2516 2109 2587; x_wconf 91' lang='lat' dir='ltr'><strong>sibique</strong></span> <span class='ocrx_word' id='word_1_480' title='bbox 2130 2514 2403 2571; x_wconf 86' lang='lat' dir='ltr'><strong>carissimi</strong></span> <span class='ocrx_word' id='word_1_481' title='bbox 2427 2513 2550 2580; x_wconf 90' lang='lat' dir='ltr'><strong>viri,</strong></span> <span class='ocrx_word' id='word_1_482' title='bbox 2583 2513 2768 2569; x_wconf 89' lang='lat' dir='ltr'><strong>sciliee</strong></span> <span class='ocrx_word' id='word_1_483' title='bbox 2790 2521 2845 2567; x_wconf 91' lang='lat' dir='ltr'><strong>et</strong></span> <span class='ocrx_word' id='word_1_484' title='bbox 2890 2509 3133 2567; x_wconf 84' lang='lat' dir='ltr'><strong>Heinriei</strong></span> <span class='ocrx_word' id='word_1_485' title='bbox 3163 2508 3342 2574; x_wconf 90' lang='lat' dir='ltr'><strong>ducis,</strong></span> 
     </span>
    </p>
   </div>
   <div class='ocr_carea' id='block_1_59' title="bbox 1745 2599 3343 2680">
    <p class='ocr_par' dir='ltr' id='par_1_59' title="bbox 1745 2599 3343 2680">
     <span class='ocr_line' id='line_1_59' title="bbox 1745 2599 3343 2680; baseline -0.008 -15"><span class='ocrx_word' id='word_1_486' title='bbox 1745 2609 2016 2680; x_wconf 83' lang='lat' dir='ltr'><strong>sanguine</strong></span> <span class='ocrx_word' id='word_1_487' title='bbox 2053 2616 2279 2679; x_wconf 90' lang='lat' dir='ltr'><strong>torques</strong></span> <span class='ocrx_word' id='word_1_488' title='bbox 2311 2606 2402 2661; x_wconf 92' lang='lat' dir='ltr'><strong>illa</strong></span> <span class='ocrx_word' id='word_1_489' title='bbox 2439 2606 2661 2662; x_wconf 87' lang='lat' dir='ltr'><strong>deberet</strong></span> <span class='ocrx_word' id='word_1_490' title='bbox 2690 2603 2945 2676; x_wconf 84' lang='lat' dir='ltr'><strong>intingui.</strong></span> <span class='ocrx_word' id='word_1_491' title='bbox 2976 2599 3206 2657; x_wconf 79' lang='lat' dir='ltr'><strong>Aurifex</strong></span> <span class='ocrx_word' id='word_1_492' title='bbox 3237 2616 3343 2655; x_wconf 78' lang='lat' dir='ltr'><strong>au-</strong></span> 
     </span>
    </p>
   </div>
   <div class='ocr_carea' id='block_1_60' title="bbox 1746 2692 3347 2769">
    <p class='ocr_par' dir='ltr' id='par_1_60' title="bbox 1746 2692 3347 2769">
     <span class='ocr_line' id='line_1_60' title="bbox 1746 2692 3347 2769; baseline -0.004 -13"><span class='ocrx_word' id='word_1_493' title='bbox 1746 2700 1859 2757; x_wconf 90' lang='lat' dir='ltr'><strong>dita</strong></span> <span class='ocrx_word' id='word_1_494' title='bbox 1888 2701 2106 2757; x_wconf 87' lang='lat' dir='ltr'><strong>silentio</strong></span> <span class='ocrx_word' id='word_1_495' title='bbox 2134 2699 2291 2767; x_wconf 90' lang='lat' dir='ltr'><strong>texit,</strong></span> <span class='ocrx_word' id='word_1_496' title='bbox 2322 2707 2378 2755; x_wconf 94' lang='lat' dir='ltr'><strong>et</strong></span> <span class='ocrx_word' id='word_1_497' title='bbox 2402 2713 2564 2769; x_wconf 88' lang='lat' dir='ltr'><strong>opere</strong></span> <span class='ocrx_word' id='word_1_498' title='bbox 2587 2696 2829 2768; x_wconf 89' lang='lat' dir='ltr'><strong>perfecto</strong></span> <span class='ocrx_word' id='word_1_499' title='bbox 2851 2710 2916 2751; x_wconf 91' lang='lat' dir='ltr'><strong>ac</strong></span> <span class='ocrx_word' id='word_1_500' title='bbox 2945 2694 3180 2759; x_wconf 86' lang='lat' dir='ltr'><strong>reddito,</strong></span> <span class='ocrx_word' id='word_1_501' title='bbox 3205 2692 3347 2749; x_wconf 83' lang='lat' dir='ltr'><strong>mis-</strong></span> 
     </span>
    </p>
   </div>
   <div class='ocr_carea' id='block_1_61' title="bbox 1748 2772 3337 2863">
    <p class='ocr_par' dir='ltr' id='par_1_61' title="bbox 1748 2772 3337 2863">
     <span class='ocr_line' id='line_1_61' title="bbox 1748 2772 3337 2863; baseline -0.007 -13"><span class='ocrx_word' id='word_1_502' title='bbox 1748 2793 1959 2850; x_wconf 88' lang='lat' dir='ltr'><strong>sionem</strong></span> <span class='ocrx_word' id='word_1_503' title='bbox 1998 2772 2153 2863; x_wconf 77' lang='lat' dir='ltr'><strong>peiiit</strong></span> <span class='ocrx_word' id='word_1_504' title='bbox 2184 2799 2239 2846; x_wconf 92' lang='lat' dir='ltr'><strong>et</strong></span> <span class='ocrx_word' id='word_1_505' title='bbox 2259 2790 2498 2860; x_wconf 90' lang='lat' dir='ltr'><strong>accepit;</strong></span> <span class='ocrx_word' id='word_1_506' title='bbox 2549 2788 2886 2858; x_wconf 91' lang='lat' dir='ltr'><strong>obviansque</strong></span> <span class='ocrx_word' id='word_1_507' title='bbox 2924 2786 3051 2841; x_wconf 86' lang='lat' dir='ltr'><strong>duci</strong></span> <span class='ocrx_word' id='word_1_508' title='bbox 3081 2785 3233 2841; x_wconf 90' lang='lat' dir='ltr'><strong>eunti</strong></span> <span class='ocrx_word' id='word_1_509' title='bbox 3265 2783 3337 2840; x_wconf 90' lang='lat' dir='ltr'><strong>ad</strong></span> 
     </span>
    </p>
   </div>
   <div class='ocr_carea' id='block_1_62' title="bbox 1749 2877 3340 2955">
    <p class='ocr_par' dir='ltr' id='par_1_62' title="bbox 1749 2877 3340 2955">
     <span class='ocr_line' id='line_1_62' title="bbox 1749 2877 3340 2955; baseline -0.004 -15"><span class='ocrx_word' id='word_1_510' title='bbox 1749 2898 1813 2940; x_wconf 90' lang='lat' dir='ltr'><strong>ea</strong></span> <span class='ocrx_word' id='word_1_511' title='bbox 1845 2883 2085 2955; x_wconf 84' lang='lat' dir='ltr'><strong>negotia,</strong></span> <span class='ocrx_word' id='word_1_512' title='bbox 2118 2881 2379 2937; x_wconf 90' lang='lat' dir='ltr'><strong>indicavit</strong></span> <span class='ocrx_word' id='word_1_513' title='bbox 2401 2881 2452 2937; x_wconf 92' lang='lat' dir='ltr'><strong>ei</strong></span> <span class='ocrx_word' id='word_1_514' title='bbox 2478 2896 2601 2951; x_wconf 62' lang='lat' dir='ltr'><strong>quae</strong></span> <span class='ocrx_word' id='word_1_515' title='bbox 2630 2880 2858 2935; x_wconf 89' lang='lat' dir='ltr'><strong>audivit.</strong></span> <span class='ocrx_word' id='word_1_516' title='bbox 2887 2877 3006 2949; x_wconf 87' lang='lat' dir='ltr'><strong>Ipse</strong></span> <span class='ocrx_word' id='word_1_517' title='bbox 3026 2887 3210 2934; x_wconf 88' lang='lat' dir='ltr'><strong>autem</strong></span> <span class='ocrx_word' id='word_1_518' title='bbox 3240 2893 3340 2934; x_wconf 88' lang='lat' dir='ltr'><strong>ve-</strong></span> 
     </span>
    </p>
   </div>
   <div class='ocr_carea' id='block_1_63' title="bbox 1750 2969 3348 3045">
    <p class='ocr_par' dir='ltr' id='par_1_63' title="bbox 1750 2969 3348 3045">
     <span class='ocr_line' id='line_1_63' title="bbox 1750 2969 3348 3045; baseline -0.004 -14"><span class='ocrx_word' id='word_1_519' title='bbox 1750 2976 2037 3031; x_wconf 86' lang='lat' dir='ltr'><strong>hementer</strong></span> <span class='ocrx_word' id='word_1_520' title='bbox 2088 2976 2263 3031; x_wconf 89' lang='lat' dir='ltr'><strong>iratus</strong></span> <span class='ocrx_word' id='word_1_521' title='bbox 2304 2982 2466 3029; x_wconf 89' lang='lat' dir='ltr'><strong>vocat</strong></span> <span class='ocrx_word' id='word_1_522' title='bbox 2507 2973 2744 3045; x_wconf 88' lang='lat' dir='ltr'><strong>legatum</strong></span> <span class='ocrx_word' id='word_1_523' title='bbox 2780 2971 3079 3041; x_wconf 82' lang='lat' dir='ltr'><strong>pontificis,</strong></span> <span class='ocrx_word' id='word_1_524' title='bbox 3111 2970 3206 3041; x_wconf 92' lang='lat' dir='ltr'><strong>qui</strong></span> <span class='ocrx_word' id='word_1_525' title='bbox 3232 2969 3348 3041; x_wconf 88' lang='lat' dir='ltr'><strong>jam</strong></span> 
     </span>
    </p>
   </div>
   <div class='ocr_carea' id='block_1_64' title="bbox 1750 3061 3348 3143">
    <p class='ocr_par' dir='ltr' id='par_1_64' title="bbox 1750 3061 3348 3143">
     <span class='ocr_line' id='line_1_64' title="bbox 1750 3061 3348 3143; baseline -0.006 -18"><span class='ocrx_word' id='word_1_526' title='bbox 1750 3071 1960 3143; x_wconf 84' lang='lat' dir='ltr'><strong>pridem</strong></span> <span class='ocrx_word' id='word_1_527' title='bbox 2005 3070 2193 3125; x_wconf 88' lang='lat' dir='ltr'><strong>aderat</strong></span> <span class='ocrx_word' id='word_1_528' title='bbox 2228 3066 2493 3123; x_wconf 89' lang='lat' dir='ltr'><strong>invitandi</strong></span> <span class='ocrx_word' id='word_1_529' title='bbox 2540 3080 2666 3120; x_wconf 86' lang='lat' dir='ltr'><strong>eum</strong></span> <span class='ocrx_word' id='word_1_530' title='bbox 2692 3064 2887 3136; x_wconf 87' lang='lat' dir='ltr'><strong>gratia,</strong></span> <span class='ocrx_word' id='word_1_531' title='bbox 2937 3070 2993 3120; x_wconf 92' lang='lat' dir='ltr'><strong>et</strong></span> <span class='ocrx_word' id='word_1_532' title='bbox 3021 3062 3139 3117; x_wconf 87' lang='lat' dir='ltr'><strong>ait:</strong></span> <span class='ocrx_word' id='word_1_533' title='bbox 3182 3061 3348 3129; x_wconf 81' lang='lat' dir='ltr'><strong>Vade,</strong></span> 
     </span>
    </p>
   </div>
   <div class='ocr_carea' id='block_1_65' title="bbox 1753 3151 3350 3233">
    <p class='ocr_par' dir='ltr' id='par_1_65' title="bbox 1753 3151 3350 3233">
     <span class='ocr_line' id='line_1_65' title="bbox 1753 3151 3350 3233; baseline -0.007 -16"><span class='ocrx_word' id='word_1_534' title='bbox 1753 3163 1839 3217; x_wconf 88' lang='lat' dir='ltr'><strong>dic</strong></span> <span class='ocrx_word' id='word_1_535' title='bbox 1873 3161 2121 3228; x_wconf 80' lang='lat' dir='ltr'><strong>Ilatloui,</strong></span> <span class='ocrx_word' id='word_1_536' title='bbox 2150 3161 2276 3233; x_wconf 80' lang='lat' dir='ltr'><strong>quia</strong></span> <span class='ocrx_word' id='word_1_537' title='bbox 2314 3159 2503 3213; x_wconf 85' lang='lat' dir='ltr'><strong>durius</strong></span> <span class='ocrx_word' id='word_1_538' title='bbox 2541 3155 2736 3210; x_wconf 83' lang='lat' dir='ltr'><strong>collum</strong></span> <span class='ocrx_word' id='word_1_539' title='bbox 2772 3171 2874 3209; x_wconf 82' lang='lat' dir='ltr'><strong>non</strong></span> <span class='ocrx_word' id='word_1_540' title='bbox 2904 3154 3039 3226; x_wconf 84' lang='lat' dir='ltr'><strong>gerit</strong></span> <span class='ocrx_word' id='word_1_541' title='bbox 3064 3151 3350 3206; x_wconf 79' lang='lat' dir='ltr'><strong>IIeinricus</strong></span> 
     </span>
    </p>
   </div>
   <div class='ocr_carea' id='block_1_66' title="bbox 1753 3244 3354 3325">
    <p class='ocr_par' dir='ltr' id='par_1_66' title="bbox 1753 3244 3354 3325">
     <span class='ocr_line' id='line_1_66' title="bbox 1753 3244 3354 3325; baseline -0.006 -18"><span class='ocrx_word' id='word_1_542' title='bbox 1753 3271 1913 3325; x_wconf 85' lang='lat' dir='ltr'><strong>quam</strong></span> <span class='ocrx_word' id='word_1_543' title='bbox 1943 3252 2278 3318; x_wconf 80' lang='lat' dir='ltr'><strong>Adelberlus,</strong></span> <span class='ocrx_word' id='word_1_544' title='bbox 2303 3259 2352 3306; x_wconf 85' lang='lat' dir='ltr'><strong>et</strong></span> <span class='ocrx_word' id='word_1_545' title='bbox 2383 3250 2508 3321; x_wconf 80' lang='lat' dir='ltr'><strong>quia</strong></span> <span class='ocrx_word' id='word_1_546' title='bbox 2531 3247 2719 3303; x_wconf 85' lang='lat' dir='ltr'><strong>melius</strong></span> <span class='ocrx_word' id='word_1_547' title='bbox 2749 3246 2857 3301; x_wconf 83' lang='lat' dir='ltr'><strong>rati</strong></span> <span class='ocrx_word' id='word_1_548' title='bbox 2886 3262 3069 3300; x_wconf 86' lang='lat' dir='ltr'><strong>sumus</strong></span> <span class='ocrx_word' id='word_1_549' title='bbox 3096 3244 3241 3298; x_wconf 89' lang='lat' dir='ltr'><strong>domi</strong></span> <span class='ocrx_word' id='word_1_550' title='bbox 3271 3259 3354 3297; x_wconf 86' lang='lat' dir='ltr'><strong>se-</strong></span> 
     </span>
    </p>
   </div>
   <div class='ocr_carea' id='block_1_67' title="bbox 1754 3335 3353 3415">
    <p class='ocr_par' dir='ltr' id='par_1_67' title="bbox 1754 3335 3353 3415">
     <span class='ocr_line' id='line_1_67' title="bbox 1754 3335 3353 3415; baseline -0.009 -13"><span class='ocrx_word' id='word_1_551' title='bbox 1754 3348 1875 3402; x_wconf 80' lang='lat' dir='ltr'><strong>dere</strong></span> <span class='ocrx_word' id='word_1_552' title='bbox 1910 3354 1962 3402; x_wconf 83' lang='lat' dir='ltr'><strong>et</strong></span> <span class='ocrx_word' id='word_1_553' title='bbox 2009 3345 2072 3399; x_wconf 83' lang='lat' dir='ltr'><strong>de</strong></span> <span class='ocrx_word' id='word_1_554' title='bbox 2122 3345 2234 3415; x_wconf 78' lang='lat' dir='ltr'><strong>ejus</strong></span> <span class='ocrx_word' id='word_1_555' title='bbox 2276 3343 2498 3398; x_wconf 72' lang='lat' dir='ltr'><strong>servitio</strong></span> <span class='ocrx_word' id='word_1_556' title='bbox 2551 3350 2804 3403; x_wconf 83' lang='lat' dir='ltr'><strong>tractare,</strong></span> <span class='ocrx_word' id='word_1_557' title='bbox 2853 3353 3015 3410; x_wconf 85' lang='lat' dir='ltr'><strong>quam</strong></span> <span class='ocrx_word' id='word_1_558' title='bbox 3068 3335 3353 3390; x_wconf 79' lang='lat' dir='ltr'><strong>comitatus</strong></span> 
     </span>
    </p>
   </div>
   <div class='ocr_carea' id='block_1_68' title="bbox 1755 3427 3355 3503">
    <p class='ocr_par' dir='ltr' id='par_1_68' title="bbox 1755 3427 3355 3503">
     <span class='ocr_line' id='line_1_68' title="bbox 1755 3427 3355 3503; baseline -0.008 -10"><span class='ocrx_word' id='word_1_559' title='bbox 1755 3438 1924 3493; x_wconf 74' lang='lat' dir='ltr'><strong>nostri</strong></span> <span class='ocrx_word' id='word_1_560' title='bbox 1954 3435 2297 3491; x_wconf 68' lang='lat' dir='ltr'><strong>multitudine</strong></span> <span class='ocrx_word' id='word_1_561' title='bbox 2346 3449 2465 3487; x_wconf 83' lang='lat' dir='ltr'><strong>eum</strong></span> <span class='ocrx_word' id='word_1_562' title='bbox 2503 3447 2742 3503; x_wconf 84' lang='lat' dir='ltr'><strong>gravare.</strong></span> <span class='ocrx_word' id='word_1_563' title='bbox 2775 3427 2841 3484; x_wconf 90' lang='lat' dir='ltr'><strong>Et</strong></span> <span class='ocrx_word' id='word_1_564' title='bbox 2878 3427 3061 3483; x_wconf 86' lang='lat' dir='ltr'><strong>statim</strong></span> <span class='ocrx_word' id='word_1_565' title='bbox 3098 3440 3355 3482; x_wconf 87' lang='lat' dir='ltr'><strong>reversus</strong></span> 
     </span>
    </p>
   </div>
   <div class='ocr_carea' id='block_1_69' title="bbox 1755 3516 3353 3600">
    <p class='ocr_par' dir='ltr' id='par_1_69' title="bbox 1755 3516 3353 3600">
     <span class='ocr_line' id='line_1_69' title="bbox 1755 3516 3353 3600; baseline -0.01 -13"><span class='ocrx_word' id='word_1_566' title='bbox 1755 3529 1942 3587; x_wconf 89' lang='lat' dir='ltr'><strong>omnia</strong></span> <span class='ocrx_word' id='word_1_567' title='bbox 1970 3544 2093 3600; x_wconf 79' lang='lat' dir='ltr'><strong>qua:</strong></span> <span class='ocrx_word' id='word_1_568' title='bbox 2127 3526 2269 3597; x_wconf 85' lang='lat' dir='ltr'><strong>juris</strong></span> <span class='ocrx_word' id='word_1_569' title='bbox 2307 3525 2479 3597; x_wconf 89' lang='lat' dir='ltr'><strong>ipsius</strong></span> <span class='ocrx_word' id='word_1_570' title='bbox 2508 3531 2665 3579; x_wconf 88' lang='lat' dir='ltr'><strong>erant</strong></span> <span class='ocrx_word' id='word_1_571' title='bbox 2710 3523 2765 3577; x_wconf 92' lang='lat' dir='ltr'><strong>in</strong></span> <span class='ocrx_word' id='word_1_572' title='bbox 2814 3519 2965 3575; x_wconf 91' lang='lat' dir='ltr'><strong>omni</strong></span> <span class='ocrx_word' id='word_1_573' title='bbox 2998 3517 3238 3574; x_wconf 81' lang='lat' dir='ltr'><strong>Saxonia</strong></span> <span class='ocrx_word' id='word_1_574' title='bbox 3264 3516 3353 3572; x_wconf 89' lang='lat' dir='ltr'><strong>vel</strong></span> 
     </span>
    </p>
   </div>
   <div class='ocr_carea' id='block_1_70' title="bbox 1758 3607 3356 3692">
    <p class='ocr_par' dir='ltr' id='par_1_70' title="bbox 1758 3607 3356 3692">
     <span class='ocr_line' id='line_1_70' title="bbox 1758 3607 3356 3692; baseline -0.009 -16"><span class='ocrx_word' id='word_1_575' title='bbox 1758 3620 2060 3692; x_wconf 85' lang='lat' dir='ltr'><strong>&#39;l&#39;huringia</strong></span> <span class='ocrx_word' id='word_1_576' title='bbox 2108 3618 2425 3687; x_wconf 79' lang='lat' dir='ltr'><strong>occupavit;</strong></span> <span class='ocrx_word' id='word_1_577' title='bbox 2476 3613 2854 3670; x_wconf 89' lang='lat' dir='ltr'><strong>Burchardum</strong></span> <span class='ocrx_word' id='word_1_578' title='bbox 2894 3625 3113 3683; x_wconf 91' lang='lat' dir='ltr'><strong>quoque</strong></span> <span class='ocrx_word' id='word_1_579' title='bbox 3136 3617 3192 3665; x_wconf 92' lang='lat' dir='ltr'><strong>et</strong></span> <span class='ocrx_word' id='word_1_580' title='bbox 3222 3607 3356 3663; x_wconf 85' lang='lat' dir='ltr'><strong>Bar-</strong></span> 
     </span>
    </p>
   </div>
   <div class='ocr_carea' id='block_1_71' title="bbox 1757 3702 3355 3782">
    <p class='ocr_par' dir='ltr' id='par_1_71' title="bbox 1757 3702 3355 3782">
     <span class='ocr_line' id='line_1_71' title="bbox 1757 3702 3355 3782; baseline -0.009 -13"><span class='ocrx_word' id='word_1_581' title='bbox 1757 3713 1976 3779; x_wconf 88' lang='lat' dir='ltr'><strong>donem,</strong></span> <span class='ocrx_word' id='word_1_582' title='bbox 2014 3725 2249 3782; x_wconf 88' lang='lat' dir='ltr'><strong>quorum</strong></span> <span class='ocrx_word' id='word_1_583' title='bbox 2294 3709 2433 3764; x_wconf 86' lang='lat' dir='ltr'><strong>alter</strong></span> <span class='ocrx_word' id='word_1_584' title='bbox 2471 3722 2638 3779; x_wconf 83' lang='lat' dir='ltr'><strong>gener</strong></span> <span class='ocrx_word' id='word_1_585' title='bbox 2677 3705 2821 3776; x_wconf 85' lang='lat' dir='ltr'><strong>regis</strong></span> <span class='ocrx_word' id='word_1_586' title='bbox 2871 3711 3013 3770; x_wconf 45' lang='lat' dir='ltr'><strong>erat;</strong></span> <span class='ocrx_word' id='word_1_587' title='bbox 3038 3702 3094 3756; x_wconf 89' lang='lat' dir='ltr'><strong>in</strong></span> <span class='ocrx_word' id='word_1_588' title='bbox 3139 3708 3355 3756; x_wconf 83' lang='lat' dir='ltr'><strong>tantum</strong></span> 
     </span>
    </p>
   </div>
   <div class='ocr_carea' id='block_1_72' title="bbox 1758 3792 3355 3869">
    <p class='ocr_par' dir='ltr' id='par_1_72' title="bbox 1758 3792 3355 3869">
     <span class='ocr_line' id='line_1_72' title="bbox 1758 3792 3355 3869; baseline -0.005 -11"><span class='ocrx_word' id='word_1_589' title='bbox 1758 3803 1969 3869; x_wconf 82' lang='lat' dir='ltr'><strong>alﬁixit,</strong></span> <span class='ocrx_word' id='word_1_590' title='bbox 2017 3811 2077 3857; x_wconf 90' lang='lat' dir='ltr'><strong>ut</strong></span> <span class='ocrx_word' id='word_1_591' title='bbox 2125 3812 2272 3856; x_wconf 90' lang='lat' dir='ltr'><strong>terra</strong></span> <span class='ocrx_word' id='word_1_592' title='bbox 2329 3799 2936 3866; x_wconf 76' lang='lat' dir='ltr'><strong>cederent,eorumque</strong></span> <span class='ocrx_word' id='word_1_593' title='bbox 2971 3792 3355 3866; x_wconf 80' lang='lat' dir='ltr'><strong>possessiones</strong></span> 
     </span>
    </p>
   </div>
   <div class='ocr_carea' id='block_1_73' title="bbox 1760 3881 3355 3966">
    <p class='ocr_par' dir='ltr' id='par_1_73' title="bbox 1760 3881 3355 3966">
     <span class='ocr_line' id='line_1_73' title="bbox 1760 3881 3355 3966; baseline -0.01 -16"><span class='ocrx_word' id='word_1_594' title='bbox 1760 3894 1878 3966; x_wconf 91' lang='lat' dir='ltr'><strong>ipse</strong></span> <span class='ocrx_word' id='word_1_595' title='bbox 1907 3893 2174 3948; x_wconf 86' lang='lat' dir='ltr'><strong>militibus</strong></span> <span class='ocrx_word' id='word_1_596' title='bbox 2197 3890 2313 3947; x_wconf 88' lang='lat' dir='ltr'><strong>suis</strong></span> <span class='ocrx_word' id='word_1_597' title='bbox 2341 3898 2484 3945; x_wconf 85' lang='lat' dir='ltr'><strong>totas</strong></span> <span class='ocrx_word' id='word_1_598' title='bbox 2503 3887 2788 3942; x_wconf 85' lang='lat' dir='ltr'><strong>divideret.</strong></span> <span class='ocrx_word' id='word_1_599' title='bbox 2816 3885 2977 3940; x_wconf 79' lang='lat' dir='ltr'><strong>llatto</strong></span> <span class='ocrx_word' id='word_1_600' title='bbox 3017 3892 3203 3939; x_wconf 91' lang='lat' dir='ltr'><strong>autem</strong></span> <span class='ocrx_word' id='word_1_601' title='bbox 3234 3881 3355 3952; x_wconf 81' lang='lat' dir='ltr'><strong>epi-</strong></span> 
     </span>
    </p>
   </div>
   <div class='ocr_carea' id='block_1_74' title="bbox 1761 3971 3355 4053">
    <p class='ocr_par' dir='ltr' id='par_1_74' title="bbox 1761 3971 3355 4053">
     <span class='ocr_line' id='line_1_74' title="bbox 1761 3971 3355 4053; baseline -0.01 -14"><span class='ocrx_word' id='word_1_602' title='bbox 1761 3999 1961 4053; x_wconf 89' lang='lat' dir='ltr'><strong>scopus</strong></span> <span class='ocrx_word' id='word_1_603' title='bbox 2005 3980 2196 4037; x_wconf 81' lang='lat' dir='ltr'><strong>videns</strong></span> <span class='ocrx_word' id='word_1_604' title='bbox 2236 3980 2352 4035; x_wconf 91' lang='lat' dir='ltr'><strong>suis</strong></span> <span class='ocrx_word' id='word_1_605' title='bbox 2404 3975 2794 4033; x_wconf 86' lang='lat' dir='ltr'><strong>calliditatibus</strong></span> <span class='ocrx_word' id='word_1_606' title='bbox 2827 3974 2989 4029; x_wconf 84' lang='lat' dir='ltr'><strong>ﬁnem</strong></span> <span class='ocrx_word' id='word_1_607' title='bbox 3014 3971 3355 4043; x_wconf 90' lang='lat' dir='ltr'><strong>impositum,</strong></span> 
     </span>
    </p>
   </div>
   <div class='ocr_carea' id='block_1_75' title="bbox 1760 4059 3359 4137">
    <p class='ocr_par' dir='ltr' id='par_1_75' title="bbox 1760 4059 3359 4137">
     <span class='ocr_line' id='line_1_75' title="bbox 1760 4059 3359 4137; baseline -0.008 -9"><span class='ocrx_word' id='word_1_608' title='bbox 1760 4072 1930 4129; x_wconf 89' lang='lat' dir='ltr'><strong>nimia</strong></span> <span class='ocrx_word' id='word_1_609' title='bbox 1951 4071 2181 4126; x_wconf 84' lang='lat' dir='ltr'><strong>tristic&#39;a</strong></span> <span class='ocrx_word' id='word_1_610' title='bbox 2204 4085 2269 4125; x_wconf 89' lang='lat' dir='ltr'><strong>ac</strong></span> <span class='ocrx_word' id='word_1_611' title='bbox 2290 4068 2482 4123; x_wconf 89' lang='lat' dir='ltr'><strong>morbo</strong></span> <span class='ocrx_word' id='word_1_612' title='bbox 2509 4065 2715 4137; x_wconf 89' lang='lat' dir='ltr'><strong>pariter</strong></span> <span class='ocrx_word' id='word_1_613' title='bbox 2738 4079 2845 4117; x_wconf 88' lang='lat' dir='ltr'><strong>non</strong></span> <span class='ocrx_word' id='word_1_614' title='bbox 2868 4070 2992 4134; x_wconf 90' lang='lat' dir='ltr'><strong>post</strong></span> <span class='ocrx_word' id='word_1_615' title='bbox 3024 4060 3223 4115; x_wconf 89' lang='lat' dir='ltr'><strong>multos</strong></span> <span class='ocrx_word' id='word_1_616' title='bbox 3241 4059 3359 4115; x_wconf 89' lang='lat' dir='ltr'><strong>dies</strong></span> 
     </span>
    </p>
   </div>
   <div class='ocr_carea' id='block_1_76' title="bbox 1762 4152 3359 4231">
    <p class='ocr_par' dir='ltr' id='par_1_76' title="bbox 1762 4152 3359 4231">
     <span class='ocr_line' id='line_1_76' title="bbox 1762 4152 3359 4231; baseline -0.01 -8"><span class='ocrx_word' id='word_1_617' title='bbox 1762 4164 2069 4231; x_wconf 79' lang='lat' dir='ltr'><strong>confectus,</strong></span> <span class='ocrx_word' id='word_1_618' title='bbox 2094 4162 2321 4219; x_wconf 91' lang='lat' dir='ltr'><strong>interiit.</strong></span> <span class='ocrx_word' id='word_1_619' title='bbox 2356 4160 2601 4215; x_wconf 87' lang='lat' dir='ltr'><strong>Fuerunt</strong></span> <span class='ocrx_word' id='word_1_620' title='bbox 2619 4158 2784 4225; x_wconf 74' lang='lat' dir='ltr'><strong>etiam</strong></span> <span class='ocrx_word' id='word_1_621' title='bbox 2824 4157 2918 4227; x_wconf 91' lang='lat' dir='ltr'><strong>qui</strong></span> <span class='ocrx_word' id='word_1_622' title='bbox 2941 4155 3205 4220; x_wconf 87' lang='lat' dir='ltr'><strong>dicerent,</strong></span> <span class='ocrx_word' id='word_1_623' title='bbox 3228 4152 3359 4223; x_wconf 81' lang='lat' dir='ltr'><strong>quia</strong></span> 
     </span>
    </p>
   </div>
   <div class='ocr_carea' id='block_1_77' title="bbox 1763 4250 3361 4325">
    <p class='ocr_par' dir='ltr' id='par_1_77' title="bbox 1763 4250 3361 4325">
     <span class='ocr_line' id='line_1_77' title="bbox 1763 4250 3361 4325; baseline -0.01 -11"><span class='ocrx_word' id='word_1_624' title='bbox 1763 4258 1990 4314; x_wconf 87' lang='lat' dir='ltr'><strong>fulmine</strong></span> <span class='ocrx_word' id='word_1_625' title='bbox 2015 4265 2195 4311; x_wconf 88' lang='lat' dir='ltr'><strong>tactus</strong></span> <span class='ocrx_word' id='word_1_626' title='bbox 2244 4254 2472 4325; x_wconf 90' lang='lat' dir='ltr'><strong>ejusque</strong></span> <span class='ocrx_word' id='word_1_627' title='bbox 2527 4251 2637 4307; x_wconf 91' lang='lat' dir='ltr'><strong>ictu</strong></span> <span class='ocrx_word' id='word_1_628' title='bbox 2694 4250 3020 4314; x_wconf 89' lang='lat' dir='ltr'><strong>dissolutus,</strong></span> <span class='ocrx_word' id='word_1_629' title='bbox 3071 4255 3196 4318; x_wconf 90' lang='lat' dir='ltr'><strong>post</strong></span> <span class='ocrx_word' id='word_1_630' title='bbox 3251 4254 3361 4299; x_wconf 89' lang='lat' dir='ltr'><strong>ter-</strong></span> 
     </span>
    </p>
   </div>
   <div class='ocr_carea' id='block_1_78' title="bbox 1763 4338 3357 4405">
    <p class='ocr_par' dir='ltr' id='par_1_78' title="bbox 1763 4338 3357 4405">
     <span class='ocr_line' id='line_1_78' title="bbox 1763 4338 3357 4405; baseline -0.008 0"><span class='ocrx_word' id='word_1_631' title='bbox 1763 4351 1909 4405; x_wconf 91' lang='lat' dir='ltr'><strong>eium</strong></span> <span class='ocrx_word' id='word_1_632' title='bbox 1932 4349 2075 4405; x_wconf 91' lang='lat' dir='ltr'><strong>diem</strong></span> <span class='ocrx_word' id='word_1_633' title='bbox 2097 4346 2405 4403; x_wconf 88' lang='lat' dir='ltr'><strong>defecisset.</strong></span> <span class='ocrx_word' id='word_1_634' title='bbox 2431 4342 2545 4398; x_wconf 81' lang='lat' dir='ltr'><strong>Rex</strong></span> <span class='ocrx_word' id='word_1_635' title='bbox 2569 4350 2751 4397; x_wconf 91' lang='lat' dir='ltr'><strong>autem</strong></span> <span class='ocrx_word' id='word_1_636' title='bbox 2775 4341 2927 4395; x_wconf 91' lang='lat' dir='ltr'><strong>misit</strong></span> <span class='ocrx_word' id='word_1_637' title='bbox 2948 4338 3170 4394; x_wconf 86' lang='lat' dir='ltr'><strong>fratrem</strong></span> <span class='ocrx_word' id='word_1_638' title='bbox 3194 4353 3357 4393; x_wconf 89' lang='lat' dir='ltr'><strong>suum</strong></span> 
     </span>
    </p>
   </div>
   <div class='ocr_carea' id='block_1_79' title="bbox 1766 4429 3361 4498">
    <p class='ocr_par' dir='ltr' id='par_1_79' title="bbox 1766 4429 3361 4498">
     <span class='ocr_line' id='line_1_79' title="bbox 1766 4429 3361 4498; baseline -0.008 0"><span class='ocrx_word' id='word_1_639' title='bbox 1766 4440 2145 4498; x_wconf 71' lang='lat' dir='ltr'><strong>hberhardum</strong></span> <span class='ocrx_word' id='word_1_640' title='bbox 2183 4454 2311 4494; x_wconf 91' lang='lat' dir='ltr'><strong>cum</strong></span> <span class='ocrx_word' id='word_1_641' title='bbox 2355 4437 2599 4492; x_wconf 87' lang='lat' dir='ltr'><strong>exercitu</strong></span> <span class='ocrx_word' id='word_1_642' title='bbox 2649 4432 2717 4489; x_wconf 89' lang='lat' dir='ltr'><strong>ad</strong></span> <span class='ocrx_word' id='word_1_643' title='bbox 2759 4429 3152 4489; x_wconf 83' lang='lat' dir='ltr'><strong>devastandam</strong></span> <span class='ocrx_word' id='word_1_644' title='bbox 3186 4429 3361 4485; x_wconf 80' lang='lat' dir='ltr'><strong>Saxo-</strong></span> 
     </span>
    </p>
   </div>
   <div class='ocr_carea' id='block_1_80' title="bbox 82 4520 3356 4615">
    <p class='ocr_par' dir='ltr' id='par_1_80' title="bbox 82 4520 3356 4615">
     <span class='ocr_line' id='line_1_80' title="bbox 82 4520 3356 4615; baseline 0.002 -41"><span class='ocrx_word' id='word_1_645' title='bbox 82 4520 213 4615; x_wconf 29' lang='lat' dir='ltr'><strong>i‘llius</strong></span> <span class='ocrx_word' id='word_1_646' title='bbox 233 4525 376 4583; x_wconf 89' lang='lat' dir='ltr'><strong>ferre</strong></span> <span class='ocrx_word' id='word_1_647' title='bbox 397 4543 509 4582; x_wconf 90' lang='lat' dir='ltr'><strong>non</strong></span> <span class='ocrx_word' id='word_1_648' title='bbox 538 4528 799 4594; x_wconf 88' lang='lat' dir='ltr'><strong>valentes,</strong></span> <span class='ocrx_word' id='word_1_649' title='bbox 829 4526 1212 4583; x_wconf 88' lang='lat' dir='ltr'><strong>conduxerunt</strong></span> <span class='ocrx_word' id='word_1_650' title='bbox 1240 4527 1507 4583; x_wconf 89' lang='lat' dir='ltr'><strong>adversus</strong></span> <span class='ocrx_word' id='word_1_651' title='bbox 1533 4543 1657 4583; x_wconf 92' lang='lat' dir='ltr'><strong>eum</strong></span> <span class='ocrx_word' id='word_1_652' title='bbox 1691 4557 1738 4615; x_wconf 75' lang='grc' dir='ltr'>υ</span> <span class='ocrx_word' id='word_1_653' title='bbox 1765 4536 1933 4591; x_wconf 73' lang='lat' dir='ltr'><strong>niam.</strong></span> <span class='ocrx_word' id='word_1_654' title='bbox 1958 4532 2064 4600; x_wconf 85' lang='lat' dir='ltr'><strong>Qui</strong></span> <span class='ocrx_word' id='word_1_655' title='bbox 2083 4530 2427 4603; x_wconf 83' lang='lat' dir='ltr'><strong>&#39;appmpians</strong></span> <span class='ocrx_word' id='word_1_656' title='bbox 2465 4527 2589 4583; x_wconf 88' lang='lat' dir='ltr'><strong>urbi</strong></span> <span class='ocrx_word' id='word_1_657' title='bbox 2620 4542 2744 4597; x_wconf 73' lang='lat' dir='ltr'><strong>quae</strong></span> <span class='ocrx_word' id='word_1_658' title='bbox 2784 4525 2985 4582; x_wconf 89' lang='lat' dir='ltr'><strong>dicitur</strong></span> <span class='ocrx_word' id='word_1_659' title='bbox 3018 4522 3356 4594; x_wconf 81' lang='lat' dir='ltr'><strong>lleresburg,</strong></span> 
     </span>
    </p>
   </div>
   <div class='ocr_carea' id='block_1_81' title="bbox 82 4611 1659 4690">
    <p class='ocr_par' dir='ltr' id='par_1_81' title="bbox 82 4611 1659 4690">
     <span class='ocr_line' id='line_1_81' title="bbox 82 4611 1659 4690; baseline 0.004 -24"><span class='ocrx_word' id='word_1_660' title='bbox 82 4611 287 4684; x_wconf 85' lang='lat' dir='ltr'><strong>Avares,</strong></span> <span class='ocrx_word' id='word_1_661' title='bbox 316 4634 465 4688; x_wconf 90' lang='lat' dir='ltr'><strong>quos</strong></span> <span class='ocrx_word' id='word_1_662' title='bbox 495 4618 655 4673; x_wconf 92' lang='lat' dir='ltr'><strong>modo</strong></span> <span class='ocrx_word' id='word_1_663' title='bbox 682 4633 944 4673; x_wconf 87' lang='lat' dir='ltr'><strong>vocamus</strong></span> <span class='ocrx_word' id='word_1_664' title='bbox 969 4615 1258 4689; x_wconf 89' lang='lat' dir='ltr'><strong>Ungarios,</strong></span> <span class='ocrx_word' id='word_1_665' title='bbox 1290 4618 1407 4689; x_wconf 91' lang='lat' dir='ltr'><strong>qui,</strong></span> <span class='ocrx_word' id='word_1_666' title='bbox 1440 4627 1501 4673; x_wconf 90' lang='lat' dir='ltr'><strong>nt</strong></span> <span class='ocrx_word' id='word_1_667' title='bbox 1533 4618 1659 4690; x_wconf 90' lang='lat' dir='ltr'><strong>qui-</strong></span> 
     </span>
    </p>
   </div>
   <div class='ocr_carea' id='block_1_82' title="bbox 82 4703 1658 4780">
    <p class='ocr_par' dir='ltr' id='par_1_82' title="bbox 82 4703 1658 4780">
     <span class='ocr_line' id='line_1_82' title="bbox 82 4703 1658 4780; baseline 0.004 -22"><span class='ocrx_word' id='word_1_668' title='bbox 82 4703 192 4761; x_wconf 89' lang='lat' dir='ltr'><strong>dam</strong></span> <span class='ocrx_word' id='word_1_669' title='bbox 243 4718 464 4779; x_wconf 86' lang='lat' dir='ltr'><strong>putant,</strong></span> <span class='ocrx_word' id='word_1_670' title='bbox 516 4709 760 4780; x_wconf 67' lang='lat' dir='ltr'><strong>reliquiae</strong></span> <span class='ocrx_word' id='word_1_671' title='bbox 811 4717 940 4764; x_wconf 89' lang='lat' dir='ltr'><strong>sunt</strong></span> <span class='ocrx_word' id='word_1_672' title='bbox 996 4707 1304 4777; x_wconf 85' lang='lat' dir='ltr'><strong>Hunorum,</strong></span> <span class='ocrx_word' id='word_1_673' title='bbox 1341 4709 1459 4780; x_wconf 89' lang='lat' dir='ltr'><strong>qui,</strong></span> <span class='ocrx_word' id='word_1_674' title='bbox 1497 4718 1557 4765; x_wconf 89' lang='lat' dir='ltr'><strong>ut</strong></span> <span class='ocrx_word' id='word_1_675' title='bbox 1604 4709 1658 4765; x_wconf 89' lang='lat' dir='ltr'><strong>in</strong></span> 
     </span>
    </p>
   </div>
   <div class='ocr_carea' id='block_1_83' title="bbox 82 4796 1660 4873">
    <p class='ocr_par' dir='ltr' id='par_1_83' title="bbox 82 4796 1660 4873">
     <span class='ocr_line' id='line_1_83' title="bbox 82 4796 1660 4873; baseline 0.003 -21"><span class='ocrx_word' id='word_1_676' title='bbox 82 4796 369 4855; x_wconf 82' lang='lat' dir='ltr'><strong>Gothorum</strong></span> <span class='ocrx_word' id='word_1_677' title='bbox 402 4801 601 4873; x_wconf 87' lang='lat' dir='ltr'><strong>legitur</strong></span> <span class='ocrx_word' id='word_1_678' title='bbox 630 4801 895 4873; x_wconf 80' lang='lat' dir='ltr'><strong>Itystoria,</strong></span> <span class='ocrx_word' id='word_1_679' title='bbox 926 4801 1133 4872; x_wconf 84' lang='lat' dir='ltr'><strong>egressi</strong></span> <span class='ocrx_word' id='word_1_680' title='bbox 1175 4816 1206 4856; x_wconf 86' lang='lat' dir='ltr'><strong>a</strong></span> <span class='ocrx_word' id='word_1_681' title='bbox 1242 4800 1457 4869; x_wconf 86' lang='lat' dir='ltr'><strong>Gothis,</strong></span> <span class='ocrx_word' id='word_1_682' title='bbox 1490 4802 1660 4857; x_wconf 89' lang='lat' dir='ltr'><strong>multa</strong></span> 
     </span>
    </p>
   </div>
   <div class='ocr_carea' id='block_1_84' title="bbox 84 4891 1661 4965">
    <p class='ocr_par' dir='ltr' id='par_1_84' title="bbox 84 4891 1661 4965">
     <span class='ocr_line' id='line_1_84' title="bbox 84 4891 1661 4965; baseline 0.004 -22"><span class='ocrx_word' id='word_1_683' title='bbox 84 4891 210 4946; x_wconf 85' lang='lat' dir='ltr'><strong>mala</strong></span> <span class='ocrx_word' id='word_1_684' title='bbox 252 4892 561 4948; x_wconf 88' lang='lat' dir='ltr'><strong>inferebant</strong></span> <span class='ocrx_word' id='word_1_685' title='bbox 594 4892 851 4962; x_wconf 81' lang='lat' dir='ltr'><strong>gentibus</strong></span> <span class='ocrx_word' id='word_1_686' title='bbox 897 4892 1167 4960; x_wconf 90' lang='lat' dir='ltr'><strong>finitimis,</strong></span> <span class='ocrx_word' id='word_1_687' title='bbox 1213 4908 1355 4964; x_wconf 89' lang='lat' dir='ltr'><strong>quos</strong></span> <span class='ocrx_word' id='word_1_688' title='bbox 1381 4903 1661 4965; x_wconf 88' lang='lat' dir='ltr'><strong>postremo</strong></span> 
     </span>
    </p>
   </div>
   <div class='ocr_carea' id='block_1_85' title="bbox 82 4979 1657 5058">
    <p class='ocr_par' dir='ltr' id='par_1_85' title="bbox 82 4979 1657 5058">
     <span class='ocr_line' id='line_1_85' title="bbox 82 4979 1657 5058; baseline 0.005 -24"><span class='ocrx_word' id='word_1_689' title='bbox 82 4979 407 5040; x_wconf 88' lang='lat' dir='ltr'><strong>Pannoniam</strong></span> <span class='ocrx_word' id='word_1_690' title='bbox 460 4985 826 5040; x_wconf 85' lang='lat' dir='ltr'><strong>inhabitantes</strong></span> <span class='ocrx_word' id='word_1_691' title='bbox 875 4984 1111 5042; x_wconf 85' lang='lat' dir='ltr'><strong>Karolus</strong></span> <span class='ocrx_word' id='word_1_692' title='bbox 1153 4984 1382 5058; x_wconf 86' lang='lat' dir='ltr'><strong>Magnus</strong></span> <span class='ocrx_word' id='word_1_693' title='bbox 1438 4985 1657 5054; x_wconf 87' lang='lat' dir='ltr'><strong>devicit,</strong></span> 
     </span>
    </p>
   </div>
   <div class='ocr_carea' id='block_1_86' title="bbox 83 5076 1659 5148">
    <p class='ocr_par' dir='ltr' id='par_1_86' title="bbox 83 5076 1659 5148">
     <span class='ocr_line' id='line_1_86' title="bbox 83 5076 1659 5148; baseline 0.003 -20"><span class='ocrx_word' id='word_1_694' title='bbox 83 5083 147 5141; x_wconf 89' lang='lat' dir='ltr'><strong>et,</strong></span> <span class='ocrx_word' id='word_1_695' title='bbox 175 5085 231 5130; x_wconf 90' lang='lat' dir='ltr'><strong>ut</strong></span> <span class='ocrx_word' id='word_1_696' title='bbox 247 5077 472 5142; x_wconf 91' lang='lat' dir='ltr'><strong>dicitur,</strong></span> <span class='ocrx_word' id='word_1_697' title='bbox 504 5094 533 5130; x_wconf 90' lang='lat' dir='ltr'><strong>a</strong></span> <span class='ocrx_word' id='word_1_698' title='bbox 563 5084 825 5132; x_wconf 87' lang='lat' dir='ltr'><strong>consueta</strong></span> <span class='ocrx_word' id='word_1_699' title='bbox 853 5077 1094 5148; x_wconf 88' lang='lat' dir='ltr'><strong>gentium</strong></span> <span class='ocrx_word' id='word_1_700' title='bbox 1126 5076 1545 5148; x_wconf 82' lang='lat' dir='ltr'><strong>depopulatione</strong></span> <span class='ocrx_word' id='word_1_701' title='bbox 1572 5079 1659 5133; x_wconf 90' lang='lat' dir='ltr'><strong>in-</strong></span> 
     </span>
    </p>
   </div>
   <div class='ocr_carea' id='block_1_87' title="bbox 83 5168 1665 5241">
    <p class='ocr_par' dir='ltr' id='par_1_87' title="bbox 83 5168 1665 5241">
     <span class='ocr_line' id='line_1_87' title="bbox 83 5168 1665 5241; baseline 0.003 -22"><span class='ocrx_word' id='word_1_702' title='bbox 83 5168 214 5235; x_wconf 86' lang='lat' dir='ltr'><strong>genti</strong></span> <span class='ocrx_word' id='word_1_703' title='bbox 245 5169 395 5224; x_wconf 89' lang='lat' dir='ltr'><strong>vallo</strong></span> <span class='ocrx_word' id='word_1_704' title='bbox 436 5168 832 5224; x_wconf 77' lang='lat' dir='ltr'><strong>circumclusos</strong></span> <span class='ocrx_word' id='word_1_705' title='bbox 860 5168 1170 5239; x_wconf 87' lang='lat' dir='ltr'><strong>prohibuit;</strong></span> <span class='ocrx_word' id='word_1_706' title='bbox 1217 5169 1365 5239; x_wconf 91' lang='lat' dir='ltr'><strong>quod</strong></span> <span class='ocrx_word' id='word_1_707' title='bbox 1394 5185 1533 5241; x_wconf 92' lang='lat' dir='ltr'><strong>opus</strong></span> <span class='ocrx_word' id='word_1_708' title='bbox 1562 5169 1665 5224; x_wconf 85' lang='lat' dir='ltr'><strong>Ar—</strong></span> 
     </span>
    </p>
   </div>
   <div class='ocr_carea' id='block_1_88' title="bbox 86 5258 1665 5332">
    <p class='ocr_par' dir='ltr' id='par_1_88' title="bbox 86 5258 1665 5332">
     <span class='ocr_line' id='line_1_88' title="bbox 86 5258 1665 5332; baseline 0.005 -23"><span class='ocrx_word' id='word_1_709' title='bbox 86 5258 251 5316; x_wconf 84' lang='lat' dir='ltr'><strong>uolfus</strong></span> <span class='ocrx_word' id='word_1_710' title='bbox 283 5260 587 5331; x_wconf 87' lang='lat' dir='ltr'><strong>imperator</strong></span> <span class='ocrx_word' id='word_1_711' title='bbox 615 5261 905 5327; x_wconf 85' lang='lat' dir='ltr'><strong>destruxit,</strong></span> <span class='ocrx_word' id='word_1_712' title='bbox 943 5276 1148 5332; x_wconf 91' lang='lat' dir='ltr'><strong>eosque</strong></span> <span class='ocrx_word' id='word_1_713' title='bbox 1191 5269 1381 5316; x_wconf 82' lang='lat' dir='ltr'><strong>contra</strong></span> <span class='ocrx_word' id='word_1_714' title='bbox 1428 5260 1665 5317; x_wconf 88' lang='lat' dir='ltr'><strong>Zuente-</strong></span> 
     </span>
    </p>
   </div>
   <div class='ocr_carea' id='block_1_89' title="bbox 84 5351 1660 5425">
    <p class='ocr_par' dir='ltr' id='par_1_89' title="bbox 84 5351 1660 5425">
     <span class='ocr_line' id='line_1_89' title="bbox 84 5351 1660 5425; baseline 0.006 -24"><span class='ocrx_word' id='word_1_715' title='bbox 84 5351 290 5408; x_wconf 73' lang='lat' dir='ltr'><strong>ioldum</strong></span> <span class='ocrx_word' id='word_1_716' title='bbox 312 5352 728 5408; x_wconf 76' lang='lat' dir='ltr'><strong>Maravarorum</strong></span> <span class='ocrx_word' id='word_1_717' title='bbox 759 5368 939 5425; x_wconf 87' lang='lat' dir='ltr'><strong>regem</strong></span> <span class='ocrx_word' id='word_1_718' title='bbox 966 5353 1019 5408; x_wconf 90' lang='lat' dir='ltr'><strong>in</strong></span> <span class='ocrx_word' id='word_1_719' title='bbox 1043 5353 1308 5408; x_wconf 79' lang='lat' dir='ltr'><strong>auxilium</strong></span> <span class='ocrx_word' id='word_1_720' title='bbox 1336 5354 1438 5409; x_wconf 91' lang='lat' dir='ltr'><strong>sibi</strong></span> <span class='ocrx_word' id='word_1_721' title='bbox 1453 5354 1660 5410; x_wconf 86' lang='lat' dir='ltr'><strong>eduxit.</strong></span> 
     </span>
    </p>
   </div>
   <div class='ocr_carea' id='block_1_90' title="bbox 89 5440 1661 5517">
    <p class='ocr_par' dir='ltr' id='par_1_90' title="bbox 89 5440 1661 5517">
     <span class='ocr_line' id='line_1_90' title="bbox 89 5440 1661 5517; baseline 0.004 -22"><span class='ocrx_word' id='word_1_722' title='bbox 89 5440 177 5505; x_wconf 66' lang='lat' dir='ltr'><strong>Qui</strong></span> <span class='ocrx_word' id='word_1_723' title='bbox 209 5444 411 5500; x_wconf 87' lang='lat' dir='ltr'><strong>deinde</strong></span> <span class='ocrx_word' id='word_1_724' title='bbox 439 5453 699 5515; x_wconf 88' lang='lat' dir='ltr'><strong>quantam</strong></span> <span class='ocrx_word' id='word_1_725' title='bbox 732 5452 967 5517; x_wconf 88' lang='lat' dir='ltr'><strong>stragem</strong></span> <span class='ocrx_word' id='word_1_726' title='bbox 1004 5453 1376 5516; x_wconf 89' lang='lat' dir='ltr'><strong>quantamque</strong></span> <span class='ocrx_word' id='word_1_727' title='bbox 1403 5443 1661 5516; x_wconf 89' lang='lat' dir='ltr'><strong>injuriam</strong></span> 
     </span>
    </p>
   </div>
   <div class='ocr_carea' id='block_1_91' title="bbox 79 5530 1663 5609">
    <p class='ocr_par' dir='ltr' id='par_1_91' title="bbox 79 5530 1663 5609">
     <span class='ocr_line' id='line_1_91' title="bbox 79 5530 1663 5609; baseline 0.003 -20"><span class='ocrx_word' id='word_1_728' title='bbox 79 5530 414 5592; x_wconf 70' lang='lat' dir='ltr'><strong>Francorum</strong></span> <span class='ocrx_word' id='word_1_729' title='bbox 437 5551 604 5608; x_wconf 87' lang='lat' dir='ltr'><strong>regno</strong></span> <span class='ocrx_word' id='word_1_730' title='bbox 625 5534 877 5604; x_wconf 84' lang='lat' dir='ltr'><strong>fecerint,</strong></span> <span class='ocrx_word' id='word_1_731' title='bbox 904 5537 1068 5594; x_wconf 87' lang='lat' dir='ltr'><strong>urbes</strong></span> <span class='ocrx_word' id='word_1_732' title='bbox 1097 5553 1161 5593; x_wconf 91' lang='lat' dir='ltr'><strong>ac</strong></span> <span class='ocrx_word' id='word_1_733' title='bbox 1189 5537 1441 5609; x_wconf 87' lang='lat' dir='ltr'><strong>regiones</strong></span> <span class='ocrx_word' id='word_1_734' title='bbox 1481 5536 1663 5594; x_wconf 89' lang='lat' dir='ltr'><strong>adhuc</strong></span> 
     </span>
    </p>
   </div>
   <div class='ocr_carea' id='block_1_92' title="bbox 1760 4613 3359 4699">
    <p class='ocr_par' dir='ltr' id='par_1_92' title="bbox 1760 4613 3359 4699">
     <span class='ocr_line' id='line_1_92' title="bbox 1760 4613 3359 4699; baseline -0.009 -13"><span class='ocrx_word' id='word_1_735' title='bbox 1760 4627 2015 4699; x_wconf 88' lang='lat' dir='ltr'><strong>superbe,</strong></span> <span class='ocrx_word' id='word_1_736' title='bbox 2064 4634 2124 4681; x_wconf 90' lang='lat' dir='ltr'><strong>ut</strong></span> <span class='ocrx_word' id='word_1_737' title='bbox 2151 4623 2395 4690; x_wconf 83' lang='lat' dir='ltr'><strong>tradunt,</strong></span> <span class='ocrx_word' id='word_1_738' title='bbox 2434 4622 2652 4677; x_wconf 90' lang='lat' dir='ltr'><strong>locutus</strong></span> <span class='ocrx_word' id='word_1_739' title='bbox 2703 4628 2809 4686; x_wconf 89' lang='lat' dir='ltr'><strong>est,</strong></span> <span class='ocrx_word' id='word_1_740' title='bbox 2859 4617 3006 4689; x_wconf 90' lang='lat' dir='ltr'><strong>quod</strong></span> <span class='ocrx_word' id='word_1_741' title='bbox 3055 4616 3203 4671; x_wconf 86' lang='lat' dir='ltr'><strong>nulla</strong></span> <span class='ocrx_word' id='word_1_742' title='bbox 3250 4613 3359 4671; x_wconf 84' lang='lat' dir='ltr'><strong>sibi</strong></span> 
     </span>
    </p>
   </div>
   <div class='ocr_carea' id='block_1_93' title="bbox 1761 4706 3360 4789">
    <p class='ocr_par' dir='ltr' id='par_1_93' title="bbox 1761 4706 3360 4789">
     <span class='ocr_line' id='line_1_93' title="bbox 1761 4706 3360 4789; baseline -0.009 -12"><span class='ocrx_word' id='word_1_743' title='bbox 1761 4738 1892 4777; x_wconf 86' lang='lat' dir='ltr'><strong>cura</strong></span> <span class='ocrx_word' id='word_1_744' title='bbox 1915 4718 2093 4789; x_wconf 88' lang='lat' dir='ltr'><strong>major</strong></span> <span class='ocrx_word' id='word_1_745' title='bbox 2126 4725 2292 4782; x_wconf 88' lang='lat' dir='ltr'><strong>esset,</strong></span> <span class='ocrx_word' id='word_1_746' title='bbox 2325 4730 2491 4785; x_wconf 91' lang='lat' dir='ltr'><strong>quam</strong></span> <span class='ocrx_word' id='word_1_747' title='bbox 2521 4710 2680 4783; x_wconf 78' lang='lat' dir='ltr'><strong>quod</strong></span> <span class='ocrx_word' id='word_1_748' title='bbox 2693 4708 2940 4766; x_wconf 85' lang='lat' dir='ltr'><strong>Saxones</strong></span> <span class='ocrx_word' id='word_1_749' title='bbox 2968 4724 3068 4779; x_wconf 92' lang='lat' dir='ltr'><strong>pro</strong></span> <span class='ocrx_word' id='word_1_750' title='bbox 3097 4706 3274 4762; x_wconf 89' lang='lat' dir='ltr'><strong>muris</strong></span> <span class='ocrx_word' id='word_1_751' title='bbox 3297 4719 3360 4763; x_wconf 83' lang='lat' dir='ltr'><strong>se</strong></span> 
     </span>
    </p>
   </div>
   <div class='ocr_carea' id='block_1_94' title="bbox 1761 4799 3399 4874">
    <p class='ocr_par' dir='ltr' id='par_1_94' title="bbox 1761 4799 3399 4874">
     <span class='ocr_line' id='line_1_94' title="bbox 1761 4799 3399 4874; baseline -0.01 -7"><span class='ocrx_word' id='word_1_752' title='bbox 1761 4810 2049 4867; x_wconf 90' lang='lat' dir='ltr'><strong>ostendere</strong></span> <span class='ocrx_word' id='word_1_753' title='bbox 2083 4824 2195 4863; x_wconf 87' lang='lat' dir='ltr'><strong>non</strong></span> <span class='ocrx_word' id='word_1_754' title='bbox 2235 4806 2518 4871; x_wconf 86' lang='lat' dir='ltr'><strong>auderent,</strong></span> <span class='ocrx_word' id='word_1_755' title='bbox 2552 4819 2663 4874; x_wconf 89' lang='lat' dir='ltr'><strong>quo</strong></span> <span class='ocrx_word' id='word_1_756' title='bbox 2690 4817 2815 4857; x_wconf 91' lang='lat' dir='ltr'><strong>cum</strong></span> <span class='ocrx_word' id='word_1_757' title='bbox 2842 4800 2922 4856; x_wconf 88' lang='lat' dir='ltr'><strong>eis</strong></span> <span class='ocrx_word' id='word_1_758' title='bbox 2964 4799 3227 4854; x_wconf 88' lang='lat' dir='ltr'><strong>dimicare</strong></span> <span class='ocrx_word' id='word_1_759' title='bbox 3255 4813 3358 4869; x_wconf 83' lang='lat' dir='ltr'><strong>po-</strong></span> <span class='ocrx_word' id='word_1_760' title='bbox 3387 4830 3399 4839; x_wconf 73' lang='grc' dir='ltr'><strong><em>ο</em></strong></span> 
     </span>
    </p>
   </div>
   <div class='ocr_carea' id='block_1_95' title="bbox 1762 4889 3364 4960">
    <p class='ocr_par' dir='ltr' id='par_1_95' title="bbox 1762 4889 3364 4960">
     <span class='ocr_line' id='line_1_95' title="bbox 1762 4889 3364 4960; baseline -0.01 0"><span class='ocrx_word' id='word_1_761' title='bbox 1762 4903 1976 4960; x_wconf 84' lang='lat' dir='ltr'><strong>luisset.</strong></span> <span class='ocrx_word' id='word_1_762' title='bbox 2000 4901 2193 4956; x_wconf 82' lang='lat' dir='ltr'><strong>Adhuc</strong></span> <span class='ocrx_word' id='word_1_763' title='bbox 2215 4914 2396 4956; x_wconf 88' lang='lat' dir='ltr'><strong>sermo</strong></span> <span class='ocrx_word' id='word_1_764' title='bbox 2422 4897 2475 4952; x_wconf 89' lang='lat' dir='ltr'><strong>in</strong></span> <span class='ocrx_word' id='word_1_765' title='bbox 2507 4912 2602 4951; x_wconf 90' lang='lat' dir='ltr'><strong>ore</strong></span> <span class='ocrx_word' id='word_1_766' title='bbox 2630 4895 2778 4950; x_wconf 90' lang='lat' dir='ltr'><strong>illius</strong></span> <span class='ocrx_word' id='word_1_767' title='bbox 2796 4901 2935 4959; x_wconf 88' lang='lat' dir='ltr'><strong>erat,</strong></span> <span class='ocrx_word' id='word_1_768' title='bbox 2965 4901 3020 4947; x_wconf 92' lang='lat' dir='ltr'><strong>et</strong></span> <span class='ocrx_word' id='word_1_769' title='bbox 3038 4907 3165 4947; x_wconf 90' lang='lat' dir='ltr'><strong>ecce</strong></span> <span class='ocrx_word' id='word_1_770' title='bbox 3194 4889 3364 4945; x_wconf 89' lang='lat' dir='ltr'><strong>Saxo-</strong></span> 
     </span>
    </p>
   </div>
   <div class='ocr_carea' id='block_1_96' title="bbox 1767 4983 3363 5054">
    <p class='ocr_par' dir='ltr' id='par_1_96' title="bbox 1767 4983 3363 5054">
     <span class='ocr_line' id='line_1_96' title="bbox 1767 4983 3363 5054; baseline -0.008 -3"><span class='ocrx_word' id='word_1_771' title='bbox 1767 5011 1865 5051; x_wconf 87' lang='lat' dir='ltr'><strong>nes</strong></span> <span class='ocrx_word' id='word_1_772' title='bbox 1899 4993 1951 5049; x_wconf 92' lang='lat' dir='ltr'><strong>ei</strong></span> <span class='ocrx_word' id='word_1_773' title='bbox 1988 4999 2346 5048; x_wconf 89' lang='lat' dir='ltr'><strong>occurrerunt</strong></span> <span class='ocrx_word' id='word_1_774' title='bbox 2379 4987 2615 5043; x_wconf 91' lang='lat' dir='ltr'><strong>miliario</strong></span> <span class='ocrx_word' id='word_1_775' title='bbox 2650 5002 2762 5042; x_wconf 91' lang='lat' dir='ltr'><strong>uno</strong></span> <span class='ocrx_word' id='word_1_776' title='bbox 2803 4985 2873 5040; x_wconf 92' lang='lat' dir='ltr'><strong>ab</strong></span> <span class='ocrx_word' id='word_1_777' title='bbox 2913 4985 3081 5052; x_wconf 89' lang='lat' dir='ltr'><strong>urbe;</strong></span> <span class='ocrx_word' id='word_1_778' title='bbox 3118 4983 3363 5054; x_wconf 75' lang='lat' dir='ltr'><strong>initoque</strong></span> 
     </span>
    </p>
   </div>
   <div class='ocr_carea' id='block_1_97' title="bbox 1768 5074 3363 5148">
    <p class='ocr_par' dir='ltr' id='par_1_97' title="bbox 1768 5074 3363 5148">
     <span class='ocr_line' id='line_1_97' title="bbox 1768 5074 3363 5148; baseline -0.006 -9"><span class='ocrx_word' id='word_1_779' title='bbox 1768 5083 2085 5148; x_wconf 89' lang='lat' dir='ltr'><strong>certamine,</strong></span> <span class='ocrx_word' id='word_1_780' title='bbox 2113 5088 2259 5135; x_wconf 89' lang='lat' dir='ltr'><strong>tanta</strong></span> <span class='ocrx_word' id='word_1_781' title='bbox 2283 5078 2414 5134; x_wconf 88' lang='lat' dir='ltr'><strong>cede</strong></span> <span class='ocrx_word' id='word_1_782' title='bbox 2435 5076 2631 5132; x_wconf 87' lang='lat' dir='ltr'><strong>Franci</strong></span> <span class='ocrx_word' id='word_1_783' title='bbox 2660 5074 2875 5131; x_wconf 90' lang='lat' dir='ltr'><strong>multati</strong></span> <span class='ocrx_word' id='word_1_784' title='bbox 2891 5082 3020 5131; x_wconf 91' lang='lat' dir='ltr'><strong>sunt</strong></span> <span class='ocrx_word' id='word_1_785' title='bbox 3042 5084 3102 5129; x_wconf 88' lang='lat' dir='ltr'><strong>ut</strong></span> <span class='ocrx_word' id='word_1_786' title='bbox 3123 5089 3151 5130; x_wconf 90' lang='lat' dir='ltr'><strong>a</strong></span> <span class='ocrx_word' id='word_1_787' title='bbox 3177 5074 3363 5131; x_wconf 89' lang='lat' dir='ltr'><strong>mimis</strong></span> 
     </span>
    </p>
   </div>
   <div class='ocr_carea' id='block_1_98' title="bbox 1767 5162 3361 5235">
    <p class='ocr_par' dir='ltr' id='par_1_98' title="bbox 1767 5162 3361 5235">
     <span class='ocr_line' id='line_1_98' title="bbox 1767 5162 3361 5235; baseline -0.007 -6"><span class='ocrx_word' id='word_1_788' title='bbox 1767 5174 2187 5235; x_wconf 89' lang='lat' dir='ltr'><strong>declamaretur,</strong></span> <span class='ocrx_word' id='word_1_789' title='bbox 2233 5168 2326 5224; x_wconf 90' lang='lat' dir='ltr'><strong>ubi</strong></span> <span class='ocrx_word' id='word_1_790' title='bbox 2378 5175 2563 5221; x_wconf 90' lang='lat' dir='ltr'><strong>tantus</strong></span> <span class='ocrx_word' id='word_1_791' title='bbox 2607 5165 2696 5220; x_wconf 89' lang='lat' dir='ltr'><strong>ille</strong></span> <span class='ocrx_word' id='word_1_792' title='bbox 2746 5163 2994 5220; x_wconf 84' lang='lat' dir='ltr'><strong>infernus</strong></span> <span class='ocrx_word' id='word_1_793' title='bbox 3042 5171 3207 5230; x_wconf 90' lang='lat' dir='ltr'><strong>esset,</strong></span> <span class='ocrx_word' id='word_1_794' title='bbox 3265 5162 3361 5233; x_wconf 90' lang='lat' dir='ltr'><strong>qui</strong></span> 
     </span>
    </p>
   </div>
   <div class='ocr_carea' id='block_1_99' title="bbox 1769 5254 3363 5327">
    <p class='ocr_par' dir='ltr' id='par_1_99' title="bbox 1769 5254 3363 5327">
     <span class='ocr_line' id='line_1_99' title="bbox 1769 5254 3363 5327; baseline -0.006 -6"><span class='ocrx_word' id='word_1_795' title='bbox 1769 5273 1975 5321; x_wconf 91' lang='lat' dir='ltr'><strong>tantam</strong></span> <span class='ocrx_word' id='word_1_796' title='bbox 2014 5277 2282 5319; x_wconf 63' lang='lat' dir='ltr'><strong>caesorum</strong></span> <span class='ocrx_word' id='word_1_797' title='bbox 2330 5257 2738 5315; x_wconf 91' lang='lat' dir='ltr'><strong>multitudinem</strong></span> <span class='ocrx_word' id='word_1_798' title='bbox 2764 5271 2958 5326; x_wconf 79' lang='lat' dir='ltr'><strong>capere</strong></span> <span class='ocrx_word' id='word_1_799' title='bbox 2984 5263 3191 5327; x_wconf 84' lang='lat' dir='ltr'><strong>posset.</strong></span> <span class='ocrx_word' id='word_1_800' title='bbox 3228 5254 3363 5311; x_wconf 88' lang='lat' dir='ltr'><strong>Fra-</strong></span> 
     </span>
    </p>
   </div>
   <div class='ocr_carea' id='block_1_100' title="bbox 1769 5346 3361 5425">
    <p class='ocr_par' dir='ltr' id='par_1_100' title="bbox 1769 5346 3361 5425">
     <span class='ocr_line' id='line_1_100' title="bbox 1769 5346 3361 5425; baseline -0.008 -12"><span class='ocrx_word' id='word_1_801' title='bbox 1769 5366 1855 5413; x_wconf 91' lang='lat' dir='ltr'><strong>ter</strong></span> <span class='ocrx_word' id='word_1_802' title='bbox 1881 5364 2065 5413; x_wconf 90' lang='lat' dir='ltr'><strong>autem</strong></span> <span class='ocrx_word' id='word_1_803' title='bbox 2109 5354 2254 5425; x_wconf 88' lang='lat' dir='ltr'><strong>regis</strong></span> <span class='ocrx_word' id='word_1_804' title='bbox 2285 5367 2315 5407; x_wconf 91' lang='lat' dir='ltr'><strong>a</strong></span> <span class='ocrx_word' id='word_1_805' title='bbox 2345 5351 2542 5406; x_wconf 91' lang='lat' dir='ltr'><strong>timore</strong></span> <span class='ocrx_word' id='word_1_806' title='bbox 2582 5350 2843 5405; x_wconf 64' lang='lat' dir='ltr'><strong>absentia:</strong></span> <span class='ocrx_word' id='word_1_807' title='bbox 2894 5346 3175 5403; x_wconf 80' lang='lat' dir='ltr'><strong>Saxonum</strong></span> <span class='ocrx_word' id='word_1_808' title='bbox 3221 5346 3361 5402; x_wconf 87' lang='lat' dir='ltr'><strong>libe-</strong></span> 
     </span>
    </p>
   </div>
   <div class='ocr_carea' id='block_1_101' title="bbox 1767 5416 3383 5513">
    <p class='ocr_par' dir='ltr' id='par_1_101' title="bbox 1767 5416 3383 5513">
     <span class='ocr_line' id='line_1_101' title="bbox 1767 5416 3383 5513; baseline -0.007 -12"><span class='ocrx_word' id='word_1_809' title='bbox 1767 5453 1923 5502; x_wconf 86' lang='lat' dir='ltr'><strong>ratus</strong></span> <span class='ocrx_word' id='word_1_810' title='bbox 1943 5452 2049 5510; x_wconf 88' lang='lat' dir='ltr'><strong>est,</strong></span> <span class='ocrx_word' id='word_1_811' title='bbox 2079 5416 2209 5513; x_wconf 65' lang='lat' dir='ltr'><strong>quia</strong></span> <span class='ocrx_word' id='word_1_812' title='bbox 2238 5455 2335 5495; x_wconf 91' lang='lat' dir='ltr'><strong>eos</strong></span> <span class='ocrx_word' id='word_1_813' title='bbox 2357 5447 2412 5494; x_wconf 90' lang='lat' dir='ltr'><strong>et</strong></span> <span class='ocrx_word' id='word_1_814' title='bbox 2432 5446 2714 5509; x_wconf 87' lang='lat' dir='ltr'><strong>presentes</strong></span> <span class='ocrx_word' id='word_1_815' title='bbox 2741 5436 2878 5492; x_wconf 89' lang='lat' dir='ltr'><strong>vidit</strong></span> <span class='ocrx_word' id='word_1_816' title='bbox 2899 5446 2955 5492; x_wconf 90' lang='lat' dir='ltr'><strong>et</strong></span> <span class='ocrx_word' id='word_1_817' title='bbox 2982 5437 3052 5492; x_wconf 87' lang='lat' dir='ltr'><strong>ab</strong></span> <span class='ocrx_word' id='word_1_818' title='bbox 3082 5436 3215 5507; x_wconf 90' lang='lat' dir='ltr'><strong>ipsis</strong></span> <span class='ocrx_word' id='word_1_819' title='bbox 3238 5416 3383 5491; x_wconf 48' lang='lat' dir='ltr'><strong>tur-&#39;</strong></span> 
     </span>
    </p>
   </div>
   <div class='ocr_carea' id='block_1_102' title="bbox 1765 5527 3365 5608">
    <p class='ocr_par' dir='ltr' id='par_1_102' title="bbox 1765 5527 3365 5608">
     <span class='ocr_line' id='line_1_102' title="bbox 1765 5527 3365 5608; baseline -0.005 -17"><span class='ocrx_word' id='word_1_820' title='bbox 1765 5538 1907 5608; x_wconf 88' lang='lat' dir='ltr'><strong>piter</strong></span> <span class='ocrx_word' id='word_1_821' title='bbox 1951 5532 2171 5605; x_wconf 88' lang='lat' dir='ltr'><strong>fugatus</strong></span> <span class='ocrx_word' id='word_1_822' title='bbox 2211 5530 2483 5587; x_wconf 80' lang='lat' dir='ltr'><strong>discessit.</strong></span> <span class='ocrx_word' id='word_1_823' title='bbox 2540 5528 2784 5587; x_wconf 78' lang='lat' dir='ltr'><strong>Audiens</strong></span> <span class='ocrx_word' id='word_1_824' title='bbox 2849 5536 3032 5583; x_wconf 90' lang='lat' dir='ltr'><strong>autem</strong></span> <span class='ocrx_word' id='word_1_825' title='bbox 3071 5542 3169 5583; x_wconf 87' lang='lat' dir='ltr'><strong>rex</strong></span> <span class='ocrx_word' id='word_1_826' title='bbox 3220 5527 3365 5583; x_wconf 83' lang='lat' dir='ltr'><strong>male</strong></span> 
     </span>
    </p>
   </div>
   <div class='ocr_carea' id='block_1_103' title="bbox 1371 5626 2050 5684">
    <p class='ocr_par' dir='ltr' id='par_1_103' title="bbox 1371 5626 2050 5684">
     <span class='ocr_line' id='line_1_103' title="bbox 1371 5626 2050 5684; baseline -0.003 -2"><span class='ocrx_word' id='word_1_827' title='bbox 1371 5627 1602 5683; x_wconf 67' lang='lat' dir='ltr'><strong>VARI/IL</strong></span> <span class='ocrx_word' id='word_1_828' title='bbox 1651 5626 2050 5684; x_wconf 74' lang='lat' dir='ltr'><strong>LECTIONES.</strong></span> 
     </span>
    </p>
   </div>
   <div class='ocr_carea' id='block_1_104' title="bbox 136 5702 1175 5776">
    <p class='ocr_par' dir='ltr' id='par_1_104' title="bbox 136 5702 1175 5776">
     <span class='ocr_line' id='line_1_104' title="bbox 136 5702 1175 5776; baseline 0.005 -7"><span class='ocrx_word' id='word_1_829' title='bbox 136 5702 229 5736; x_wconf 72' lang='grc'><strong>’³³⁸</strong></span> <span class='ocrx_word' id='word_1_830' title='bbox 273 5713 420 5771; x_wconf 70' lang='lat' dir='ltr'><strong>lium</strong></span> <span class='ocrx_word' id='word_1_831' title='bbox 455 5721 681 5776; x_wconf 83' lang='lat' dir='ltr'><strong>tetendit</strong></span> <span class='ocrx_word' id='word_1_832' title='bbox 716 5721 832 5774; x_wconf 81' lang='lat' dir='ltr'><strong>loco</strong></span> <span class='ocrx_word' id='word_1_833' title='bbox 861 5737 1004 5775; x_wconf 82' lang='lat' dir='ltr'><strong>raso.</strong></span> <span class='ocrx_word' id='word_1_834' title='bbox 1084 5719 1175 5752; x_wconf 79' lang='grc'>⁸³³⁸</span> 
     </span>
    </p>
   </div>
   <div class='ocr_carea' id='block_1_105' title="bbox 1280 5712 3363 5794">
    <p class='ocr_par' dir='ltr' id='par_1_105' title="bbox 1280 5712 3363 5794">
     <span class='ocr_line' id='line_1_105' title="bbox 1280 5712 3363 5794; baseline -0.003 -19"><span class='ocrx_word' id='word_1_835' title='bbox 1280 5731 1760 5794; x_wconf 86' lang='lat' dir='ltr'><strong>tre—magnoque</strong></span> <span class='ocrx_word' id='word_1_836' title='bbox 1795 5722 1938 5794; x_wconf 83' lang='lat' dir='ltr'><strong>duce</strong></span> <span class='ocrx_word' id='word_1_837' title='bbox 1980 5718 2180 5777; x_wconf 89' lang='lat' dir='ltr'><strong>Ottone</strong></span> <span class='ocrx_word' id='word_1_838' title='bbox 2219 5717 2501 5785; x_wconf 85' lang='lat' dir='ltr'><strong>defuncto,</strong></span> <span class='ocrx_word' id='word_1_839' title='bbox 2540 5717 2752 5774; x_wconf 88' lang='lat' dir='ltr'><strong>illuster</strong></span> <span class='ocrx_word' id='word_1_840' title='bbox 2773 5724 2829 5773; x_wconf 92' lang='lat' dir='ltr'><strong>ct</strong></span> <span class='ocrx_word' id='word_1_841' title='bbox 2863 5712 3191 5788; x_wconf 73' lang='lat' dir='ltr'><strong>magniﬁcus</strong></span> <span class='ocrx_word' id='word_1_842' title='bbox 3213 5712 3363 5769; x_wconf 81' lang='lat' dir='ltr'><strong>ﬁlius</strong></span> 
     </span>
    </p>
   </div>
   <div class='ocr_carea' id='block_1_106' title="bbox 81 5736 2029 5864">
    <p class='ocr_par' dir='ltr' id='par_1_106' title="bbox 81 5736 2029 5864">
     <span class='ocr_line' id='line_1_106' title="bbox 274 5736 2027 5829; baseline 0.003 -58"><span class='ocrx_word' id='word_1_843' title='bbox 274 5736 420 5797; x_wconf 53' lang='lat' dir='ltr'><strong>trum</strong></span> <span class='ocrx_word' id='word_1_844' title='bbox 455 5736 681 5776; x_wconf 76' lang='lat' dir='ltr'><strong>tetendit</strong></span> <span class='ocrx_word' id='word_1_845' title='bbox 716 5736 832 5774; x_wconf 67' lang='lat' dir='ltr'><strong>loco</strong></span> <span class='ocrx_word' id='word_1_846' title='bbox 861 5737 1004 5775; x_wconf 82' lang='lat' dir='ltr'><strong>raso.</strong></span> <span class='ocrx_word' id='word_1_847' title='bbox 1084 5736 1175 5752; x_wconf 77' lang='grc' dir='ltr'><strong>η’·</strong></span> <span class='ocrx_word' id='word_1_848' title='bbox 1201 5736 1760 5829; x_wconf 61' lang='lat' dir='ltr'><strong>patre—magnoque</strong></span> <span class='ocrx_word' id='word_1_849' title='bbox 1795 5736 1938 5777; x_wconf 85' lang='lat' dir='ltr'><strong>once</strong></span> <span class='ocrx_word' id='word_1_850' title='bbox 1980 5736 2027 5776; x_wconf 90' lang='lat' dir='ltr'><strong>U</strong></span> 
     </span>
     <span class='ocr_line' id='line_1_107' title="bbox 81 5783 2029 5864; baseline 0.005 -28"><span class='ocrx_word' id='word_1_851' title='bbox 81 5796 209 5838; x_wconf 62' lang='lat' dir='ltr'><strong>Suus</strong></span> <span class='ocrx_word' id='word_1_852' title='bbox 230 5783 524 5847; x_wconf 76' lang='lat' dir='ltr'><strong>lletnrtcus</strong></span> <span class='ocrx_word' id='word_1_853' title='bbox 544 5821 614 5831; x_wconf 92' lang='lat'><strong>-—</strong></span> <span class='ocrx_word' id='word_1_854' title='bbox 637 5792 897 5847; x_wconf 86' lang='lat' dir='ltr'><strong>ducatum</strong></span> <span class='ocrx_word' id='word_1_855' title='bbox 923 5791 1245 5864; x_wconf 85' lang='lat' dir='ltr'><strong>(suscepit.)</strong></span> <span class='ocrx_word' id='word_1_856' title='bbox 1276 5808 1413 5847; x_wconf 80' lang='lat' dir='ltr'><strong>corr.</strong></span> <span class='ocrx_word' id='word_1_857' title='bbox 1468 5802 1525 5846; x_wconf 80' lang='lat' dir='ltr'><strong>ut</strong></span> <span class='ocrx_word' id='word_1_858' title='bbox 1554 5792 1755 5847; x_wconf 81' lang='lat' dir='ltr'><strong>editum</strong></span> <span class='ocrx_word' id='word_1_859' title='bbox 1789 5801 1866 5847; x_wconf 74' lang='lat' dir='ltr'><strong>est</strong></span> <span class='ocrx_word' id='word_1_860' title='bbox 1900 5792 1946 5846; x_wconf 86' lang='lat' dir='ltr'><strong>l.</strong></span> <span class='ocrx_word' id='word_1_861' title='bbox 2020 5796 2029 5804; x_wconf 76' lang='lat'><em>‘</em></span> 
     </span>
    </p>
   </div>
  </div>
