3880 6308
517 335 626 393 895
1723 320 2121 380 EKKEHARDI
2165 324 2633 383 URAUGIENSIS
3629 337 3701 393 896

519 457 820 522 pugnatum
846 464 875 503 a
902 447 1089 513 fratre,
1119 452 1448 517 congregata
1470 442 1620 499 omni
1640 443 1841 497 virtute
1867 442 2051 498 Franci

2167 448 2187 505 ι
2218 442 2739 513 ιιιοτίηιίςκοῐηηὶυῐη
2769 441 3130 498 Francorum.
3164 440 3391 514 (‘VIDUL
3414 460 3450 511 1,
3470 460 3511 499 c.
3530 446 3602 513 9.5,
3621 451 3699 507 9.6.1

525 557 669 609 rum,
731 540 974 611 perrexit
1035 537 1103 593 ad
1157 535 1548 608 requirendum
1610 532 1950 590 Heinricum.
1996 534 2116 601 Quo
2217 523 2289 589 Ut
2309 551 2437 607 ergo
2464 551 2558 591 rex
2599 534 2904 605 imperavit,
2929 533 3277 589 Eberhardus
3303 534 3575 593 lleinricum
3597 543 3705 608 adiit,

523 641 806 704 comperto
865 630 921 685 in
969 628 1227 701 presidio.
1259 629 1411 683 urbis
1450 644 1573 698 qua:
1620 626 1823 682 dicitur
1874 627 2115 694 Gruona,
2218 642 2386 697 seque
2435 643 2560 682 cum
2603 627 2860 682 omnibus
2897 626 3171 682 thesauris
3206 628 3279 681 illi
3331 628 3543 695 tradens,
3572 630 3711 701 pacem‘

524 725 809 798 temptavit
827 723 957 778 illud
987 722 1303 792 obpugnare
1326 719 1648 790 presidium.
1676 717 1743 773 Et
1768 718 1937 774 missa
1961 719 2118 789 prius
2217 733 2343 773 cum
2371 733 2437 772 eo
2466 716 2615 784 fecit,
2651 709 3073 788 amiciciamque
3103 715 3222 787 ejus
3264 719 3553 788 promeruit,
3592 737 3706 790 quam

521 817 791 887 legatione
819 830 919 885 pro
960 820 1260 884 spontanea
1297 810 1592 877 deditione,
1642 808 1875 881 spondet
1921 825 1980 865 se
2024 825 2121 880 per
2218 808 2444 863 ﬁdeliter
2485 808 2943 878 familiariterque
2994 823 3172 877 usque
3216 808 3269 862 in
3332 808 3481 863 ﬁnem
3523 811 3708 867 obtinuit.

525 911 629 964 hoc
641 908 747 964 sibi
767 908 1003 963 amicum
1030 906 1350 972 affuturum,
1377 919 1484 959 non
1508 903 1722 958 hostem
1742 910 2116 973 experturum.
2218 897 2423 954 Deinde
2462 899 2808 971 congregatis
2848 897 3189 968 principibus
3217 907 3271 954 et
3321 907 3443 954 natu
3472 901 3710 971 majoribus,

523 999 663 1055 lluic
692 1000 947 1072 legationi
992 997 1285 1054 intervenit
1314 996 1625 1052 Dietmarus
1672 996 1743 1051 ob
1772 994 2119 1050 orientalium
2218 991 2493 1046 exercitus
2514 989 2850 1046 Francorum
2878 990 2931 1044 in
2973 990 3094 1045 loco
3116 990 3211 1060 qui
3247 978 3437 1045 dicitur
3479 990 3711 1058 Friteslarc,

456 1126 459 1129 -
526 1091 804 1147 Saxonum
824 1099 998 1161 parte,
1020 1090 1105 1144 vir
1125 1088 1429 1159 disciplina:
1454 1086 1707 1142 militaris
1730 1086 2118 1156 peritissimus,
2219 1083 2524 1155 designavit
2553 1100 2677 1140 eum
2701 1100 2885 1155 regem
2917 1100 3102 1140 coram
3146 1084 3296 1139 omni
3313 1085 3516 1156 populo
3538 1084 3714 1142 Franco-

523 1180 710 1235 varius
743 1180 1084 1249 consilioque
1120 1193 1375 1250 magnus,
1406 1184 1461 1231 et
1489 1175 1584 1246 qui
1632 1175 1930 1231 calliditate
1970 1175 2122 1247 inge-
2220 1193 2342 1231 rum
2370 1187 2535 1247 atque
2567 1176 2869 1233 Saxonum.

523 1273 635 1326 nita
684 1272 886 1326 multos
931 1271 1189 1325 mortales
1234 1276 1536 1339 superaret.
1575 1266 1688 1322 ‘Hic
1731 1266 2121 1338 superveniens
2220 1269 2346 1318 Anni
2374 1268 2618 1338 H.iuriri.

524 1363 719 1435 legatis
775 1362 917 1434 regis
971 1362 1341 1433 pz'eseiztibus,
1389 1361 1689 1431 interrogat
1736 1360 1952 1426 ducem,
2027 1357 2119 1412 ubi
2295 1352 2344 1405 l.
2387 1350 2546 1405 Anno
2570 1351 2658 1382 ’³³⁷
2681 1349 2981 1405 Dominiete
3004 1349 3397 1404 incarnationis
3418 1350 3530 1414 920,
3551 1349 3605 1402 ab
3623 1348 3717 1403 [Trle

521 1457 683 1510 vellet
705 1455 1003 1511 exercitum
1034 1453 1248 1509 metari.
1279 1452 1346 1507 At
1377 1452 1594 1523 illejam
1615 1467 1913 1523 persuasus
1929 1450 2122 1506 cedere
2220 1444 2440 1498 condita
2493 1442 2788 1497 millCS'mO
2827 1442 2954 1509 6'“.
3016 1439 3328 1507 Ῐιθίιινίειιδν
3396 1456 3567 1513 εειὶοτε
3606 1440 3717 1503 Sam.

524 1546 774 1612 Francis,
813 1546 1023 1615 accepit
1044 1544 1323 1610 ﬁduciam,
1350 1543 1580 1599 audiens
1601 1544 1669 1599 de
1707 1543 1973 1609 exercitu,
2002 1557 2122 1596 cre—
2221 1536 2367 1590 ﬁlius
2388 1532 2606 1592 Ottonis
2625 1535 2803 1601 ducis,
2842 1535 2934 1589 80°
2979 1533 3071 1566 ηπ
3109 1533 3232 1589 loco
3260 1534 3330 1587 ab
3357 1533 3592 1603 Augusto,
3610 1533 3648 1585 iu
3667 1549 3720 1586 rc-

522 1637 659 1693 dens
684 1636 755 1691 ita
786 1652 937 1701 esse;
969 1635 1277 1690 Dietmarus
1305 1619 1436 1689 vero
1459 1635 1580 1690 ﬁcte
1603 1634 1933 1704 loquebatur
1957 1650 1971 1699 ;
1994 1647 2120 1686 cum
2222 1642 2393 1697 gnum
2417 1626 2658 1698 eligitur,
2686 1625 3044 1698 regnavitque
3075 1625 3237 1681 annis
3262 1624 3349 1680 l7.
3394 1623 3481 1695 (cf.
3515 1624 3616 1679 Chr.
3647 1622 3719 1677 illi

523 1729 770 1799 quinque
797 1727 941 1782 enim
968 1726 1345 1782 tantummodo
1369 1724 1502 1781 viris
1528 1732 1769 1781 venerat.
1796 1724 1871 1780 De
1892 1739 2123 1779 numero
2223 1719 2322 1775 llic
2351 1735 2477 1775 cum
2501 1735 2609 1775 non
2644 1719 2871 1775 haberet
2898 1719 3130 1790 gratiam
3182 1716 3492 1773 Chuonradi
3529 1716 3641 1787 regis
3668 1716 3720 1769 sui

524 1828 707 1874 autem
732 1818 1004 1889 legionum
1038 1820 1350 1876 sciscitante
1378 1820 1535 1885 duce,
1562 1818 1626 1873 ad
1652 1817 1722 1873 50
1740 1817 1851 1873 fere
1876 1818 2117 1888 legiones
2152 1801 2191 1858 Β
2219 1811 2546 1880 decessoris,
2571 1820 2794 1883 propter
2820 1826 3036 1866 morum
3061 1810 3385 1881 probitatem
3408 1808 3639 1879 animique
3655 1806 3723 1859 vir-

527 1924 588 1964 se
622 1910 921 1978 producere
946 1899 1107 1979 posse
1151 1911 1450 1980 respondit.
1492 1909 1569 1965 Ita
1614 1909 1788 1965 delusi
1830 1908 1988 1980 legati
2031 1922 2118 1962 re-
2220 1912 2390 1959 tutem
2416 1904 2559 1959 idem
2588 1920 2684 1959 rex
2714 1904 2767 1958 in
2791 1904 3050 1959 extremis
3081 1903 3222 1970 suis,
3265 1910 3329 1957 ut
3362 1901 3625 1972 predictum
3657 1908 3724 1961 est,

523 2001 700 2073 gressi
732 2009 861 2056 sunt
881 2001 946 2056 ad
973 2018 1176 2073 regem.
1210 2002 1354 2058 Vicit
1383 2018 1513 2057 vero
1542 2003 1664 2056 illos
1694 2001 1988 2056 calliditate
2018 2015 2115 2055 sua
2219 1994 2573 2065 pretermisso
2594 1992 2763 2049 fratre
2792 1994 3036 2064 pr0prio,
3058 1993 3208 2048 hunc
3235 1992 3418 2060 elegit,
3443 2000 3491 2045 et
3510 2000 3559 2044 ut
3580 1988 3632 2042 ab
3647 2001 3723 2040 0111-

524 2089 859 2157 Dtetmarus,
892 2109 1033 2162 quos
1080 2094 1195 2163 ipse
1222 2093 1331 2148 dux
1359 2094 1504 2147 ferro
1537 2094 1755 2147 vincere
1784 2108 1893 2147 non
1943 2074 2121 2162 potuit
2221 2086 2384 2142 nibus
2408 2085 2460 2140 id
2485 2094 2738 2158 ageretur
2758 2085 3119 2156 principibus.
3144 2084 3437 2139 consilium
3459 2078 3723 2151 dedit.(Wu.

520 2178 832 2239 Heinricus.
861 2183 998 2240 Nam
1033 2186 1420 2240 antelucanum
1457 2184 1663 2240 relictis
1677 2185 1875 2241 castris
1900 2184 2116 2250 Franci,
2223 2198 2263 2247 1,
2289 2180 2381 2249 26,
2416 2179 2533 2250 27.)
2577 2178 2677 2235 Cui
2703 2195 2829 2234 cum
2865 2177 3054 2233 unctio
3103 2188 3156 2232 et
3187 2176 3442 2231 diadema
3469 2173 3723 2230 offerretur:

525 2276 907 2347 unusquisque
940 2278 1101 2333 rediit
1134 2279 1188 2334 in
1218 2295 1338 2334 sua.
2222 2288 2442 2329 summo
2496 2271 2774 2343 pontiﬁce,
2829 2269 2923 2341 qui
2965 2285 3031 2324 eo
3078 2277 3325 2340 tempore
3364 2265 3621 2337 llerigrrus
3637 2274 3723 2325 erat,

510 2434 519 2437 Ἴ
600 2367 846 2438 (LIUDPR.
878 2386 940 2437 ιι,
983 2369 1099 2442 20.)
1142 2369 1385 2441 Septimo
1419 2378 1602 2426 autem
1645 2388 1790 2428 anno
1831 2371 1983 2443 regni
2034 2371 2117 2426 sui
2222 2382 2333 2421 non
2361 2364 2587 2436 sprevit,
2623 2379 2726 2420 nec
2765 2374 2949 2419 tamen
2991 2362 3236 2432 suscepit
3270 2381 3283 2415 :
3319 2360 3481 2425 Satis,
3530 2355 3722 2426 inquiens,

522 2458 893 2516 Chuonradus
920 2478 1016 2517 rex
1038 2471 1286 2534 egi-orare
1305 2464 1490 2533 οωρὶι,
1506 2464 1856 2534 sentiensque
1878 2463 2094 2518 vacatio
2117 2495 2123 2502 .
2224 2456 2384 2510 michi
2404 2463 2503 2523 est,
2534 2464 2592 2509 ut
2612 2471 2705 2525 pre
2728 2453 3021 2524 majoribus
3051 2453 3179 2507 meis
3204 2469 3299 2506 rex
3328 2453 3476 2506 dicar
3493 2459 3535 2503 et
3548 2447 3727 2516 desigtu‘r.

528 2548 615 2602 nis
671 2565 784 2605 suae
821 2557 1034 2621 tempus
1097 2552 1311 2619 adesse,
1370 2554 1645 2624 p.i:;c3pes
1676 2554 1852 2625 regni,
1895 2561 2122 2624 excepto
2224 2550 2406 2603 divina
2457 2556 2719 2603 annuente
2767 2557 3043 2617 vestraque
3096 2546 3331 2615 pietate;
3383 2559 3524 2613 penes
3570 2539 3729 2592 meliora

531 2636 809 2708 Heinrico,
829 2645 1171 2710 convocavit,
1197 2654 1250 2701 et
1267 2661 1361 2701 eos
1393 2647 1465 2700 ita
1490 2647 1778 2702 convenit:
1815 2645 2122 2701 Vocationis
2222 2658 2342 2696 vero
2368 2641 2515 2696 nobis
2556 2641 2735 2694 unctio
2763 2656 2826 2693 ac
2854 2638 3102 2692 diadema
3148 2638 3251 2701 sit;
3299 2645 3447 2690 tanto
3490 2634 3643 2687 honore
3674 2646 3731 2681 rat

528 2748 657 2786 mea:
706 2741 906 2804 tempus
964 2753 1211 2806 agnosco,
1266 2748 1338 2804 et,
1374 2746 1432 2791 ut
1487 2739 1723 2805 cernitis,
1784 2749 1958 2808 presto
2012 2746 2120 2801 est;
2224 2732 2552 2787 arbitramur
2584 2722 2851 2801 indignos.
2880 2728 3094 2784 Placuit
3125 2729 3227 2784 iste
3262 2742 3449 2783 sermo
3477 2739 3627 2781 coram
3654 2720 3731 2775 uni-

526 2824 747 2893 proinde
810 2841 996 2894 pacem
1054 2828 1492 2899 concordiamque
1550 2845 1637 2882 vos
1693 2828 1887 2883 sectari
1960 2828 2122 2882 etiam
2224 2839 2383 2879 versa
2420 2822 2789 2887 multitudine,
2822 2829 2876 2876 et
2928 2820 3135 2875 dextris
3166 2819 3223 2874 in
3255 2814 3734 2878 coelumlevatigno—

527 2914 793 2986 etiamque
824 2932 969 2988 rogo.
1006 2917 1091 2971 Me
1126 2918 1387 2973 hominem
1415 2928 1652 2983 exeunte,
1698 2920 1848 2974 nulla
1893 2937 1979 2974 ros
2037 2937 2122 2973 η-
2225 2931 2351 2969 men
2385 2914 2513 2969 novi
2543 2914 2689 2985 regis
2735 2912 2975 2968 clamore
3007 2910 3194 2966 valido
3237 2911 3534 2966 salutantes
3559 2904 3734 2972 frequen.

528 3007 726 3077 gnandi
780 3011 1000 3065 ambitio
1051 3012 1381 3081 inﬂammet;
1445 3010 1781 3079 Heinrirum,
1849 3010 2123 3067 Saxonum
2228 3008 2440 3063 tabant.
2470 3006 2720 3078 (LIUDPR.
2755 3022 2817 3073 11,
2835 3003 2923 3062 50.
2958 3035 3029 3044 —
3056 2993 3735 3072 RlCﬂEB.1,47.)HO(30|‘lﬁle

534 3096 1022 3173 Thuringorumque
1079 3104 1262 3158 ducem
1290 3104 1781 3175 prudentissimum,
1814 3120 1984 3174 regem
2022 3103 2123 3157 eli-
2154 3145 2195 3202 Ο
2229 3117 2326 3156 rex
2376 3099 2553 3156 factus
2586 3099 2875 3155 Heinrieus
2922 3098 3161 3170 perrexit
3207 3113 3336 3153 cum
3372 3093 3514 3151 omni
3555 3090 3735 3148 comitati
3810 3140 3811 3161 η

575 3191 610 3202 ι-
697 3191 707 3202 ι
804 3194 817 3202 .
1229 3196 1239 3202 .
1310 3197 1320 3202 -
1441 3197 1452 3202 -
1587 3197 1598 3202 -
1970 3196 1981 3202 -
2080 3196 2091 3202 -
2407 3189 2422 3202 α
2688 3189 2703 3202 ι
2950 3197 2959 3202 .
3059 3188 3099 3202 n
3206 3189 3220 3202 ι
3327 3187 3344 3202 ι
3482 3184 3497 3202 ι
3546 3198 3624 3202 .--Α
3659 3178 3712 3202 ιι-

535 3191 641 3260 gite
673 3191 1046 3265 dominumque
1068 3196 1404 3263 constituite,
1434 3197 1479 3249 is
1513 3197 1653 3249 enim
1675 3204 1752 3249 est
1776 3204 1823 3249 et
1866 3196 2127 3264 sapientia
2154 3178 2195 3202 υ
2229 3206 2331 3247 suo
2357 3189 2425 3246 ad
2449 3189 2801 3262 pugnandum
2838 3197 3028 3245 contra
3059 3187 3446 3243 Burchardum
3468 3184 3629 3240 ducem
3652 3178 3733 3234 Al:-

532 3284 738 3357 pollens
766 3295 815 3339 et
844 3286 1012 3355 justa:
1039 3290 1599 3343 severitatis‘censura
1629 3290 1925 3345 abundans.
1955 3288 2123 3361 (W11).
2230 3284 2489 3350 manniaa,
2528 3282 2687 3353 cujus
2711 3283 2878 3337 tiliam
2908 3282 3101 3336 habuit
3119 3297 3353 3336 uxorem
3380 3276 3643 3334 Ruodolfus

533 3389 575 3443 ι,
597 3375 716 3447 25.)
754 3375 963 3443 Quibus
1007 3378 1062 3433 in
1085 3380 1200 3435 hmo
1226 3381 1391 3436 verba
1439 3381 1928 3445 consentientibus,
1964 3358 2131 3437 vocat
2229 3372 2454 3443 gundio,
2476 3372 2571 3443 qui
2596 3372 2745 3444 (252)
2780 3380 2906 3443 post
2940 3370 3382 3426 interfectionem
3411 3364 3653 3438 Ruotperti
3676 3358 3737 3392 ¹¹¹⁹

533 3464 757 3524 fratrem
791 3484 952 3524 suum
966 3469 1364 3540 Eberhardum,
1396 3473 1584 3543 sicque
1613 3474 1908 3544 alloquitur
1934 3473 2084 3528 illum
2113 3491 2126 3526 :
2231 3466 2378 3538 regis
2414 3464 2735 3532 Galliarum,
2776 3464 2949 3536 patris
2992 3462 3241 3534 Hugonis
3271 3462 3453 3528 ducis,
3478 3458 3632 3515 fratris
3659 3466 3738 3506 Vm

535 3556 753 3626 Sentio,
773 3560 962 3630 frater,
1014 3579 1095 3617 me
1141 3564 1344 3618 diutius
1375 3565 1536 3618 istam
1575 3567 1739 3620 vitam
1795 3576 1966 3621 tenere
2027 3582 2131 3619 non
2232 3556 2466 3612 Oulonis
2489 3556 2580 3589 ¹²⁴⁰
2607 3556 2772 3628 regis,
2807 3555 2876 3610 ab
2911 3554 3150 3610 inimicis
3172 3552 3363 3609 Κποιί
3395 3552 3529 3625 regis
3560 3565 3637 3604 re!
3667 3544 3736 3599 de
3810 3546 3811 3603 ἒ

534 3667 714 3719 posse;
745 3652 943 3731 idcirco
973 3655 1448 3711 considerationem
1471 3658 1547 3711 tui
1576 3657 1782 3723 habeto,
1814 3666 1865 3712 et
1892 3658 2032 3729 quod
2061 3658 2131 3712 ad
2232 3657 2395 3705 vatus
2425 3657 2530 3715 est.
2559 3648 2704 3705 Sicut
2741 3656 2798 3703 et
2835 3645 3174 3718 Βιιοῑρθηυε
3199 3645 3465 3701 chPSSOI'
3490 3644 3608 3714 eius
3628 3636 3739 3707 (Ἆή-
3810 3710 3811 3721 χ

539 3751 588 3795 te
618 3744 848 3797 maxime
878 3745 1112 3814 respicit,
1138 3748 1281 3801 onmi
1307 3746 1639 3802 Francorum
1663 3766 1819 3819 regno
1848 3748 2130 3816 consulite,
2235 3740 2274 3795 ιο
2305 3739 2742 3811 1.)Bur0hal‘dus
2766 3755 2894 3795 vero
2914 3739 3046 3806 dux.
3081 3738 3208 3793 licet
3232 3746 3383 3793 esset
3419 3737 3621 3792 δοιίὲῑοτ
3640 3730 3731 3784 inm‘

538 3850 673 3900 meo,
699 3835 886 3904 fratris
917 3837 1017 3904 tui,
1052 3839 1368 3895 intendenda
1411 3841 1653 3895 consilio.
1688 3840 1823 3896 Sunt
1861 3841 2010 3896 nobis
2041 3857 2132 3895 co-
2236 3832 2498 3900 lerabiliS,
2532 3832 2777 3888 sentiens
2800 3840 3005 3899 tamen,
3035 3846 3161 3887 cum
3192 3829 3353 3885 valde
3392 3828 3608 3901 prudens
3634 3827 3740 3876 esset
3810 3890 3811 3903 1

535 3926 641 3997 pia:
667 3928 927 3982 exercitus
948 3931 1299 4002 congregandi
1315 3942 1473 4004 atque
1488 3932 1736 4000 ducendi,
1763 3943 1887 3988 sunt
1910 3934 2063 3988 urbes
2085 3941 2135 3988 et
2237 3925 2678 3997 congressionem
2704 3924 2848 3996 regis
2869 3939 2929 3981 se
2949 3924 3224 3979 sustinere
3252 3937 3365 3978 non
3404 3933 3570 3992 posse,
3595 3908 3745 3968 ῑῗὲάίςῖιῐ
3810 3910 3811 3935 ‘

540 4032 693 4071 arma
723 4035 842 4072 cum
882 4020 1146 4092 regalibus
1177 4023 1420 4095 insigniis
1450 4033 1500 4079 et
1521 4042 1672 4079 omne
1700 4026 1839 4096 quod
1868 4027 2025 4080 decus
2056 4042 2139 4081 re-
2243 4018 2293 4072 ei
2317 4017 2673 4089 semetipsum
2718 4033 2843 4072 cum
2863 4015 3137 4071 uniVel‘SiS
3159 4015 3392 4070 urbibus
3413 4022 3467 4068 et
3490 4008 3741 4096 ρορυιοειξος

540 4109 684 4179 gium
713 4090 953 4180 deposcit
990 4121 1165 4182 preter
1207 4090 1481 4184 fortunam
1525 4126 1577 4171 et
1612 4090 1802 4171 mores.
1857 4116 2072 4171 Fortun

2312 4109 2523 4181 (Lmen.
2553 4125 2615 4177 11,
2645 4105 2762 4180 21.)
2796 4107 3002 4163 Eodem
3026 4116 3274 4177 tempore
3301 4105 3471 4178 [Αιιη.
3506 4103 3560 4157 ῐ).
3580 4090 3744 4163 9211.)

544 4200 736 4270 frater,
769 4219 889 4256 cum
917 4204 1267 4261 nobilissimis
1301 4206 1534 4262 moribus
1572 4208 1824 4263 Heinrico
1855 4210 1991 4264 cedit
2014 4226 2034 4264 :
2058 4227 2141 4265 γε·
2240 4200 2500 4256 Ατηοὶῖιιε
2522 4200 2634 4256 dux
2655 4215 2783 4256 cum
2806 4215 2977 4255 uxore
2999 4207 3055 4254 et
3079 4198 3207 4253 ﬁliis
3235 4198 3305 4253 ab
3329 4195 3562 4269 Ungal‘ia
3581 4189 3744 4247 ιέἀὶωεν
3810 4226 3811 4251 ι

542 4310 662 4348 rum
702 4293 1037 4364 publicarum
1068 4315 1277 4353 summa
1314 4317 1463 4356 secus
1504 4301 1740 4358 Saxones
1779 4313 1875 4358 est.
1903 4302 2140 4376 Sumptis
2241 4291 2545 4347 honoriﬁce
2576 4307 2606 4346 a
2630 4289 2900 4361 Bajoariis
2922 4289 3244 4360 suscipitur,
3271 4304 3374 4343 nec
3400 4287 3566 4343 solum
3586 4273 3744 4344 ευςείρῖν

539 4382 710 4455 igitur
740 4385 822 4439 Itis
845 4386 1111 4458 insigniis,
1144 4388 1331 4444 lancea
1355 4392 1558 4446 scilicet
1598 4403 1647 4447 et
1690 4394 1920 4448 armillis
1963 4374 2141 4450 aureis
2240 4393 2352 4452 ῑῑιν,
2378 4385 2471 4441 sed
2497 4385 2661 4440 etiam
2674 4392 2735 4439 ιιι
2757 4398 2851 4438 re!
2871 4383 2965 4437 ﬁat
2986 4383 3343 4438 vehementer
3369 4380 3439 4435 ab
3457 4378 3533 4435 eis
3547 4379 3743 4458 ειοηωτή
3810 4374 3811 4379 η

545 4494 666 4531 rum
695 4476 922 4532 clamide
938 4488 989 4533 et
1028 4490 1258 4535 veterum
1286 4482 1465 4553 gladio
1502 4501 1681 4555 regum
1711 4503 1773 4540 ac
1817 4487 2138 4555 diademate,
2174 4488 2217 4542 D
2243 4477 2361 4532 Rex
2431 4486 2615 4533 autem
2688 4474 2979 4531 Ποίηνίθυε
3023 4489 3151 4530 cum
3211 4473 3356 4528 inter
3418 4482 3594 4527 omnes
3649 4456 3745 4555 Rga}
3810 4508 3811 4555 ξ

544 4567 622 4625 ito
656 4569 725 4623 ad
770 4568 1103 4640 Heinricum,
1155 4590 1436 4643 paremque
1466 4576 1629 4644 facito
1659 4593 1777 4631 cum
1818 4594 1899 4643 eo,
1923 4588 1982 4632 ut
2020 4595 2076 4632 eu

2282 4569 2516 4641 rincipes
2539 4566 2643 4624 sibi
2700 4568 3142 4637 obtemperantes
3170 4564 3459 4620 Arnolfum
3495 4560 3642 4617 solum
3667 4548 3747 4606 πά

548 4661 863 4730 Ῑωάεναεαηι
910 4665 1081 4734 possis
1126 4664 1315 4722 habere
1367 4667 1423 4720 in
1460 4643 1785 4737 perpetuum.
1826 4669 1967 4735 Quid
2002 4671 2142 4724 enim
2241 4670 2385 4718 stare
2403 4669 2669 4728 cerneret,
2693 4659 2923 4715 collecto
2948 4659 3193 4713 exercitu
3211 4643 3744 4737 ρνθγξιὶὶἀοιθεὶοέὼῗ
3810 4666 3811 4693 ‘

549 4765 753 4805 necesse
780 4759 879 4819 est,
911 4730 980 4807 tut
1018 4754 1175 4808 cadat
1201 4755 1428 4826 populus
1460 4730 2014 4815 Francorum-tecum
2055 4776 2143 4813 co-
2243 4753 2491 4821 tetendit,
2566 4767 2803 4824 eumque
2857 4750 3015 4821 juxta
3073 4749 3343 4820 quosdam
3416 4743 3573 4818 (πω.
3636 4735 3664 4789 ί·
3708 4730 3745 4826 ις)
3810 4760 3811 4799 l

552 4859 668 4896 ram
715 4846 815 4899 eo?
845 4843 966 4915 Ipse
995 4847 1135 4901 enim
1184 4820 1298 4902 uere
1323 4866 1415 4903 rea:
1439 4850 1541 4903 erit
1570 4860 1619 4905 et
1644 4852 1940 4922 imperator
1976 4870 2143 4924 popu—
2244 4845 2299 4900 in
2352 4820 2592 4915 presidio
2617 4820 2771 4899 urbis
2792 4841 3109 4913 Ratispona:
3140 4838 3395 4904 Obsedit;
3423 4833 3561 4908 (111οδ
3597 4828 3669 4924 in?
3698 4820 3745 4873 nu
3810 4844 3811 4887 Ῑ

551 4933 725 4989 lorum
746 4936 1055 4995 multorum.
1078 4937 1173 4994 His
1192 4939 1376 5008 dictis,
1407 4940 1579 4997 frater
1608 4943 1903 5000 lacrimans
1931 4961 1990 5001 se
2010 4961 2083 5001 c0

2278 4940 2406 5005 lens,
2436 4952 2603 5008 seque
2624 4936 2740 5008 regi
2769 4936 3030 4991 resistere
3051 4948 3162 4987 non
3198 4930 3444 4986 sufﬁcere

554 5027 757 5082 sentire
786 5030 1087 5100 respondit.
1117 5030 1249 5087 Post
1290 5033 1407 5089 haec
1452 5051 1548 5091 rex
1581 5036 1832 5103 moritur,
1863 5037 1948 5091 vir
1990 5036 2147 5093 fortis
2247 5027 2420 5098 pm‘lis
2447 5025 2651 5097 apertis
2679 5041 2936 5097 egressus
2952 5033 3036 5079 est
3063 5023 3131 5078 ad
3154 5037 3361 5094 regem,
3390 5017 3594 5073 tradens
3617 5011 3745 5065 sem“

552 5126 607 5173 et
634 5127 848 5186 potens,
879 5122 1026 5177 domi
1075 5125 1379 5197 militiaque
1413 5129 1672 5197 Optimus,
1701 5128 1950 5199 largitate
1997 5145 2147 5184 sere-
2252 5126 2432 5197 ipsum
2462 5140 2589 5180 cum
2616 5123 2770 5179 omni
2800 5138 2971 5193 regno
2998 5136 3124 5187 suo,
3154 5128 3210 5174 et
3232 5116 3526 5174 honoriﬁce
3544 5110 3747 5199 ausa?!)ms

553 5224 661 5264 nus
691 5220 746 5265 et
789 5215 1034 5270 omnium
1073 5219 1339 5273 virtutum
1393 5220 1644 5293 insigniis
1695 5198 1920 5288 clarus;
1956 5220 2153 5291 sepeli-
2255 5219 2325 5274 ab
2349 5233 2436 5285 eo,
2468 5216 2681 5272 amicus
2701 5214 2845 5287 regis
2870 5214 3176 5285 appellatus
3199 5220 3303 5267 est.
3332 5208 3553 5278 Quidam
3574 5198 3747 5293 [δᾴων

558 5308 755 5374 turque
788 5305 843 5359 in
878 5307 1093 5399 civitate
1129 5326 1229 5366 sua
1266 5289 1633 5386 Wilinabhrg,
1657 5330 1784 5369 cum
1831 5289 2046 5367 merore
2087 5329 2154 5367 ac
2256 5314 2337 5367 tia
2359 5312 2548 5366 desunt
2570 5308 2663 5382 E.]
2685 5324 2816 5365 vero
2846 5307 3097 5363 scribunt
3125 5305 3372 5377 (qurn.
3395 5303 3433 5356 ι.
3462 5300 3522 5367 ι),
3547 5289 3665 5370 quod
3680 5296 3749 5340 υ⁰¹
3810 5289 3811 5343 Ψ

1838 5447 2070 5503 VARle
2108 5445 2494 5502 LECTIONES

639 5558 730 5590 ⁸³³⁷
761 5557 947 5629 Pergit
981 5557 1043 5613 Ε.
1120 5560 1211 5593 ⁸⁸⁸⁸
1242 5561 1320 5616 ita
1348 5563 1507 5617 etiam
1539 5563 1601 5618 D.
1628 5561 1836 5619 LXXII.
1866 5561 2075 5617 E.LXX
2089 5560 2147 5616 V.
2185 5561 2250 5615 Α.
2293 5559 2350 5615 S.
2434 5559 2525 5592 ¹¹³⁹
2558 5558 2770 5629 ruperti
2807 5555 2887 5613 ιδ.
2968 5556 3060 5589 ⁸⁸⁸⁸
3081 5554 3286 5612 Ottonis
3316 5555 3381 5612 νζ

644 5739 795 5811 (ἳῦἑ)
828 5740 1179 5798 Ekkehardus
1212 5758 1395 5799 errore
1440 5742 1708 5815 singulari
1747 5758 1902 5814 reg°s
1934 5651 2433 5798 cozcv'gsogtﬁdlfus
2463 5739 2793 5815 Burgundize
2832 5750 2883 5795 et
2918 5737 3105 5795 Gallia:
3156 5738 3300 5792 inter
3333 5751 3389 5791 se
3423 5724 3680 5789 confundit
