  <div class='ocr_page' id='page_1' title='image "/cluster/home/n/w/nwhite01/storage/ocr_20150623/154/hvd.32044015473820/454.png"; bbox 0 0 3880 6308; ppageno 0'>
   <div class='ocr_carea' id='block_1_1' title="bbox 125 278 2414 352">
    <p class='ocr_par' dir='ltr' id='par_1_1' title="bbox 125 278 2414 352">
     <span class='ocr_line' id='line_1_1' title="bbox 125 278 2414 352; baseline -0.005 -1"><span class='ocrx_word' id='word_1_1' title='bbox 125 295 207 352; x_wconf 79' lang='grc'><strong>897</strong></span> <span class='ocrx_word' id='word_1_2' title='bbox 1002 281 1370 342; x_wconf 81' lang='lat' dir='ltr'><strong>CHRONICA.</strong></span> <span class='ocrx_word' id='word_1_3' title='bbox 1406 308 1479 320; x_wconf 86' lang='lat'><strong>—-</strong></span> <span class='ocrx_word' id='word_1_4' title='bbox 1515 278 1909 337; x_wconf 82' lang='lat' dir='ltr'><strong>CHRONICON</strong></span> <span class='ocrx_word' id='word_1_5' title='bbox 1950 279 2414 340; x_wconf 80' lang='lat' dir='ltr'><strong>UNIVERSALE.</strong></span> 
     </span>
    </p>
   </div>
   <div class='ocr_carea' id='block_1_2' title="bbox 3249 282 3356 338">
    <p class='ocr_par' dir='ltr' id='par_1_2' title="bbox 3249 282 3356 338">
     <span class='ocr_line' id='line_1_2' title="bbox 3249 282 3356 338; baseline 0 0"><span class='ocrx_word' id='word_1_6' title='bbox 3249 282 3356 338; x_wconf 81' lang='lat'><strong>898</strong></span> 
     </span>
    </p>
   </div>
   <div class='ocr_carea' id='block_1_3' title="bbox 122 394 3358 491">
    <p class='ocr_par' dir='ltr' id='par_1_3' title="bbox 122 394 3358 491">
     <span class='ocr_line' id='line_1_3' title="bbox 122 394 3358 491; baseline -0.004 -28"><span class='ocrx_word' id='word_1_7' title='bbox 122 421 301 491; x_wconf 73' lang='lat' dir='ltr'><strong>passus</strong></span> <span class='ocrx_word' id='word_1_8' title='bbox 323 405 389 459; x_wconf 91' lang='lat' dir='ltr'><strong>sit</strong></span> <span class='ocrx_word' id='word_1_9' title='bbox 428 400 689 456; x_wconf 79' lang='lat' dir='ltr'><strong>Arnolfus</strong></span> <span class='ocrx_word' id='word_1_10' title='bbox 734 400 1024 471; x_wconf 83' lang='lat' dir='ltr'><strong>prestolari</strong></span> <span class='ocrx_word' id='word_1_11' title='bbox 1079 400 1373 454; x_wconf 78' lang='lat' dir='ltr'><strong>adventum</strong></span> <span class='ocrx_word' id='word_1_12' title='bbox 1419 395 1563 466; x_wconf 86' lang='lat' dir='ltr'><strong>regis</strong></span> <span class='ocrx_word' id='word_1_13' title='bbox 1611 397 1665 449; x_wconf 90' lang='lat' dir='ltr'><strong>in</strong></span> <span class='ocrx_word' id='word_1_14' title='bbox 1697 404 1741 461; x_wconf 82' lang='grc' dir='ltr'>Λ</span> <span class='ocrx_word' id='word_1_15' title='bbox 1772 410 1967 450; x_wconf 81' lang='lat' dir='ltr'><strong>norum</strong></span> <span class='ocrx_word' id='word_1_16' title='bbox 2002 395 2291 451; x_wconf 87' lang='lat' dir='ltr'><strong>Germania</strong></span> <span class='ocrx_word' id='word_1_17' title='bbox 2321 404 2432 451; x_wconf 90' lang='lat' dir='ltr'><strong>tota</strong></span> <span class='ocrx_word' id='word_1_18' title='bbox 2477 394 2753 450; x_wconf 85' lang='lat' dir='ltr'><strong>Ludewiei</strong></span> <span class='ocrx_word' id='word_1_19' title='bbox 2789 408 3016 466; x_wconf 78' lang='lat' dir='ltr'><strong>regnum</strong></span> <span class='ocrx_word' id='word_1_20' title='bbox 3059 403 3198 450; x_wconf 88' lang='lat' dir='ltr'><strong>erat.</strong></span> <span class='ocrx_word' id='word_1_21' title='bbox 3231 394 3358 450; x_wconf 79' lang='lat' dir='ltr'><strong>Haec</strong></span> 
     </span>
    </p>
   </div>
   <div class='ocr_carea' id='block_1_4' title="bbox 121 487 1664 569">
    <p class='ocr_par' dir='ltr' id='par_1_4' title="bbox 121 487 1664 569">
     <span class='ocr_line' id='line_1_4' title="bbox 121 487 1664 569; baseline -0.008 -15"><span class='ocrx_word' id='word_1_22' title='bbox 121 487 357 569; x_wconf 79' lang='lat' dir='ltr'><strong>Bajoaria,</strong></span> <span class='ocrx_word' id='word_1_23' title='bbox 388 494 502 559; x_wconf 91' lang='lat' dir='ltr'><strong>sed,</strong></span> <span class='ocrx_word' id='word_1_24' title='bbox 536 492 783 548; x_wconf 75' lang='lat' dir='ltr'><strong>collectis</strong></span> <span class='ocrx_word' id='word_1_25' title='bbox 808 490 1010 562; x_wconf 83' lang='lat' dir='ltr'><strong>quibus</strong></span> <span class='ocrx_word' id='word_1_26' title='bbox 1030 490 1207 560; x_wconf 83' lang='lat' dir='ltr'><strong>potuit</strong></span> <span class='ocrx_word' id='word_1_27' title='bbox 1231 490 1427 561; x_wconf 86' lang='lat' dir='ltr'><strong>copiis,</strong></span> <span class='ocrx_word' id='word_1_28' title='bbox 1447 487 1664 543; x_wconf 88' lang='lat' dir='ltr'><strong>obviam</strong></span> 
     </span>
    </p>
   </div>
   <div class='ocr_carea' id='block_1_5' title="bbox 118 582 1667 659">
    <p class='ocr_par' dir='ltr' id='par_1_5' title="bbox 118 582 1667 659">
     <span class='ocr_line' id='line_1_5' title="bbox 118 582 1667 659; baseline -0.005 -15"><span class='ocrx_word' id='word_1_29' title='bbox 118 584 169 644; x_wconf 70' lang='grc' dir='ltr'><strong>ρξ’</strong></span> <span class='ocrx_word' id='word_1_30' title='bbox 189 585 498 659; x_wconf 87' lang='lat' dir='ltr'><strong>processerit</strong></span> <span class='ocrx_word' id='word_1_31' title='bbox 527 585 596 639; x_wconf 87' lang='lat' dir='ltr'><strong>ad</strong></span> <span class='ocrx_word' id='word_1_32' title='bbox 643 599 903 654; x_wconf 82' lang='lat' dir='ltr'><strong>pugnam.</strong></span> <span class='ocrx_word' id='word_1_33' title='bbox 943 582 1194 651; x_wconf 87' lang='lat' dir='ltr'><strong>Cumque</strong></span> <span class='ocrx_word' id='word_1_34' title='bbox 1224 582 1278 636; x_wconf 90' lang='lat' dir='ltr'><strong>in</strong></span> <span class='ocrx_word' id='word_1_35' title='bbox 1308 598 1376 638; x_wconf 91' lang='lat' dir='ltr'><strong>eo</strong></span> <span class='ocrx_word' id='word_1_36' title='bbox 1413 591 1558 639; x_wconf 80' lang='lat' dir='ltr'><strong>esset</strong></span> <span class='ocrx_word' id='word_1_37' title='bbox 1607 591 1667 638; x_wconf 94' lang='lat' dir='ltr'><strong>ut</strong></span> 
     </span>
    </p>
   </div>
   <div class='ocr_carea' id='block_1_6' title="bbox 118 673 1668 747">
    <p class='ocr_par' dir='ltr' id='par_1_6' title="bbox 118 673 1668 747">
     <span class='ocr_line' id='line_1_6' title="bbox 118 673 1668 747; baseline -0.004 -10"><span class='ocrx_word' id='word_1_38' title='bbox 118 682 290 737; x_wconf 82' lang='lat' dir='ltr'><strong>bellum</strong></span> <span class='ocrx_word' id='word_1_39' title='bbox 315 678 448 732; x_wconf 89' lang='lat' dir='ltr'><strong>inire</strong></span> <span class='ocrx_word' id='word_1_40' title='bbox 468 675 751 742; x_wconf 80' lang='lat' dir='ltr'><strong>deberent,</strong></span> <span class='ocrx_word' id='word_1_41' title='bbox 774 691 872 730; x_wconf 93' lang='lat' dir='ltr'><strong>rex</strong></span> <span class='ocrx_word' id='word_1_42' title='bbox 903 673 1214 741; x_wconf 88' lang='lat' dir='ltr'><strong>Heinricus,</strong></span> <span class='ocrx_word' id='word_1_43' title='bbox 1252 684 1314 729; x_wconf 93' lang='lat' dir='ltr'><strong>ut</strong></span> <span class='ocrx_word' id='word_1_44' title='bbox 1343 675 1426 729; x_wconf 92' lang='lat' dir='ltr'><strong>vir</strong></span> <span class='ocrx_word' id='word_1_45' title='bbox 1447 676 1668 747; x_wconf 82' lang='lat' dir='ltr'><strong>sapiens</strong></span> 
     </span>
    </p>
   </div>
   <div class='ocr_carea' id='block_1_7' title="bbox 115 767 1667 839">
    <p class='ocr_par' dir='ltr' id='par_1_7' title="bbox 115 767 1667 839">
     <span class='ocr_line' id='line_1_7' title="bbox 115 767 1667 839; baseline -0.005 -9"><span class='ocrx_word' id='word_1_46' title='bbox 115 785 160 831; x_wconf 85' lang='lat' dir='ltr'><strong>et</strong></span> <span class='ocrx_word' id='word_1_47' title='bbox 178 774 329 827; x_wconf 86' lang='lat' dir='ltr'><strong>Deum</strong></span> <span class='ocrx_word' id='word_1_48' title='bbox 362 771 577 834; x_wconf 87' lang='lat' dir='ltr'><strong>timens,</strong></span> <span class='ocrx_word' id='word_1_49' title='bbox 603 768 853 839; x_wconf 82' lang='lat' dir='ltr'><strong>cogitans</strong></span> <span class='ocrx_word' id='word_1_50' title='bbox 884 783 950 822; x_wconf 88' lang='lat' dir='ltr'><strong>ex</strong></span> <span class='ocrx_word' id='word_1_51' title='bbox 973 776 1206 837; x_wconf 87' lang='lat' dir='ltr'><strong>utraque</strong></span> <span class='ocrx_word' id='word_1_52' title='bbox 1230 775 1385 837; x_wconf 87' lang='lat' dir='ltr'><strong>parte</strong></span> <span class='ocrx_word' id='word_1_53' title='bbox 1404 767 1667 823; x_wconf 84' lang='lat' dir='ltr'><strong>damnum</strong></span> 
     </span>
    </p>
   </div>
   <div class='ocr_carea' id='block_1_8' title="bbox 116 858 1667 934">
    <p class='ocr_par' dir='ltr' id='par_1_8' title="bbox 116 858 1667 934">
     <span class='ocr_line' id='line_1_8' title="bbox 116 858 1667 934; baseline -0.003 -14"><span class='ocrx_word' id='word_1_54' title='bbox 116 862 443 934; x_wconf 82' lang='lat' dir='ltr'><strong>inreparabile</strong></span> <span class='ocrx_word' id='word_1_55' title='bbox 486 875 650 930; x_wconf 85' lang='lat' dir='ltr'><strong>posse</strong></span> <span class='ocrx_word' id='word_1_56' title='bbox 676 858 943 925; x_wconf 88' lang='lat' dir='ltr'><strong>accidere,</strong></span> <span class='ocrx_word' id='word_1_57' title='bbox 972 858 1221 927; x_wconf 85' lang='lat' dir='ltr'><strong>Arnolfo,</strong></span> <span class='ocrx_word' id='word_1_58' title='bbox 1249 866 1311 915; x_wconf 92' lang='lat' dir='ltr'><strong>ut</strong></span> <span class='ocrx_word' id='word_1_59' title='bbox 1346 861 1497 916; x_wconf 88' lang='lat' dir='ltr'><strong>solus</strong></span> <span class='ocrx_word' id='word_1_60' title='bbox 1540 876 1667 917; x_wconf 90' lang='lat' dir='ltr'><strong>cum</strong></span> 
     </span>
    </p>
   </div>
   <div class='ocr_carea' id='block_1_9' title="bbox 112 948 1670 1023">
    <p class='ocr_par' dir='ltr' id='par_1_9' title="bbox 112 948 1670 1023">
     <span class='ocr_line' id='line_1_9' title="bbox 112 948 1670 1023; baseline 0 -12"><span class='ocrx_word' id='word_1_61' title='bbox 112 956 214 1011; x_wconf 81' lang='lat' dir='ltr'><strong>solo</strong></span> <span class='ocrx_word' id='word_1_62' title='bbox 237 955 506 1023; x_wconf 86' lang='lat' dir='ltr'><strong>loquatur,</strong></span> <span class='ocrx_word' id='word_1_63' title='bbox 550 951 868 1006; x_wconf 86' lang='lat' dir='ltr'><strong>denunciat.</strong></span> <span class='ocrx_word' id='word_1_64' title='bbox 907 948 1014 1016; x_wconf 86' lang='lat' dir='ltr'><strong>Qui</strong></span> <span class='ocrx_word' id='word_1_65' title='bbox 1054 958 1256 1020; x_wconf 82' lang='lat' dir='ltr'><strong>putans</strong></span> <span class='ocrx_word' id='word_1_66' title='bbox 1294 967 1355 1007; x_wconf 90' lang='lat' dir='ltr'><strong>se</strong></span> <span class='ocrx_word' id='word_1_67' title='bbox 1401 952 1568 1007; x_wconf 90' lang='lat' dir='ltr'><strong>acciri</strong></span> <span class='ocrx_word' id='word_1_68' title='bbox 1599 952 1670 1011; x_wconf 80' lang='lat' dir='ltr'><strong>ad</strong></span> 
     </span>
    </p>
   </div>
   <div class='ocr_carea' id='block_1_10' title="bbox 111 1039 1664 1115">
    <p class='ocr_par' dir='ltr' id='par_1_10' title="bbox 111 1039 1664 1115">
     <span class='ocr_line' id='line_1_10' title="bbox 111 1039 1664 1115; baseline -0.003 -13"><span class='ocrx_word' id='word_1_69' title='bbox 111 1043 357 1115; x_wconf 77' lang='lat' dir='ltr'><strong>singulare</strong></span> <span class='ocrx_word' id='word_1_70' title='bbox 394 1050 696 1107; x_wconf 88' lang='lat' dir='ltr'><strong>certamen,</strong></span> <span class='ocrx_word' id='word_1_71' title='bbox 742 1039 811 1095; x_wconf 88' lang='lat' dir='ltr'><strong>ad</strong></span> <span class='ocrx_word' id='word_1_72' title='bbox 840 1039 1152 1094; x_wconf 88' lang='lat' dir='ltr'><strong>condictum</strong></span> <span class='ocrx_word' id='word_1_73' title='bbox 1203 1040 1357 1096; x_wconf 89' lang='lat' dir='ltr'><strong>solus</strong></span> <span class='ocrx_word' id='word_1_74' title='bbox 1398 1042 1664 1111; x_wconf 83' lang='lat' dir='ltr'><strong>pervenit.</strong></span> 
     </span>
    </p>
   </div>
   <div class='ocr_carea' id='block_1_11' title="bbox 109 1130 1668 1202">
    <p class='ocr_par' dir='ltr' id='par_1_11' title="bbox 109 1130 1668 1202">
     <span class='ocr_line' id='line_1_11' title="bbox 109 1130 1668 1202; baseline -0.001 -12"><span class='ocrx_word' id='word_1_75' title='bbox 109 1137 260 1202; x_wconf 82' lang='lat' dir='ltr'><strong>Quem</strong></span> <span class='ocrx_word' id='word_1_76' title='bbox 301 1132 610 1198; x_wconf 85' lang='lat' dir='ltr'><strong>Heinricus,</strong></span> <span class='ocrx_word' id='word_1_77' title='bbox 641 1139 704 1187; x_wconf 90' lang='lat' dir='ltr'><strong>ut</strong></span> <span class='ocrx_word' id='word_1_78' title='bbox 723 1139 843 1187; x_wconf 88' lang='lat' dir='ltr'><strong>erat</strong></span> <span class='ocrx_word' id='word_1_79' title='bbox 876 1130 1118 1201; x_wconf 87' lang='lat' dir='ltr'><strong>prudens</strong></span> <span class='ocrx_word' id='word_1_80' title='bbox 1158 1131 1346 1187; x_wconf 90' lang='lat' dir='ltr'><strong>animo</strong></span> <span class='ocrx_word' id='word_1_81' title='bbox 1383 1140 1440 1186; x_wconf 91' lang='lat' dir='ltr'><strong>et</strong></span> <span class='ocrx_word' id='word_1_82' title='bbox 1471 1141 1668 1202; x_wconf 86' lang='lat' dir='ltr'><strong>potens</strong></span> 
     </span>
    </p>
   </div>
   <div class='ocr_carea' id='block_1_12' title="bbox 109 1220 1668 1296">
    <p class='ocr_par' dir='ltr' id='par_1_12' title="bbox 109 1220 1668 1296">
     <span class='ocr_line' id='line_1_12' title="bbox 109 1220 1668 1296; baseline -0.003 -15"><span class='ocrx_word' id='word_1_83' title='bbox 109 1226 319 1296; x_wconf 89' lang='lat' dir='ltr'><strong>eloquio,</strong></span> <span class='ocrx_word' id='word_1_84' title='bbox 374 1223 629 1293; x_wconf 88' lang='lat' dir='ltr'><strong>prudenti</strong></span> <span class='ocrx_word' id='word_1_85' title='bbox 691 1235 945 1277; x_wconf 86' lang='lat' dir='ltr'><strong>sermone</strong></span> <span class='ocrx_word' id='word_1_86' title='bbox 985 1220 1320 1290; x_wconf 82' lang='lat' dir='ltr'><strong>alloquitur,</strong></span> <span class='ocrx_word' id='word_1_87' title='bbox 1376 1221 1668 1292; x_wconf 85' lang='lat' dir='ltr'><strong>increpans</strong></span> 
     </span>
    </p>
   </div>
   <div class='ocr_carea' id='block_1_13' title="bbox 107 1313 1668 1379">
    <p class='ocr_par' dir='ltr' id='par_1_13' title="bbox 107 1313 1668 1379">
     <span class='ocr_line' id='line_1_13' title="bbox 107 1313 1668 1379; baseline -0.003 -5"><span class='ocrx_word' id='word_1_88' title='bbox 107 1335 215 1374; x_wconf 85' lang='lat' dir='ltr'><strong>eum</strong></span> <span class='ocrx_word' id='word_1_89' title='bbox 247 1333 342 1373; x_wconf 91' lang='lat' dir='ltr'><strong>cur</strong></span> <span class='ocrx_word' id='word_1_90' title='bbox 379 1315 475 1371; x_wconf 86' lang='lat' dir='ltr'><strong>Dei</strong></span> <span class='ocrx_word' id='word_1_91' title='bbox 502 1314 837 1371; x_wconf 89' lang='lat' dir='ltr'><strong>ordinationi</strong></span> <span class='ocrx_word' id='word_1_92' title='bbox 859 1313 1160 1379; x_wconf 81' lang='lat' dir='ltr'><strong>resisteret,</strong></span> <span class='ocrx_word' id='word_1_93' title='bbox 1180 1329 1307 1369; x_wconf 91' lang='lat' dir='ltr'><strong>cum</strong></span> <span class='ocrx_word' id='word_1_94' title='bbox 1343 1330 1401 1370; x_wconf 90' lang='lat' dir='ltr'><strong>se</strong></span> <span class='ocrx_word' id='word_1_95' title='bbox 1423 1314 1493 1369; x_wconf 88' lang='lat' dir='ltr'><strong>ab</strong></span> <span class='ocrx_word' id='word_1_96' title='bbox 1517 1315 1668 1369; x_wconf 89' lang='lat' dir='ltr'><strong>onmi</strong></span> 
     </span>
    </p>
   </div>
   <div class='ocr_carea' id='block_1_14' title="bbox 107 1405 1670 1482">
    <p class='ocr_par' dir='ltr' id='par_1_14' title="bbox 107 1405 1670 1482">
     <span class='ocr_line' id='line_1_14' title="bbox 107 1405 1670 1482; baseline -0.002 -17"><span class='ocrx_word' id='word_1_97' title='bbox 107 1412 281 1482; x_wconf 91' lang='lat' dir='ltr'><strong>populo</strong></span> <span class='ocrx_word' id='word_1_98' title='bbox 307 1410 397 1441; x_wconf 76' lang='grc'><strong>¹²“</strong></span> <span class='ocrx_word' id='word_1_99' title='bbox 426 1408 662 1464; x_wconf 86' lang='lat' dir='ltr'><strong>electum</strong></span> <span class='ocrx_word' id='word_1_100' title='bbox 686 1407 872 1472; x_wconf 89' lang='lat' dir='ltr'><strong>sciret,</strong></span> <span class='ocrx_word' id='word_1_101' title='bbox 895 1407 1045 1476; x_wconf 88' lang='lat' dir='ltr'><strong>quod</strong></span> <span class='ocrx_word' id='word_1_102' title='bbox 1076 1406 1183 1462; x_wconf 88' lang='lat' dir='ltr'><strong>nisi</strong></span> <span class='ocrx_word' id='word_1_103' title='bbox 1212 1405 1324 1462; x_wconf 89' lang='lat' dir='ltr'><strong>Deo</strong></span> <span class='ocrx_word' id='word_1_104' title='bbox 1345 1407 1670 1477; x_wconf 86' lang='lat' dir='ltr'><strong>disponente</strong></span> 
     </span>
    </p>
   </div>
   <div class='ocr_carea' id='block_1_15' title="bbox 108 1496 1670 1568">
    <p class='ocr_par' dir='ltr' id='par_1_15' title="bbox 108 1496 1670 1568">
     <span class='ocr_line' id='line_1_15' title="bbox 108 1496 1670 1568; baseline -0.003 -12"><span class='ocrx_word' id='word_1_105' title='bbox 108 1516 199 1556; x_wconf 89' lang='lat' dir='ltr'><strong>non</strong></span> <span class='ocrx_word' id='word_1_106' title='bbox 218 1501 394 1565; x_wconf 82' lang='lat' dir='ltr'><strong>ﬁeret;</strong></span> <span class='ocrx_word' id='word_1_107' title='bbox 455 1498 734 1554; x_wconf 77' lang='lat' dir='ltr'><strong>aﬂirmans</strong></span> <span class='ocrx_word' id='word_1_108' title='bbox 783 1497 915 1568; x_wconf 89' lang='lat' dir='ltr'><strong>quia</strong></span> <span class='ocrx_word' id='word_1_109' title='bbox 947 1497 996 1551; x_wconf 93' lang='lat' dir='ltr'><strong>si</strong></span> <span class='ocrx_word' id='word_1_110' title='bbox 1036 1496 1272 1567; x_wconf 86' lang='lat' dir='ltr'><strong>populus</strong></span> <span class='ocrx_word' id='word_1_111' title='bbox 1316 1512 1474 1567; x_wconf 68' lang='lat' dir='ltr'><strong>mque</strong></span> <span class='ocrx_word' id='word_1_112' title='bbox 1515 1497 1670 1551; x_wconf 90' lang='lat' dir='ltr'><strong>illum</strong></span> 
     </span>
    </p>
   </div>
   <div class='ocr_carea' id='block_1_16' title="bbox 105 1587 1671 1661">
    <p class='ocr_par' dir='ltr' id='par_1_16' title="bbox 105 1587 1671 1661">
     <span class='ocr_line' id='line_1_16' title="bbox 105 1587 1671 1661; baseline -0.004 -11"><span class='ocrx_word' id='word_1_113' title='bbox 105 1592 443 1650; x_wconf 88' lang='lat' dir='ltr'><strong>communiter</strong></span> <span class='ocrx_word' id='word_1_114' title='bbox 485 1590 712 1661; x_wconf 89' lang='lat' dir='ltr'><strong>eligeret</strong></span> <span class='ocrx_word' id='word_1_115' title='bbox 758 1604 818 1644; x_wconf 91' lang='lat' dir='ltr'><strong>se</strong></span> <span class='ocrx_word' id='word_1_116' title='bbox 875 1588 1014 1657; x_wconf 88' lang='lat' dir='ltr'><strong>fore,</strong></span> <span class='ocrx_word' id='word_1_117' title='bbox 1064 1588 1159 1658; x_wconf 91' lang='lat' dir='ltr'><strong>qui</strong></span> <span class='ocrx_word' id='word_1_118' title='bbox 1207 1587 1421 1657; x_wconf 90' lang='lat' dir='ltr'><strong>primus</strong></span> <span class='ocrx_word' id='word_1_119' title='bbox 1460 1588 1514 1642; x_wconf 91' lang='lat' dir='ltr'><strong>in</strong></span> <span class='ocrx_word' id='word_1_120' title='bbox 1550 1588 1671 1658; x_wconf 86' lang='lat' dir='ltr'><strong>ejus</strong></span> 
     </span>
    </p>
   </div>
   <div class='ocr_carea' id='block_1_17' title="bbox 102 1679 1668 1751">
    <p class='ocr_par' dir='ltr' id='par_1_17' title="bbox 102 1679 1668 1751">
     <span class='ocr_line' id='line_1_17' title="bbox 102 1679 1668 1751; baseline -0.004 -10"><span class='ocrx_word' id='word_1_121' title='bbox 102 1685 340 1741; x_wconf 86' lang='lat' dir='ltr'><strong>electione</strong></span> <span class='ocrx_word' id='word_1_122' title='bbox 370 1683 734 1747; x_wconf 87' lang='lat' dir='ltr'><strong>acclamaret;</strong></span> <span class='ocrx_word' id='word_1_123' title='bbox 766 1680 957 1751; x_wconf 88' lang='lat' dir='ltr'><strong>sicque</strong></span> <span class='ocrx_word' id='word_1_124' title='bbox 976 1681 1204 1750; x_wconf 84' lang='lat' dir='ltr'><strong>copioso</strong></span> <span class='ocrx_word' id='word_1_125' title='bbox 1224 1679 1440 1735; x_wconf 86' lang='lat' dir='ltr'><strong>dicendi</strong></span> <span class='ocrx_word' id='word_1_126' title='bbox 1469 1694 1668 1751; x_wconf 80' lang='lat' dir='ltr'><strong>genere</strong></span> 
     </span>
    </p>
   </div>
   <div class='ocr_carea' id='block_1_18' title="bbox 1767 486 3353 557">
    <p class='ocr_par' dir='ltr' id='par_1_18' title="bbox 1767 486 3353 557">
     <span class='ocr_line' id='line_1_18' title="bbox 1767 486 3353 557; baseline -0.001 -14"><span class='ocrx_word' id='word_1_127' title='bbox 1767 487 1964 544; x_wconf 82' lang='lat' dir='ltr'><strong>divisio</strong></span> <span class='ocrx_word' id='word_1_128' title='bbox 2040 489 2184 544; x_wconf 90' lang='lat' dir='ltr'><strong>inter</strong></span> <span class='ocrx_word' id='word_1_129' title='bbox 2229 503 2327 544; x_wconf 88' lang='lat' dir='ltr'><strong>eos</strong></span> <span class='ocrx_word' id='word_1_130' title='bbox 2377 486 2521 543; x_wconf 85' lang='lat' dir='ltr'><strong>facta</strong></span> <span class='ocrx_word' id='word_1_131' title='bbox 2589 487 2977 542; x_wconf 63' lang='lat' dir='ltr'><strong>inviolabiliter</strong></span> <span class='ocrx_word' id='word_1_132' title='bbox 3029 487 3353 557; x_wconf 85' lang='lat' dir='ltr'><strong>permansit,</strong></span> 
     </span>
    </p>
   </div>
   <div class='ocr_carea' id='block_1_19' title="bbox 1767 578 3361 649">
    <p class='ocr_par' dir='ltr' id='par_1_19' title="bbox 1767 578 3361 649">
     <span class='ocr_line' id='line_1_19' title="bbox 1767 578 3361 649; baseline 0.001 -18"><span class='ocrx_word' id='word_1_133' title='bbox 1767 594 2055 649; x_wconf 89' lang='lat' dir='ltr'><strong>quousque</strong></span> <span class='ocrx_word' id='word_1_134' title='bbox 2071 579 2196 649; x_wconf 90' lang='lat' dir='ltr'><strong>jure</strong></span> <span class='ocrx_word' id='word_1_135' title='bbox 2215 579 2545 635; x_wconf 85' lang='lat' dir='ltr'><strong>hereditario</strong></span> <span class='ocrx_word' id='word_1_136' title='bbox 2567 580 2682 634; x_wconf 74' lang='lat' dir='ltr'><strong>haec</strong></span> <span class='ocrx_word' id='word_1_137' title='bbox 2705 594 2871 649; x_wconf 88' lang='lat' dir='ltr'><strong>regna</strong></span> <span class='ocrx_word' id='word_1_138' title='bbox 2893 578 3081 633; x_wconf 86' lang='lat' dir='ltr'><strong>omnia</strong></span> <span class='ocrx_word' id='word_1_139' title='bbox 3100 578 3361 635; x_wconf 88' lang='lat' dir='ltr'><strong>cederent</strong></span> 
     </span>
    </p>
   </div>
   <div class='ocr_carea' id='block_1_20' title="bbox 1768 669 3356 743">
    <p class='ocr_par' dir='ltr' id='par_1_20' title="bbox 1768 669 3356 743">
     <span class='ocr_line' id='line_1_20' title="bbox 1768 669 3356 743; baseline 0.001 -19"><span class='ocrx_word' id='word_1_140' title='bbox 1768 669 1989 737; x_wconf 82' lang='lat' dir='ltr'><strong>Karolo,</strong></span> <span class='ocrx_word' id='word_1_141' title='bbox 2014 669 2289 726; x_wconf 83' lang='lat' dir='ltr'><strong>Ludewiei</strong></span> <span class='ocrx_word' id='word_1_142' title='bbox 2324 670 2459 738; x_wconf 83' lang='lat' dir='ltr'><strong>lilio,</strong></span> <span class='ocrx_word' id='word_1_143' title='bbox 2490 670 2725 742; x_wconf 89' lang='lat' dir='ltr'><strong>quierat</strong></span> <span class='ocrx_word' id='word_1_144' title='bbox 2755 671 2902 727; x_wconf 80' lang='lat' dir='ltr'><strong>[ilius</strong></span> <span class='ocrx_word' id='word_1_145' title='bbox 2937 670 3121 726; x_wconf 84' lang='lat' dir='ltr'><strong>Karoli</strong></span> <span class='ocrx_word' id='word_1_146' title='bbox 3149 685 3356 743; x_wconf 87' lang='lat' dir='ltr'><strong>cogno-</strong></span> 
     </span>
    </p>
   </div>
   <div class='ocr_carea' id='block_1_21' title="bbox 1770 761 3355 835">
    <p class='ocr_par' dir='ltr' id='par_1_21' title="bbox 1770 761 3355 835">
     <span class='ocr_line' id='line_1_21' title="bbox 1770 761 3355 835; baseline 0.001 -17"><span class='ocrx_word' id='word_1_147' title='bbox 1770 773 1954 819; x_wconf 88' lang='lat' dir='ltr'><strong>mento</strong></span> <span class='ocrx_word' id='word_1_148' title='bbox 1978 761 2151 818; x_wconf 88' lang='lat' dir='ltr'><strong>Calvi.</strong></span> <span class='ocrx_word' id='word_1_149' title='bbox 2184 764 2265 818; x_wconf 85' lang='lat' dir='ltr'><strong>Ad</strong></span> <span class='ocrx_word' id='word_1_150' title='bbox 2289 764 2438 819; x_wconf 92' lang='lat' dir='ltr'><strong>hunc</strong></span> <span class='ocrx_word' id='word_1_151' title='bbox 2466 763 2650 835; x_wconf 86' lang='lat' dir='ltr'><strong>itaque</strong></span> <span class='ocrx_word' id='word_1_152' title='bbox 2671 762 2954 830; x_wconf 79' lang='lat' dir='ltr'><strong>Karolum,</strong></span> <span class='ocrx_word' id='word_1_153' title='bbox 2990 763 3080 819; x_wconf 91' lang='lat' dir='ltr'><strong>cui</strong></span> <span class='ocrx_word' id='word_1_154' title='bbox 3111 763 3355 820; x_wconf 75' lang='lat' dir='ltr'><strong>diximus</strong></span> 
     </span>
    </p>
   </div>
   <div class='ocr_carea' id='block_1_22' title="bbox 1768 854 3358 925">
    <p class='ocr_par' dir='ltr' id='par_1_22' title="bbox 1768 854 3358 925">
     <span class='ocr_line' id='line_1_22' title="bbox 1768 854 3358 925; baseline 0 -16"><span class='ocrx_word' id='word_1_155' title='bbox 1768 869 1936 924; x_wconf 86' lang='lat' dir='ltr'><strong>regna</strong></span> <span class='ocrx_word' id='word_1_156' title='bbox 1973 854 2209 910; x_wconf 90' lang='lat' dir='ltr'><strong>cessisse</strong></span> <span class='ocrx_word' id='word_1_157' title='bbox 2237 869 2334 925; x_wconf 89' lang='lat' dir='ltr'><strong>per</strong></span> <span class='ocrx_word' id='word_1_158' title='bbox 2360 854 2738 922; x_wconf 86' lang='lat' dir='ltr'><strong>hereditatem,</strong></span> <span class='ocrx_word' id='word_1_159' title='bbox 2768 854 2992 925; x_wconf 90' lang='lat' dir='ltr'><strong>quidam</strong></span> <span class='ocrx_word' id='word_1_160' title='bbox 3019 854 3104 910; x_wconf 88' lang='lat' dir='ltr'><strong>vir</strong></span> <span class='ocrx_word' id='word_1_161' title='bbox 3135 854 3358 910; x_wconf 90' lang='lat' dir='ltr'><strong>nomine</strong></span> 
     </span>
    </p>
   </div>
   <div class='ocr_carea' id='block_1_23' title="bbox 1769 943 3346 1013">
    <p class='ocr_par' dir='ltr' id='par_1_23' title="bbox 1769 943 3346 1013">
     <span class='ocr_line' id='line_1_23' title="bbox 1769 943 3346 1013; baseline -0.001 -12"><span class='ocrx_word' id='word_1_162' title='bbox 1769 943 1913 1001; x_wconf 86' lang='lat' dir='ltr'><strong>Outo</strong></span> <span class='ocrx_word' id='word_1_163' title='bbox 1936 961 2005 1001; x_wconf 93' lang='lat' dir='ltr'><strong>ex</strong></span> <span class='ocrx_word' id='word_1_164' title='bbox 2039 945 2399 1001; x_wconf 84' lang='lat' dir='ltr'><strong>orientalibus</strong></span> <span class='ocrx_word' id='word_1_165' title='bbox 2426 945 2657 1003; x_wconf 82' lang='lat' dir='ltr'><strong>Francis</strong></span> <span class='ocrx_word' id='word_1_166' title='bbox 2684 946 2853 1013; x_wconf 89' lang='lat' dir='ltr'><strong>venit,</strong></span> <span class='ocrx_word' id='word_1_167' title='bbox 2884 954 2939 1001; x_wconf 91' lang='lat' dir='ltr'><strong>et</strong></span> <span class='ocrx_word' id='word_1_168' title='bbox 2964 946 3034 1001; x_wconf 90' lang='lat' dir='ltr'><strong>ab</strong></span> <span class='ocrx_word' id='word_1_169' title='bbox 3061 960 3129 1000; x_wconf 92' lang='lat' dir='ltr'><strong>eo</strong></span> <span class='ocrx_word' id='word_1_170' title='bbox 3164 961 3346 1001; x_wconf 88' lang='lat' dir='ltr'><strong>susce-</strong></span> 
     </span>
    </p>
   </div>
   <div class='ocr_carea' id='block_1_24' title="bbox 1768 1037 3360 1110">
    <p class='ocr_par' dir='ltr' id='par_1_24' title="bbox 1768 1037 3360 1110">
     <span class='ocr_line' id='line_1_24' title="bbox 1768 1037 3360 1110; baseline -0.002 -17"><span class='ocrx_word' id='word_1_171' title='bbox 1768 1047 1916 1109; x_wconf 91' lang='lat' dir='ltr'><strong>ptus,</strong></span> <span class='ocrx_word' id='word_1_172' title='bbox 1946 1055 2072 1095; x_wconf 91' lang='lat' dir='ltr'><strong>cum</strong></span> <span class='ocrx_word' id='word_1_173' title='bbox 2102 1048 2247 1094; x_wconf 88' lang='lat' dir='ltr'><strong>esset</strong></span> <span class='ocrx_word' id='word_1_174' title='bbox 2279 1039 2365 1093; x_wconf 85' lang='lat' dir='ltr'><strong>vir</strong></span> <span class='ocrx_word' id='word_1_175' title='bbox 2409 1037 2569 1094; x_wconf 90' lang='lat' dir='ltr'><strong>fortis</strong></span> <span class='ocrx_word' id='word_1_176' title='bbox 2603 1048 2658 1095; x_wconf 90' lang='lat' dir='ltr'><strong>et</strong></span> <span class='ocrx_word' id='word_1_177' title='bbox 2688 1039 2946 1109; x_wconf 87' lang='lat' dir='ltr'><strong>prudens,</strong></span> <span class='ocrx_word' id='word_1_178' title='bbox 2986 1038 3100 1110; x_wconf 88' lang='lat' dir='ltr'><strong>egit</strong></span> <span class='ocrx_word' id='word_1_179' title='bbox 3123 1037 3360 1094; x_wconf 90' lang='lat' dir='ltr'><strong>consilio</strong></span> 
     </span>
    </p>
   </div>
   <div class='ocr_carea' id='block_1_25' title="bbox 1769 1128 3359 1201">
    <p class='ocr_par' dir='ltr' id='par_1_25' title="bbox 1769 1128 3359 1201">
     <span class='ocr_line' id='line_1_25' title="bbox 1769 1128 3359 1201; baseline -0.002 -16"><span class='ocrx_word' id='word_1_180' title='bbox 1769 1146 1891 1197; x_wconf 93' lang='lat' dir='ltr'><strong>suo,</strong></span> <span class='ocrx_word' id='word_1_181' title='bbox 1924 1140 1987 1186; x_wconf 91' lang='lat' dir='ltr'><strong>ut</strong></span> <span class='ocrx_word' id='word_1_182' title='bbox 2011 1147 2137 1186; x_wconf 91' lang='lat' dir='ltr'><strong>cum</strong></span> <span class='ocrx_word' id='word_1_183' title='bbox 2160 1129 2328 1187; x_wconf 89' lang='lat' dir='ltr'><strong>Danis</strong></span> <span class='ocrx_word' id='word_1_184' title='bbox 2356 1140 2715 1201; x_wconf 83' lang='lat' dir='ltr'><strong>pugnaretur,</strong></span> <span class='ocrx_word' id='word_1_185' title='bbox 2739 1131 2833 1201; x_wconf 93' lang='lat' dir='ltr'><strong>qui</strong></span> <span class='ocrx_word' id='word_1_186' title='bbox 2850 1131 2964 1201; x_wconf 90' lang='lat' dir='ltr'><strong>jam</strong></span> <span class='ocrx_word' id='word_1_187' title='bbox 2985 1128 3174 1185; x_wconf 87' lang='lat' dir='ltr'><strong>muitis</strong></span> <span class='ocrx_word' id='word_1_188' title='bbox 3195 1128 3359 1183; x_wconf 88' lang='lat' dir='ltr'><strong>annis</strong></span> 
     </span>
    </p>
   </div>
   <div class='ocr_carea' id='block_1_26' title="bbox 1770 1220 3358 1293">
    <p class='ocr_par' dir='ltr' id='par_1_26' title="bbox 1770 1220 3358 1293">
     <span class='ocr_line' id='line_1_26' title="bbox 1770 1220 3358 1293; baseline 0 -18"><span class='ocrx_word' id='word_1_189' title='bbox 1770 1220 2015 1276; x_wconf 86' lang='lat' dir='ltr'><strong>Lotharii</strong></span> <span class='ocrx_word' id='word_1_190' title='bbox 2038 1238 2267 1293; x_wconf 81' lang='lat' dir='ltr'><strong>regnum</strong></span> <span class='ocrx_word' id='word_1_191' title='bbox 2296 1223 2585 1277; x_wconf 81' lang='lat' dir='ltr'><strong>vexabant.</strong></span> <span class='ocrx_word' id='word_1_192' title='bbox 2601 1223 2850 1292; x_wconf 83' lang='lat' dir='ltr'><strong>Cumque</strong></span> <span class='ocrx_word' id='word_1_193' title='bbox 2871 1230 3208 1293; x_wconf 85' lang='lat' dir='ltr'><strong>pugnaretur</strong></span> <span class='ocrx_word' id='word_1_194' title='bbox 3229 1236 3358 1276; x_wconf 89' lang='lat' dir='ltr'><strong>cum</strong></span> 
     </span>
    </p>
   </div>
   <div class='ocr_carea' id='block_1_27' title="bbox 1769 1312 3361 1377">
    <p class='ocr_par' dir='ltr' id='par_1_27' title="bbox 1769 1312 3361 1377">
     <span class='ocr_line' id='line_1_27' title="bbox 1769 1312 3361 1377; baseline 0 -10"><span class='ocrx_word' id='word_1_195' title='bbox 1769 1312 1872 1377; x_wconf 90' lang='lat' dir='ltr'><strong>eis,</strong></span> <span class='ocrx_word' id='word_1_196' title='bbox 1906 1328 2014 1366; x_wconf 87' lang='lat' dir='ltr'><strong>una</strong></span> <span class='ocrx_word' id='word_1_197' title='bbox 2060 1312 2149 1368; x_wconf 90' lang='lat' dir='ltr'><strong>die</strong></span> <span class='ocrx_word' id='word_1_198' title='bbox 2183 1328 2251 1367; x_wconf 87' lang='lat' dir='ltr'><strong>ex</strong></span> <span class='ocrx_word' id='word_1_199' title='bbox 2302 1312 2384 1367; x_wconf 91' lang='lat' dir='ltr'><strong>eis</strong></span> <span class='ocrx_word' id='word_1_200' title='bbox 2415 1321 2635 1369; x_wconf 89' lang='lat' dir='ltr'><strong>centum</strong></span> <span class='ocrx_word' id='word_1_201' title='bbox 2685 1314 2834 1368; x_wconf 79' lang='lat' dir='ltr'><strong>milia</strong></span> <span class='ocrx_word' id='word_1_202' title='bbox 2872 1329 3012 1369; x_wconf 80' lang='lat' dir='ltr'><strong>caesa</strong></span> <span class='ocrx_word' id='word_1_203' title='bbox 3046 1312 3361 1368; x_wconf 77' lang='lat' dir='ltr'><strong>referuntur</strong></span> 
     </span>
    </p>
   </div>
   <div class='ocr_carea' id='block_1_28' title="bbox 1772 1400 3359 1474">
    <p class='ocr_par' dir='ltr' id='par_1_28' title="bbox 1772 1400 3359 1474">
     <span class='ocr_line' id='line_1_28' title="bbox 1772 1400 3359 1474; baseline 0.001 -18"><span class='ocrx_word' id='word_1_204' title='bbox 1772 1402 1942 1473; x_wconf 79' lang='lat' dir='ltr'><strong>(Win.</strong></span> <span class='ocrx_word' id='word_1_205' title='bbox 1968 1402 2006 1456; x_wconf 81' lang='grc' dir='ltr'><strong>ι.</strong></span> <span class='ocrx_word' id='word_1_206' title='bbox 2038 1401 2102 1472; x_wconf 86' lang='grc' dir='ltr'><strong>Ι).</strong></span> <span class='ocrx_word' id='word_1_207' title='bbox 2134 1400 2215 1456; x_wconf 87' lang='lat' dir='ltr'><strong>Ex</strong></span> <span class='ocrx_word' id='word_1_208' title='bbox 2238 1402 2344 1458; x_wconf 88' lang='lat' dir='ltr'><strong>hoc</strong></span> <span class='ocrx_word' id='word_1_209' title='bbox 2369 1402 2458 1457; x_wconf 89' lang='lat' dir='ltr'><strong>ille</strong></span> <span class='ocrx_word' id='word_1_210' title='bbox 2482 1401 2626 1459; x_wconf 90' lang='lat' dir='ltr'><strong>Outo</strong></span> <span class='ocrx_word' id='word_1_211' title='bbox 2645 1404 2827 1459; x_wconf 88' lang='lat' dir='ltr'><strong>clarus</strong></span> <span class='ocrx_word' id='word_1_212' title='bbox 2855 1413 2910 1458; x_wconf 91' lang='lat' dir='ltr'><strong>ct</strong></span> <span class='ocrx_word' id='word_1_213' title='bbox 2933 1404 3163 1474; x_wconf 78' lang='lat' dir='ltr'><strong>insignis</strong></span> <span class='ocrx_word' id='word_1_214' title='bbox 3190 1404 3359 1458; x_wconf 88' lang='lat' dir='ltr'><strong>habe—</strong></span> 
     </span>
    </p>
   </div>
   <div class='ocr_carea' id='block_1_29' title="bbox 1771 1493 3359 1563">
    <p class='ocr_par' dir='ltr' id='par_1_29' title="bbox 1771 1493 3359 1563">
     <span class='ocr_line' id='line_1_29' title="bbox 1771 1493 3359 1563; baseline -0.001 -16"><span class='ocrx_word' id='word_1_215' title='bbox 1771 1493 2006 1547; x_wconf 84' lang='lat' dir='ltr'><strong>baturet</strong></span> <span class='ocrx_word' id='word_1_216' title='bbox 2032 1508 2064 1547; x_wconf 89' lang='lat' dir='ltr'><strong>a</strong></span> <span class='ocrx_word' id='word_1_217' title='bbox 2089 1507 2215 1563; x_wconf 86' lang='lat' dir='ltr'><strong>rege</strong></span> <span class='ocrx_word' id='word_1_218' title='bbox 2240 1494 2535 1559; x_wconf 88' lang='lat' dir='ltr'><strong>secundus,</strong></span> <span class='ocrx_word' id='word_1_219' title='bbox 2579 1508 2705 1548; x_wconf 82' lang='lat' dir='ltr'><strong>cum</strong></span> <span class='ocrx_word' id='word_1_220' title='bbox 2741 1494 2805 1548; x_wconf 81' lang='lat' dir='ltr'><strong>al</strong></span> <span class='ocrx_word' id='word_1_221' title='bbox 2836 1509 2963 1547; x_wconf 86' lang='lat' dir='ltr'><strong>cum</strong></span> <span class='ocrx_word' id='word_1_222' title='bbox 3001 1493 3212 1548; x_wconf 89' lang='lat' dir='ltr'><strong>veniret</strong></span> <span class='ocrx_word' id='word_1_223' title='bbox 3246 1502 3359 1547; x_wconf 82' lang='lat' dir='ltr'><strong>uno</strong></span> 
     </span>
    </p>
   </div>
   <div class='ocr_carea' id='block_1_30' title="bbox 1770 1583 3360 1641">
    <p class='ocr_par' dir='ltr' id='par_1_30' title="bbox 1770 1583 3360 1641">
     <span class='ocr_line' id='line_1_30' title="bbox 1770 1583 3360 1641; baseline -0.002 -1"><span class='ocrx_word' id='word_1_224' title='bbox 1770 1593 1982 1640; x_wconf 86' lang='lat' dir='ltr'><strong>tantum</strong></span> <span class='ocrx_word' id='word_1_225' title='bbox 2018 1585 2237 1640; x_wconf 83' lang='lat' dir='ltr'><strong>servulo</strong></span> <span class='ocrx_word' id='word_1_226' title='bbox 2285 1586 2484 1641; x_wconf 87' lang='lat' dir='ltr'><strong>comite</strong></span> <span class='ocrx_word' id='word_1_227' title='bbox 2530 1593 2841 1641; x_wconf 84' lang='lat' dir='ltr'><strong>contentus.</strong></span> <span class='ocrx_word' id='word_1_228' title='bbox 2891 1583 3129 1639; x_wconf 79' lang='lat' dir='ltr'><strong>Moriens</strong></span> <span class='ocrx_word' id='word_1_229' title='bbox 3176 1593 3360 1638; x_wconf 87' lang='lat' dir='ltr'><strong>autem</strong></span> 
     </span>
    </p>
   </div>
   <div class='ocr_carea' id='block_1_31' title="bbox 1772 1674 3360 1745">
    <p class='ocr_par' dir='ltr' id='par_1_31' title="bbox 1772 1674 3360 1745">
     <span class='ocr_line' id='line_1_31' title="bbox 1772 1674 3360 1745; baseline 0.001 -15"><span class='ocrx_word' id='word_1_230' title='bbox 1772 1675 2006 1731; x_wconf 79' lang='lat' dir='ltr'><strong>Karolus</strong></span> <span class='ocrx_word' id='word_1_231' title='bbox 2049 1676 2263 1745; x_wconf 82' lang='lat' dir='ltr'><strong>rogavit</strong></span> <span class='ocrx_word' id='word_1_232' title='bbox 2306 1674 2576 1731; x_wconf 89' lang='lat' dir='ltr'><strong>Outonem</strong></span> <span class='ocrx_word' id='word_1_233' title='bbox 2621 1675 2872 1731; x_wconf 82' lang='lat' dir='ltr'><strong>beneficii</strong></span> <span class='ocrx_word' id='word_1_234' title='bbox 2929 1676 3015 1730; x_wconf 87' lang='lat' dir='ltr'><strong>sui</strong></span> <span class='ocrx_word' id='word_1_235' title='bbox 3059 1691 3360 1732; x_wconf 74' lang='lat' dir='ltr'><strong>memetem</strong></span> 
     </span>
    </p>
   </div>
   <div class='ocr_carea' id='block_1_32' title="bbox 102 1749 3359 1845">
    <p class='ocr_par' dir='ltr' id='par_1_32' title="bbox 102 1749 3359 1845">
     <span class='ocr_line' id='line_1_32' title="bbox 102 1749 3359 1845; baseline -0.002 -14"><span class='ocrx_word' id='word_1_236' title='bbox 102 1778 318 1831; x_wconf 88' lang='lat' dir='ltr'><strong>animum</strong></span> <span class='ocrx_word' id='word_1_237' title='bbox 357 1776 483 1845; x_wconf 87' lang='lat' dir='ltr'><strong>ejus</strong></span> <span class='ocrx_word' id='word_1_238' title='bbox 523 1749 884 1839; x_wconf 38' lang='lat' dir='ltr'><strong>demulccns;</strong></span> <span class='ocrx_word' id='word_1_239' title='bbox 917 1772 986 1827; x_wconf 91' lang='lat' dir='ltr'><strong>ad</strong></span> <span class='ocrx_word' id='word_1_240' title='bbox 1021 1749 1154 1827; x_wconf 86' lang='lat' dir='ltr'><strong>suos</strong></span> <span class='ocrx_word' id='word_1_241' title='bbox 1188 1771 1371 1827; x_wconf 89' lang='lat' dir='ltr'><strong>rediit.</strong></span> <span class='ocrx_word' id='word_1_242' title='bbox 1403 1749 1665 1827; x_wconf 82' lang='lat' dir='ltr'><strong>Arnolfus</strong></span> <span class='ocrx_word' id='word_1_243' title='bbox 1698 1749 1740 1809; x_wconf 73' lang='grc' dir='ltr'><strong><em>Β</em></strong></span> <span class='ocrx_word' id='word_1_244' title='bbox 1768 1768 1905 1837; x_wconf 82' lang='lat' dir='ltr'><strong>fore,</strong></span> <span class='ocrx_word' id='word_1_245' title='bbox 1930 1776 1992 1823; x_wconf 92' lang='lat' dir='ltr'><strong>ut</strong></span> <span class='ocrx_word' id='word_1_246' title='bbox 2019 1768 2454 1825; x_wconf 89' lang='lat' dir='ltr'><strong>misericordiam</strong></span> <span class='ocrx_word' id='word_1_247' title='bbox 2496 1770 2601 1825; x_wconf 84' lang='lat' dir='ltr'><strong>sibi</strong></span> <span class='ocrx_word' id='word_1_248' title='bbox 2631 1786 2661 1823; x_wconf 92' lang='lat' dir='ltr'><strong>a</strong></span> <span class='ocrx_word' id='word_1_249' title='bbox 2687 1785 2746 1823; x_wconf 90' lang='lat' dir='ltr'><strong>se</strong></span> <span class='ocrx_word' id='word_1_250' title='bbox 2777 1769 3059 1839; x_wconf 83' lang='lat' dir='ltr'><strong>prcstitam</strong></span> <span class='ocrx_word' id='word_1_251' title='bbox 3098 1769 3212 1824; x_wconf 86' lang='lat' dir='ltr'><strong>lilio</strong></span> <span class='ocrx_word' id='word_1_252' title='bbox 3235 1786 3359 1835; x_wconf 89' lang='lat' dir='ltr'><strong>suo,</strong></span> 
     </span>
    </p>
   </div>
   <div class='ocr_carea' id='block_1_33' title="bbox 101 1861 1666 1940">
    <p class='ocr_par' dir='ltr' id='par_1_33' title="bbox 101 1861 1666 1940">
     <span class='ocr_line' id='line_1_33' title="bbox 101 1861 1666 1940; baseline -0.002 -18"><span class='ocrx_word' id='word_1_253' title='bbox 101 1882 295 1939; x_wconf 89' lang='lat' dir='ltr'><strong>quoque</strong></span> <span class='ocrx_word' id='word_1_254' title='bbox 328 1866 548 1921; x_wconf 88' lang='lat' dir='ltr'><strong>rediens</strong></span> <span class='ocrx_word' id='word_1_255' title='bbox 582 1865 651 1919; x_wconf 88' lang='lat' dir='ltr'><strong>ad</strong></span> <span class='ocrx_word' id='word_1_256' title='bbox 703 1880 834 1920; x_wconf 86' lang='lat' dir='ltr'><strong>suos</strong></span> <span class='ocrx_word' id='word_1_257' title='bbox 874 1863 1138 1940; x_wconf 82' lang='lat' dir='ltr'><strong>indicavit</strong></span> <span class='ocrx_word' id='word_1_258' title='bbox 1170 1863 1253 1920; x_wconf 88' lang='lat' dir='ltr'><strong>eis</strong></span> <span class='ocrx_word' id='word_1_259' title='bbox 1276 1861 1515 1920; x_wconf 90' lang='lat' dir='ltr'><strong>Heinrici</strong></span> <span class='ocrx_word' id='word_1_260' title='bbox 1546 1879 1666 1920; x_wconf 87' lang='lat' dir='ltr'><strong>ser-</strong></span> 
     </span>
    </p>
   </div>
   <div class='ocr_carea' id='block_1_34' title="bbox 102 1956 1668 2027">
    <p class='ocr_par' dir='ltr' id='par_1_34' title="bbox 102 1956 1668 2027">
     <span class='ocr_line' id='line_1_34' title="bbox 102 1956 1668 2027; baseline -0.001 -13"><span class='ocrx_word' id='word_1_261' title='bbox 102 1975 287 2015; x_wconf 83' lang='lat' dir='ltr'><strong>mones.</strong></span> <span class='ocrx_word' id='word_1_262' title='bbox 312 1957 419 2026; x_wconf 85' lang='lat' dir='ltr'><strong>Qui</strong></span> <span class='ocrx_word' id='word_1_263' title='bbox 449 1956 711 2013; x_wconf 91' lang='lat' dir='ltr'><strong>dixerunt</strong></span> <span class='ocrx_word' id='word_1_264' title='bbox 749 1972 940 2011; x_wconf 90' lang='lat' dir='ltr'><strong>verum</strong></span> <span class='ocrx_word' id='word_1_265' title='bbox 974 1972 1098 2012; x_wconf 90' lang='lat' dir='ltr'><strong>esse</strong></span> <span class='ocrx_word' id='word_1_266' title='bbox 1126 1956 1273 2027; x_wconf 88' lang='lat' dir='ltr'><strong>quod</strong></span> <span class='ocrx_word' id='word_1_267' title='bbox 1304 1957 1559 2012; x_wconf 89' lang='lat' dir='ltr'><strong>audirent</strong></span> <span class='ocrx_word' id='word_1_268' title='bbox 1578 1973 1668 2013; x_wconf 82' lang='lat' dir='ltr'><strong>sa-</strong></span> 
     </span>
    </p>
   </div>
   <div class='ocr_carea' id='block_1_35' title="bbox 102 2047 1668 2121">
    <p class='ocr_par' dir='ltr' id='par_1_35' title="bbox 102 2047 1668 2121">
     <span class='ocr_line' id='line_1_35' title="bbox 102 2047 1668 2121; baseline 0.001 -17"><span class='ocrx_word' id='word_1_269' title='bbox 102 2049 334 2121; x_wconf 89' lang='lat' dir='ltr'><strong>pientiam</strong></span> <span class='ocrx_word' id='word_1_270' title='bbox 356 2065 455 2120; x_wconf 89' lang='lat' dir='ltr'><strong>per</strong></span> <span class='ocrx_word' id='word_1_271' title='bbox 480 2047 830 2104; x_wconf 89' lang='lat' dir='ltr'><strong>Salomonem</strong></span> <span class='ocrx_word' id='word_1_272' title='bbox 861 2049 1089 2115; x_wconf 75' lang='lat' dir='ltr'><strong>dixisse,</strong></span> <span class='ocrx_word' id='word_1_273' title='bbox 1121 2064 1217 2118; x_wconf 88' lang='lat' dir='ltr'><strong>per</strong></span> <span class='ocrx_word' id='word_1_274' title='bbox 1253 2049 1430 2120; x_wconf 90' lang='lat' dir='ltr'><strong>ipsam</strong></span> <span class='ocrx_word' id='word_1_275' title='bbox 1458 2050 1668 2108; x_wconf 83' lang='lat' dir='ltr'><strong>scilicet</strong></span> 
     </span>
    </p>
   </div>
   <div class='ocr_carea' id='block_1_36' title="bbox 102 2140 1661 2212">
    <p class='ocr_par' dir='ltr' id='par_1_36' title="bbox 102 2140 1661 2212">
     <span class='ocr_line' id='line_1_36' title="bbox 102 2140 1661 2212; baseline 0 -15"><span class='ocrx_word' id='word_1_276' title='bbox 102 2156 234 2212; x_wconf 83' lang='lat' dir='ltr'><strong>reges</strong></span> <span class='ocrx_word' id='word_1_277' title='bbox 266 2155 498 2212; x_wconf 88' lang='lat' dir='ltr'><strong>regnare</strong></span> <span class='ocrx_word' id='word_1_278' title='bbox 543 2148 599 2195; x_wconf 87' lang='lat' dir='ltr'><strong>et</strong></span> <span class='ocrx_word' id='word_1_279' title='bbox 643 2140 940 2210; x_wconf 86' lang='lat' dir='ltr'><strong>prudentes</strong></span> <span class='ocrx_word' id='word_1_280' title='bbox 990 2140 1270 2211; x_wconf 90' lang='lat' dir='ltr'><strong>justiciam</strong></span> <span class='ocrx_word' id='word_1_281' title='bbox 1318 2142 1661 2210; x_wconf 88' lang='lat' dir='ltr'><strong>discernere;</strong></span> 
     </span>
    </p>
   </div>
   <div class='ocr_carea' id='block_1_37' title="bbox 103 2231 1663 2304">
    <p class='ocr_par' dir='ltr' id='par_1_37' title="bbox 103 2231 1663 2304">
     <span class='ocr_line' id='line_1_37' title="bbox 103 2231 1663 2304; baseline 0.001 -18"><span class='ocrx_word' id='word_1_282' title='bbox 103 2247 257 2304; x_wconf 89' lang='lat' dir='ltr'><strong>neque</strong></span> <span class='ocrx_word' id='word_1_283' title='bbox 291 2232 440 2287; x_wconf 88' lang='lat' dir='ltr'><strong>enim</strong></span> <span class='ocrx_word' id='word_1_284' title='bbox 484 2232 539 2286; x_wconf 90' lang='lat' dir='ltr'><strong>in</strong></span> <span class='ocrx_word' id='word_1_285' title='bbox 579 2232 702 2303; x_wconf 83' lang='lat' dir='ltr'><strong>ejus</strong></span> <span class='ocrx_word' id='word_1_286' title='bbox 730 2231 996 2286; x_wconf 87' lang='lat' dir='ltr'><strong>electione</strong></span> <span class='ocrx_word' id='word_1_287' title='bbox 1021 2232 1189 2287; x_wconf 89' lang='lat' dir='ltr'><strong>totius</strong></span> <span class='ocrx_word' id='word_1_288' title='bbox 1212 2232 1397 2303; x_wconf 87' lang='lat' dir='ltr'><strong>populi</strong></span> <span class='ocrx_word' id='word_1_289' title='bbox 1419 2232 1663 2287; x_wconf 90' lang='lat' dir='ltr'><strong>animum</strong></span> 
     </span>
    </p>
   </div>
   <div class='ocr_carea' id='block_1_38' title="bbox 103 2321 1666 2391">
    <p class='ocr_par' dir='ltr' id='par_1_38' title="bbox 103 2321 1666 2391">
     <span class='ocr_line' id='line_1_38' title="bbox 103 2321 1666 2391; baseline 0.002 -17"><span class='ocrx_word' id='word_1_290' title='bbox 103 2324 199 2377; x_wconf 87' lang='lat' dir='ltr'><strong>lieri</strong></span> <span class='ocrx_word' id='word_1_291' title='bbox 226 2338 413 2391; x_wconf 91' lang='lat' dir='ltr'><strong>unum,</strong></span> <span class='ocrx_word' id='word_1_292' title='bbox 437 2323 548 2377; x_wconf 91' lang='lat' dir='ltr'><strong>nisi</strong></span> <span class='ocrx_word' id='word_1_293' title='bbox 570 2323 718 2377; x_wconf 89' lang='lat' dir='ltr'><strong>hunc</strong></span> <span class='ocrx_word' id='word_1_294' title='bbox 741 2337 773 2377; x_wconf 92' lang='lat' dir='ltr'><strong>a</strong></span> <span class='ocrx_word' id='word_1_295' title='bbox 799 2321 910 2378; x_wconf 88' lang='lat' dir='ltr'><strong>Deo</strong></span> <span class='ocrx_word' id='word_1_296' title='bbox 930 2330 1208 2379; x_wconf 89' lang='lat' dir='ltr'><strong>constaret</strong></span> <span class='ocrx_word' id='word_1_297' title='bbox 1227 2324 1491 2391; x_wconf 89' lang='lat' dir='ltr'><strong>electum;</strong></span> <span class='ocrx_word' id='word_1_298' title='bbox 1522 2323 1666 2378; x_wconf 85' lang='lat' dir='ltr'><strong>unde</strong></span> 
     </span>
    </p>
   </div>
   <div class='ocr_carea' id='block_1_39' title="bbox 100 2414 1657 2487">
    <p class='ocr_par' dir='ltr' id='par_1_39' title="bbox 100 2414 1657 2487">
     <span class='ocr_line' id='line_1_39' title="bbox 100 2414 1657 2487; baseline 0.001 -19"><span class='ocrx_word' id='word_1_299' title='bbox 100 2414 189 2469; x_wconf 87' lang='lat' dir='ltr'><strong>sibi</strong></span> <span class='ocrx_word' id='word_1_300' title='bbox 212 2430 425 2487; x_wconf 69' lang='lat' dir='ltr'><strong>aequum</strong></span> <span class='ocrx_word' id='word_1_301' title='bbox 451 2416 771 2485; x_wconf 88' lang='lat' dir='ltr'><strong>bonumque</strong></span> <span class='ocrx_word' id='word_1_302' title='bbox 793 2415 989 2483; x_wconf 86' lang='lat' dir='ltr'><strong>videri,</strong></span> <span class='ocrx_word' id='word_1_303' title='bbox 1028 2424 1088 2470; x_wconf 92' lang='lat' dir='ltr'><strong>ut</strong></span> <span class='ocrx_word' id='word_1_304' title='bbox 1115 2431 1146 2470; x_wconf 92' lang='lat' dir='ltr'><strong>a</strong></span> <span class='ocrx_word' id='word_1_305' title='bbox 1185 2417 1385 2471; x_wconf 89' lang='lat' dir='ltr'><strong>ceteris</strong></span> <span class='ocrx_word' id='word_1_306' title='bbox 1414 2431 1523 2471; x_wconf 88' lang='lat' dir='ltr'><strong>non</strong></span> <span class='ocrx_word' id='word_1_307' title='bbox 1552 2416 1657 2471; x_wconf 75' lang='lat' dir='ltr'><strong>dis-</strong></span> 
     </span>
    </p>
   </div>
   <div class='ocr_carea' id='block_1_40' title="bbox 100 2506 1661 2579">
    <p class='ocr_par' dir='ltr' id='par_1_40' title="bbox 100 2506 1661 2579">
     <span class='ocr_line' id='line_1_40' title="bbox 100 2506 1661 2579; baseline 0.001 -18"><span class='ocrx_word' id='word_1_308' title='bbox 100 2508 332 2575; x_wconf 88' lang='lat' dir='ltr'><strong>sentiens,</strong></span> <span class='ocrx_word' id='word_1_309' title='bbox 364 2509 517 2563; x_wconf 90' lang='lat' dir='ltr'><strong>bunc</strong></span> <span class='ocrx_word' id='word_1_310' title='bbox 538 2523 721 2579; x_wconf 84' lang='lat' dir='ltr'><strong>regem</strong></span> <span class='ocrx_word' id='word_1_311' title='bbox 751 2508 996 2579; x_wconf 88' lang='lat' dir='ltr'><strong>eligeret,</strong></span> <span class='ocrx_word' id='word_1_312' title='bbox 1019 2523 1084 2562; x_wconf 91' lang='lat' dir='ltr'><strong>ea</strong></span> <span class='ocrx_word' id='word_1_313' title='bbox 1110 2516 1293 2562; x_wconf 90' lang='lat' dir='ltr'><strong>tamen</strong></span> <span class='ocrx_word' id='word_1_314' title='bbox 1325 2506 1661 2572; x_wconf 89' lang='lat' dir='ltr'><strong>conditione,</strong></span> 
     </span>
    </p>
   </div>
   <div class='ocr_carea' id='block_1_41' title="bbox 100 2594 1665 2670">
    <p class='ocr_par' dir='ltr' id='par_1_41' title="bbox 100 2594 1665 2670">
     <span class='ocr_line' id='line_1_41' title="bbox 100 2594 1665 2670; baseline 0 -18"><span class='ocrx_word' id='word_1_315' title='bbox 100 2599 138 2652; x_wconf 89' lang='lat' dir='ltr'><strong>si</strong></span> <span class='ocrx_word' id='word_1_316' title='bbox 168 2599 263 2653; x_wconf 90' lang='lat' dir='ltr'><strong>sibi</strong></span> <span class='ocrx_word' id='word_1_317' title='bbox 286 2599 390 2656; x_wconf 90' lang='lat' dir='ltr'><strong>hoc</strong></span> <span class='ocrx_word' id='word_1_318' title='bbox 430 2600 581 2670; x_wconf 88' lang='lat' dir='ltr'><strong>quod</strong></span> <span class='ocrx_word' id='word_1_319' title='bbox 624 2598 942 2654; x_wconf 87' lang='lat' dir='ltr'><strong>deccssures</strong></span> <span class='ocrx_word' id='word_1_320' title='bbox 972 2598 1092 2669; x_wconf 88' lang='lat' dir='ltr'><strong>ejus</strong></span> <span class='ocrx_word' id='word_1_321' title='bbox 1122 2594 1233 2654; x_wconf 86' lang='lat' dir='ltr'><strong>non</strong></span> <span class='ocrx_word' id='word_1_322' title='bbox 1263 2598 1503 2653; x_wconf 87' lang='lat' dir='ltr'><strong>habuere</strong></span> <span class='ocrx_word' id='word_1_323' title='bbox 1531 2613 1665 2654; x_wconf 83' lang='lat' dir='ltr'><strong>con-</strong></span> 
     </span>
    </p>
   </div>
   <div class='ocr_carea' id='block_1_42' title="bbox 97 2692 1664 2763">
    <p class='ocr_par' dir='ltr' id='par_1_42' title="bbox 97 2692 1664 2763">
     <span class='ocr_line' id='line_1_42' title="bbox 97 2692 1664 2763; baseline 0.002 -17"><span class='ocrx_word' id='word_1_324' title='bbox 97 2692 306 2760; x_wconf 86' lang='lat' dir='ltr'><strong>cederet,</strong></span> <span class='ocrx_word' id='word_1_325' title='bbox 350 2693 584 2758; x_wconf 89' lang='lat' dir='ltr'><strong>scilicet,</strong></span> <span class='ocrx_word' id='word_1_326' title='bbox 635 2700 695 2748; x_wconf 94' lang='lat' dir='ltr'><strong>ut</strong></span> <span class='ocrx_word' id='word_1_327' title='bbox 741 2693 909 2749; x_wconf 91' lang='lat' dir='ltr'><strong>totius</strong></span> <span class='ocrx_word' id='word_1_328' title='bbox 950 2692 1220 2763; x_wconf 70' lang='lat' dir='ltr'><strong>Bojoariae</strong></span> <span class='ocrx_word' id='word_1_329' title='bbox 1260 2694 1350 2725; x_wconf 78' lang='lat'><strong>&quot;“</strong></span> <span class='ocrx_word' id='word_1_330' title='bbox 1380 2693 1664 2763; x_wconf 81' lang='lat' dir='ltr'><strong>pontiﬁces</strong></span> 
     </span>
    </p>
   </div>
   <div class='ocr_carea' id='block_1_43' title="bbox 98 2783 1663 2855">
    <p class='ocr_par' dir='ltr' id='par_1_43' title="bbox 98 2783 1663 2855">
     <span class='ocr_line' id='line_1_43' title="bbox 98 2783 1663 2855; baseline 0.001 -18"><span class='ocrx_word' id='word_1_331' title='bbox 98 2798 195 2837; x_wconf 76' lang='lat' dir='ltr'><strong>sine</strong></span> <span class='ocrx_word' id='word_1_332' title='bbox 212 2785 467 2854; x_wconf 89' lang='lat' dir='ltr'><strong>potestati</strong></span> <span class='ocrx_word' id='word_1_333' title='bbox 487 2784 852 2855; x_wconf 88' lang='lat' dir='ltr'><strong>subjacerent,</strong></span> <span class='ocrx_word' id='word_1_334' title='bbox 877 2800 1098 2855; x_wconf 90' lang='lat' dir='ltr'><strong>unoque</strong></span> <span class='ocrx_word' id='word_1_335' title='bbox 1120 2783 1400 2853; x_wconf 91' lang='lat' dir='ltr'><strong>defuncto,</strong></span> <span class='ocrx_word' id='word_1_336' title='bbox 1429 2786 1663 2842; x_wconf 85' lang='lat' dir='ltr'><strong>alterum</strong></span> 
     </span>
    </p>
   </div>
   <div class='ocr_carea' id='block_1_44' title="bbox 97 2875 1662 2949">
    <p class='ocr_par' dir='ltr' id='par_1_44' title="bbox 97 2875 1662 2949">
     <span class='ocr_line' id='line_1_44' title="bbox 97 2875 1662 2949; baseline 0.003 -23"><span class='ocrx_word' id='word_1_337' title='bbox 97 2875 324 2932; x_wconf 88' lang='lat' dir='ltr'><strong>ordinare</strong></span> <span class='ocrx_word' id='word_1_338' title='bbox 358 2875 468 2932; x_wconf 91' lang='lat' dir='ltr'><strong>sibi</strong></span> <span class='ocrx_word' id='word_1_339' title='bbox 501 2877 708 2931; x_wconf 88' lang='lat' dir='ltr'><strong>liceret.</strong></span> <span class='ocrx_word' id='word_1_340' title='bbox 738 2876 1013 2933; x_wconf 88' lang='lat' dir='ltr'><strong>Conivens</strong></span> <span class='ocrx_word' id='word_1_341' title='bbox 1049 2877 1217 2949; x_wconf 88' lang='lat' dir='ltr'><strong>igitur</strong></span> <span class='ocrx_word' id='word_1_342' title='bbox 1259 2877 1388 2934; x_wconf 88' lang='lat' dir='ltr'><strong>huic</strong></span> <span class='ocrx_word' id='word_1_343' title='bbox 1431 2892 1662 2933; x_wconf 84' lang='lat' dir='ltr'><strong>suorum</strong></span> 
     </span>
    </p>
   </div>
   <div class='ocr_carea' id='block_1_45' title="bbox 97 2954 1661 3037">
    <p class='ocr_par' dir='ltr' id='par_1_45' title="bbox 97 2954 1661 3037">
     <span class='ocr_line' id='line_1_45' title="bbox 97 2954 1661 3037; baseline 0.003 -18"><span class='ocrx_word' id='word_1_344' title='bbox 97 2954 321 3034; x_wconf 83' lang='lat' dir='ltr'><strong>consilio,</strong></span> <span class='ocrx_word' id='word_1_345' title='bbox 342 2969 507 3024; x_wconf 88' lang='lat' dir='ltr'><strong>miles</strong></span> <span class='ocrx_word' id='word_1_346' title='bbox 535 2966 777 3023; x_wconf 91' lang='lat' dir='ltr'><strong>Heinrici</strong></span> <span class='ocrx_word' id='word_1_347' title='bbox 805 2968 1054 3036; x_wconf 71' lang='lat' dir='ltr'><strong>edicitur,</strong></span> <span class='ocrx_word' id='word_1_348' title='bbox 1076 2978 1132 3024; x_wconf 91' lang='lat' dir='ltr'><strong>et</strong></span> <span class='ocrx_word' id='word_1_349' title='bbox 1159 2969 1230 3024; x_wconf 88' lang='lat' dir='ltr'><strong>ab</strong></span> <span class='ocrx_word' id='word_1_350' title='bbox 1250 2985 1336 3037; x_wconf 91' lang='lat' dir='ltr'><strong>eo,</strong></span> <span class='ocrx_word' id='word_1_351' title='bbox 1370 2979 1429 3024; x_wconf 92' lang='lat' dir='ltr'><strong>ut</strong></span> <span class='ocrx_word' id='word_1_352' title='bbox 1455 2970 1661 3025; x_wconf 85' lang='lat' dir='ltr'><strong>dictum</strong></span> 
     </span>
    </p>
   </div>
   <div class='ocr_carea' id='block_1_46' title="bbox 1766 1863 3361 1936">
    <p class='ocr_par' dir='ltr' id='par_1_46' title="bbox 1766 1863 3361 1936">
     <span class='ocr_line' id='line_1_46' title="bbox 1766 1863 3361 1936; baseline 0.001 -16"><span class='ocrx_word' id='word_1_353' title='bbox 1766 1863 1814 1920; x_wconf 89' lang='lat' dir='ltr'><strong>si</strong></span> <span class='ocrx_word' id='word_1_354' title='bbox 1851 1872 2191 1930; x_wconf 83' lang='lat' dir='ltr'><strong>nasceretur,</strong></span> <span class='ocrx_word' id='word_1_355' title='bbox 2221 1880 2332 1920; x_wconf 90' lang='lat' dir='ltr'><strong>non</strong></span> <span class='ocrx_word' id='word_1_356' title='bbox 2375 1873 2627 1936; x_wconf 79' lang='lat' dir='ltr'><strong>negaret;</strong></span> <span class='ocrx_word' id='word_1_357' title='bbox 2666 1881 2793 1919; x_wconf 87' lang='lat' dir='ltr'><strong>nam</strong></span> <span class='ocrx_word' id='word_1_358' title='bbox 2825 1866 2973 1921; x_wconf 81' lang='lat' dir='ltr'><strong>[ilius</strong></span> <span class='ocrx_word' id='word_1_359' title='bbox 3012 1865 3063 1921; x_wconf 91' lang='lat' dir='ltr'><strong>ei</strong></span> <span class='ocrx_word' id='word_1_360' title='bbox 3114 1866 3361 1921; x_wconf 89' lang='lat' dir='ltr'><strong>nondum</strong></span> 
     </span>
    </p>
   </div>
   <div class='ocr_carea' id='block_1_47' title="bbox 1766 1954 3361 2026">
    <p class='ocr_par' dir='ltr' id='par_1_47' title="bbox 1766 1954 3361 2026">
     <span class='ocr_line' id='line_1_47' title="bbox 1766 1954 3361 2026; baseline 0.002 -16"><span class='ocrx_word' id='word_1_361' title='bbox 1766 1963 1921 2021; x_wconf 89' lang='lat' dir='ltr'><strong>erat,</strong></span> <span class='ocrx_word' id='word_1_362' title='bbox 1968 1954 2064 2011; x_wconf 89' lang='lat' dir='ltr'><strong>sed</strong></span> <span class='ocrx_word' id='word_1_363' title='bbox 2121 1955 2308 2025; x_wconf 88' lang='lat' dir='ltr'><strong>regina</strong></span> <span class='ocrx_word' id='word_1_364' title='bbox 2355 1971 2632 2026; x_wconf 85' lang='lat' dir='ltr'><strong>pregnans</strong></span> <span class='ocrx_word' id='word_1_365' title='bbox 2674 1956 2857 2012; x_wconf 91' lang='lat' dir='ltr'><strong>adhuc</strong></span> <span class='ocrx_word' id='word_1_366' title='bbox 2907 1956 3011 2012; x_wconf 89' lang='lat' dir='ltr'><strong>fuit</strong></span> <span class='ocrx_word' id='word_1_367' title='bbox 3055 1957 3361 2014; x_wconf 88' lang='lat' dir='ltr'><strong>secundum</strong></span> 
     </span>
    </p>
   </div>
   <div class='ocr_carea' id='block_1_48' title="bbox 1767 2045 3363 2118">
    <p class='ocr_par' dir='ltr' id='par_1_48' title="bbox 1767 2045 3363 2118">
     <span class='ocr_line' id='line_1_48' title="bbox 1767 2045 3363 2118; baseline 0.003 -17"><span class='ocrx_word' id='word_1_368' title='bbox 1767 2045 2043 2118; x_wconf 87' lang='lat' dir='ltr'><strong>quosdam</strong></span> <span class='ocrx_word' id='word_1_369' title='bbox 2071 2046 2240 2115; x_wconf 81' lang='lat' dir='ltr'><strong>(Win.</strong></span> <span class='ocrx_word' id='word_1_370' title='bbox 2268 2046 2309 2101; x_wconf 81' lang='grc' dir='ltr'><strong>Ι.</strong></span> <span class='ocrx_word' id='word_1_371' title='bbox 2335 2045 2406 2117; x_wconf 88' lang='lat' dir='ltr'><strong>l);</strong></span> <span class='ocrx_word' id='word_1_372' title='bbox 2436 2047 2529 2102; x_wconf 87' lang='lat' dir='ltr'><strong>alii</strong></span> <span class='ocrx_word' id='word_1_373' title='bbox 2556 2046 2806 2118; x_wconf 73' lang='lat' dir='ltr'><strong>(Brenni.</strong></span> <span class='ocrx_word' id='word_1_374' title='bbox 2843 2064 2881 2111; x_wconf 84' lang='grc' dir='ltr'><strong>ι,</strong></span> <span class='ocrx_word' id='word_1_375' title='bbox 2931 2048 2987 2118; x_wconf 73' lang='grc'>4)</span> <span class='ocrx_word' id='word_1_376' title='bbox 3011 2064 3144 2105; x_wconf 87' lang='lat' dir='ltr'><strong>vero</strong></span> <span class='ocrx_word' id='word_1_377' title='bbox 3169 2049 3363 2105; x_wconf 88' lang='lat' dir='ltr'><strong>dicunt</strong></span> 
     </span>
    </p>
   </div>
   <div class='ocr_carea' id='block_1_49' title="bbox 1764 2137 3364 2214">
    <p class='ocr_par' dir='ltr' id='par_1_49' title="bbox 1764 2137 3364 2214">
     <span class='ocr_line' id='line_1_49' title="bbox 1764 2137 3364 2214; baseline 0.001 -20"><span class='ocrx_word' id='word_1_378' title='bbox 1764 2139 1912 2209; x_wconf 88' lang='lat' dir='ltr'><strong>quod</strong></span> <span class='ocrx_word' id='word_1_379' title='bbox 1934 2139 2052 2209; x_wconf 89' lang='lat' dir='ltr'><strong>jam</strong></span> <span class='ocrx_word' id='word_1_380' title='bbox 2080 2137 2192 2194; x_wconf 84' lang='lat' dir='ltr'><strong>fere</strong></span> <span class='ocrx_word' id='word_1_381' title='bbox 2216 2139 2434 2195; x_wconf 90' lang='lat' dir='ltr'><strong>biennis</strong></span> <span class='ocrx_word' id='word_1_382' title='bbox 2464 2138 2630 2196; x_wconf 86' lang='lat' dir='ltr'><strong>fuerit</strong></span> <span class='ocrx_word' id='word_1_383' title='bbox 2652 2140 2816 2196; x_wconf 86' lang='lat' dir='ltr'><strong>filius.</strong></span> <span class='ocrx_word' id='word_1_384' title='bbox 2850 2140 3019 2214; x_wconf 82' lang='lat' dir='ltr'><strong>(Win.</strong></span> <span class='ocrx_word' id='word_1_385' title='bbox 3052 2139 3092 2195; x_wconf 83' lang='grc' dir='ltr'><strong>ι.</strong></span> <span class='ocrx_word' id='word_1_386' title='bbox 3117 2140 3183 2212; x_wconf 86' lang='lat' dir='ltr'><strong>l.)</strong></span> <span class='ocrx_word' id='word_1_387' title='bbox 3214 2141 3364 2196; x_wconf 83' lang='lat' dir='ltr'><strong>Mor-</strong></span> 
     </span>
    </p>
   </div>
   <div class='ocr_carea' id='block_1_50' title="bbox 1764 2227 3363 2305">
    <p class='ocr_par' dir='ltr' id='par_1_50' title="bbox 1764 2227 3363 2305">
     <span class='ocr_line' id='line_1_50' title="bbox 1764 2227 3363 2305; baseline 0.003 -22"><span class='ocrx_word' id='word_1_388' title='bbox 1764 2238 1860 2284; x_wconf 93' lang='lat' dir='ltr'><strong>tuo</strong></span> <span class='ocrx_word' id='word_1_389' title='bbox 1889 2238 2072 2284; x_wconf 90' lang='lat' dir='ltr'><strong>autem</strong></span> <span class='ocrx_word' id='word_1_390' title='bbox 2103 2227 2327 2298; x_wconf 78' lang='lat' dir='ltr'><strong>Karolo,</strong></span> <span class='ocrx_word' id='word_1_391' title='bbox 2360 2228 2503 2287; x_wconf 89' lang='lat' dir='ltr'><strong>Outo</strong></span> <span class='ocrx_word' id='word_1_392' title='bbox 2536 2230 2710 2286; x_wconf 80' lang='lat' dir='ltr'><strong>filium</strong></span> <span class='ocrx_word' id='word_1_393' title='bbox 2734 2231 2855 2302; x_wconf 91' lang='lat' dir='ltr'><strong>ejus</strong></span> <span class='ocrx_word' id='word_1_394' title='bbox 2876 2241 2931 2288; x_wconf 86' lang='lat' dir='ltr'><strong>et</strong></span> <span class='ocrx_word' id='word_1_395' title='bbox 2963 2247 3131 2302; x_wconf 88' lang='lat' dir='ltr'><strong>regno</strong></span> <span class='ocrx_word' id='word_1_396' title='bbox 3158 2232 3363 2305; x_wconf 85' lang='lat' dir='ltr'><strong>pariter</strong></span> 
     </span>
    </p>
   </div>
   <div class='ocr_carea' id='block_1_51' title="bbox 1762 2320 3361 2397">
    <p class='ocr_par' dir='ltr' id='par_1_51' title="bbox 1762 2320 3361 2397">
     <span class='ocr_line' id='line_1_51' title="bbox 1762 2320 3361 2397; baseline 0.004 -21"><span class='ocrx_word' id='word_1_397' title='bbox 1762 2328 1818 2376; x_wconf 90' lang='lat' dir='ltr'><strong>et</strong></span> <span class='ocrx_word' id='word_1_398' title='bbox 1851 2320 2073 2379; x_wconf 87' lang='lat' dir='ltr'><strong>nomine</strong></span> <span class='ocrx_word' id='word_1_399' title='bbox 2102 2331 2331 2392; x_wconf 88' lang='lat' dir='ltr'><strong>paterno</strong></span> <span class='ocrx_word' id='word_1_400' title='bbox 2367 2323 2705 2391; x_wconf 82' lang='lat' dir='ltr'><strong>declaravit;</strong></span> <span class='ocrx_word' id='word_1_401' title='bbox 2748 2325 2843 2381; x_wconf 84' lang='lat' dir='ltr'><strong>sed</strong></span> <span class='ocrx_word' id='word_1_402' title='bbox 2875 2323 3139 2382; x_wconf 84' lang='lat' dir='ltr'><strong>Arnolqu</strong></span> <span class='ocrx_word' id='word_1_403' title='bbox 3181 2327 3361 2397; x_wconf 92' lang='lat' dir='ltr'><strong>impe-</strong></span> 
     </span>
    </p>
   </div>
   <div class='ocr_carea' id='block_1_52' title="bbox 1763 2413 3363 2489">
    <p class='ocr_par' dir='ltr' id='par_1_52' title="bbox 1763 2413 3363 2489">
     <span class='ocr_line' id='line_1_52' title="bbox 1763 2413 3363 2489; baseline 0.005 -23"><span class='ocrx_word' id='word_1_404' title='bbox 1763 2420 1936 2481; x_wconf 90' lang='lat' dir='ltr'><strong>rator,</strong></span> <span class='ocrx_word' id='word_1_405' title='bbox 1982 2414 2080 2484; x_wconf 90' lang='lat' dir='ltr'><strong>qui</strong></span> <span class='ocrx_word' id='word_1_406' title='bbox 2113 2413 2377 2471; x_wconf 84' lang='lat' dir='ltr'><strong>Karolum</strong></span> <span class='ocrx_word' id='word_1_407' title='bbox 2405 2415 2681 2472; x_wconf 88' lang='lat' dir='ltr'><strong>seniorem</strong></span> <span class='ocrx_word' id='word_1_408' title='bbox 2711 2416 2780 2472; x_wconf 91' lang='lat' dir='ltr'><strong>de</strong></span> <span class='ocrx_word' id='word_1_409' title='bbox 2808 2416 3100 2473; x_wconf 89' lang='lat' dir='ltr'><strong>Germania</strong></span> <span class='ocrx_word' id='word_1_410' title='bbox 3129 2419 3363 2489; x_wconf 81' lang='lat' dir='ltr'><strong>expulit,</strong></span> 
     </span>
    </p>
   </div>
   <div class='ocr_carea' id='block_1_53' title="bbox 1763 2506 3365 2580">
    <p class='ocr_par' dir='ltr' id='par_1_53' title="bbox 1763 2506 3365 2580">
     <span class='ocr_line' id='line_1_53' title="bbox 1763 2506 3365 2580; baseline 0.006 -23"><span class='ocrx_word' id='word_1_411' title='bbox 1763 2512 1889 2572; x_wconf 91' lang='lat' dir='ltr'><strong>post</strong></span> <span class='ocrx_word' id='word_1_412' title='bbox 1926 2512 2159 2560; x_wconf 85' lang='lat' dir='ltr'><strong>mortem</strong></span> <span class='ocrx_word' id='word_1_413' title='bbox 2191 2506 2315 2575; x_wconf 88' lang='lat' dir='ltr'><strong>ejus</strong></span> <span class='ocrx_word' id='word_1_414' title='bbox 2358 2522 2523 2562; x_wconf 90' lang='lat' dir='ltr'><strong>omne</strong></span> <span class='ocrx_word' id='word_1_415' title='bbox 2558 2523 2790 2580; x_wconf 88' lang='lat' dir='ltr'><strong>regnum</strong></span> <span class='ocrx_word' id='word_1_416' title='bbox 2838 2509 3011 2579; x_wconf 90' lang='lat' dir='ltr'><strong>ipsius</strong></span> <span class='ocrx_word' id='word_1_417' title='bbox 3039 2510 3143 2565; x_wconf 87' lang='lat' dir='ltr'><strong>sibi</strong></span> <span class='ocrx_word' id='word_1_418' title='bbox 3174 2511 3365 2568; x_wconf 82' lang='lat' dir='ltr'><strong>vendi-</strong></span> 
     </span>
    </p>
   </div>
   <div class='ocr_carea' id='block_1_54' title="bbox 1764 2593 3363 2671">
    <p class='ocr_par' dir='ltr' id='par_1_54' title="bbox 1764 2593 3363 2671">
     <span class='ocr_line' id='line_1_54' title="bbox 1764 2593 3363 2671; baseline 0.006 -21"><span class='ocrx_word' id='word_1_419' title='bbox 1764 2595 1928 2650; x_wconf 86' lang='lat' dir='ltr'><strong>cavit.</strong></span> <span class='ocrx_word' id='word_1_420' title='bbox 1976 2593 2117 2651; x_wconf 87' lang='lat' dir='ltr'><strong>Huic</strong></span> <span class='ocrx_word' id='word_1_421' title='bbox 2158 2595 2302 2652; x_wconf 90' lang='lat' dir='ltr'><strong>Outo</strong></span> <span class='ocrx_word' id='word_1_422' title='bbox 2323 2607 2378 2653; x_wconf 90' lang='lat' dir='ltr'><strong>et</strong></span> <span class='ocrx_word' id='word_1_423' title='bbox 2400 2598 2653 2654; x_wconf 90' lang='lat' dir='ltr'><strong>diadema</strong></span> <span class='ocrx_word' id='word_1_424' title='bbox 2690 2608 2746 2654; x_wconf 87' lang='lat' dir='ltr'><strong>et</strong></span> <span class='ocrx_word' id='word_1_425' title='bbox 2784 2611 3061 2671; x_wconf 87' lang='lat' dir='ltr'><strong>sceptrum</strong></span> <span class='ocrx_word' id='word_1_426' title='bbox 3090 2610 3145 2657; x_wconf 92' lang='lat' dir='ltr'><strong>et</strong></span> <span class='ocrx_word' id='word_1_427' title='bbox 3180 2614 3363 2659; x_wconf 83' lang='lat' dir='ltr'><strong>cetera</strong></span> 
     </span>
    </p>
   </div>
   <div class='ocr_carea' id='block_1_55' title="bbox 1765 2685 3361 2763">
    <p class='ocr_par' dir='ltr' id='par_1_55' title="bbox 1765 2685 3361 2763">
     <span class='ocr_line' id='line_1_55' title="bbox 1765 2685 3361 2763; baseline 0.008 -24"><span class='ocrx_word' id='word_1_428' title='bbox 1765 2685 1968 2755; x_wconf 84' lang='lat' dir='ltr'><strong>regalia</strong></span> <span class='ocrx_word' id='word_1_429' title='bbox 2007 2697 2332 2743; x_wconf 86' lang='lat' dir='ltr'><strong>ornamenta</strong></span> <span class='ocrx_word' id='word_1_430' title='bbox 2372 2688 2591 2758; x_wconf 87' lang='lat' dir='ltr'><strong>obtulit,</strong></span> <span class='ocrx_word' id='word_1_431' title='bbox 2640 2706 2982 2763; x_wconf 89' lang='lat' dir='ltr'><strong>regnumque</strong></span> <span class='ocrx_word' id='word_1_432' title='bbox 3022 2693 3233 2749; x_wconf 89' lang='lat' dir='ltr'><strong>domini</strong></span> <span class='ocrx_word' id='word_1_433' title='bbox 3275 2695 3361 2751; x_wconf 86' lang='lat' dir='ltr'><strong>sui</strong></span> 
     </span>
    </p>
   </div>
   <div class='ocr_carea' id='block_1_56' title="bbox 1763 2776 3363 2856">
    <p class='ocr_par' dir='ltr' id='par_1_56' title="bbox 1763 2776 3363 2856">
     <span class='ocr_line' id='line_1_56' title="bbox 1763 2776 3363 2856; baseline 0.009 -30"><span class='ocrx_word' id='word_1_434' title='bbox 1763 2776 1937 2847; x_wconf 63' lang='lat' dir='ltr'><strong>gratia</strong></span> <span class='ocrx_word' id='word_1_435' title='bbox 1959 2777 2307 2848; x_wconf 87' lang='lat' dir='ltr'><strong>imperatoris</strong></span> <span class='ocrx_word' id='word_1_436' title='bbox 2322 2778 2533 2835; x_wconf 82' lang='lat' dir='ltr'><strong>Arnolli</strong></span> <span class='ocrx_word' id='word_1_437' title='bbox 2556 2781 2813 2838; x_wconf 89' lang='lat' dir='ltr'><strong>obtinuit.</strong></span> <span class='ocrx_word' id='word_1_438' title='bbox 2832 2782 2900 2838; x_wconf 83' lang='lat' dir='ltr'><strong>Et</strong></span> <span class='ocrx_word' id='word_1_439' title='bbox 2922 2784 3027 2839; x_wconf 92' lang='lat' dir='ltr'><strong>hoc</strong></span> <span class='ocrx_word' id='word_1_440' title='bbox 3042 2784 3202 2855; x_wconf 88' lang='lat' dir='ltr'><strong>juxta</strong></span> <span class='ocrx_word' id='word_1_441' title='bbox 3223 2801 3363 2856; x_wconf 83' lang='lat' dir='ltr'><strong>quo-</strong></span> 
     </span>
    </p>
   </div>
   <div class='ocr_carea' id='block_1_57' title="bbox 1765 2869 3361 2945">
    <p class='ocr_par' dir='ltr' id='par_1_57' title="bbox 1765 2869 3361 2945">
     <span class='ocr_line' id='line_1_57' title="bbox 1765 2869 3361 2945; baseline 0.007 -22"><span class='ocrx_word' id='word_1_442' title='bbox 1765 2869 1996 2924; x_wconf 91' lang='lat' dir='ltr'><strong>rundam</strong></span> <span class='ocrx_word' id='word_1_443' title='bbox 2020 2870 2524 2943; x_wconf 84' lang='lat' dir='ltr'><strong>relationem(Wm.</strong></span> <span class='ocrx_word' id='word_1_444' title='bbox 2542 2874 2672 2945; x_wconf 81' lang='lat' dir='ltr'><strong>LI);</strong></span> <span class='ocrx_word' id='word_1_445' title='bbox 2696 2876 2789 2931; x_wconf 82' lang='lat' dir='ltr'><strong>alii</strong></span> <span class='ocrx_word' id='word_1_446' title='bbox 2811 2876 3063 2943; x_wconf 74' lang='lat' dir='ltr'><strong>(Ricuen.</strong></span> <span class='ocrx_word' id='word_1_447' title='bbox 3088 2894 3126 2945; x_wconf 83' lang='grc' dir='ltr'><strong>ι,</strong></span> <span class='ocrx_word' id='word_1_448' title='bbox 3146 2879 3201 2945; x_wconf 70' lang='grc'><strong>4)</strong></span> <span class='ocrx_word' id='word_1_449' title='bbox 3231 2894 3361 2935; x_wconf 87' lang='lat' dir='ltr'><strong>vero</strong></span> 
     </span>
    </p>
   </div>
   <div class='ocr_carea' id='block_1_58' title="bbox 1763 2958 3363 3038">
    <p class='ocr_par' dir='ltr' id='par_1_58' title="bbox 1763 2958 3363 3038">
     <span class='ocr_line' id='line_1_58' title="bbox 1763 2958 3363 3038; baseline 0.007 -25"><span class='ocrx_word' id='word_1_450' title='bbox 1763 2958 1974 3024; x_wconf 84' lang='lat' dir='ltr'><strong>dicunt,</strong></span> <span class='ocrx_word' id='word_1_451' title='bbox 2004 2976 2131 3016; x_wconf 90' lang='lat' dir='ltr'><strong>cum</strong></span> <span class='ocrx_word' id='word_1_452' title='bbox 2162 2972 2383 3032; x_wconf 89' lang='lat' dir='ltr'><strong>propter</strong></span> <span class='ocrx_word' id='word_1_453' title='bbox 2404 2962 2689 3020; x_wconf 85' lang='lat' dir='ltr'><strong>infantiam</strong></span> <span class='ocrx_word' id='word_1_454' title='bbox 2714 2966 2869 3036; x_wconf 91' lang='lat' dir='ltr'><strong>pueri</strong></span> <span class='ocrx_word' id='word_1_455' title='bbox 2891 2967 3167 3038; x_wconf 90' lang='lat' dir='ltr'><strong>principes</strong></span> <span class='ocrx_word' id='word_1_456' title='bbox 3191 2969 3363 3024; x_wconf 84' lang='lat' dir='ltr'><strong>nimia</strong></span> 
     </span>
    </p>
   </div>
   <div class='ocr_carea' id='block_1_59' title="bbox 96 3052 3362 3151">
    <p class='ocr_par' dir='ltr' id='par_1_59' title="bbox 96 3052 3362 3151">
     <span class='ocr_line' id='line_1_59' title="bbox 96 3052 3362 3151; baseline 0.006 -40"><span class='ocrx_word' id='word_1_457' title='bbox 96 3065 183 3123; x_wconf 87' lang='lat' dir='ltr'><strong>est,</strong></span> <span class='ocrx_word' id='word_1_458' title='bbox 214 3060 495 3116; x_wconf 87' lang='lat' dir='ltr'><strong>concessis</strong></span> <span class='ocrx_word' id='word_1_459' title='bbox 534 3060 639 3116; x_wconf 89' lang='lat' dir='ltr'><strong>sibi</strong></span> <span class='ocrx_word' id='word_1_460' title='bbox 668 3060 838 3115; x_wconf 90' lang='lat' dir='ltr'><strong>totius</strong></span> <span class='ocrx_word' id='word_1_461' title='bbox 865 3058 1131 3130; x_wconf 72' lang='lat' dir='ltr'><strong>Bajoaria:</strong></span> <span class='ocrx_word' id='word_1_462' title='bbox 1156 3060 1529 3131; x_wconf 82' lang='lat' dir='ltr'><strong>pontificibus,</strong></span> <span class='ocrx_word' id='word_1_463' title='bbox 1563 3062 1663 3117; x_wconf 85' lang='lat' dir='ltr'><strong>ho-</strong></span> <span class='ocrx_word' id='word_1_464' title='bbox 1691 3094 1733 3151; x_wconf 66' lang='grc' dir='ltr'>α</span> <span class='ocrx_word' id='word_1_465' title='bbox 1766 3066 1949 3105; x_wconf 76' lang='lat' dir='ltr'><strong>rerum</strong></span> <span class='ocrx_word' id='word_1_466' title='bbox 1973 3052 2227 3122; x_wconf 78' lang='lat' dir='ltr'><strong>cupidine</strong></span> <span class='ocrx_word' id='word_1_467' title='bbox 2253 3068 2375 3110; x_wconf 70' lang='lat' dir='ltr'><strong>sese</strong></span> <span class='ocrx_word' id='word_1_468' title='bbox 2397 3056 2576 3125; x_wconf 75' lang='lat' dir='ltr'><strong>preire</strong></span> <span class='ocrx_word' id='word_1_469' title='bbox 2601 3058 2981 3115; x_wconf 76' lang='lat' dir='ltr'><strong>contenderim</strong></span> <span class='ocrx_word' id='word_1_470' title='bbox 3004 3074 3201 3129; x_wconf 80' lang='lat' dir='ltr'><strong>resque</strong></span> <span class='ocrx_word' id='word_1_471' title='bbox 3228 3074 3362 3115; x_wconf 74' lang='lat' dir='ltr'><strong>suas</strong></span> 
     </span>
    </p>
   </div>
   <div class='ocr_carea' id='block_1_60' title="bbox 95 3149 1657 3222">
    <p class='ocr_par' dir='ltr' id='par_1_60' title="bbox 95 3149 1657 3222">
     <span class='ocr_line' id='line_1_60' title="bbox 95 3149 1657 3222; baseline 0.004 -22"><span class='ocrx_word' id='word_1_472' title='bbox 95 3158 313 3203; x_wconf 87' lang='lat' dir='ltr'><strong>noratnr.</strong></span> <span class='ocrx_word' id='word_1_473' title='bbox 347 3149 454 3206; x_wconf 88' lang='lat' dir='ltr'><strong>Hic</strong></span> <span class='ocrx_word' id='word_1_474' title='bbox 500 3159 583 3206; x_wconf 90' lang='lat' dir='ltr'><strong>est</strong></span> <span class='ocrx_word' id='word_1_475' title='bbox 622 3150 884 3207; x_wconf 80' lang='lat' dir='ltr'><strong>Arnolfus</strong></span> <span class='ocrx_word' id='word_1_476' title='bbox 914 3151 1022 3219; x_wconf 91' lang='lat' dir='ltr'><strong>ille,</strong></span> <span class='ocrx_word' id='word_1_477' title='bbox 1051 3166 1215 3222; x_wconf 89' lang='lat' dir='ltr'><strong>super</strong></span> <span class='ocrx_word' id='word_1_478' title='bbox 1241 3152 1403 3222; x_wconf 91' lang='lat' dir='ltr'><strong>cujus</strong></span> <span class='ocrx_word' id='word_1_479' title='bbox 1428 3152 1657 3209; x_wconf 86' lang='lat' dir='ltr'><strong>denota—</strong></span> 
     </span>
    </p>
   </div>
   <div class='ocr_carea' id='block_1_61' title="bbox 94 3237 1659 3317">
    <p class='ocr_par' dir='ltr' id='par_1_61' title="bbox 94 3237 1659 3317">
     <span class='ocr_line' id='line_1_61' title="bbox 94 3237 1659 3317; baseline 0.005 -26"><span class='ocrx_word' id='word_1_480' title='bbox 94 3237 221 3295; x_wconf 83' lang='lat' dir='ltr'><strong>tione</strong></span> <span class='ocrx_word' id='word_1_481' title='bbox 237 3250 429 3297; x_wconf 90' lang='lat' dir='ltr'><strong>sancto</strong></span> <span class='ocrx_word' id='word_1_482' title='bbox 441 3239 735 3299; x_wconf 87' lang='lat' dir='ltr'><strong>Oudalrico</strong></span> <span class='ocrx_word' id='word_1_483' title='bbox 750 3243 1029 3314; x_wconf 89' lang='lat' dir='ltr'><strong>episcopo,</strong></span> <span class='ocrx_word' id='word_1_484' title='bbox 1052 3251 1113 3299; x_wconf 89' lang='lat' dir='ltr'><strong>ut</strong></span> <span class='ocrx_word' id='word_1_485' title='bbox 1140 3245 1196 3298; x_wconf 92' lang='lat' dir='ltr'><strong>in</strong></span> <span class='ocrx_word' id='word_1_486' title='bbox 1221 3246 1361 3301; x_wconf 90' lang='lat' dir='ltr'><strong>libro</strong></span> <span class='ocrx_word' id='word_1_487' title='bbox 1384 3254 1659 3317; x_wconf 83' lang='lat' dir='ltr'><strong>gestorum</strong></span> 
     </span>
    </p>
   </div>
   <div class='ocr_carea' id='block_1_62' title="bbox 91 3329 1661 3408">
    <p class='ocr_par' dir='ltr' id='par_1_62' title="bbox 91 3329 1661 3408">
     <span class='ocr_line' id='line_1_62' title="bbox 91 3329 1661 3408; baseline 0.006 -26"><span class='ocrx_word' id='word_1_488' title='bbox 91 3329 194 3398; x_wconf 89' lang='lat' dir='ltr'><strong>ejus</strong></span> <span class='ocrx_word' id='word_1_489' title='bbox 214 3331 433 3403; x_wconf 88' lang='lat' dir='ltr'><strong>legitur,</strong></span> <span class='ocrx_word' id='word_1_490' title='bbox 483 3340 741 3389; x_wconf 89' lang='lat' dir='ltr'><strong>ostensus</strong></span> <span class='ocrx_word' id='word_1_491' title='bbox 769 3342 852 3389; x_wconf 87' lang='lat' dir='ltr'><strong>est</strong></span> <span class='ocrx_word' id='word_1_492' title='bbox 883 3333 1096 3404; x_wconf 88' lang='lat' dir='ltr'><strong>gladius</strong></span> <span class='ocrx_word' id='word_1_493' title='bbox 1142 3336 1261 3390; x_wconf 89' lang='lat' dir='ltr'><strong>sine</strong></span> <span class='ocrx_word' id='word_1_494' title='bbox 1305 3335 1519 3405; x_wconf 88' lang='lat' dir='ltr'><strong>capulo,</strong></span> <span class='ocrx_word' id='word_1_495' title='bbox 1565 3337 1661 3408; x_wconf 89' lang='lat' dir='ltr'><strong>qui</strong></span> 
     </span>
    </p>
   </div>
   <div class='ocr_carea' id='block_1_63' title="bbox 92 3421 1662 3497">
    <p class='ocr_par' dir='ltr' id='par_1_63' title="bbox 92 3421 1662 3497">
     <span class='ocr_line' id='line_1_63' title="bbox 92 3421 1662 3497; baseline 0.006 -24"><span class='ocrx_word' id='word_1_496' title='bbox 92 3435 171 3475; x_wconf 89' lang='lat' dir='ltr'><strong>rex</strong></span> <span class='ocrx_word' id='word_1_497' title='bbox 192 3421 302 3478; x_wconf 82' lang='lat' dir='ltr'><strong>fieri</strong></span> <span class='ocrx_word' id='word_1_498' title='bbox 329 3423 542 3478; x_wconf 81' lang='lat' dir='ltr'><strong>frustra</strong></span> <span class='ocrx_word' id='word_1_499' title='bbox 570 3424 814 3493; x_wconf 88' lang='lat' dir='ltr'><strong>cupiens,</strong></span> <span class='ocrx_word' id='word_1_500' title='bbox 842 3424 1066 3479; x_wconf 91' lang='lat' dir='ltr'><strong>invasor</strong></span> <span class='ocrx_word' id='word_1_501' title='bbox 1085 3426 1238 3497; x_wconf 88' lang='lat' dir='ltr'><strong>regni</strong></span> <span class='ocrx_word' id='word_1_502' title='bbox 1263 3427 1461 3494; x_wconf 86' lang='lat' dir='ltr'><strong>extitit,</strong></span> <span class='ocrx_word' id='word_1_503' title='bbox 1487 3435 1541 3482; x_wconf 91' lang='lat' dir='ltr'><strong>et</strong></span> <span class='ocrx_word' id='word_1_504' title='bbox 1564 3442 1662 3497; x_wconf 92' lang='lat' dir='ltr'><strong>pro</strong></span> 
     </span>
    </p>
   </div>
   <div class='ocr_carea' id='block_1_64' title="bbox 91 3509 1663 3585">
    <p class='ocr_par' dir='ltr' id='par_1_64' title="bbox 91 3509 1663 3585">
     <span class='ocr_line' id='line_1_64' title="bbox 91 3509 1663 3585; baseline 0.008 -23"><span class='ocrx_word' id='word_1_505' title='bbox 91 3509 177 3567; x_wconf 87' lang='lat' dir='ltr'><strong>hac</strong></span> <span class='ocrx_word' id='word_1_506' title='bbox 213 3516 518 3571; x_wconf 86' lang='lat' dir='ltr'><strong>ambitione</strong></span> <span class='ocrx_word' id='word_1_507' title='bbox 563 3516 858 3571; x_wconf 88' lang='lat' dir='ltr'><strong>destructis</strong></span> <span class='ocrx_word' id='word_1_508' title='bbox 890 3516 1173 3585; x_wconf 61' lang='lat' dir='ltr'><strong>ecclesiis,</strong></span> <span class='ocrx_word' id='word_1_509' title='bbox 1222 3532 1414 3573; x_wconf 90' lang='lat' dir='ltr'><strong>earum</strong></span> <span class='ocrx_word' id='word_1_510' title='bbox 1454 3520 1663 3575; x_wconf 87' lang='lat' dir='ltr'><strong>reditus</strong></span> 
     </span>
    </p>
   </div>
   <div class='ocr_carea' id='block_1_65' title="bbox 88 3606 1661 3680">
    <p class='ocr_par' dir='ltr' id='par_1_65' title="bbox 88 3606 1661 3680">
     <span class='ocr_line' id='line_1_65' title="bbox 88 3606 1661 3680; baseline 0.006 -24"><span class='ocrx_word' id='word_1_511' title='bbox 88 3606 334 3663; x_wconf 80' lang='lat' dir='ltr'><strong>militibus</strong></span> <span class='ocrx_word' id='word_1_512' title='bbox 365 3608 491 3665; x_wconf 89' lang='lat' dir='ltr'><strong>suis</strong></span> <span class='ocrx_word' id='word_1_513' title='bbox 528 3608 583 3662; x_wconf 93' lang='lat' dir='ltr'><strong>in</strong></span> <span class='ocrx_word' id='word_1_514' title='bbox 615 3608 940 3664; x_wconf 77' lang='lat' dir='ltr'><strong>beneficium</strong></span> <span class='ocrx_word' id='word_1_515' title='bbox 973 3609 1264 3665; x_wconf 90' lang='lat' dir='ltr'><strong>concessit.</strong></span> <span class='ocrx_word' id='word_1_516' title='bbox 1299 3609 1469 3680; x_wconf 83' lang='lat' dir='ltr'><strong>(Win.</strong></span> <span class='ocrx_word' id='word_1_517' title='bbox 1496 3627 1533 3678; x_wconf 82' lang='grc' dir='ltr'><strong>ι,</strong></span> <span class='ocrx_word' id='word_1_518' title='bbox 1568 3611 1661 3679; x_wconf 71' lang='grc'><strong>27,</strong></span> 
     </span>
    </p>
   </div>
   <div class='ocr_carea' id='block_1_66' title="bbox 87 3697 1664 3775">
    <p class='ocr_par' dir='ltr' id='par_1_66' title="bbox 87 3697 1664 3775">
     <span class='ocr_line' id='line_1_66' title="bbox 87 3697 1664 3775; baseline 0.006 -25"><span class='ocrx_word' id='word_1_519' title='bbox 87 3697 165 3765; x_wconf 77' lang='lat'><strong>9.8,</strong></span> <span class='ocrx_word' id='word_1_520' title='bbox 197 3700 308 3772; x_wconf 73' lang='lat'><strong>29.)</strong></span> <span class='ocrx_word' id='word_1_521' title='bbox 337 3700 463 3755; x_wconf 85' lang='lat' dir='ltr'><strong>Rex</strong></span> <span class='ocrx_word' id='word_1_522' title='bbox 507 3709 689 3755; x_wconf 89' lang='lat' dir='ltr'><strong>autem</strong></span> <span class='ocrx_word' id='word_1_523' title='bbox 711 3700 1000 3757; x_wconf 82' lang='lat' dir='ltr'><strong>lleinricus</strong></span> <span class='ocrx_word' id='word_1_524' title='bbox 1028 3702 1097 3758; x_wconf 90' lang='lat' dir='ltr'><strong>de</strong></span> <span class='ocrx_word' id='word_1_525' title='bbox 1121 3702 1211 3757; x_wconf 90' lang='lat' dir='ltr'><strong>die</strong></span> <span class='ocrx_word' id='word_1_526' title='bbox 1237 3702 1293 3757; x_wconf 91' lang='lat' dir='ltr'><strong>in</strong></span> <span class='ocrx_word' id='word_1_527' title='bbox 1324 3703 1469 3758; x_wconf 93' lang='lat' dir='ltr'><strong>diem</strong></span> <span class='ocrx_word' id='word_1_528' title='bbox 1495 3705 1664 3775; x_wconf 71' lang='lat' dir='ltr'><strong>proli-</strong></span> 
     </span>
    </p>
   </div>
   <div class='ocr_carea' id='block_1_67' title="bbox 87 3790 1660 3860">
    <p class='ocr_par' dir='ltr' id='par_1_67' title="bbox 87 3790 1660 3860">
     <span class='ocr_line' id='line_1_67' title="bbox 87 3790 1660 3860; baseline 0.006 -17"><span class='ocrx_word' id='word_1_529' title='bbox 87 3790 221 3847; x_wconf 87' lang='lat' dir='ltr'><strong>ciens</strong></span> <span class='ocrx_word' id='word_1_530' title='bbox 257 3801 313 3848; x_wconf 90' lang='lat' dir='ltr'><strong>et</strong></span> <span class='ocrx_word' id='word_1_531' title='bbox 367 3808 654 3860; x_wconf 87' lang='lat' dir='ltr'><strong>crescens,</strong></span> <span class='ocrx_word' id='word_1_532' title='bbox 703 3794 981 3849; x_wconf 89' lang='lat' dir='ltr'><strong>robustior</strong></span> <span class='ocrx_word' id='word_1_533' title='bbox 1020 3803 1074 3849; x_wconf 88' lang='lat' dir='ltr'><strong>et</strong></span> <span class='ocrx_word' id='word_1_534' title='bbox 1104 3794 1305 3849; x_wconf 88' lang='lat' dir='ltr'><strong>clari:.r</strong></span> <span class='ocrx_word' id='word_1_535' title='bbox 1340 3796 1660 3852; x_wconf 81' lang='lat' dir='ltr'><strong>habebatur.</strong></span> 
     </span>
    </p>
   </div>
   <div class='ocr_carea' id='block_1_68' title="bbox 85 3882 1665 3957">
    <p class='ocr_par' dir='ltr' id='par_1_68' title="bbox 85 3882 1665 3957">
     <span class='ocr_line' id='line_1_68' title="bbox 85 3882 1665 3957; baseline 0.005 -21"><span class='ocrx_word' id='word_1_536' title='bbox 85 3882 314 3956; x_wconf 86' lang='lat' dir='ltr'><strong>Cumque</strong></span> <span class='ocrx_word' id='word_1_537' title='bbox 364 3902 609 3957; x_wconf 87' lang='lat' dir='ltr'><strong>regnum</strong></span> <span class='ocrx_word' id='word_1_538' title='bbox 654 3887 724 3941; x_wconf 92' lang='lat' dir='ltr'><strong>ab</strong></span> <span class='ocrx_word' id='word_1_539' title='bbox 770 3887 1211 3942; x_wconf 90' lang='lat' dir='ltr'><strong>antecessoribus</strong></span> <span class='ocrx_word' id='word_1_540' title='bbox 1241 3887 1358 3942; x_wconf 91' lang='lat' dir='ltr'><strong>suis</strong></span> <span class='ocrx_word' id='word_1_541' title='bbox 1402 3903 1468 3943; x_wconf 89' lang='lat' dir='ltr'><strong>ex</strong></span> <span class='ocrx_word' id='word_1_542' title='bbox 1513 3890 1665 3945; x_wconf 88' lang='lat' dir='ltr'><strong>omni</strong></span> 
     </span>
    </p>
   </div>
   <div class='ocr_carea' id='block_1_69' title="bbox 85 3977 1662 4069">
    <p class='ocr_par' dir='ltr' id='par_1_69' title="bbox 85 3977 1662 4069">
     <span class='ocr_line' id='line_1_69' title="bbox 85 3977 1662 4069; baseline 0.004 -40"><span class='ocrx_word' id='word_1_543' title='bbox 85 3983 226 4045; x_wconf 87' lang='lat' dir='ltr'><strong>parte</strong></span> <span class='ocrx_word' id='word_1_544' title='bbox 246 3977 548 4034; x_wconf 86' lang='lat' dir='ltr'><strong>confusum</strong></span> <span class='ocrx_word' id='word_1_545' title='bbox 577 3978 830 4035; x_wconf 85' lang='lat' dir='ltr'><strong>civilibus</strong></span> <span class='ocrx_word' id='word_1_546' title='bbox 851 3979 1008 4035; x_wconf 87' lang='lat' dir='ltr'><strong>bellis</strong></span> <span class='ocrx_word' id='word_1_547' title='bbox 1030 3987 1083 4034; x_wconf 90' lang='lat' dir='ltr'><strong>et</strong></span> <span class='ocrx_word' id='word_1_548' title='bbox 1104 3978 1345 4034; x_wconf 80' lang='lat' dir='ltr'><strong>externis</strong></span> <span class='ocrx_word' id='word_1_549' title='bbox 1366 3979 1662 4069; x_wconf 78' lang='lat' dir='ltr'><strong>colligeret,</strong></span> 
     </span>
    </p>
   </div>
   <div class='ocr_carea' id='block_1_70' title="bbox 85 4069 1664 4142">
    <p class='ocr_par' dir='ltr' id='par_1_70' title="bbox 85 4069 1664 4142">
     <span class='ocr_line' id='line_1_70' title="bbox 85 4069 1664 4142; baseline 0.004 -20"><span class='ocrx_word' id='word_1_550' title='bbox 85 4069 386 4135; x_wconf 81' lang='lat' dir='ltr'><strong>paciﬁcaret</strong></span> <span class='ocrx_word' id='word_1_551' title='bbox 420 4080 481 4125; x_wconf 86' lang='lat' dir='ltr'><strong>et</strong></span> <span class='ocrx_word' id='word_1_552' title='bbox 510 4071 793 4136; x_wconf 87' lang='lat' dir='ltr'><strong>adunaret,</strong></span> <span class='ocrx_word' id='word_1_553' title='bbox 830 4070 984 4142; x_wconf 90' lang='lat' dir='ltr'><strong>signa</strong></span> <span class='ocrx_word' id='word_1_554' title='bbox 1015 4071 1184 4128; x_wconf 85' lang='lat' dir='ltr'><strong>movit</strong></span> <span class='ocrx_word' id='word_1_555' title='bbox 1211 4079 1403 4126; x_wconf 88' lang='lat' dir='ltr'><strong>contra</strong></span> <span class='ocrx_word' id='word_1_556' title='bbox 1434 4072 1664 4128; x_wconf 87' lang='lat' dir='ltr'><strong>Galliam</strong></span> 
     </span>
    </p>
   </div>
   <div class='ocr_carea' id='block_1_71' title="bbox 86 4159 1666 4233">
    <p class='ocr_par' dir='ltr' id='par_1_71' title="bbox 86 4159 1666 4233">
     <span class='ocr_line' id='line_1_71' title="bbox 86 4159 1666 4233; baseline 0.005 -21"><span class='ocrx_word' id='word_1_557' title='bbox 86 4166 136 4213; x_wconf 91' lang='lat' dir='ltr'><strong>et</strong></span> <span class='ocrx_word' id='word_1_558' title='bbox 181 4159 431 4218; x_wconf 87' lang='lat' dir='ltr'><strong>Lotharii</strong></span> <span class='ocrx_word' id='word_1_559' title='bbox 491 4176 743 4233; x_wconf 87' lang='lat' dir='ltr'><strong>regnum.</strong></span> <span class='ocrx_word' id='word_1_560' title='bbox 795 4160 1089 4218; x_wconf 86' lang='lat' dir='ltr'><strong>Lotharius</strong></span> <span class='ocrx_word' id='word_1_561' title='bbox 1122 4171 1303 4218; x_wconf 88' lang='lat' dir='ltr'><strong>autem</strong></span> <span class='ocrx_word' id='word_1_562' title='bbox 1351 4173 1470 4218; x_wconf 89' lang='lat' dir='ltr'><strong>erat</strong></span> <span class='ocrx_word' id='word_1_563' title='bbox 1520 4164 1666 4220; x_wconf 81' lang='lat' dir='ltr'><strong>filius</strong></span> 
     </span>
    </p>
   </div>
   <div class='ocr_carea' id='block_1_72' title="bbox 86 4251 1666 4327">
    <p class='ocr_par' dir='ltr' id='par_1_72' title="bbox 86 4251 1666 4327">
     <span class='ocr_line' id='line_1_72' title="bbox 86 4251 1666 4327; baseline 0.004 -22"><span class='ocrx_word' id='word_1_564' title='bbox 86 4251 475 4324; x_wconf 86' lang='lat' dir='ltr'><strong>primogenitus</strong></span> <span class='ocrx_word' id='word_1_565' title='bbox 490 4252 767 4310; x_wconf 80' lang='lat' dir='ltr'><strong>Ludewici</strong></span> <span class='ocrx_word' id='word_1_566' title='bbox 791 4255 1163 4325; x_wconf 87' lang='lat' dir='ltr'><strong>imperatoris,</strong></span> <span class='ocrx_word' id='word_1_567' title='bbox 1181 4272 1211 4309; x_wconf 94' lang='lat' dir='ltr'><strong>a</strong></span> <span class='ocrx_word' id='word_1_568' title='bbox 1239 4267 1441 4327; x_wconf 84' lang='lat' dir='ltr'><strong>magno</strong></span> <span class='ocrx_word' id='word_1_569' title='bbox 1465 4255 1666 4312; x_wconf 84' lang='lat' dir='ltr'><strong>Karolo</strong></span> 
     </span>
    </p>
   </div>
   <div class='ocr_carea' id='block_1_73' title="bbox 87 4346 1665 4421">
    <p class='ocr_par' dir='ltr' id='par_1_73' title="bbox 87 4346 1665 4421">
     <span class='ocr_line' id='line_1_73' title="bbox 87 4346 1665 4421; baseline 0.005 -24"><span class='ocrx_word' id='word_1_570' title='bbox 87 4347 205 4401; x_wconf 85' lang='lat' dir='ltr'><strong>nati.</strong></span> <span class='ocrx_word' id='word_1_571' title='bbox 240 4346 384 4404; x_wconf 82' lang='lat' dir='ltr'><strong>Huic</strong></span> <span class='ocrx_word' id='word_1_572' title='bbox 418 4357 582 4404; x_wconf 89' lang='lat' dir='ltr'><strong>erant</strong></span> <span class='ocrx_word' id='word_1_573' title='bbox 617 4348 813 4404; x_wconf 81' lang='lat' dir='ltr'><strong>fratres</strong></span> <span class='ocrx_word' id='word_1_574' title='bbox 848 4348 1113 4420; x_wconf 90' lang='lat' dir='ltr'><strong>Pippinus</strong></span> <span class='ocrx_word' id='word_1_575' title='bbox 1150 4349 1323 4421; x_wconf 76' lang='grc'><strong>(255),</strong></span> <span class='ocrx_word' id='word_1_576' title='bbox 1356 4348 1588 4405; x_wconf 81' lang='lat' dir='ltr'><strong>Karolus</strong></span> <span class='ocrx_word' id='word_1_577' title='bbox 1613 4360 1665 4405; x_wconf 92' lang='lat' dir='ltr'><strong>et</strong></span> 
     </span>
    </p>
   </div>
   <div class='ocr_carea' id='block_1_74' title="bbox 1768 3144 3364 3223">
    <p class='ocr_par' dir='ltr' id='par_1_74' title="bbox 1768 3144 3364 3223">
     <span class='ocr_line' id='line_1_74' title="bbox 1768 3144 3364 3223; baseline 0.008 -27"><span class='ocrx_word' id='word_1_578' title='bbox 1768 3151 1930 3212; x_wconf 89' lang='lat' dir='ltr'><strong>prout</strong></span> <span class='ocrx_word' id='word_1_579' title='bbox 1948 3144 2183 3214; x_wconf 88' lang='lat' dir='ltr'><strong>quisque</strong></span> <span class='ocrx_word' id='word_1_580' title='bbox 2203 3155 2419 3215; x_wconf 81' lang='lat' dir='ltr'><strong>pelerat</strong></span> <span class='ocrx_word' id='word_1_581' title='bbox 2446 3148 2813 3217; x_wconf 87' lang='lat' dir='ltr'><strong>dilataverint,</strong></span> <span class='ocrx_word' id='word_1_582' title='bbox 2856 3165 3020 3205; x_wconf 90' lang='lat' dir='ltr'><strong>nemo</strong></span> <span class='ocrx_word' id='word_1_583' title='bbox 3061 3166 3190 3207; x_wconf 86' lang='lat' dir='ltr'><strong>vero</strong></span> <span class='ocrx_word' id='word_1_584' title='bbox 3216 3151 3364 3223; x_wconf 82' lang='lat' dir='ltr'><strong>regis</strong></span> 
     </span>
    </p>
   </div>
   <div class='ocr_carea' id='block_1_75' title="bbox 1767 3241 3368 3315">
    <p class='ocr_par' dir='ltr' id='par_1_75' title="bbox 1767 3241 3368 3315">
     <span class='ocr_line' id='line_1_75' title="bbox 1767 3241 3368 3315; baseline 0.007 -26"><span class='ocrx_word' id='word_1_585' title='bbox 1767 3245 2108 3306; x_wconf 88' lang='lat' dir='ltr'><strong>provectum,</strong></span> <span class='ocrx_word' id='word_1_586' title='bbox 2153 3254 2315 3294; x_wconf 91' lang='lat' dir='ltr'><strong>nemo</strong></span> <span class='ocrx_word' id='word_1_587' title='bbox 2355 3241 2507 3312; x_wconf 89' lang='lat' dir='ltr'><strong>regni</strong></span> <span class='ocrx_word' id='word_1_588' title='bbox 2551 3242 2774 3296; x_wconf 88' lang='lat' dir='ltr'><strong>tutelam</strong></span> <span class='ocrx_word' id='word_1_589' title='bbox 2800 3241 3098 3312; x_wconf 83' lang='lat' dir='ltr'><strong>quaesierit,</strong></span> <span class='ocrx_word' id='word_1_590' title='bbox 3150 3243 3368 3315; x_wconf 85' lang='lat' dir='ltr'><strong>hocque</strong></span> 
     </span>
    </p>
   </div>
   <div class='ocr_carea' id='block_1_76' title="bbox 1769 3330 3366 3404">
    <p class='ocr_par' dir='ltr' id='par_1_76' title="bbox 1769 3330 3366 3404">
     <span class='ocr_line' id='line_1_76' title="bbox 1769 3330 3366 3404; baseline 0.006 -23"><span class='ocrx_word' id='word_1_591' title='bbox 1769 3340 2055 3384; x_wconf 86' lang='lat' dir='ltr'><strong>cernentes</strong></span> <span class='ocrx_word' id='word_1_592' title='bbox 2099 3330 2288 3387; x_wconf 85' lang='lat' dir='ltr'><strong>hostes</strong></span> <span class='ocrx_word' id='word_1_593' title='bbox 2346 3347 2577 3403; x_wconf 90' lang='lat' dir='ltr'><strong>regnum</strong></span> <span class='ocrx_word' id='word_1_594' title='bbox 2627 3334 2870 3404; x_wconf 84' lang='lat' dir='ltr'><strong>undique</strong></span> <span class='ocrx_word' id='word_1_595' title='bbox 2919 3335 3366 3404; x_wconf 88' lang='lat' dir='ltr'><strong>incursaverint,</strong></span> 
     </span>
    </p>
   </div>
   <div class='ocr_carea' id='block_1_77' title="bbox 1768 3419 3370 3499">
    <p class='ocr_par' dir='ltr' id='par_1_77' title="bbox 1768 3419 3370 3499">
     <span class='ocr_line' id='line_1_77' title="bbox 1768 3419 3370 3499; baseline 0.007 -26"><span class='ocrx_word' id='word_1_596' title='bbox 1768 3419 2042 3491; x_wconf 88' lang='lat' dir='ltr'><strong>principes</strong></span> <span class='ocrx_word' id='word_1_597' title='bbox 2068 3422 2286 3477; x_wconf 83' lang='lat' dir='ltr'><strong>tandem</strong></span> <span class='ocrx_word' id='word_1_598' title='bbox 2316 3439 2418 3494; x_wconf 91' lang='lat' dir='ltr'><strong>pro</strong></span> <span class='ocrx_word' id='word_1_599' title='bbox 2442 3425 2548 3481; x_wconf 89' lang='lat' dir='ltr'><strong>hoc</strong></span> <span class='ocrx_word' id='word_1_600' title='bbox 2573 3426 2834 3493; x_wconf 83' lang='lat' dir='ltr'><strong>doluisse,</strong></span> <span class='ocrx_word' id='word_1_601' title='bbox 2864 3428 3370 3499; x_wconf 88' lang='lat' dir='ltr'><strong>convenientesquc</strong></span> 
     </span>
    </p>
   </div>
   <div class='ocr_carea' id='block_1_78' title="bbox 1771 3510 3371 3585">
    <p class='ocr_par' dir='ltr' id='par_1_78' title="bbox 1771 3510 3371 3585">
     <span class='ocr_line' id='line_1_78' title="bbox 1771 3510 3371 3585; baseline 0.008 -20"><span class='ocrx_word' id='word_1_602' title='bbox 1771 3510 1826 3565; x_wconf 93' lang='lat' dir='ltr'><strong>in</strong></span> <span class='ocrx_word' id='word_1_603' title='bbox 1850 3527 2041 3579; x_wconf 89' lang='lat' dir='ltr'><strong>unum,</strong></span> <span class='ocrx_word' id='word_1_604' title='bbox 2080 3514 2211 3585; x_wconf 90' lang='lat' dir='ltr'><strong>quia</strong></span> <span class='ocrx_word' id='word_1_605' title='bbox 2238 3531 2377 3585; x_wconf 89' lang='lat' dir='ltr'><strong>puer</strong></span> <span class='ocrx_word' id='word_1_606' title='bbox 2404 3515 2587 3575; x_wconf 84' lang='lat' dir='ltr'><strong>adhuc</strong></span> <span class='ocrx_word' id='word_1_607' title='bbox 2630 3518 2723 3574; x_wconf 85' lang='lat' dir='ltr'><strong>vix</strong></span> <span class='ocrx_word' id='word_1_608' title='bbox 2752 3519 2983 3576; x_wconf 90' lang='lat' dir='ltr'><strong>triennis</strong></span> <span class='ocrx_word' id='word_1_609' title='bbox 3008 3530 3146 3585; x_wconf 89' lang='lat' dir='ltr'><strong>erat,</strong></span> <span class='ocrx_word' id='word_1_610' title='bbox 3197 3520 3371 3578; x_wconf 85' lang='lat' dir='ltr'><strong>Outo-</strong></span> 
     </span>
    </p>
   </div>
   <div class='ocr_carea' id='block_1_79' title="bbox 1771 3608 3370 3678">
    <p class='ocr_par' dir='ltr' id='par_1_79' title="bbox 1771 3608 3370 3678">
     <span class='ocr_line' id='line_1_79' title="bbox 1771 3608 3370 3678; baseline 0.006 -19"><span class='ocrx_word' id='word_1_611' title='bbox 1771 3620 1895 3661; x_wconf 89' lang='lat' dir='ltr'><strong>nem</strong></span> <span class='ocrx_word' id='word_1_612' title='bbox 1927 3617 2149 3677; x_wconf 89' lang='lat' dir='ltr'><strong>propter</strong></span> <span class='ocrx_word' id='word_1_613' title='bbox 2195 3608 2520 3678; x_wconf 87' lang='lat' dir='ltr'><strong>sapientiam</strong></span> <span class='ocrx_word' id='word_1_614' title='bbox 2556 3618 2612 3667; x_wconf 94' lang='lat' dir='ltr'><strong>et</strong></span> <span class='ocrx_word' id='word_1_615' title='bbox 2658 3610 3037 3667; x_wconf 78' lang='lat' dir='ltr'><strong>fortitudinem</strong></span> <span class='ocrx_word' id='word_1_616' title='bbox 3088 3628 3245 3669; x_wconf 88' lang='lat' dir='ltr'><strong>suam</strong></span> <span class='ocrx_word' id='word_1_617' title='bbox 3298 3614 3370 3669; x_wconf 88' lang='lat' dir='ltr'><strong>ad</strong></span> 
     </span>
    </p>
   </div>
   <div class='ocr_carea' id='block_1_80' title="bbox 1773 3698 3371 3773">
    <p class='ocr_par' dir='ltr' id='par_1_80' title="bbox 1773 3698 3371 3773">
     <span class='ocr_line' id='line_1_80' title="bbox 1773 3698 3371 3773; baseline 0.006 -20"><span class='ocrx_word' id='word_1_618' title='bbox 1773 3698 2035 3754; x_wconf 90' lang='lat' dir='ltr'><strong>tuendum</strong></span> <span class='ocrx_word' id='word_1_619' title='bbox 2070 3715 2301 3770; x_wconf 87' lang='lat' dir='ltr'><strong>regnum</strong></span> <span class='ocrx_word' id='word_1_620' title='bbox 2346 3702 2635 3773; x_wconf 81' lang='lat' dir='ltr'><strong>delegisse,</strong></span> <span class='ocrx_word' id='word_1_621' title='bbox 2682 3718 2793 3759; x_wconf 91' lang='lat' dir='ltr'><strong>non</strong></span> <span class='ocrx_word' id='word_1_622' title='bbox 2821 3712 2882 3758; x_wconf 92' lang='lat' dir='ltr'><strong>ut</strong></span> <span class='ocrx_word' id='word_1_623' title='bbox 2909 3703 3244 3773; x_wconf 89' lang='lat' dir='ltr'><strong>desertores,</strong></span> <span class='ocrx_word' id='word_1_624' title='bbox 3271 3706 3371 3762; x_wconf 88' lang='lat' dir='ltr'><strong>sed</strong></span> 
     </span>
    </p>
   </div>
   <div class='ocr_carea' id='block_1_81' title="bbox 1769 3790 3375 3869">
    <p class='ocr_par' dir='ltr' id='par_1_81' title="bbox 1769 3790 3375 3869">
     <span class='ocr_line' id='line_1_81' title="bbox 1769 3790 3375 3869; baseline 0.006 -23"><span class='ocrx_word' id='word_1_625' title='bbox 1769 3790 1917 3846; x_wconf 88' lang='lat' dir='ltr'><strong>velut</strong></span> <span class='ocrx_word' id='word_1_626' title='bbox 1945 3792 2184 3847; x_wconf 89' lang='lat' dir='ltr'><strong>hostium</strong></span> <span class='ocrx_word' id='word_1_627' title='bbox 2218 3794 2477 3853; x_wconf 84' lang='lat' dir='ltr'><strong>incursus</strong></span> <span class='ocrx_word' id='word_1_628' title='bbox 2500 3796 2866 3867; x_wconf 88' lang='lat' dir='ltr'><strong>indignantes.</strong></span> <span class='ocrx_word' id='word_1_629' title='bbox 2918 3795 3025 3853; x_wconf 91' lang='lat' dir='ltr'><strong>Sed</strong></span> <span class='ocrx_word' id='word_1_630' title='bbox 3055 3798 3186 3869; x_wconf 89' lang='lat' dir='ltr'><strong>quia</strong></span> <span class='ocrx_word' id='word_1_631' title='bbox 3226 3798 3375 3856; x_wconf 88' lang='lat' dir='ltr'><strong>Outo</strong></span> 
     </span>
    </p>
   </div>
   <div class='ocr_carea' id='block_1_82' title="bbox 1769 3883 3366 3962">
    <p class='ocr_par' dir='ltr' id='par_1_82' title="bbox 1769 3883 3366 3962">
     <span class='ocr_line' id='line_1_82' title="bbox 1769 3883 3366 3962; baseline 0.007 -23"><span class='ocrx_word' id='word_1_632' title='bbox 1769 3883 1971 3939; x_wconf 86' lang='lat' dir='ltr'><strong>dicitur</strong></span> <span class='ocrx_word' id='word_1_633' title='bbox 1996 3901 2224 3955; x_wconf 88' lang='lat' dir='ltr'><strong>regnum</strong></span> <span class='ocrx_word' id='word_1_634' title='bbox 2274 3887 2454 3957; x_wconf 91' lang='lat' dir='ltr'><strong>ipsum</strong></span> <span class='ocrx_word' id='word_1_635' title='bbox 2481 3890 2551 3944; x_wconf 86' lang='lat' dir='ltr'><strong>ab</strong></span> <span class='ocrx_word' id='word_1_636' title='bbox 2578 3890 2811 3946; x_wconf 80' lang='lat' dir='ltr'><strong>Arnolfo</strong></span> <span class='ocrx_word' id='word_1_637' title='bbox 2853 3891 3182 3962; x_wconf 86' lang='lat' dir='ltr'><strong>imperatore</strong></span> <span class='ocrx_word' id='word_1_638' title='bbox 3221 3894 3366 3949; x_wconf 84' lang='lat' dir='ltr'><strong>obti—</strong></span> 
     </span>
    </p>
   </div>
   <div class='ocr_carea' id='block_1_83' title="bbox 1771 3978 3373 4053">
    <p class='ocr_par' dir='ltr' id='par_1_83' title="bbox 1771 3978 3373 4053">
     <span class='ocr_line' id='line_1_83' title="bbox 1771 3978 3373 4053; baseline 0.007 -22"><span class='ocrx_word' id='word_1_639' title='bbox 1771 3978 1980 4044; x_wconf 87' lang='lat' dir='ltr'><strong>nuisse,</strong></span> <span class='ocrx_word' id='word_1_640' title='bbox 2018 3978 2141 4032; x_wconf 85' lang='lat' dir='ltr'><strong>inde</strong></span> <span class='ocrx_word' id='word_1_641' title='bbox 2189 3994 2365 4048; x_wconf 89' lang='lat' dir='ltr'><strong>usque</strong></span> <span class='ocrx_word' id='word_1_642' title='bbox 2407 3980 2568 4036; x_wconf 79' lang='lat' dir='ltr'><strong>hodie</strong></span> <span class='ocrx_word' id='word_1_643' title='bbox 2614 3981 2785 4053; x_wconf 81' lang='lat' dir='ltr'><strong>(Win.</strong></span> <span class='ocrx_word' id='word_1_644' title='bbox 2819 3982 2859 4037; x_wconf 87' lang='grc' dir='ltr'><strong>Ι.</strong></span> <span class='ocrx_word' id='word_1_645' title='bbox 2890 3982 2955 4048; x_wconf 85' lang='grc' dir='ltr'><strong>Ι.)</strong></span> <span class='ocrx_word' id='word_1_646' title='bbox 2979 3993 3255 4042; x_wconf 88' lang='lat' dir='ltr'><strong>certamen</strong></span> <span class='ocrx_word' id='word_1_647' title='bbox 3285 3995 3373 4042; x_wconf 89' lang='lat' dir='ltr'><strong>est</strong></span> 
     </span>
    </p>
   </div>
   <div class='ocr_carea' id='block_1_84' title="bbox 1771 4065 3367 4141">
    <p class='ocr_par' dir='ltr' id='par_1_84' title="bbox 1771 4065 3367 4141">
     <span class='ocr_line' id='line_1_84' title="bbox 1771 4065 3367 4141; baseline 0.006 -21"><span class='ocrx_word' id='word_1_648' title='bbox 1771 4065 1839 4121; x_wconf 88' lang='lat' dir='ltr'><strong>de</strong></span> <span class='ocrx_word' id='word_1_649' title='bbox 1861 4082 2030 4138; x_wconf 88' lang='lat' dir='ltr'><strong>regno</strong></span> <span class='ocrx_word' id='word_1_650' title='bbox 2061 4067 2217 4137; x_wconf 90' lang='lat' dir='ltr'><strong>stirpi</strong></span> <span class='ocrx_word' id='word_1_651' title='bbox 2259 4067 2446 4123; x_wconf 85' lang='lat' dir='ltr'><strong>Karoli</strong></span> <span class='ocrx_word' id='word_1_652' title='bbox 2492 4077 2548 4124; x_wconf 87' lang='lat' dir='ltr'><strong>et</strong></span> <span class='ocrx_word' id='word_1_653' title='bbox 2585 4071 2820 4139; x_wconf 87' lang='lat' dir='ltr'><strong>posteris</strong></span> <span class='ocrx_word' id='word_1_654' title='bbox 2849 4070 3102 4141; x_wconf 77' lang='lat' dir='ltr'><strong>Outonis,</strong></span> <span class='ocrx_word' id='word_1_655' title='bbox 3136 4090 3367 4131; x_wconf 89' lang='lat' dir='ltr'><strong>concer-</strong></span> 
     </span>
    </p>
   </div>
   <div class='ocr_carea' id='block_1_85' title="bbox 1771 4161 3371 4235">
    <p class='ocr_par' dir='ltr' id='par_1_85' title="bbox 1771 4161 3371 4235">
     <span class='ocr_line' id='line_1_85' title="bbox 1771 4161 3371 4235; baseline 0.005 -19"><span class='ocrx_word' id='word_1_656' title='bbox 1771 4161 1906 4216; x_wconf 90' lang='lat' dir='ltr'><strong>tatio</strong></span> <span class='ocrx_word' id='word_1_657' title='bbox 1945 4176 2165 4230; x_wconf 85' lang='lat' dir='ltr'><strong>quoque</strong></span> <span class='ocrx_word' id='word_1_658' title='bbox 2190 4162 2439 4232; x_wconf 80' lang='lat' dir='ltr'><strong>regibus</strong></span> <span class='ocrx_word' id='word_1_659' title='bbox 2476 4161 2896 4235; x_wconf 85' lang='lat' dir='ltr'><strong>Karolingorum</strong></span> <span class='ocrx_word' id='word_1_660' title='bbox 2928 4175 2983 4222; x_wconf 88' lang='lat' dir='ltr'><strong>et</strong></span> <span class='ocrx_word' id='word_1_661' title='bbox 3019 4168 3371 4229; x_wconf 57' lang='lat' dir='ltr'><strong>orbutalium</strong></span> 
     </span>
    </p>
   </div>
   <div class='ocr_carea' id='block_1_86' title="bbox 1772 4253 3366 4329">
    <p class='ocr_par' dir='ltr' id='par_1_86' title="bbox 1772 4253 3366 4329">
     <span class='ocr_line' id='line_1_86' title="bbox 1772 4253 3366 4329; baseline 0.004 -21"><span class='ocrx_word' id='word_1_662' title='bbox 1772 4253 2109 4309; x_wconf 84' lang='lat' dir='ltr'><strong>Francorum</strong></span> <span class='ocrx_word' id='word_1_663' title='bbox 2139 4271 2305 4325; x_wconf 88' lang='lat' dir='ltr'><strong>super</strong></span> <span class='ocrx_word' id='word_1_664' title='bbox 2340 4271 2510 4327; x_wconf 88' lang='lat' dir='ltr'><strong>regno</strong></span> <span class='ocrx_word' id='word_1_665' title='bbox 2559 4256 2827 4312; x_wconf 87' lang='lat' dir='ltr'><strong>Lotharii.</strong></span> <span class='ocrx_word' id='word_1_666' title='bbox 2879 4258 3059 4328; x_wconf 81' lang='lat' dir='ltr'><strong>(Ricn.</strong></span> <span class='ocrx_word' id='word_1_667' title='bbox 3091 4276 3128 4326; x_wconf 80' lang='grc' dir='ltr'><strong>ι,</strong></span> <span class='ocrx_word' id='word_1_668' title='bbox 3160 4261 3249 4327; x_wconf 74' lang='grc'><strong>12,</strong></span> <span class='ocrx_word' id='word_1_669' title='bbox 3277 4261 3366 4329; x_wconf 78' lang='lat' dir='ltr'><strong>l5,</strong></span> 
     </span>
    </p>
   </div>
   <div class='ocr_carea' id='block_1_87' title="bbox 1775 4346 3370 4419">
    <p class='ocr_par' dir='ltr' id='par_1_87' title="bbox 1775 4346 3370 4419">
     <span class='ocr_line' id='line_1_87' title="bbox 1775 4346 3370 4419; baseline 0.005 -17"><span class='ocrx_word' id='word_1_670' title='bbox 1775 4348 1862 4413; x_wconf 72' lang='lat' dir='ltr'><strong>l-i,</strong></span> <span class='ocrx_word' id='word_1_671' title='bbox 1894 4348 1980 4415; x_wconf 80' lang='grc'><strong>15,</strong></span> <span class='ocrx_word' id='word_1_672' title='bbox 2008 4347 2156 4419; x_wconf 92' lang='lat' dir='ltr'><strong>sqq.)</strong></span> <span class='ocrx_word' id='word_1_673' title='bbox 2194 4346 2278 4404; x_wconf 89' lang='lat' dir='ltr'><strong>Ob</strong></span> <span class='ocrx_word' id='word_1_674' title='bbox 2302 4350 2450 4419; x_wconf 90' lang='lat' dir='ltr'><strong>quod</strong></span> <span class='ocrx_word' id='word_1_675' title='bbox 2477 4359 2532 4404; x_wconf 89' lang='lat' dir='ltr'><strong>et</strong></span> <span class='ocrx_word' id='word_1_676' title='bbox 2552 4348 2844 4406; x_wconf 87' lang='lat' dir='ltr'><strong>Heinricus</strong></span> <span class='ocrx_word' id='word_1_677' title='bbox 2865 4368 2959 4407; x_wconf 86' lang='lat' dir='ltr'><strong>rex</strong></span> <span class='ocrx_word' id='word_1_678' title='bbox 2988 4352 3158 4408; x_wconf 87' lang='lat' dir='ltr'><strong>movit</strong></span> <span class='ocrx_word' id='word_1_679' title='bbox 3189 4362 3370 4411; x_wconf 82' lang='lat' dir='ltr'><strong>castra</strong></span> 
     </span>
    </p>
   </div>
   <div class='ocr_carea' id='block_1_88' title="bbox 88 4435 3371 4514">
    <p class='ocr_par' dir='ltr' id='par_1_88' title="bbox 88 4435 3371 4514">
     <span class='ocr_line' id='line_1_88' title="bbox 88 4435 3371 4514; baseline 0.004 -25"><span class='ocrx_word' id='word_1_680' title='bbox 88 4436 422 4497; x_wconf 81' lang='lat' dir='ltr'><strong>Lndewicus.</strong></span> <span class='ocrx_word' id='word_1_681' title='bbox 455 4439 573 4495; x_wconf 91' lang='lat' dir='ltr'><strong>Sub</strong></span> <span class='ocrx_word' id='word_1_682' title='bbox 602 4441 688 4495; x_wconf 84' lang='lat' dir='ltr'><strong>his</strong></span> <span class='ocrx_word' id='word_1_683' title='bbox 727 4440 994 4497; x_wconf 84' lang='lat' dir='ltr'><strong>fratribus</strong></span> <span class='ocrx_word' id='word_1_684' title='bbox 1046 4442 1250 4496; x_wconf 86' lang='lat' dir='ltr'><strong>bellum</strong></span> <span class='ocrx_word' id='word_1_685' title='bbox 1285 4440 1557 4498; x_wconf 87' lang='lat' dir='ltr'><strong>famosum</strong></span> <span class='ocrx_word' id='word_1_686' title='bbox 1581 4441 1665 4497; x_wconf 84' lang='lat' dir='ltr'><strong>fa-</strong></span> <span class='ocrx_word' id='word_1_687' title='bbox 1696 4435 1746 4495; x_wconf 83' lang='grc' dir='ltr'><strong>ῐ)</strong></span> <span class='ocrx_word' id='word_1_688' title='bbox 1772 4454 1963 4495; x_wconf 86' lang='lat' dir='ltr'><strong>contra</strong></span> <span class='ocrx_word' id='word_1_689' title='bbox 2002 4438 2286 4508; x_wconf 85' lang='lat' dir='ltr'><strong>Karolum,</strong></span> <span class='ocrx_word' id='word_1_690' title='bbox 2328 4457 2455 4498; x_wconf 91' lang='lat' dir='ltr'><strong>cum</strong></span> <span class='ocrx_word' id='word_1_691' title='bbox 2474 4442 2591 4513; x_wconf 89' lang='lat' dir='ltr'><strong>jam</strong></span> <span class='ocrx_word' id='word_1_692' title='bbox 2614 4443 2949 4514; x_wconf 88' lang='lat' dir='ltr'><strong>quindennis</strong></span> <span class='ocrx_word' id='word_1_693' title='bbox 2981 4445 3371 4502; x_wconf 86' lang='lat' dir='ltr'><strong>sublimarctur</strong></span> 
     </span>
    </p>
   </div>
   <div class='ocr_carea' id='block_1_89' title="bbox 85 4530 1667 4605">
    <p class='ocr_par' dir='ltr' id='par_1_89' title="bbox 85 4530 1667 4605">
     <span class='ocr_line' id='line_1_89' title="bbox 85 4530 1667 4605; baseline 0.006 -25"><span class='ocrx_word' id='word_1_694' title='bbox 85 4538 220 4584; x_wconf 87' lang='lat' dir='ltr'><strong>ctum</strong></span> <span class='ocrx_word' id='word_1_695' title='bbox 246 4542 331 4587; x_wconf 87' lang='lat' dir='ltr'><strong>est</strong></span> <span class='ocrx_word' id='word_1_696' title='bbox 356 4533 414 4586; x_wconf 89' lang='lat' dir='ltr'><strong>in</strong></span> <span class='ocrx_word' id='word_1_697' title='bbox 441 4530 795 4598; x_wconf 83' lang='lat' dir='ltr'><strong>Phontinich,</strong></span> <span class='ocrx_word' id='word_1_698' title='bbox 840 4540 1134 4603; x_wconf 86' lang='lat' dir='ltr'><strong>antequam</strong></span> <span class='ocrx_word' id='word_1_699' title='bbox 1164 4534 1362 4589; x_wconf 81' lang='lat' dir='ltr'><strong>divisio</strong></span> <span class='ocrx_word' id='word_1_700' title='bbox 1386 4533 1541 4605; x_wconf 88' lang='lat' dir='ltr'><strong>regni</strong></span> <span class='ocrx_word' id='word_1_701' title='bbox 1570 4533 1667 4589; x_wconf 80' lang='lat' dir='ltr'><strong>lie-</strong></span> 
     </span>
    </p>
   </div>
   <div class='ocr_carea' id='block_1_90' title="bbox 83 4621 1669 4696">
    <p class='ocr_par' dir='ltr' id='par_1_90' title="bbox 83 4621 1669 4696">
     <span class='ocr_line' id='line_1_90' title="bbox 83 4621 1669 4696; baseline 0.006 -25"><span class='ocrx_word' id='word_1_702' title='bbox 83 4629 174 4675; x_wconf 88' lang='lat' dir='ltr'><strong>ret.</strong></span> <span class='ocrx_word' id='word_1_703' title='bbox 200 4621 365 4678; x_wconf 84' lang='lat' dir='ltr'><strong>Facta</strong></span> <span class='ocrx_word' id='word_1_704' title='bbox 388 4631 578 4679; x_wconf 90' lang='lat' dir='ltr'><strong>autem</strong></span> <span class='ocrx_word' id='word_1_705' title='bbox 605 4623 894 4689; x_wconf 88' lang='lat' dir='ltr'><strong>divisione,</strong></span> <span class='ocrx_word' id='word_1_706' title='bbox 922 4623 1155 4694; x_wconf 86' lang='lat' dir='ltr'><strong>Pippino</strong></span> <span class='ocrx_word' id='word_1_707' title='bbox 1197 4626 1365 4681; x_wconf 88' lang='lat' dir='ltr'><strong>cessit</strong></span> <span class='ocrx_word' id='word_1_708' title='bbox 1387 4624 1669 4696; x_wconf 83' lang='lat' dir='ltr'><strong>Hispania,</strong></span> 
     </span>
    </p>
   </div>
   <div class='ocr_carea' id='block_1_91' title="bbox 84 4706 1673 4783">
    <p class='ocr_par' dir='ltr' id='par_1_91' title="bbox 84 4706 1673 4783">
     <span class='ocr_line' id='line_1_91' title="bbox 84 4706 1673 4783; baseline 0.007 -24"><span class='ocrx_word' id='word_1_709' title='bbox 84 4706 275 4765; x_wconf 75' lang='lat' dir='ltr'><strong>Karolo</strong></span> <span class='ocrx_word' id='word_1_710' title='bbox 314 4726 558 4783; x_wconf 88' lang='lat' dir='ltr'><strong>regnum</strong></span> <span class='ocrx_word' id='word_1_711' title='bbox 600 4712 909 4782; x_wconf 67' lang='lat' dir='ltr'><strong>Aquitaniae</strong></span> <span class='ocrx_word' id='word_1_712' title='bbox 952 4722 1008 4768; x_wconf 91' lang='lat' dir='ltr'><strong>ct</strong></span> <span class='ocrx_word' id='word_1_713' title='bbox 1050 4712 1388 4781; x_wconf 75' lang='lat' dir='ltr'><strong>Wasconize;</strong></span> <span class='ocrx_word' id='word_1_714' title='bbox 1423 4716 1493 4769; x_wconf 91' lang='lat' dir='ltr'><strong>ab</strong></span> <span class='ocrx_word' id='word_1_715' title='bbox 1525 4715 1673 4770; x_wconf 84' lang='lat' dir='ltr'><strong>occi-</strong></span> 
     </span>
    </p>
   </div>
   <div class='ocr_carea' id='block_1_92' title="bbox 79 4799 1669 4877">
    <p class='ocr_par' dir='ltr' id='par_1_92' title="bbox 79 4799 1669 4877">
     <span class='ocr_line' id='line_1_92' title="bbox 79 4799 1669 4877; baseline 0.006 -26"><span class='ocrx_word' id='word_1_716' title='bbox 79 4799 231 4858; x_wconf 87' lang='lat' dir='ltr'><strong>dente</strong></span> <span class='ocrx_word' id='word_1_717' title='bbox 267 4804 489 4859; x_wconf 89' lang='lat' dir='ltr'><strong>habens</strong></span> <span class='ocrx_word' id='word_1_718' title='bbox 533 4804 823 4863; x_wconf 85' lang='lat' dir='ltr'><strong>terminum</strong></span> <span class='ocrx_word' id='word_1_719' title='bbox 874 4804 1229 4861; x_wconf 86' lang='lat' dir='ltr'><strong>Barcelonam</strong></span> <span class='ocrx_word' id='word_1_720' title='bbox 1276 4805 1552 4877; x_wconf 84' lang='lat' dir='ltr'><strong>Hispaniae</strong></span> <span class='ocrx_word' id='word_1_721' title='bbox 1572 4822 1669 4861; x_wconf 84' lang='lat' dir='ltr'><strong>ur—</strong></span> 
     </span>
    </p>
   </div>
   <div class='ocr_carea' id='block_1_93' title="bbox 80 4889 1669 4965">
    <p class='ocr_par' dir='ltr' id='par_1_93' title="bbox 80 4889 1669 4965">
     <span class='ocr_line' id='line_1_93' title="bbox 80 4889 1669 4965; baseline 0.006 -20"><span class='ocrx_word' id='word_1_722' title='bbox 80 4889 215 4959; x_wconf 85' lang='lat' dir='ltr'><strong>bem,</strong></span> <span class='ocrx_word' id='word_1_723' title='bbox 244 4895 315 4949; x_wconf 87' lang='lat' dir='ltr'><strong>ab</strong></span> <span class='ocrx_word' id='word_1_724' title='bbox 343 4895 610 4965; x_wconf 86' lang='lat' dir='ltr'><strong>aquilone</strong></span> <span class='ocrx_word' id='word_1_725' title='bbox 634 4894 1008 4952; x_wconf 87' lang='lat' dir='ltr'><strong>Britannicum</strong></span> <span class='ocrx_word' id='word_1_726' title='bbox 1056 4914 1227 4965; x_wconf 90' lang='lat' dir='ltr'><strong>mare,</strong></span> <span class='ocrx_word' id='word_1_727' title='bbox 1272 4898 1338 4953; x_wconf 91' lang='lat' dir='ltr'><strong>ad</strong></span> <span class='ocrx_word' id='word_1_728' title='bbox 1386 4898 1669 4955; x_wconf 88' lang='lat' dir='ltr'><strong>meridiem</strong></span> 
     </span>
    </p>
   </div>
   <div class='ocr_carea' id='block_1_94' title="bbox 73 4978 1672 5057">
    <p class='ocr_par' dir='ltr' id='par_1_94' title="bbox 73 4978 1672 5057">
     <span class='ocr_line' id='line_1_94' title="bbox 73 4978 1672 5057; baseline 0.002 -16"><span class='ocrx_word' id='word_1_729' title='bbox 73 4978 195 5054; x_wconf 76' lang='lat' dir='ltr'><strong>iuga</strong></span> <span class='ocrx_word' id='word_1_730' title='bbox 230 4987 483 5057; x_wconf 78' lang='lat' dir='ltr'><strong>Alpium,</strong></span> <span class='ocrx_word' id='word_1_731' title='bbox 533 4988 600 5042; x_wconf 85' lang='lat' dir='ltr'><strong>ad</strong></span> <span class='ocrx_word' id='word_1_732' title='bbox 650 4988 915 5044; x_wconf 85' lang='lat' dir='ltr'><strong>orientem</strong></span> <span class='ocrx_word' id='word_1_733' title='bbox 971 4989 1177 5045; x_wconf 83' lang='lat' dir='ltr'><strong>Masam</strong></span> <span class='ocrx_word' id='word_1_734' title='bbox 1233 4989 1479 5045; x_wconf 84' lang='lat' dir='ltr'><strong>ﬂuvium.</strong></span> <span class='ocrx_word' id='word_1_735' title='bbox 1526 4990 1672 5046; x_wconf 82' lang='lat' dir='ltr'><strong>Inter</strong></span> 
     </span>
    </p>
   </div>
   <div class='ocr_carea' id='block_1_95' title="bbox 79 5070 1669 5152">
    <p class='ocr_par' dir='ltr' id='par_1_95' title="bbox 79 5070 1669 5152">
     <span class='ocr_line' id='line_1_95' title="bbox 79 5070 1669 5152; baseline 0.004 -22"><span class='ocrx_word' id='word_1_736' title='bbox 79 5070 277 5131; x_wconf 70' lang='lat' dir='ltr'><strong>Masam</strong></span> <span class='ocrx_word' id='word_1_737' title='bbox 325 5093 467 5133; x_wconf 85' lang='lat' dir='ltr'><strong>vero</strong></span> <span class='ocrx_word' id='word_1_738' title='bbox 501 5078 726 5135; x_wconf 86' lang='lat' dir='ltr'><strong>ﬂuvium</strong></span> <span class='ocrx_word' id='word_1_739' title='bbox 755 5089 811 5135; x_wconf 90' lang='lat' dir='ltr'><strong>et</strong></span> <span class='ocrx_word' id='word_1_740' title='bbox 834 5079 1088 5136; x_wconf 76' lang='lat' dir='ltr'><strong>Rhenum</strong></span> <span class='ocrx_word' id='word_1_741' title='bbox 1138 5081 1400 5138; x_wconf 89' lang='lat' dir='ltr'><strong>Lothario</strong></span> <span class='ocrx_word' id='word_1_742' title='bbox 1442 5097 1669 5152; x_wconf 85' lang='lat' dir='ltr'><strong>regnum</strong></span> 
     </span>
    </p>
   </div>
   <div class='ocr_carea' id='block_1_96' title="bbox 78 5168 1672 5245">
    <p class='ocr_par' dir='ltr' id='par_1_96' title="bbox 78 5168 1672 5245">
     <span class='ocr_line' id='line_1_96' title="bbox 78 5168 1672 5245; baseline 0.006 -26"><span class='ocrx_word' id='word_1_743' title='bbox 78 5168 237 5224; x_wconf 86' lang='lat' dir='ltr'><strong>cessit</strong></span> <span class='ocrx_word' id='word_1_744' title='bbox 258 5185 392 5225; x_wconf 87' lang='lat' dir='ltr'><strong>cum</strong></span> <span class='ocrx_word' id='word_1_745' title='bbox 421 5168 601 5236; x_wconf 86' lang='lat' dir='ltr'><strong>Italia,</strong></span> <span class='ocrx_word' id='word_1_746' title='bbox 625 5187 789 5241; x_wconf 87' lang='lat' dir='ltr'><strong>quam</strong></span> <span class='ocrx_word' id='word_1_747' title='bbox 813 5172 1029 5228; x_wconf 79' lang='lat' dir='ltr'><strong>vivente</strong></span> <span class='ocrx_word' id='word_1_748' title='bbox 1063 5185 1218 5243; x_wconf 88' lang='lat' dir='ltr'><strong>patre</strong></span> <span class='ocrx_word' id='word_1_749' title='bbox 1243 5174 1537 5245; x_wconf 71' lang='lat' dir='ltr'><strong>regendam</strong></span> <span class='ocrx_word' id='word_1_750' title='bbox 1579 5190 1672 5229; x_wconf 89' lang='lat' dir='ltr'><strong>ac-</strong></span> 
     </span>
    </p>
   </div>
   <div class='ocr_carea' id='block_1_97' title="bbox 78 5260 1672 5335">
    <p class='ocr_par' dir='ltr' id='par_1_97' title="bbox 78 5260 1672 5335">
     <span class='ocr_line' id='line_1_97' title="bbox 78 5260 1672 5335; baseline 0.006 -26"><span class='ocrx_word' id='word_1_751' title='bbox 78 5260 231 5326; x_wconf 78' lang='lat' dir='ltr'><strong>cepit.</strong></span> <span class='ocrx_word' id='word_1_752' title='bbox 291 5263 341 5315; x_wconf 76' lang='grc' dir='ltr'>Α</span> <span class='ocrx_word' id='word_1_753' title='bbox 382 5261 580 5318; x_wconf 81' lang='lat' dir='ltr'><strong>Rheno</strong></span> <span class='ocrx_word' id='word_1_754' title='bbox 627 5272 810 5318; x_wconf 90' lang='lat' dir='ltr'><strong>autem</strong></span> <span class='ocrx_word' id='word_1_755' title='bbox 856 5281 1031 5335; x_wconf 91' lang='lat' dir='ltr'><strong>usque</strong></span> <span class='ocrx_word' id='word_1_756' title='bbox 1073 5266 1142 5321; x_wconf 89' lang='lat' dir='ltr'><strong>ad</strong></span> <span class='ocrx_word' id='word_1_757' title='bbox 1183 5266 1319 5321; x_wconf 87' lang='lat' dir='ltr'><strong>lines</strong></span> <span class='ocrx_word' id='word_1_758' title='bbox 1369 5265 1577 5320; x_wconf 75' lang='lat' dir='ltr'><strong>Yllirici</strong></span> <span class='ocrx_word' id='word_1_759' title='bbox 1617 5273 1672 5320; x_wconf 90' lang='lat' dir='ltr'><strong>et</strong></span> 
     </span>
    </p>
   </div>
   <div class='ocr_carea' id='block_1_98' title="bbox 77 5345 1671 5428">
    <p class='ocr_par' dir='ltr' id='par_1_98' title="bbox 77 5345 1671 5428">
     <span class='ocr_line' id='line_1_98' title="bbox 77 5345 1671 5428; baseline 0.006 -27"><span class='ocrx_word' id='word_1_760' title='bbox 77 5345 396 5421; x_wconf 68' lang='lat' dir='ltr'><strong>Pannoniae,</strong></span> <span class='ocrx_word' id='word_1_761' title='bbox 432 5352 671 5409; x_wconf 87' lang='lat' dir='ltr'><strong>Odoram</strong></span> <span class='ocrx_word' id='word_1_762' title='bbox 694 5371 915 5428; x_wconf 86' lang='lat' dir='ltr'><strong>quoque</strong></span> <span class='ocrx_word' id='word_1_763' title='bbox 946 5358 1169 5412; x_wconf 84' lang='lat' dir='ltr'><strong>fluvium</strong></span> <span class='ocrx_word' id='word_1_764' title='bbox 1199 5367 1246 5412; x_wconf 86' lang='lat' dir='ltr'><strong>et</strong></span> <span class='ocrx_word' id='word_1_765' title='bbox 1276 5358 1539 5413; x_wconf 76' lang='lat' dir='ltr'><strong>terminos</strong></span> <span class='ocrx_word' id='word_1_766' title='bbox 1565 5354 1671 5410; x_wconf 84' lang='lat' dir='ltr'><strong>Da-</strong></span> 
     </span>
    </p>
   </div>
   <div class='ocr_carea' id='block_1_99' title="bbox 1773 4532 3369 4610">
    <p class='ocr_par' dir='ltr' id='par_1_99' title="bbox 1773 4532 3369 4610">
     <span class='ocr_line' id='line_1_99' title="bbox 1773 4532 3369 4610; baseline 0.006 -23"><span class='ocrx_word' id='word_1_767' title='bbox 1773 4532 1831 4587; x_wconf 90' lang='lat' dir='ltr'><strong>in</strong></span> <span class='ocrx_word' id='word_1_768' title='bbox 1868 4548 2118 4604; x_wconf 86' lang='lat' dir='ltr'><strong>regnum,</strong></span> <span class='ocrx_word' id='word_1_769' title='bbox 2144 4533 2374 4605; x_wconf 90' lang='lat' dir='ltr'><strong>ejusque</strong></span> <span class='ocrx_word' id='word_1_770' title='bbox 2398 4534 2582 4605; x_wconf 89' lang='lat' dir='ltr'><strong>sepius</strong></span> <span class='ocrx_word' id='word_1_771' title='bbox 2608 4535 2752 4591; x_wconf 83' lang='lat' dir='ltr'><strong>fudit</strong></span> <span class='ocrx_word' id='word_1_772' title='bbox 2772 4538 3095 4599; x_wconf 84' lang='lat' dir='ltr'><strong>exercitum.</strong></span> <span class='ocrx_word' id='word_1_773' title='bbox 3121 4537 3369 4610; x_wconf 88' lang='lat' dir='ltr'><strong>juvitque</strong></span> 
     </span>
    </p>
   </div>
   <div class='ocr_carea' id='block_1_100' title="bbox 1773 4622 3370 4688">
    <p class='ocr_par' dir='ltr' id='par_1_100' title="bbox 1773 4622 3370 4688">
     <span class='ocr_line' id='line_1_100' title="bbox 1773 4622 3370 4688; baseline 0.006 -10"><span class='ocrx_word' id='word_1_774' title='bbox 1773 4622 1994 4680; x_wconf 87' lang='lat' dir='ltr'><strong>fortuna</strong></span> <span class='ocrx_word' id='word_1_775' title='bbox 2022 4623 2218 4682; x_wconf 85' lang='lat' dir='ltr'><strong>fortem</strong></span> <span class='ocrx_word' id='word_1_776' title='bbox 2246 4626 2447 4682; x_wconf 89' lang='lat' dir='ltr'><strong>virum.</strong></span> <span class='ocrx_word' id='word_1_777' title='bbox 2485 4625 2701 4684; x_wconf 87' lang='lat' dir='ltr'><strong>Outone</strong></span> <span class='ocrx_word' id='word_1_778' title='bbox 2744 4637 2929 4684; x_wconf 89' lang='lat' dir='ltr'><strong>autem</strong></span> <span class='ocrx_word' id='word_1_779' title='bbox 2967 4629 3183 4687; x_wconf 88' lang='lat' dir='ltr'><strong>decimo</strong></span> <span class='ocrx_word' id='word_1_780' title='bbox 3227 4647 3370 4688; x_wconf 86' lang='lat' dir='ltr'><strong>anno</strong></span> 
     </span>
    </p>
   </div>
   <div class='ocr_carea' id='block_1_101' title="bbox 1774 4717 3370 4794">
    <p class='ocr_par' dir='ltr' id='par_1_101' title="bbox 1774 4717 3370 4794">
     <span class='ocr_line' id='line_1_101' title="bbox 1774 4717 3370 4794; baseline 0.007 -23"><span class='ocrx_word' id='word_1_781' title='bbox 1774 4717 1928 4788; x_wconf 90' lang='lat' dir='ltr'><strong>regni</strong></span> <span class='ocrx_word' id='word_1_782' title='bbox 1963 4718 2050 4773; x_wconf 93' lang='lat' dir='ltr'><strong>sui</strong></span> <span class='ocrx_word' id='word_1_783' title='bbox 2083 4717 2377 4787; x_wconf 84' lang='lat' dir='ltr'><strong>defuncto,</strong></span> <span class='ocrx_word' id='word_1_784' title='bbox 2421 4720 2721 4777; x_wconf 86' lang='lat' dir='ltr'><strong>Galliarum</strong></span> <span class='ocrx_word' id='word_1_785' title='bbox 2767 4724 3042 4794; x_wconf 85' lang='lat' dir='ltr'><strong>principes</strong></span> <span class='ocrx_word' id='word_1_786' title='bbox 3085 4725 3271 4780; x_wconf 87' lang='lat' dir='ltr'><strong>animo</strong></span> <span class='ocrx_word' id='word_1_787' title='bbox 3316 4736 3370 4782; x_wconf 78' lang='lat' dir='ltr'><strong>rt</strong></span> 
     </span>
    </p>
   </div>
   <div class='ocr_carea' id='block_1_102' title="bbox 1775 4811 3366 4885">
    <p class='ocr_par' dir='ltr' id='par_1_102' title="bbox 1775 4811 3366 4885">
     <span class='ocr_line' id='line_1_102' title="bbox 1775 4811 3366 4885; baseline 0.006 -21"><span class='ocrx_word' id='word_1_788' title='bbox 1775 4817 2120 4864; x_wconf 87' lang='lat' dir='ltr'><strong>sacramento</strong></span> <span class='ocrx_word' id='word_1_789' title='bbox 2158 4811 2354 4866; x_wconf 86' lang='lat' dir='ltr'><strong>annexi</strong></span> <span class='ocrx_word' id='word_1_790' title='bbox 2383 4820 2513 4867; x_wconf 87' lang='lat' dir='ltr'><strong>sunt</strong></span> <span class='ocrx_word' id='word_1_791' title='bbox 2562 4811 2786 4885; x_wconf 79' lang='lat' dir='ltr'><strong>Karolo,</strong></span> <span class='ocrx_word' id='word_1_792' title='bbox 2836 4829 3050 4870; x_wconf 91' lang='lat' dir='ltr'><strong>necnon</strong></span> <span class='ocrx_word' id='word_1_793' title='bbox 3089 4826 3144 4870; x_wconf 89' lang='lat' dir='ltr'><strong>et</strong></span> <span class='ocrx_word' id='word_1_794' title='bbox 3193 4815 3366 4873; x_wconf 83' lang='lat' dir='ltr'><strong>Ruot-</strong></span> 
     </span>
    </p>
   </div>
   <div class='ocr_carea' id='block_1_103' title="bbox 1777 4895 3366 4975">
    <p class='ocr_par' dir='ltr' id='par_1_103' title="bbox 1777 4895 3366 4975">
     <span class='ocr_line' id='line_1_103' title="bbox 1777 4895 3366 4975; baseline 0.008 -23"><span class='ocrx_word' id='word_1_795' title='bbox 1777 4906 1986 4967; x_wconf 91' lang='lat' dir='ltr'><strong>pertus,</strong></span> <span class='ocrx_word' id='word_1_796' title='bbox 2013 4895 2247 4954; x_wconf 81' lang='lat' dir='ltr'><strong>Outonis</strong></span> <span class='ocrx_word' id='word_1_797' title='bbox 2268 4900 2416 4971; x_wconf 89' lang='lat' dir='ltr'><strong>regis</strong></span> <span class='ocrx_word' id='word_1_798' title='bbox 2436 4899 2682 4957; x_wconf 91' lang='lat' dir='ltr'><strong>defuncti</strong></span> <span class='ocrx_word' id='word_1_799' title='bbox 2711 4901 2897 4969; x_wconf 87' lang='lat' dir='ltr'><strong>frater,</strong></span> <span class='ocrx_word' id='word_1_800' title='bbox 2927 4904 3010 4958; x_wconf 89' lang='lat' dir='ltr'><strong>vir</strong></span> <span class='ocrx_word' id='word_1_801' title='bbox 3040 4903 3366 4975; x_wconf 87' lang='lat' dir='ltr'><strong>industrius,</strong></span> 
     </span>
    </p>
   </div>
   <div class='ocr_carea' id='block_1_104' title="bbox 1772 4989 3370 5061">
    <p class='ocr_par' dir='ltr' id='par_1_104' title="bbox 1772 4989 3370 5061">
     <span class='ocr_line' id='line_1_104' title="bbox 1772 4989 3370 5061; baseline 0.007 -16"><span class='ocrx_word' id='word_1_802' title='bbox 1772 5003 1895 5045; x_wconf 86' lang='lat' dir='ltr'><strong>sese</strong></span> <span class='ocrx_word' id='word_1_803' title='bbox 1938 4989 2017 5042; x_wconf 92' lang='lat' dir='ltr'><strong>illi</strong></span> <span class='ocrx_word' id='word_1_804' title='bbox 2058 4989 2321 5057; x_wconf 89' lang='lat' dir='ltr'><strong>subdidit,</strong></span> <span class='ocrx_word' id='word_1_805' title='bbox 2370 5006 2534 5061; x_wconf 89' lang='lat' dir='ltr'><strong>quem</strong></span> <span class='ocrx_word' id='word_1_806' title='bbox 2564 4993 2655 5049; x_wconf 90' lang='lat' dir='ltr'><strong>ille</strong></span> <span class='ocrx_word' id='word_1_807' title='bbox 2695 4993 2890 5050; x_wconf 90' lang='lat' dir='ltr'><strong>ducem</strong></span> <span class='ocrx_word' id='word_1_808' title='bbox 2922 4994 3111 5053; x_wconf 63' lang='lat' dir='ltr'><strong>Galliae</strong></span> <span class='ocrx_word' id='word_1_809' title='bbox 3151 4995 3370 5056; x_wconf 62' lang='lat' dir='ltr'><strong>Celtica</strong></span> 
     </span>
    </p>
   </div>
   <div class='ocr_carea' id='block_1_105' title="bbox 1772 5078 3365 5161">
    <p class='ocr_par' dir='ltr' id='par_1_105' title="bbox 1772 5078 3365 5161">
     <span class='ocr_line' id='line_1_105' title="bbox 1772 5078 3365 5161; baseline 0.009 -28"><span class='ocrx_word' id='word_1_810' title='bbox 1772 5078 2018 5149; x_wconf 83' lang='lat' dir='ltr'><strong>prefecit.</strong></span> <span class='ocrx_word' id='word_1_811' title='bbox 2066 5080 2315 5152; x_wconf 92' lang='lat' dir='ltr'><strong>Cumque</strong></span> <span class='ocrx_word' id='word_1_812' title='bbox 2336 5081 2445 5152; x_wconf 82' lang='lat' dir='ltr'><strong>iam</strong></span> <span class='ocrx_word' id='word_1_813' title='bbox 2474 5081 2590 5140; x_wconf 82' lang='lat' dir='ltr'><strong>fere</strong></span> <span class='ocrx_word' id='word_1_814' title='bbox 2615 5092 2791 5141; x_wconf 90' lang='lat' dir='ltr'><strong>totum</strong></span> <span class='ocrx_word' id='word_1_815' title='bbox 2816 5087 3095 5159; x_wconf 86' lang='lat' dir='ltr'><strong>colligeret</strong></span> <span class='ocrx_word' id='word_1_816' title='bbox 3116 5105 3365 5161; x_wconf 85' lang='lat' dir='ltr'><strong>regnum,</strong></span> 
     </span>
    </p>
   </div>
   <div class='ocr_carea' id='block_1_106' title="bbox 1772 5172 3370 5245">
    <p class='ocr_par' dir='ltr' id='par_1_106' title="bbox 1772 5172 3370 5245">
     <span class='ocr_line' id='line_1_106' title="bbox 1772 5172 3370 5245; baseline 0.008 -18"><span class='ocrx_word' id='word_1_817' title='bbox 1772 5172 1940 5241; x_wconf 86' lang='lat' dir='ltr'><strong>coepit</strong></span> <span class='ocrx_word' id='word_1_818' title='bbox 1960 5173 2234 5242; x_wconf 90' lang='lat' dir='ltr'><strong>quendam</strong></span> <span class='ocrx_word' id='word_1_819' title='bbox 2257 5172 2612 5245; x_wconf 85' lang='lat' dir='ltr'><strong>Haganonem</strong></span> <span class='ocrx_word' id='word_1_820' title='bbox 2632 5192 2698 5233; x_wconf 87' lang='lat' dir='ltr'><strong>ex</strong></span> <span class='ocrx_word' id='word_1_821' title='bbox 2720 5177 3091 5237; x_wconf 89' lang='lat' dir='ltr'><strong>mediocribus</strong></span> <span class='ocrx_word' id='word_1_822' title='bbox 3111 5183 3370 5242; x_wconf 85' lang='lat' dir='ltr'><strong>extollere</strong></span> 
     </span>
    </p>
   </div>
   <div class='ocr_carea' id='block_1_107' title="bbox 1772 5266 3365 5348">
    <p class='ocr_par' dir='ltr' id='par_1_107' title="bbox 1772 5266 3365 5348">
     <span class='ocr_line' id='line_1_107' title="bbox 1772 5266 3365 5348; baseline 0.009 -30"><span class='ocrx_word' id='word_1_823' title='bbox 1772 5272 1828 5318; x_wconf 90' lang='lat' dir='ltr'><strong>et</strong></span> <span class='ocrx_word' id='word_1_824' title='bbox 1859 5278 2027 5334; x_wconf 82' lang='lat' dir='ltr'><strong>supra</strong></span> <span class='ocrx_word' id='word_1_825' title='bbox 2054 5278 2247 5320; x_wconf 90' lang='lat' dir='ltr'><strong>omnes</strong></span> <span class='ocrx_word' id='word_1_826' title='bbox 2280 5266 2557 5337; x_wconf 89' lang='lat' dir='ltr'><strong>principes</strong></span> <span class='ocrx_word' id='word_1_827' title='bbox 2582 5269 2827 5341; x_wconf 88' lang='lat' dir='ltr'><strong>diligere,</strong></span> <span class='ocrx_word' id='word_1_828' title='bbox 2865 5272 3003 5329; x_wconf 87' lang='lat' dir='ltr'><strong>adeo</strong></span> <span class='ocrx_word' id='word_1_829' title='bbox 3025 5282 3106 5341; x_wconf 89' lang='lat' dir='ltr'><strong>ut,</strong></span> <span class='ocrx_word' id='word_1_830' title='bbox 3134 5291 3365 5348; x_wconf 56' lang='lat' dir='ltr'><strong>magna-</strong></span> 
     </span>
    </p>
   </div>
   <div class='ocr_carea' id='block_1_108' title="bbox 1776 5354 3368 5442">
    <p class='ocr_par' dir='ltr' id='par_1_108' title="bbox 1776 5354 3368 5442">
     <span class='ocr_line' id='line_1_108' title="bbox 1776 5354 3368 5442; baseline 0.011 -33"><span class='ocrx_word' id='word_1_831' title='bbox 1776 5354 1922 5410; x_wconf 88' lang='lat' dir='ltr'><strong>tibus</strong></span> <span class='ocrx_word' id='word_1_832' title='bbox 1966 5354 2277 5427; x_wconf 89' lang='lat' dir='ltr'><strong>quibusque</strong></span> <span class='ocrx_word' id='word_1_833' title='bbox 2337 5360 2526 5428; x_wconf 92' lang='lat' dir='ltr'><strong>procul</strong></span> <span class='ocrx_word' id='word_1_834' title='bbox 2585 5361 2999 5435; x_wconf 83' lang='lat' dir='ltr'><strong>absistentibus,</strong></span> <span class='ocrx_word' id='word_1_835' title='bbox 3048 5367 3165 5438; x_wconf 89' lang='lat' dir='ltr'><strong>ipse</strong></span> <span class='ocrx_word' id='word_1_836' title='bbox 3219 5370 3368 5442; x_wconf 86' lang='lat' dir='ltr'><strong>regio</strong></span> 
     </span>
    </p>
   </div>
   <div class='ocr_carea' id='block_1_109' title="bbox 1392 5443 2073 5500">
    <p class='ocr_par' dir='ltr' id='par_1_109' title="bbox 1392 5443 2073 5500">
     <span class='ocr_line' id='line_1_109' title="bbox 1392 5443 2073 5500; baseline 0.003 -3"><span class='ocrx_word' id='word_1_837' title='bbox 1392 5444 1626 5500; x_wconf 72' lang='lat' dir='ltr'><strong>VARle</strong></span> <span class='ocrx_word' id='word_1_838' title='bbox 1669 5443 2073 5500; x_wconf 73' lang='lat' dir='ltr'><strong>LECTIONES.</strong></span> 
     </span>
    </p>
   </div>
   <div class='ocr_carea' id='block_1_110' title="bbox 139 5531 979 5606">
    <p class='ocr_par' dir='ltr' id='par_1_110' title="bbox 139 5531 979 5606">
     <span class='ocr_line' id='line_1_110' title="bbox 139 5531 979 5606; baseline 0.001 -17"><span class='ocrx_word' id='word_1_839' title='bbox 139 5531 223 5565; x_wconf 81' lang='lat'>““</span> <span class='ocrx_word' id='word_1_840' title='bbox 248 5549 526 5606; x_wconf 76' lang='lat' dir='ltr'><strong>superscr.</strong></span> <span class='ocrx_word' id='word_1_841' title='bbox 566 5536 618 5592; x_wconf 76' lang='grc'><strong>1.</strong></span> <span class='ocrx_word' id='word_1_842' title='bbox 699 5535 896 5591; x_wconf 74' lang='lat' dir='ltr'><strong>“&quot;ita</strong></span> <span class='ocrx_word' id='word_1_843' title='bbox 930 5537 979 5591; x_wconf 82' lang='lat' dir='ltr'><strong>i.</strong></span> 
     </span>
    </p>
   </div>
   <div class='ocr_carea' id='block_1_111' title="bbox 1629 5627 1857 5683">
    <p class='ocr_par' dir='ltr' id='par_1_111' title="bbox 1629 5627 1857 5683">
     <span class='ocr_line' id='line_1_111' title="bbox 1629 5627 1857 5683; baseline 0.009 -2"><span class='ocrx_word' id='word_1_844' title='bbox 1629 5627 1857 5683; x_wconf 59' lang='lat' dir='ltr'><strong>NOTAE.</strong></span> 
     </span>
    </p>
   </div>
   <div class='ocr_carea' id='block_1_112' title="bbox 144 5627 2566 5793">
    <p class='ocr_par' dir='ltr' id='par_1_112' title="bbox 144 5627 2566 5793">
     <span class='ocr_line' id='line_1_112' title="bbox 1629 5627 1857 5683; baseline 0.009 -2"><span class='ocrx_word' id='word_1_845' title='bbox 1629 5627 1673 5681; x_wconf 80' lang='grc' dir='ltr'><strong>Ν</strong></span> <span class='ocrx_word' id='word_1_846' title='bbox 1843 5668 1857 5683; x_wconf 94' lang='grc'>.</span> 
     </span>
     <span class='ocr_line' id='line_1_113' title="bbox 144 5627 2566 5793; baseline 0.007 -27"><span class='ocrx_word' id='word_1_847' title='bbox 144 5711 292 5788; x_wconf 64' lang='grc' dir='ltr'><strong>(ἳὸὗ)</strong></span> <span class='ocrx_word' id='word_1_848' title='bbox 326 5711 510 5769; x_wconf 81' lang='lat' dir='ltr'><strong>Verba</strong></span> <span class='ocrx_word' id='word_1_849' title='bbox 547 5715 709 5771; x_wconf 87' lang='lat' dir='ltr'><strong>latius</strong></span> <span class='ocrx_word' id='word_1_850' title='bbox 743 5714 919 5786; x_wconf 84' lang='lat' dir='ltr'><strong>posita</strong></span> <span class='ocrx_word' id='word_1_851' title='bbox 961 5714 1316 5774; x_wconf 75' lang='lat' dir='ltr'><strong>Elikehardus</strong></span> <span class='ocrx_word' id='word_1_852' title='bbox 1344 5627 1994 5777; x_wconf 47' lang='lat' dir='ltr'><strong>\Viduhiiidigzrfationi</strong></span> <span class='ocrx_word' id='word_1_853' title='bbox 2021 5722 2247 5793; x_wconf 86' lang='lat' dir='ltr'><strong>adjecit;</strong></span> <span class='ocrx_word' id='word_1_854' title='bbox 2282 5724 2354 5782; x_wconf 84' lang='lat' dir='ltr'><strong>cf.</strong></span> <span class='ocrx_word' id='word_1_855' title='bbox 2382 5743 2566 5784; x_wconf 65' lang='lat' dir='ltr'><strong>su&#39;iz&#39;a.</strong></span> 
     </span>
    </p>
   </div>
  </div>
