3880 6308
431 293 537 348 899

1607 275 2005 334 EKKEHARDI
2045 272 2514 331 URAUGIENSIS

3618 266 3712 322 900

431 405 589 460 lateri
612 403 766 460 solus
789 402 1002 458 hereret
1031 399 1312 468 multaque
1338 395 1474 467 regii
1494 394 1637 466 juris
1661 393 1729 448 ad
1756 408 1917 448 suum
1936 390 2027 461 jus
2060 402 2103 457 Α
2131 388 2344 443 vocavit
2386 387 2455 442 ad
2484 399 2544 442 se
2573 383 2949 450 Gisilbertum,
2978 383 3068 438 cui
3097 380 3445 452 principatus
3492 383 3714 451 regionis

430 505 795 568 retorqueret.
851 493 1004 549 Unde
1054 492 1316 563 primates
1357 487 1644 558 indignati,
1677 501 1801 541 cum
1843 485 2024 539 nulla-

433 599 595 645 tenus
641 594 864 659 possent
905 600 1029 641 eum
1080 585 1150 639 ab
1198 583 1346 637 illius
1411 579 1702 635 dilectione
1758 585 2024 642 avertere,

432 681 736 752 querebant
763 679 917 732 illum
977 676 1044 731 de
1092 690 1262 746 regno
1324 673 1581 742 abjicere.
1625 669 1793 724 Multa
1844 668 2030 738 itaque

432 774 696 827 adversus
742 786 868 824 eum
918 768 1135 833 moliti,
1193 767 1262 822 ad
1317 765 1571 819 ultimum
1631 769 2026 826 convenerunt,

434 862 902 932 Ruotpertumque
950 859 1185 923 ducem,
1241 855 1467 910 fratrem
1513 851 1786 917 Outonis,
1845 865 2030 919 regem

431 951 853 1006 constituerunt.
903 947 1179 1002 Adversus
1214 959 1377 1016 quem
1407 943 1536 998 dum
1568 940 1802 996 Karolus
1827 940 2030 996 bellum

431 1049 766 1113 prepararet,
805 1048 858 1093 et
887 1041 942 1093 in
971 1053 1209 1108 pugnam
1257 1034 1632 1099 convenirent,
1679 1030 1898 1088 occisus
1946 1038 2033 1085 est

433 1133 787 1202 Ruotpertus,
832 1141 884 1186 et
913 1146 980 1185 ex
1012 1138 1166 1200 parte
1190 1129 1313 1199 ejus
1360 1125 1554 1192 11549,
1603 1140 1670 1179 ex
1699 1131 1853 1194 parte
1901 1136 2032 1177 vero

435 1224 620 1278 Karoli
672 1223 830 1277 7118.
872 1221 1051 1293 (Rieu.
1111 1237 1170 1288 η,
1229 1221 1281 1288 1,
1337 1218 1417 1289 2.)
1476 1217 1629 1288 Hugo
1679 1230 1833 1281 vero,
1888 1213 2034 1269 ﬁlius

435 1317 737 1386 Ruotperti,
770 1317 950 1370 adhuc
975 1314 1314 1379 adolescens,
1349 1311 1456 1381 egit
1485 1309 1629 1378 apud
1655 1321 2034 1378 quoscumque

431 1409 648 1481 potuit,
703 1409 1048 1476 maximeque
1114 1404 1260 1475 apud
1322 1401 1670 1456 Heribertum
1737 1406 2032 1469 cognatum

433 1496 633 1568 suum,
686 1501 781 1570 qui
834 1507 952 1554 erat
998 1514 1142 1553 unus
1191 1512 1259 1552 ex
1312 1491 1677 1565 magnatibus,
1707 1501 1768 1546 ut
1802 1491 1859 1545 in
1882 1489 2032 1560 deje»

433 1596 671 1651 ctionem
695 1592 879 1646 Karoli
903 1592 1025 1646 loco
1054 1589 1226 1660 patris
1252 1589 1337 1644 sui
1367 1587 1510 1642 alius
1536 1601 1630 1641 rex
1643 1592 1942 1650 crearetur,
1975 1596 2035 1637 se

457 1703 618 1758 psum
646 1700 776 1741 vero
806 1683 1115 1754 promoveri
1152 1680 1392 1748 nolebat,
1423 1679 1552 1750 quia
1581 1677 1753 1748 patris
1811 1673 2035 1730 interfe-

2127 489 2355 550 paterua
2403 477 2756 533 successione
2784 475 2971 542 cessit,
2993 476 3250 544 'eumque
3280 473 3585 528 venientem
3612 484 3717 530 alte

2127 571 2274 640 cepit
2303 581 2358 625 et
2391 569 2496 624 sub
2524 568 2775 624 custodia
2814 568 2928 638 regi
2954 565 3214 621 Heinrieo
3238 565 3568 620 transmisit.
3601 563 3720 632 Em

2127 673 2312 718 autem
2353 661 2679 717 Gisilbertus
2717 659 2886 714 nobili
2931 673 3129 730 genere
3153 673 3218 712 ae
3251 656 3459 710 familia
3508 657 3719 727 antiqua

2128 767 2311 812 natus.
2359 755 2533 821 Quem
2586 770 2683 810 rex
2732 754 2867 810 satis
2916 754 3074 808 laetus
3124 751 3403 821 suscepit,
3460 751 3590 820 quia
3635 765 3721 820 per

2130 849 2310 919 ipsum
2342 848 2520 904 solum
2566 854 2742 901 totum
2783 845 3030 900 Lotbarii
3062 859 3290 915 regnum
3323 858 3385 897 se
3417 842 3722 897 habiturum

2132 941 2430 996 arbitratus
2465 948 2569 994 est.
2630 937 2837 994 Deinde
2882 936 3078 992 videns
3123 936 3532 991 adolescentem
3586 934 3729 990 valde

2131 1028 2487 1096 industrium,
2519 1043 2716 1100 genere
2746 1043 2812 1083 ac
2842 1035 3110 1098 potestate
3153 1026 3472 1097 divitiisque
3506 1026 3726 1092 clarum,

2133 1121 2435 1188 liberaliter
2457 1136 2584 1176 eum
2625 1119 2792 1190 coepit
2839 1120 3063 1185 habere,
3099 1134 3163 1174 ac
3190 1127 3474 1188 postremo
3501 1118 3728 1187 despon-

2133 1221 2256 1268 sata
2280 1211 2385 1266 sibi
2413 1211 2525 1265 tilia
2559 1226 2657 1267 sua
2682 1209 2904 1265 nomine
2930 1207 3211 1280 Gerbirga,
3239 1207 3511 1263 aﬁinitate
3540 1208 3732 1276 pariter

2132 1314 2188 1360 et
2242 1304 2491 1360 amicicia
2539 1304 2725 1375 junxit
2771 1318 2900 1359 eum
2945 1301 3083 1368 sibi,
3142 1301 3430 1372 sublegato
3485 1299 3541 1354 ei
3590 1300 3734 1354 omni

2132 1395 2382 1452 Lotbarii
2410 1411 2600 1467 regno.
2636 1395 2703 1450 Et
2731 1396 2840 1450 boc
2880 1393 3040 1464 juxta
3089 1392 3522 1462 descriptionem
3553 1391 3732 1460 cujus-

2131 1489 2258 1545 dam
2285 1487 2541 1544 monachi
2582 1484 2932 1542 Corbeiensis
2958 1484 3069 1551 l’“,
3101 1483 3169 1539 de
3209 1483 3428 1554 origine
3459 1481 3735 1536 Saxonum

2133 1589 2188 1636 et
2215 1595 2406 1651 regum
2456 1579 2657 1634 borum
2701 1576 2870 1648 gestis
2918 1575 3235 1630 scribentis.
3267 1573 3366 1629 Est
3393 1584 3581 1629 autem
3603 1575 3735 1629 alius

2135 1671 2359 1742 quidam
2389 1669 2881 1742 hystoriograpbus
2907 1666 3208 1740 (mortem),
3261 1675 3519 1736 tempora
3561 1663 3736 1719 liaon

433 1754 546 1838 crtio
569 1781 699 1836 illud
726 1779 1093 1834 dissuadebat.
1119 1776 1286 1848 Igitur
1325 1773 1641 1832 convocatis
1675 1771 2034 1843 principibus,
2069 1754 2112 1814 Β
2140 1763 2328 1834 hujus,
2357 1761 2517 1832 cujus
2568 1761 2894 1816 memoriam
2943 1774 3039 1829 pre
3106 1757 3370 1813 manibus
3437 1756 3736 1819 habemus,

437 1871 765 1928 Ruodolfum
786 1914 800 1938 ,
839 1870 1096 1926 Ricbardi
1125 1867 1529 1940 Burgundionis
1571 1865 1766 1932 ﬁlium,
1798 1863 1932 1919 satis
1971 1877 2038 1918 eo

437 1966 789 2031 reclamante,
825 1978 1008 2033 regem
1037 1961 1398 2026 constituunt,
1441 1959 1621 2013 virum
1663 1966 1950 2020 strenuum
1984 1962 2040 2009 et

436 2054 752 2109 liberalibus
791 2053 1002 2108 artibus
1045 2051 1342 2117 eruditum,
1403 2049 1498 2119 qui
1545 2048 1718 2120 (254),
1775 2056 1834 2101 ut
1869 2061 2036 2116 supra

435 2147 642 2201 dictum
665 2153 750 2200 est
769 2145 880 2210 “‘3,
899 2143 992 2212 (cf.
1011 2143 1084 2198 ib.
1108 2159 1146 2210 ι,
1164 2143 1278 2212 47.)
1297 2140 1596 2195 Burcbardi
1613 2138 1770 2194 ducis
1785 2139 2040 2192 Alaman‘

436 2239 541 2293 nite
555 2238 718 2292 ﬁliam
735 2237 953 2291 nomine
963 2235 1241 2301 Bertham,
1257 2233 1362 2288 sibi
1373 2232 1670 2302 copulavit,
1684 2231 1890 2302 quique
1913 2239 2038 2301 post

435 2328 507 2382 ab
536 2327 736 2383 ltalicis
776 2328 1041 2382 adversus
1067 2324 1455 2396 Bercngarium
1479 2323 1750 2379 seniorem
1778 2335 2032 2389 vocatus,

437 2418 532 2475 illo
562 2418 844 2474 interfecto
869 2459 884 2485 ,
914 2433 1142 2489 regnum
1170 2415 1337 2472 Italia:
1361 2415 1680 2486 aliquandiu
1715 2415 1810 2445 ““
1838 2414 2032 2480 tenuit,

436 2513 631 2579 donec,
662 2526 852 2567 socero
881 2525 983 2566 suo
1033 2510 1087 2563 in
1121 2508 1384 2564 auxilium
1432 2517 1623 2563 contra
1663 2506 1883 2562 eosdem
1930 2505 2036 2561 sibi

436 2602 616 2659 denuo
670 2603 986 2657 resistentes
1030 2609 1224 2657 vocato
1277 2599 1588 2670 ibidemque
1621 2599 1692 2654 ab
1739 2599 1820 2654 eis
1865 2598 2030 2653 inter-

435 2674 600 2762 fceto,
632 2693 840 2749 Italiam
874 2693 1113 2764 reliquit,
1139 2702 1192 2748 et
1229 2690 1602 2763 Burgundiam
1641 2689 1847 2745 revisit.
1883 2687 2035 2760 [iugo

434 2801 566 2841 vero
595 2801 781 2841 comes
810 2785 1215 2840 Arelatensium
1244 2783 1314 2838 ab
1339 2782 1486 2837 Italis
1518 2789 1766 2847 vocatus,
1803 2795 2032 2852 regnum

435 2878 664 2949 accepit,
709 2879 765 2931 in
813 2893 925 2948 quo
979 2876 1152 2930 ﬁlium
1177 2863 1246 2931 ex
1290 2889 1460 2929 uxore
1491 2889 1592 2929 sua
1622 2873 1844 2928 nomine
1873 2871 2032 2938 Alda,

436 2971 504 3024 de
529 2967 1009 3025 Ostrofrancorum
1040 2970 1211 3038 stirpe
1259 2967 1373 3033 ωδ,
1407 2965 1736 3037 procreavit,
1782 2979 1945 3035 quem
1980 2973 2035 3018 et

437 3059 759 3116 Lotharium
817 3061 1032 3116 vocavit
1080 3060 1436 3129 adultumque
1465 3073 1650 3129 regem
1713 3056 1881 3123 fecit;
1937 3055 2034 3110 sed
2061 3097 2104 3156 C

436 3154 703 3208 ambobus
763 3161 952 3223 postea
1005 3153 1198 3222 pulsis,
1240 3149 1642 3220 Berengarius,
1689 3147 1785 3218 qui
1843 3155 2032 3217 postca
2061 3135 2106 3158 "

437 3239 753 3313 Babenberg
794 3243 1110 3313 deportatus
1160 3242 1233 3298 ibi
1277 3241 1568 3297 defuncms
1615 3249 1736 3305 est,
1795 3239 2039 3310 regnavit

439 3335 534 3406 (cf.
575 3335 798 3390 Lwnrn.
832 3351 892 3400 ιι,
927 3334 996 3387 60
1023 3350 1170 3404 sqq.,
1209 3349 1291 3398 ιιι,
1332 3333 1399 3386 15
1426 3347 1572 3402 sqq.,
1608 3331 1695 3397 16,
1717 3330 1818 3398 20;
1851 3347 1924 3397 iv,
1952 3331 1987 3384 2
2018 3348 2032 3398 ;

437 3444 492 3494 v,
520 3427 589 3481 27
626 3427 794 3496 sqq.).
845 3425 1023 3497 (Rieu.
1070 3443 1108 3494 ι,
1142 3426 1232 3491 47,
1279 3424 1394 3496 65.)
1436 3422 1709 3478 Ruodolfo
1738 3433 1942 3489 autem,
1981 3432 2040 3477 ut

439 3520 646 3576 dictum
676 3527 781 3586 est,
810 3519 863 3573 in
891 3533 1122 3590 regnum
1151 3517 1336 3572 Karoli
1375 3516 1688 3582 sublimato,
1721 3515 2040 3574 lieribertus

441 3613 719 3684 predictus
748 3611 976 3666 consilio
1012 3609 1257 3682 Hugonis
1301 3609 1520 3681 cognati
1564 3609 1671 3675 sui,
1721 3607 1817 3663 ﬁlii
1863 3607 2039 3664 Ruct-

439 3705 602 3778 perti,
645 3703 906 3758 Karolum
958 3704 1086 3758 dolo
1131 3703 1293 3774 cepit,
1345 3718 1582 3772 eumque
1626 3700 1680 3756 in
1731 3702 2039 3757 custodiam

391 3844 398 3851 .
440 3798 668 3870 posuit;
723 3797 777 3851 in
829 3813 938 3867 qua
982 3806 1036 3851 et
1073 3797 1241 3850 vitam
1290 3795 1467 3850 ﬁnivit
1506 3792 1600 3865 (cf.
1645 3792 1793 3848 Win.
1834 3810 1872 3860 ι,
1923 3794 2036 3864 '50).

443 3889 648 3947 Habuit
685 3899 865 3944 autem
913 3889 1087 3944 ﬁlium
1115 3888 1336 3943 nomine
1364 3887 1716 3944 Ludewicum
1751 3901 1817 3941 ex
1849 3901 2039 3941 sorore

441 3982 723 4040 Adelstaui
755 3982 899 4052 regis
922 3980 1291 4048 Britanorum,
1324 3992 1485 4050 quem
1519 3980 1574 4033 in
1612 3977 2038 4049 perturbationis

443 4093 559 4134 suae
578 4076 810 4148 procella
823 4075 1129 4131 transmisit
1149 4074 1215 4129 ad
1237 4073 1470 4128 eundem
1492 4071 1823 4126 avunculum
1840 4085 1999 4125 suum
2019 4089 2033 4136 ;

443 4171 589 4226 unde
615 4179 736 4241 post
763 4178 995 4225 mortem
1022 4167 1275 4222 Ruodolli
1321 4166 1468 4237 regis
1510 4163 1742 4220 consilio
1790 4161 2034 4232 llugonis

443 4263 670 4336 predicti
698 4262 974 4328 reductus,
1005 4275 1231 4332 regnum
1272 4259 1441 4329 patris
1465 4257 1694 4326 recepit;
1737 4255 1826 4310 cui
1856 4264 2037 4309 tamen

445 4357 589 4412 idem
625 4354 781 4425 Hugo
809 4355 918 4409 dux
943 4362 1131 4424 postea
1162 4350 1464 4406 rebellavit.

2140 1868 2479 1922 suorumque
2541 1866 2928 1908 successorum
2982 1850 3278 1920 digerens,
3355 1848 3454 1918 qui
3513 1848 3739 1913 scribit,

2138 1943 2374 2000 eundem
2403 1943 2770 2000 Giselbertum
2797 1941 2964 1996 ﬁliam
2994 1938 3239 1994 Heinriei
3276 1938 3532 2003 duxisse,
3565 1939 3739 2007 prius-

2137 2052 2306 2107 quam
2345 2052 2443 2092 rex
2468 2035 2643 2102 ﬁeret,
2665 2034 2796 2090 dum
2821 2034 3001 2089 adhuc
3029 2032 3293 2088 ducatum
3339 2029 3741 2084 amministras—

2139 2136 2242 2195 set,
2273 2127 2565 2197 ipsumque
2585 2125 2902 2181 Heiuricum
2929 2141 2962 2179 a
2987 2122 3188 2178 Karolo
3216 2123 3487 2177 ducatum
3511 2120 3740 2175 Saxoni-

2137 2234 2266 2275 cum
2317 2219 2614 2288 accepisse,
2655 2225 2709 2273 et
2741 2232 2870 2272 eum
2900 2231 2967 2270 ac
3009 2213 3400 2284 ltuotpertum,
3431 2211 3527 2282 qui
3557 2220 3740 2280 posca

2137 2326 2236 2366 rex
2283 2310 2463 2366 factus
2505 2319 2611 2376 est,
2657 2311 2798 2365 inter
2825 2307 3125 2378 principes,
3158 2305 3317 2377 quia
3360 2319 3490 2375 rege
3527 2313 3740 2373 propter

2137 2399 2514 2472 Haganonem,
2565 2409 2626 2456 ut
2675 2401 2982 2472 predictum
3027 2407 3134 2466 est,
3164 2396 3507 2463 defecerant,
3537 2395 3741 2466 primos

2137 2491 2328 2549 fuisse.
2383 2492 2477 2549 Sic
2520 2494 2668 2548 enim
2725 2493 2858 2548 dicit
2915 2493 2978 2563 (ι,
3033 2491 3122 2562 11)
3171 2508 3186 2546 :
3235 2511 3254 2542 ι
3300 2488 3478 2545 Gallia
3540 2487 3741 2543 Gellia

2137 2580 2438 2651 Ruotperto
2466 2583 2684 2648 collata,
2716 2581 2952 2637 Karolus
2994 2579 3292 2635 Sasoniam
3317 2579 3542 2634 secedit.
3573 2576 3742 2648 Cujus

2137 2671 2302 2726 urbes
2347 2672 2613 2742 sedesque
2653 2673 2834 2743 regias
2861 2672 3225 2742 perlustrans,
3275 2670 3429 2725 nullo
3455 2669 3742 2724 resistente

2136 2761 2392 2828 obtinuit,
2433 2762 2508 2816 ibi
2540 2777 2763 2832 quoque
2808 2761 3150 2829 lleinricum,
3180 2761 3332 2833 regio
3359 2775 3562 2832 genere
3591 2760 3742 2814 incli-

2135 2859 2251 2905 tum
2287 2867 2351 2907 ac
2393 2852 2518 2907 inde
2570 2853 2866 2908 oriundum
2913 2855 3132 2920 ducem,
3179 2852 3440 2907 omnibus
3483 2851 3680 2906 donat.
3718 2870 3735 2902 ι

2135 2939 2202 2996 Εῑ
2247 2954 2370 3012 post
2415 2958 2590 3013 pauca
2633 2945 2825 3016 (255):
2875 2965 2892 2996 ι
2936 2944 3150 3002 lutcrca
3181 2943 3484 2999 Galliarum
3514 2943 3744 2997 urbibus

2136 3047 2201 3086 ac
2216 3031 2432 3102 Oppidis
2458 3034 2685 3089 ﬁrmiter
2701 3036 2964 3103 obtentis,
2999 3051 3127 3091 cum
3150 3035 3430 3106 paschalis
3458 3034 3743 3089 sollemni-

2139 3132 2225 3178 tas
2254 3124 2584 3192 immineret,
2626 3128 2959 3198 Aquisgrani
3001 3129 3208 3198 palatio
3256 3143 3350 3182 rex
3382 3143 3507 3182 sese
3542 3129 3746 3198 recepit

2141 3216 2234 3288 (cf.
2267 3218 2338 3272 ib.
2372 3235 2410 3285 ι,
2444 3219 2553 3289 16).
2586 3219 2704 3276 lluc
2731 3237 2795 3275 ex
2826 3222 2976 3276 omni
2999 3221 3174 3276 Gallia
3202 3219 3486 3290 principes
3529 3220 3742 3274 conﬁu-

2142 3313 2270 3378 untj;
2303 3310 2410 3364 huc
2438 3311 2604 3364 etiam
2631 3310 2936 3366 mediocres
2963 3311 3138 3366 multo
3165 3311 3353 3365 favore
3375 3312 3741 3376 conveniunt;

2140 3411 2334 3457 assunt
2361 3411 2418 3458 et
2445 3403 2636 3471 duces,
2687 3419 2754 3458 ex
2804 3403 3045 3458 Saxonia
3071 3404 3295 3474 quidem
3323 3402 3653 3468 Heianeus,
3687 3419 3745 3456 ex

2141 3495 2316 3552 Gallia
2345 3495 2700 3566 Ruotpertus.
2725 3497 2961 3552 Cottidie
2987 3512 3147 3553 secus
3169 3495 3319 3552 fores
3348 3495 3481 3566 regii
3504 3496 3745 3549 cubiculi

2140 3598 2396 3655 manent;
2454 3589 2676 3645 cottidie
2731 3604 3019 3660 egressum
3083 3589 3230 3660 regis
3290 3604 3324 3642 a
3371 3588 3746 3658 penetralibus

2141 3683 2280 3738 aulae
2326 3683 2716 3753 prestolantur.
2763 3681 2904 3737 Cum
2955 3697 3085 3738 vero
3114 3682 3326 3737 nullum
3357 3681 3440 3735 eis
3479 3679 3553 3735 ab
3633 3695 3747 3750 rege

2141 3792 2470 3848 responsum
2520 3792 2618 3848 per
2647 3776 2766 3832 dies
2787 3786 3026 3846 quatuor
3074 3776 3321 3841 daretur,
3376 3773 3677 3830 licini-iens
3701 3773 3746 3826 id

2142 3869 2530 3926 molestissime
2557 3867 2758 3935 ferens,
2791 3868 2998 3925 dixisse
3026 3867 3221 3924 fertur.
3272 3877 3369 3922 aut
3397 3865 3746 3937 llaganonem

2141 3966 2471 4038 quandoque
2518 3978 2645 4019 cum
2676 3962 2876 4017 Karolo
2902 3969 3283 4032 regnaturum,
3339 3969 3434 4013 aut
3484 3956 3746 4012 Kamlum

2140 4071 2268 4112 cum
2285 4053 2583 4126 llaganone
2598 4053 2668 4109 ad
2685 4068 2870 4109 rerum
2893 4051 3331 4107 mediocritatem
3353 4050 3745 4114 deventurum;

2140 4141 2544 4219 indignansque
2590 4161 2717 4218 rege
2771 4145 3084 4201 inconsulto
3113 4143 3388 4200 discessit.
3433 4140 3605 4207 Quod
3657 4157 3746 4195 rex

2140 4242 2367 4298 moleste
2418 4239 2601 4296 ferens
2647 4255 2775 4293 eum
2799 4253 3059 4293 revocare
3101 4236 3376 4306 cupiebat,
3420 4244 3609 4303 ειμι-ο
3655 4234 3747 4288 hac

2141 4349 2200 4389 re
2229 4332 2713 4404 metropolitanum
2742 4329 3100 4385 Remensium
3125 4327 3421 4382 Heriveum
3457 4325 3743 4396 dirigebat

517 4447 687 4520 (Win.
714 4418 762 4514 ἶ,
794 4445 907 4516 30.)
943 4418 1235 4500 licinricus
1265 4451 1447 4498 autem
1476 4457 1568 4497 rex
1595 4441 1820 4496 audiens
1849 4454 2037 4496 casum
2071 4451 2115 4507 1)
2143 4427 2394 4500 (RICIIER.
2445 4443 2484 4493 ι,
2541 4424 2614 4478 22
2643 4451 2673 4464 -
2703 4423 2820 4520 24.)
3109 4421 3384 4520 luculenta
3435 4428 3485 4473 et

445 4539 652 4605 Karoli,
669 4539 903 4604 dolebat,
927 4538 1288 4608 humameque
1305 4534 1684 4591 mutabilitatis
1694 4547 2044 4589 communem

445 4633 770 4689 ammiratus
829 4640 914 4687 est
968 4629 1277 4697 fortunam,
1337 4628 1712 4702 judicavitque
1771 4625 2046 4680 abstinere

443 4727 666 4798 quidem
715 4725 785 4780 ab
811 4724 1002 4790 armis,
1050 4738 1240 4778 verum
1297 4723 1480 4792 potius
1534 4728 1651 4775 arte
1704 4716 2045 4790 superandos

445 4819 658 4889 putavit
709 4817 1094 4888 Lotbaringos,
1141 4815 1270 4885 quia
1299 4829 1433 4885 gens
1463 4812 1617 4868 varia
1651 4819 1770 4866 erat
1812 4817 1866 4864 et
1911 4807 2046 4862 arti-

446 4911 551 4966 bus
579 4919 817 4975 assucta,
855 4910 1009 4964 bellis
1063 4915 1312 4977 prompta
1362 4905 1689 4974 mobilisque
1735 4901 1803 4956 ad
1856 4915 2041 4955 rerum

447 5003 734 5058 novitates.
775 5001 906 5056 Erat
948 5016 1014 5055 eo
1061 5007 1302 5069 tempore
1328 4997 1550 5068 quidam
1599 4996 1666 5051 de
1694 4991 2044 5062 Lotharingis

448 5095 669 5150 noriiine
694 5094 1023 5160 Cristianus,
1071 5092 1169 5162 qui
1199 5091 1390 5146 videns
1417 5089 1528 5159 regi
1559 5086 1815 5141 Heinrieo
1848 5093 2045 5139 cuncta

450 5201 707 5256 orospere
751 5187 979 5252 cedere,
1047 5184 1321 5255 quesivit,
1386 5181 1662 5252 quomodo
1723 5176 1866 5247 apud
1918 5189 2044 5242 eum

451 5278 646 5350 majori
684 5279 1043 5333 bonoraretur
1085 5275 1288 5348 gratia:
1317 5282 1371 5329 et
1411 5271 1668 5328 simulata
1708 5267 2044 5330 inﬁrmitate,

2147 4519 2395 4575 oratione
2445 4532 2745 4588 persuasus
2785 4516 2898 4572 dux
2947 4514 3240 4570 Heinricus
3267 4512 3336 4566 ad
3377 4525 3566 4582 regem
3599 4509 3742 4571 redit,

2149 4611 2430 4680 multoque
2457 4608 2776 4664 ambitionis
2803 4608 3012 4662 honore
3039 4615 3164 4660 ante
3197 4619 3324 4659 eum
3355 4602 3659 4666 admissus,
3696 4602 3743 4653 in

2147 4706 2407 4777 precipuo
2436 4701 2625 4775 gratiae
2643 4701 2764 4758 loco
2787 4699 3216 4755 familiarissime
3240 4695 3520 4766 recipitur.
3551 4695 3573 4765 (
3579 4712 3617 4758 ι,
3639 4693 3742 4759 51.)

2148 4793 2262 4850 Hac
2316 4800 2638 4863 tempestate
2692 4790 3012 4861 Ragenerus
3065 4789 3150 4843 vir
3214 4786 3412 4841 nobilis
3436 4827 3449 4850 ,
3506 4786 3743 4853 partium

2149 4886 2334 4942 Karoli
2366 4885 2666 4941 ﬁdissimus
2688 4892 2857 4948 tutor,
2914 4881 3079 4937 ﬁnem
3132 4879 3258 4935 vitae
3306 4877 3541 4947 accepit,
3596 4876 3745 4944 cujus

2147 4981 2393 5051 exequiis
2443 4977 2678 5034 Karolus
2726 4974 3012 5041 interfuit;
3060 4973 3256 5042 bisque
3284 4969 3542 5042 peractis,
3582 4967 3746 5023 Gisri-

2148 5073 2324 5140 berto,
2383 5073 2504 5142 ejus
2547 5071 2659 5126 ﬁlio
2701 5071 2818 5140 jam
2870 5069 3088 5133 adulto,
3141 5075 3430 5137 paternum
3477 5063 3743 5117 honorem

2149 5181 2337 5220 coram
2390 5163 2728 5234 principibus
2782 5163 2878 5231 qui
2929 5160 3311 5216 conﬂuxerant
3363 5151 3744 5210 liberalissime

2149 5257 2398 5313 contulit.
2442 5255 2504 5327 (ι,
2538 5255 2606 5310 55
2635 5255 2781 5324 sqq.)
2815 5253 2911 5308 Hic
2933 5268 3058 5308 cum
3082 5259 3229 5306 esset
3249 5248 3443 5319 opibus
3461 5255 3518 5301 et
3549 5256 3742 5318 genere

1701 5379 1936 5437 VARl/E
1972 5369 2375 5434 LECTIONES.
3083 5413 3086 5415 ,

530 5485 620 5516 ⁸³³³
653 5499 912 5551 superscr.
949 5483 999 5538 1.
1077 5482 1168 5515 ωδ
1208 5478 1529 5553 aliquandiu
1565 5477 1618 5531 1.
1699 5471 1791 5504 ⁸³⁸⁸
1826 5483 2036 5540 superae

2139 5467 2172 5518 ἱ.
2250 5459 2342 5492 ¹²δ⁸
2373 5457 2538 5515 Corb.
2573 5457 2860 5513 Witikindi
2890 5455 3113 5512 nomine
3140 5453 3240 5509 D1.

1965 5553 2173 5614 ΝΟΤᾸΕ
2183 5592 2196 5606 .

524 5657 1328 5733 (23.1)74terumnEkkel1ardus
1381 5667 1583 5725 magno
1634 5663 1960 5733 errorehres
2007 5661 2038 5702 a

449 5721 668 5806 regibus
699 5731 1022 5803 Burgundiae
1047 5739 1100 5784 et
1128 5729 1313 5784 Galliae
1347 5721 1527 5797 gestas
1559 5722 1653 5778 uni
1679 5721 1889 5777 tribuit.

2220 5639 2370 5710 (2⁸55)
2419 5637 2550 5710 Quae
2576 5644 2898 5706 sequuntur,
2924 5635 2976 5689 in
2995 5618 3222 5688 =Ricbcri
3245 5638 3394 5686 textu
3419 5627 3732 5684 desidemr

2149 5709 2269 5780 tur;
2302 5709 2372 5766 cf.
2405 5709 2797 5780 praefationem.
