3880 6308
106 288 193 345 901

977 286 1348 346 canorum.
1388 318 1457 329 —
1495 283 1892 344 CIIRONICON
1931 271 2393 344 UNIVERSALE.

3268 288 3373 345 902

103 401 307 456 inclitus
334 408 390 455 et
423 398 677 472 coniugio
716 399 1026 473 Gerbergae,
1078 400 1319 457 Heinrici
1361 397 1671 457 Transrhe-
1701 407 1745 466 Α
1773 416 1897 472 quae
1922 400 1970 456 si
1992 400 2052 455 in
2084 400 2270 471 aliquo
2295 415 2327 454 a
2354 398 2773 471 precedentibus
2804 398 3059 456 Saxonici
3088 400 3373 471 scriptoris

102 493 271 549 nensis
301 491 449 559 filiae,
474 492 609 548 satis
641 492 855 561 beatus,
875 493 929 546 in
979 494 1203 548 nimiam
1240 510 1337 564 pre
1387 493 1675 548 insolentia

101 584 442 639 temeritatem
472 599 698 654 preceps
743 582 1054 652 ferebatur,
1092 585 1372 654 multaque
1400 599 1499 654 pro
1528 583 1679 653 abje-

103 676 262 731 ctione
302 675 449 746 regis
477 675 820 730 moliebatur.
850 675 970 743 Quo
997 677 1201 747 agnito,
1234 675 1464 731 Karolus
1490 691 1520 729 a
1551 674 1677 730 Cel—

101 769 194 822 tica
246 779 369 821 cum
423 766 665 821 exercitu
721 767 967 834 rediens,
1026 783 1152 823 cum
1209 768 1407 822 bellum
1463 775 1680 837 pararet

99 857 287 914 inferre
314 856 515 929 Belgis,
546 873 783 929 quorum
816 859 927 914 dux
962 868 1085 914 erat
1118 859 1475 927 Giselbertus,
1505 859 1680 930 Belga:

101 966 214 1006 mox
247 966 354 1005 non
385 950 444 1004 in
491 960 681 1020 aperto
714 956 839 1006 ’cum
879 950 1183 1007 Gisclberto
1232 952 1337 1007 nisi
1386 962 1514 1008 sunt
1542 952 1681 1007 resi-

106 1050 253 1108 stere,
285 1040 380 1095 sed
404 1041 622 1111 oppidis
650 1055 714 1097 ac
748 1042 1062 1112 municipiis
1086 1055 1207 1098 sese
1233 1043 1521 1098 recludunt
1547 1057 1679 1113 pro-

102 1146 230 1202 pere.
255 1132 334 1187 Ad
363 1147 503 1204 quos
535 1146 630 1188 rex
665 1132 874 1204 legatos
913 1133 1178 1205 dirigens,
1209 1134 1466 1205 promisit
1507 1135 1588 1190 eis
1620 1150 1681 1190 sc

103 1224 265 1279 omnia
321 1223 655 1279 donaturum
684 1265 698 1290 ,
755 1224 802 1280 si
821 1225 888 1280 ad
940 1240 1000 1281 se
1056 1226 1431 1292 conﬂuerent,
1479 1240 1601 1296 qua:
1647 1240 1679 1279 a

100 1314 383 1371 Giselberto
433 1317 589 1387 prius
635 1316 689 1370 in
736 1316 1005 1372 beneﬁcio
1047 1317 1330 1372 haberent.
1365 1316 1486 1384 Quo
1512 1317 1677 1387 capti,

104 1422 216 1462 mox
263 1408 330 1462 ad
378 1423 563 1479 regem
612 1423 708 1477 per
739 1418 1085 1464 sacramenta
1110 1410 1357 1476 redeunt,
1387 1419 1442 1464 et
1488 1419 1681 1465 contra

103 1496 445 1554 Giselberttxn
483 1500 690 1568 pariter
734 1508 986 1570 surgunt.
1040 1499 1133 1556 ille
1186 1516 1316 1555 vero
1362 1501 1419 1555 in
1480 1501 1681 1571 oppido

103 1586 348 1662 ﬂarburg,
376 1592 527 1661 quod
563 1592 692 1647 hinc
734 1590 885 1646 Mosa
909 1603 964 1647 et
996 1592 1121 1648 inde
1156 1592 1318 1648 Gullo
1364 1593 1545 1649 ﬂuviis
1564 1594 1682 1649 val—

104 1681 247 1749 latur,
289 1683 425 1739 alias
474 1693 657 1738 autem
686 1685 911 1739 humani
953 1685 1105 1740 hiatu
1135 1687 1418 1757 multoque
1452 1688 1681 1743 horrore

1777 493 1939 549 dictis
1990 494 2358 560 dissentiant,
2430 492 2653 547 lectoris
2704 492 2984 562 diligentia
3054 488 3369 563 perpendat.

1776 584 1969 643 Annus
2013 603 2164 653 vero,
2219 586 2276 640 in
2324 600 2435 655 quo
2489 584 2822 655 Ruotpertus
2883 584 2976 617 ³⁸⁸⁸
3030 586 3085 639 in
3144 600 3373 656 regnum

1776 678 2020 734 elevatus
2093 677 2323 744 dicitur,
2374 676 2464 731 ille
2511 686 2595 731 est
2640 675 2735 747 qui
2789 676 2934 746 apud
2986 692 3087 733 nos
3131 674 3373 733 Heinrici

1777 770 1982 824 tercius
2011 769 2066 823 in
2090 784 2264 841 regno
2288 768 2627 824 inscribitur.
2663 766 2996 837 Buotpertus
3024 778 3147 838 post
3177 768 3294 824 haec
3340 783 3374 824 a

1778 861 2044 917 militibus
2069 858 2619 926 Karoliinterﬁcitur,
2672 859 2767 914 sed
2814 857 3119 913 Ruodolfus
3153 859 3267 925 m’,
3312 867 3378 915 ut

1778 952 1987 1009 dictum
2042 963 2146 1019 est,
2204 952 2573 1022 subrogatur,
2622 949 2818 1005 deinde
2879 948 3112 1005 Karolus
3158 958 3372 1019 captus,

1778 1043 2047 1100 custodia:
2076 1044 2439 1114 mancipatur.

1852 1135 2022 1207 (WID.
2062 1151 2102 1202 ι,
2142 1135 2257 1206 55.)
2314 1134 2452 1189 illud
2480 1141 2663 1189 autem
2707 1141 2921 1203 tempus
2961 1139 3100 1199 erat,
3150 1148 3281 1203 quo,
3313 1142 3376 1188 ut

1779 1242 1947 1298 supra
1978 1226 2242 1299 scriptum
2269 1234 2373 1292 est,
2415 1223 2707 1280 Heinricus
2738 1224 2806 1279 ad
2831 1223 3172 1279 dilatandum
3200 1224 3375 1294 impe-

1778 1320 1923 1375 rium
1948 1335 2109 1376 suum
2158 1334 2322 1389 super
2371 1316 2663 1371 Lotharios
2693 1316 2783 1347 ¹²⁸⁰
2812 1315 3085 1371 tendebat.
3139 1313 3275 1370 Nam
3315 1315 3374 1370 in

1781 1413 1901 1483 ipsa
1962 1411 2338 1483 profectione,
2398 1408 2491 1464 ubi
2539 1407 2790 1463 Rhenum
2848 1408 3107 1474 transiit,
3162 1408 3376 1480 legatus

1779 1503 1963 1559 Karoli
1992 1504 2041 1559 ei
2072 1502 2334 1569 occurrit,
2382 1509 2438 1556 et
2469 1499 2705 1556 salutato
2740 1513 2807 1554 eo
2840 1499 2930 1535 ²¹⁸¹
2956 1498 3138 1555 verbis
3166 1491 3383 1555 humili

1780 1596 1955 1652 limis:
1983 1595 2241 1650 Dominus
2266 1610 2431 1659 meus,
2450 1584 2649 1663 inquit,
2668 1589 2923 1658 Karolus,
2944 1591 3086 1662 regia
3110 1592 3376 1662 quondam

1780 1697 2038 1759 potestate
2080 1686 2340 1759 preditus,
2376 1684 2532 1738 modo
2562 1684 2822 1754 privatus,
2873 1683 3016 1736 misit
3066 1698 3146 1735 me
3189 1683 3259 1736 ad
3304 1693 3376 1750 te,

101 1775 324 1844 veprium
371 1775 712 1831 tutissimum
761 1777 1065 1843 videbatur,
1126 1794 1252 1833 mm
1305 1780 1495 1849 paucis
1546 1788 1679 1837 tunc
1710 1772 1753 1833 Β
1782 1778 2108 1834 demandans
2159 1777 2276 1843 tibi,
2304 1776 2429 1847 quia
2467 1774 2591 1841 sibi,
2629 1774 2695 1828 ab
2744 1774 2978 1828 inimicis
3015 1773 3105 1803 ¹²⁸²
3145 1773 3379 1825 circum-

102 1866 450 1921 claudebatur.
488 1865 606 1922 lluc
646 1883 743 1923 rex
768 1884 892 1924 cum
922 1870 1094 1939 copiis
1120 1880 1392 1941 properat,
1436 1872 1677 1929 obsidio-

104 1971 212 2010 nem
236 1957 394 2023 locat,
424 1957 558 2013 hinc
595 1967 650 2013 et
698 1959 823 2015 inde
866 1961 1136 2029 navalem,
1186 1963 1322 2019 alias
1350 1979 1481 2020 vero
1509 1980 1678 2036 eque-

104 2056 266 2103 strem.
295 2047 359 2104 Et
386 2065 518 2105 cum
548 2049 842 2106 violentius
864 2052 1110 2120 instaret,
1155 2054 1491 2112 Giselbertus
1531 2059 1676 2113 clam

104 2154 184 2206 per
206 2156 419 2196 murum
443 2141 713 2213 dilapsus,
751 2141 977 2199 ﬂuvium
1005 2147 1277 2203 enatando
1298 2151 1673 2219 trausmcavit,

103 2239 150 2285 et
172 2247 285 2287 cum
310 2235 531 2290 duobus
560 2235 853 2292 clientibus
886 2235 1138 2293 Rhenum
1179 2241 1500 2298 exulaturus
1551 2258 1676 2315 per-

106 2325 372 2393 transiens,
400 2327 566 2383 annis
604 2328 816 2399 aliquot
865 2330 1006 2400 apud
1029 2345 1280 2387 socerum
1310 2350 1471 2389 suum
1504 2333 1674 2391 Hein-

106 2414 286 2483 ricum,
339 2417 677 2488 patrimonio
741 2419 1020 2490 privatus,
1087 2422 1347 2478 exulavit.
1406 2424 1674 2495 Oppidani

105 2518 281 2577 autem,
304 2510 515 2580 absque
568 2509 708 2567 duce
761 2512 970 2579 relicti,
1022 2529 1082 2569 se
1137 2513 1490 2572 subdiderant
1537 2518 1671 2591 regi.

106 2596 308 2654 Eroluto
339 2618 473 2656 vero
499 2611 762 2673 tempore,
797 2601 1084 2661 Heinricus
1126 2605 1236 2678 egit
1275 2608 1417 2678 apud
1466 2626 1671 2681 regem,

106 2701 156 2745 ut
199 2691 528 2750 Giselbertus
578 2697 915 2766 reciperetur
965 2697 1020 2752 in
1062 2700 1316 2770 gratiam,
1370 2716 1433 2757 ea
1489 2712 1673 2760 tamen

104 2785 408 2853 conditione,
457 2798 519 2842 ut
549 2787 849 2856 beneﬁciis,
885 2804 1009 2859 qua:
1044 2790 1158 2860 ipse
1188 2790 1488 2848 insolenter
1509 2795 1673 2850 didu-

109 2886 487 2950 xeratqumque
518 2896 612 2935 rex
638 2879 948 2936 faventibus
990 2881 1095 2937 sibi
1127 2893 1316 2953 postea
1345 2887 1671 2954 contulerat,

104 2967 337 3033 quamdiu
378 2984 732 3039 possessores
780 2985 972 3026 eorum
1020 2972 1284 3041 viverent,
1324 2988 1558 3043 careret,
1607 2992 1672 3033 ea

107 3070 242 3121 vero,
286 3075 525 3129 quorum
580 3075 930 3130 possessores
979 3079 1076 3134 per
1130 3080 1307 3121 annos
1372 3067 1523 3122 exilii
1587 3069 1672 3124 sui

103 3160 462 3217 excesserant,
509 3152 653 3222 regis
702 3152 1057 3210 miseratione
1107 3156 1391 3227 reciperet.
1451 3158 1675 3230 Recepit

107 3237 264 3310 itaque
291 3241 625 3314 Trejectum,
657 3243 953 3315 Juppilam,
986 3244 1340 3317 Harstalium,
1372 3250 1672 3320 Marsuam,

108 3326 297 3401 Littam,
345 3334 792 3406 Capremoutem,
838 3354 961 3408 qua:
1008 3354 1039 3393 a
1093 3339 1367 3398 defunctis
1415 3344 1674 3403 derelicta

109 3423 368 3493 vacabant,
412 3436 630 3483 ceteros
668 3443 799 3483 vero
840 3429 936 3500 qui
988 3445 1089 3486 sua
1143 3430 1415 3489 habebant
1468 3435 1675 3507 ingenti

106 3513 216 3571 cede
262 3519 515 3587 vexabat,
560 3519 737 3576 donec
780 3520 965 3576 omnia
995 3537 1093 3577 sua
1124 3525 1438 3595 recipiebat.
1477 3527 1674 3584 Postea

109 3606 252 3663 multa
296 3620 489 3666 contra
519 3626 700 3682 regem
728 3612 1099 3680 .machinans,
1143 3631 1394 3673 socerum
1443 3620 1577 3675 adiit
1610 3635 1675 3676 ac

108 3696 369 3763 plurimum
415 3703 536 3774 regi
578 3704 841 3761 adherere
882 3705 1165 3774 dissuasit,
1211 3708 1470 3765 Cclticam
1500 3711 1672 3766 solam

108 3788 202 3857 regi
237 3792 481 3850 suliicere
518 3809 683 3864 posse
703 3811 976 3865 asserens,
1019 3795 1291 3868 Belgicam
1339 3814 1471 3855 vero
1511 3809 1674 3871 atque

108 3874 423 3940 Germaniam
465 3902 589 3957 rege
618 3887 726 3942 alio
766 3887 1063 3958 plurimum
1093 3888 1374 3961 indigere;
1423 3891 1567 3946 unde
1614 3900 1676 3947 ut

111 3968 206 4038 ipse
224 3973 327 4031 dux
351 3976 646 4036 Hcinricus
676 3980 853 4037 creari
883 3996 978 4037 rex
1023 3996 1132 4036 non
1169 3981 1455 4050 abnueret,
1487 3984 1675 4039 multi-

110 4063 214 4131 plici
268 4072 619 4139 per-movebat
670 4073 950 4130 suasione.
1009 4072 1301 4131 lleinricus
1356 4074 1489 4130 vero
1545 4091 1673 4130 cum

112 4154 268 4215 illicita
316 4178 445 4218 eum
491 4165 722 4221 suadere
779 4166 1118 4233 adverteret,
1172 4167 1334 4223 dictis
1393 4166 1673 4223 suadentis

111 4246 374 4309 admodum
426 4256 646 4324 restitit,
684 4266 739 4312 et
776 4266 835 4313 ut
860 4274 889 4313 a
915 4256 1139 4314 nefariis
1173 4259 1501 4330 quiesceret,
1547 4272 1671 4313 cre-

112 4338 192 4395 bro
218 4349 536 4403 ammonuit.
568 4349 905 4406 Giselbertus
931 4366 1064 4406 vero
1103 4367 1229 4407 cum
1254 4352 1397 4422 apud
1420 4364 1672 4425 socerum

1777 1881 1949 1940 vento,
1990 1871 2156 1926 nichil
2171 1869 2482 1941 jocundius,
2536 1867 2700 1939 nichil
2752 1869 2919 1938 possit
2964 1869 3084 1929 esse
3115 1866 3235 1935 jam
3284 1868 3379 1902 ⁸³³³

1777 1965 2023 2032 dulcius,
2077 1978 2235 2035 quam
2279 1962 2343 2016 de
2404 1961 2483 2015 tui
2544 1960 2817 2031 magniﬁci
2879 1960 3146 2029 profectus
3205 1958 3380 2030 gloria

1777 2056 1984 2129 aliquid
2013 2056 2201 2110 audire
2246 2054 2494 2125 famaque
2540 2051 2798 2106 virtutum
2849 2059 3064 2103 tuarum
3111 2050 3379 2104 consolari

1774 2156 1824 2203 et
1879 2148 1978 2202 hoc
2036 2148 2133 2202 tibi
2195 2147 2405 2218 signum
2451 2144 2580 2215 ﬁdei
2640 2152 2690 2197 et
2735 2142 2976 2196 veritatis
3032 2142 3378 2208 transmisit;

1774 2238 2112 2309 protulitque
2154 2238 2248 2270 “”
2289 2236 2526 2292 de‘sinu
2574 2249 2798 2289 manum
2848 2233 3085 2303 preciosi
3114 2234 3374 2306 martyris

1775 2327 2031 2397 Dionisii,
2061 2343 2199 2383 auro
2220 2326 2559 2400 gemmisque
2581 2325 2851 2380 inclusam
2879 2342 2893 2380 :
2936 2323 3072 2391 Hoc,
3097 2323 3375 2395 inquiens,

1774 2418 1961 2474 habeto
2002 2420 2194 2490 pignus
2245 2418 2457 2489 foederis
2511 2417 2750 2487 perpetui
2794 2425 2844 2470 et
2896 2417 3094 2470 amoris
3143 2417 3376 2483 vicarii;

1773 2510 1909 2564 hanc
1930 2520 2136 2581 partem
2162 2510 2307 2563 unici
2330 2509 2513 2563 solatii
2550 2506 2886 2561 Francorum
2926 2506 3166 2561 Galliam
3214 2508 3376 2562 inha-

1774 2602 2080 2670 bitantium,
2122 2610 2402 2673 postquam
2426 2617 2518 2654 nos
2567 2607 2786 2653 sanctus
2831 2608 3038 2669 martyr
3091 2598 3243 2654 Vitas
3282 2600 3377 2633 “"

1775 2695 1845 2749 ad
1880 2705 2118 2750 nostram
2165 2694 2450 2766 perniciem
2498 2691 2733 2746 deseruit
2782 2699 2833 2745 et
2883 2691 2953 2744 ad
3003 2700 3229 2745 vestram
3282 2692 3377 2724 ¹²⁸⁶

1772 2797 2075 2859 perpetuum
2109 2804 2292 2857 pacem
2350 2783 2646 2840 Saxoniam
2692 2783 2951 2849 risitarit,
2987 2781 3376 2836 communicare

1774 2888 1945 2934 tecum
2001 2878 2096 2918 ¹²⁸⁷
2147 2878 2359 2932 maluit.
2431 2875 2616 2947 Neque
2674 2875 2814 2929 enim
2897 2866 3175 2944 postquam
3248 2888 3372 2925 cor-

1771 2988 1869 3042 pus
1899 2971 2013 3041 ejus
2045 2969 2368 3023 translatum
2398 2976 2497 3034 est,
2542 2983 2575 3020 a
2624 2966 2774 3019 nobis
2811 2964 2993 3018 civilia
3046 2961 3127 3017 vel
3154 2971 3374 3016 externa

1775 3078 2038 3116 cessavere
2068 3059 2244 3125 bella;
2277 3058 2455 3113 eodem
2502 3057 2691 3129 quippe
2739 3071 2877 3110 anno
2922 3054 3065 3108 Doni
3112 3063 3163 3109 et
3201 3051 3378 3108 Nort-

1777 3156 1959 3209 manni
2012 3154 2275 3224 regionem
2337 3160 2577 3204 nostram
2630 3150 2957 3203 invaserunt.
3018 3143 3130 3200 Rex
3188 3153 3373 3200 autem

1775 3247 2022 3302 divinum
2049 3260 2251 3300 munus
2277 3242 2427 3299 omni
2456 3241 2757 3314 gratiarum
2799 3239 3014 3295 actidne
3040 3238 3371 3308 suscipiens,

1775 3338 2023 3410 reliquiis
2046 3338 2252 3393 sanctis
2283 3337 2375 3369 ¹²⁵⁸
2402 3333 2786 3406 prosternitur,
2816 3341 2872 3386 et
2898 3331 3226 3386 deosculans
3253 3345 3372 3398 eas,

1775 3446 1991 3487 summa
2011 3429 2365 3484 veneratione
2387 3433 2699 3481 veneratur.
2728 3421 2989 3478 Sanctum
3008 3436 3139 3476 vero
3167 3419 3374 3488 Vitum,

1774 3524 1842 3580 de
1871 3539 1983 3595 quo
2008 3523 2219 3594 legatus
2271 3519 2457 3575 Karoli
2500 3515 2781 3581 disseruit,
2836 3514 3102 3569 Folradus
3147 3512 3373 3583 quidam

1773 3617 1997 3673 nomine
2046 3614 2113 3669 de
2142 3612 2318 3668 Roma
2367 3608 2648 3666 transtulit
2690 3615 2747 3661 et
2798 3606 2856 3660 in
2904 3620 3044 3676 pago
3090 3602 3373 3659 Parisiaco

1773 3706 2001 3774 locavit;
2030 3705 2177 3770 inde,
2209 3711 2471 3774 regnante
2498 3699 2789 3756 Ludewico
2818 3697 3164 3767 imperatore,
3188 3703 3373 3750 trans-

1772 3800 1895 3855 lata:
1920 3805 2050 3854 sunt
2077 3796 2133 3850 in
2161 3794 2480 3859 Saxoniam,
2526 3800 2582 3847 et
2626 3800 2689 3845 ut
2726 3790 2936 3861 legatus
2965 3787 3054 3842 ille
3082 3785 3389 3843 confessus.

1771 3898 1876 3957 est,
1926 3904 1995 3944 ex
2023 3888 2130 3941 hoc
2154 3901 2246 3941 res
2266 3883 2610 3939 Francorum
2640 3886 2925 3951 cmperunt
2950 3877 3144 3943 minui,
3193 3873 3369 3931 Saxo-

1773 3998 1906 4037 num
1929 3978 2167 4035 dilatari.

1844 4070 2091 4144 (Inunra.
2135 4085 2209 4135 IV,
2243 4067 2360 4138 24.)
2402 4062 2852 4135 Burgundionum
2897 4075 2995 4115 rex
3038 4057 3367 4126 Buodolfus,

1756 4161 1868 4234 'qui
1912 4160 2194 4216 nonnullis
2245 4159 2406 4214 annis
2460 4155 2661 4210 Italicis
2717 4152 3059 4223 imperabat,
3120 4151 3368 4206 lanceam

1774 4252 2052 4326 quandam
2082 4251 2155 4307 ibi
2189 4267 2220 4306 a
2264 4250 2530 4305 Samsone
2574 4245 2811 4317 quodam
2853 4243 3053 4299 comite
3095 4241 3243 4297 dono
3268 4256 3366 4296 ac-

1774 4354 2011 4417 ceperat,
2053 4359 2219 4416 quam
2272 4337 2621 4397 Constantini
2646 4336 2848 4408 Magni,
2902 4342 3106 4391 sancta:
3153 4331 3369 4387 Helenae

112 4439 520 4540 gouproliceret
547 4458 648 4499 nec
680 4460 907 4516 regnum
960 4444 1064 4500 sibi
1104 4459 1298 4516 parare
1357 4453 1560 4515 posset,
1615 4443 1669 4497 in
1701 4482 1749 4540 ο
1775 4438 1922 4540 lilii,‘
1943 4435 2118 4540 fuisse
2149 4435 2244 4467 “"
2275 4431 2572 4498 dicebant;
2612 4443 2756 4540 quae,
2804 4433 3029 4540 excepta
3060 4433 3366 4481 ceterarum

111 4522 339 4586 Celtieam
388 4534 615 4601 secedit,
650 4537 798 4591 etin
848 4535 1160 4594 Neustriam
1209 4539 1427 4607 transit,
1483 4539 1672 4610 sicque

113 4629 217 4673 cum
240 4619 552 4697 Ruotperto,
575 4627 807 4684 Outonis
836 4630 983 4701 regis
1016 4630 1205 4698 fratre,
1261 4632 1354 4703 qui
1395 4641 1514 4687 erat
1560 4633 1671 4687 dux

112 4703 298 4770 Celtica
322 4758 338 4783 ,
392 4719 465 4774 de
518 4719 734 4792 negotio
786 4721 978 4777 eodem
1027 4724 1316 4779 consilium
1356 4731 1669 4793 pertractat,

114 4813 379 4875 suggerens
405 4811 459 4866 ei
497 4812 565 4868 de
602 4813 753 4884 regni
797 4816 1145 4885 susceptione
1185 4824 1241 4871 et
1276 4815 1462 4870 Karoli
1518 4815 1671 4885 abje-

113 4893 267 4954 ctione
293 4901 403 4958 "".
446 4902 668 4961 Exultat
693 4912 958 4978 tyrannus
999 4916 1054 4963 et
1082 4908 1203 4964 sine
1237 4924 1390 4963 mora
1416 4906 1670 4963 suadenti

112 4981 253 5044 favet.
279 4990 586 5052 Deliberant
612 5012 743 5069 ergo
791 4997 1006 5070 sibique
1033 5014 1130 5069 per
1163 5009 1507 5054 sacramenta
1540 5013 1674 5054 con-

114 5082 345 5153 sentiunt,
381 5089 569 5159 sicque
598 5091 910 5159 procedenti
933 5099 1179 5163 tempore
1214 5092 1455 5148 collectis
1473 5091 1678 5163 princi-

115 5166 252 5232 Pibus
296 5184 385 5233 rex
437 5178 695 5248 ellicitur,
745 5197 891 5237 anno
922 5181 1219 5239 Dominicaa
1278 5183 1677 5239 incarnationis

115 5257 219 5318 922.
261 5287 280 5320 ›
322 5268 444 5328 llaec
475 5281 605 5329 sunt
625 5273 789 5330 verba
818 5274 965 5331 illius
987 5273 1178 5333 Gallici
1208 5276 1673 5350 hystoriographi,

1777 4528 1959 4601 specie
1979 4528 2316 4592 lancearum,
2375 4536 2519 4578 novo
2566 4518 2970 4592 quodammodo
3004 4530 3167 4588 opere
3200 4531 3369 4571 nova-

1776 4637 1885 4692 que
1909 4620 2191 4676 elaborata
2218 4626 2334 4673 arte
2373 4623 2428 4671 et
2473 4613 2670 4685 figura,
2693 4611 2851 4683 juxta
2885 4609 3122 4665 mediam
3151 4606 3366 4678 spinam

1776 4713 1969 4770 habuit
1995 4712 2289 4782 utrobique
2315 4706 2476 4780 quasi
2497 4704 2822 4771 fenestram,
2851 4711 2905 4757 et
2924 4701 2981 4755 in
3002 4698 3180 4754 media
3210 4696 3368 4767 spina

1776 4824 1968 4865 cruces
2011 4808 2104 4840 “"
2128 4820 2196 4861 ex
2217 4801 2408 4867 clavis,
2435 4797 2693 4853 manibus
2717 4804 2772 4850 et
2797 4794 3029 4864 pedibus
3064 4788 3368 4844 Salvatoris
3430 4831 3439 4839 .

1772 4899 1947 4955 nostri
1976 4895 2192 4953 Domini
2221 4892 2390 4949 Jbesu
2417 4886 2622 4944 Christi
2647 4884 2842 4941 affixis.
2875 4881 3161 4936 Heinricus
3184 4878 3369 4948 itaque

1774 5009 1870 5048 rex
1929 4991 2017 5023 ⁸¹⁶¹
2066 4987 2298 5044 audiens
2349 4978 2682 5038 Roudolfum
2721 4985 2836 5032 tam
2900 4972 3120 5029 cceleste
3159 4971 3364 5026 donum

1774 5085 1999 5150 habere,
2032 5089 2095 5137 ut
2144 5087 2262 5135 erat
2294 5075 2466 5132 Deum
2504 5072 2706 5127 timens
2762 5068 3039 5137 totiusque
3086 5061 3366 5134 religionis

1775 5185 2006 5243 amator,
2036 5172 2230 5243 legatis
2260 5167 2484 5226 directis
2510 5162 2817 5235 temptavit,
2842 5161 2889 5216 si
2923 5157 3145 5231 premiis
3168 5155 3365 5227 aliqui-

1777 5272 1882 5327 bus
1904 5275 2087 5342 posset
2116 5264 2248 5321 illud
2280 5263 2371 5298 ““
2402 5258 2711 5331 acquirere.
2763 5253 2920 5322 Quod
2951 5268 3078 5307 cum
3123 5266 3221 5307 rex
3270 5248 3363 5281 ⁸³⁸³

1368 5409 1603 5467 VARUE
1637 5404 2042 5465 LECTIONES.

175 5516 255 5599 ἶῖἶῖ
289 5520 341 5599 ίιξ
368 5522 414 5599 1,-
460 5526 737 5599 sestertiis
767 5526 929 5599 deest.
1004 5529 1096 5565 ω’
1133 5537 1291 5599 rutae

178 5584 257 5617 “"
295 5592 341 5645 ei
372 5593 423 5648 5.
471 5584 593 5628 ’¹¹⁸²
632 5597 826 5653 amicis
850 5598 905 5654 2.
984 5600 1078 5632 ³⁸⁵³
1113 5584 1256 5655 deet"
1294 5600 1377 5654 10-
1419 5600 1505 5653 “-

120 5649 227 5730 μη
262 5660 346 5730 ’ξδτ
378 5663 516 5720 deest
544 5649 822 5721 υίῗίίίσί
854 5649 1030 5726 sancti
1054 5649 1583 5726 2.“?isvangfoc.

120 5726 185 5776 ita
206 5726 252 5781 Ξ.
281 5729 372 5787 Dl.
403 5735 540 5791 deest
575 5736 691 5791 rell.

1584 5597 1677 5631 ιωδ

1296 5537 1414 5583 rtus
1459 5527 1559 5582 Di.
1611 5542 1832 5597 semper.
1878 5516 2312 5597 nmirudolfys.
2340 5515 2503 5597 Dius.

1664 5665 1757 5701 “3°
1794 5666 1976 5723 crucis
2022 5665 2107 5721 9°.

2588 5516 2692 5569 ius.
2772 5512 2865 5545 ¹¹⁸⁰
2903 5507 3241 5579 lotharingos
3269 5506 3354 5579 99.

2149 5590 2242 5622 ιιεσ
2276 5587 2517 5642 decue?
2548 5575 2633 5641 lo.
2668 5585 2754 5640 ll.
2835 5583 2928 5614 ηδ’
2973 5575 3216 5635 nostra'm
3266 5575 3352 5632 10-

1748 5595 1939 5652 rotulit
1966 5592 2067 5648 Dl.
2149 5592 2242 5622 “”
2276 5592 2419 5642 deest
2445 5592 2517 5641 2?
2548 5592 2633 5641 {0.
2668 5592 2754 5640 ll.
2835 5592 2928 5614 ""
2973 5592 3216 5635 nostram
3266 5592 3352 5632 w.

1748 5670 1757 5700 θ
1794 5666 1976 5714 crrwis
2022 5665 2107 5714 9°.
2188 5661 2276 5694 ³³⁸³
2319 5660 2435 5714 1|th
2475 5656 2573 5712 DL
2652 5656 2743 5689 ¹²⁶³
2790 5654 2936 5709 deest
2989 5652 3044 5707 4.
3086 5648 3154 5703 D‘
3261 5648 3355 5681 ⁸⁸⁸³
