3880 6308
500 264 609 324 905

1676 247 2075 306 EKREHARDI
2106 246 2579 305 URAUGIENSIS
3682 250 3735 304 εξ
3746 252 3769 303 ι

500 371 809 432 Ruodolfus
850 371 1029 429 modis
1076 369 1334 426 omnibus
1385 381 1444 425 se
1488 382 1772 437 nunquam
1840 372 2090 421 acturum
2120 374 2168 429 Α
2194 362 2463 418 mantiam
2512 361 2626 426 "",
2677 359 2942 416 adversus
2975 375 3142 431 quam
3166 360 3281 431 jam
3306 358 3442 414 olim
3484 368 3634 428 pater
3658 379 3772 431 sues

499 470 722 532 diceret,
776 482 873 522 rex
924 463 1235 529 Heinricus,
1292 460 1422 532 quia
1473 459 1742 516 hunc‘m
1772 458 2096 515 muneribus

504 560 719 616 mollire
735 558 1072 629 nequiverat,
1091 555 1257 610 minis
1271 563 1477 610 terrere
1497 568 1822 624 magnOpcre
1835 552 2093 621 curabat;

501 665 664 706 omne
702 648 902 719 quippe
937 662 1165 719 regnum
1210 646 1331 716 ejus
1356 645 1486 700 cede
1521 654 1686 715 atque
1727 644 1993 701 incendiis
2036 658 2098 700 se

501 741 960 812 depopulaturum
1010 754 1135 794 esse
1190 737 1497 792 minitabat.
1547 736 1687 803 Quia
1714 748 1846 792 vero
1894 752 2097 792 munus

499 832 647 904 quod
684 831 968 902 petebatur
1015 830 1145 885 illud
1194 837 1331 897 erat,
1363 829 1510 899 quod
1539 829 1852 885 coelestibus
1882 839 2095 885 terrena

500 923 884 992 conjunxerat,
937 921 1187 977 Ruodolﬁ
1217 921 1362 993 regis
1390 937 1485 976 cor
1517 920 1660 976 Deus
1691 922 1781 952 "7"
1813 921 2093 986 emollivit,

494 1013 760 1084 justeque
780 1012 894 1084 regi
918 1014 1007 1044 ““
1024 1013 1174 1084 justa
1190 1004 1337 1084 juste
1354 1013 1555 1083 petenti
1572 1012 1824 1084 prorinus
1856 1013 2092 1069 tradidit.

499 1103 688 1176 Neque
744 1105 889 1159 enim
941 1120 1076 1175 pace
1125 1112 1376 1176 prescnte
1434 1105 1699 1161 simultati
1751 1106 1919 1162 locus
1956 1116 2092 1162 erat.

502 1197 721 1263 Quanto
777 1205 960 1251 autem
1024 1212 1212 1252 amore
1266 1212 1364 1252 rex
1432 1195 1722 1253 Ileinricus
1791 1198 2096 1269 predictum

499 1288 721 1343 cmleste
753 1305 954 1345 munus
991 1289 1261 1357 dilexerit,
1290 1305 1416 1346 cum
1452 1289 1507 1343 in
1544 1290 1731 1346 multis
1758 1292 1943 1360 rebus,
1979 1301 2096 1349 tum

500 1380 557 1433 in
596 1380 698 1435 hoc
726 1381 1031 1451 praesertim
1061 1381 1276 1447 claruit,
1313 1382 1464 1451 quod
1504 1382 1669 1453 hujus
1695 1382 1940 1440 datorem
1986 1401 2095 1440 non
2163 1374 2169 1383 ’

500 1470 678 1524 solum
705 1471 825 1525 auri
852 1471 940 1503 ¹¹⁶⁷
981 1472 1302 1543 argentique
1344 1473 1684 1541 muneribus,
1715 1491 1905 1530 verum
1930 1479 2095 1533 etiam

503 1560 813 1617 Seevorum
873 1562 1167 1633 provincia:
1224 1572 1379 1634 parte
1414 1579 1523 1619 non
1569 1566 1798 1622 minima
1854 1568 2096 1626 honora-

499 1652 578 1707 vit
610 1653 722 1706 "is.
755 1651 867 1706 llac
909 1653 1072 1724 igitur
1099 1654 1409 1721 occasione,
1443 1656 1610 1711 immo
1655 1656 1751 1714 Dei
1795 1660 2093 1729 voluntate,

500 1752 750 1801 sanctam
796 1761 892 1799 rex
942 1743 1230 1800 lleinricus
1275 1747 1504 1817 adeptus
1548 1759 1631 1806 est
1676 1750 1943 1820 lanceam,
2000 1771 2096 1825 per

500 1850 669 1905 quam
716 1836 831 1905 ipse
876 1837 942 1891 de
991 1837 1241 1894 hostibus
1289 1854 1415 1909 sepe
1449 1841 1824 1913 triumphavit,
1865 1862 2096 1918 eamque

501 1924 615 1982 filio
638 1942 740 1982 suo
763 1925 946 1982 Ottoni
978 1928 1175 1999 Magno
1205 1930 1473 1987 decedens
1503 1948 1629 1988 cum
1661 1950 1831 2006 regno
1854 1938 2092 2009 reliquit,

500 2031 733 2088 eamque
780 2018 1056 2075 credimus
1102 2036 1244 2089 esse,
1301 2037 1425 2092 qua:
1468 2038 1534 2077 ex
1570 2033 1699 2082 tunc
1729 2026 1998 2100 hodieque
2040 2030 2095 2086 in

501 2109 893 2179 imperatorum
928 2112 1094 2167 tutela
1125 2113 1265 2167 solet
1286 2128 1527 2170 manere.

575 2200 822 2271 (Ltuorn.
867 2219 927 2268 ιι,
987 2203 1078 2258 24.
1126 2203 1271 2259 Wm.
1319 2220 1358 2272 ι,
1389 2204 1504 2276 52.)
1547 2205 1770 2278 Ungarii
1815 2211 2097 2270 audientes

501 2292 819 2348 Chuonradi
849 2295 941 2325 “'9
987 2294 1333 2365 imperatoris
1380 2306 1613 2353 mortem
1655 2310 1710 2354 et
1757 2298 1996 2358 lleinrici
2040 2303 2096 2358 in

502 2399 733 2455 regnum
762 2387 1191 2453 successionem,
1238 2388 1470 2457 probare
1518 2390 1783 2461 volentes,
1823 2410 1894 2448 an
1922 2410 2097 2451 novus

502 2493 600 2532 rex
640 2478 796 2533 solita
833 2480 992 2534 vellet
1020 2480 1219 2535 tributa
1242 2482 1572 2550 persolvere,
1598 2493 1768 2541 totam
1800 2486 2096 2565 Saxoniam

500 2579 905 2637 percurrentes,
938 2572 1102 2626 urbes
1124 2580 1178 2626 et
1203 2573 1402 2643 oppida
1432 2574 1686 2633 incendio
1715 2579 1931 2645 dedere,
1971 2589 2096 2636 tan-

499 2668 723 2731 tamque
748 2664 934 2719 cedem
964 2664 1167 2733 ubique
1204 2663 1471 2734 fecerunt,
1521 2678 1581 2723 ut
1617 2670 2095 2742 depopulationem

500 2751 749 2808 ultimam
778 2758 1196 2811 comminarent.
1234 2756 1347 2813 Rex
1376 2767 1559 2814 autem
1588 2770 1709 2815 erat
1760 2762 1815 2816 in
1857 2764 2097 2834 presidio

501 2844 655 2900 urbis
684 2860 807 2916 qua:
842 2846 1046 2903 dicitur
1075 2849 1391 2917 “'erlahon,
1438 2852 1673 2924 rudique
1721 2856 1901 2912 adhuc
1935 2856 2095 2913 militi

500 2943 556 2989 et
580 2937 799 3006 publico
829 2940 967 2995 bello
991 2941 1209 2998 insueto
1255 2953 1446 3000 contra
1489 2953 1599 3000 tam
1646 2963 1833 3003 sevam
1880 2960 2096 3021 gentem

2194 452 2417 524 reliquit
2449 450 2499 508 ei
2530 451 2800 518 militiam,
2846 462 2900 506 et
2926 451 3187 506 obsidens
3213 450 3411 506 urbem
3446 465 3569 520 quae
3600 451 3774 509 dicitur

2195 545 2400 614 Grana,
2429 545 2693 602 vicesimo
2716 544 2934 599 tandem
2962 544 3051 599 die
3080 544 3221 615 cepit
3247 559 3395 599 eam.
3446 542 3622 601 Preda
3642 549 3774 605 urbis

2195 639 2463 696 militibus
2490 637 2709 705 tradita,
2741 637 2977 707 puberes
2999 651 3193 691 omnes
3226 636 3528 703 interfecti,
3561 640 3704 706 pueri
3724 657 3776 695 ac

2195 730 2387 801 puellae
2447 737 2676 785 servata:
2745 737 2875 783 sunt
2920 727 3240 799 captivitati.
3299 727 3441 785 Post
3492 729 3611 785 haec
3663 732 3777 789 adiit

2195 820 2428 893 Pragam
2462 819 2553 852 “"9
2579 819 2929 875 Boemiorum
2967 819 3059 852 “3°
3103 820 3296 875 urbem
3337 834 3641 891 regemque
3676 823 3777 889 ejus

2196 912 2405 983 accepit
2433 913 2490 967 in
2518 911 2870 978 deditionem,
2918 911 3015 983 qui
3039 920 3158 966 erat
3193 920 3352 982 pater
3377 911 3660 967 Bolizlavri
3682 914 3776 979 "ﬂ,

2196 1004 2290 1074 qui
2349 1004 2612 1076 quamdiu
2700 1004 2863 1070 vixit,
2932 1004 3046 1076 regi
3112 1003 3289 1060 ﬁdelis
3342 1013 3401 1060 et
3451 1004 3614 1059 utilis
3675 1005 3775 1059 fuit.

2196 1096 2417 1153 Bocmia
2444 1097 2630 1170 itaque
2662 1096 2951 1153 tributaria
2978 1095 3143 1163 facta,
3177 1111 3274 1153 rex
3315 1111 3588 1152 reversus
3620 1107 3697 1152 est
3734 1099 3778 1152 in
3878 1144 3880 1159 ,

2200 1187 2513 1245 Saxoniam.

2270 1303 2437 1374 (Win.
2477 1318 2516 1370 ι,
2546 1304 2660 1374 58.)
2711 1303 2879 1375 Igitur
2909 1303 3254 1359 induciarum
3304 1312 3568 1374 tempore
3626 1312 3781 1360 trans-
3878 1354 3880 1359 .

2196 1405 2340 1462 acto,
2359 1395 2522 1467 legati
2540 1393 2908 1467 Ungariorum
2937 1411 3038 1466 pro
3062 1396 3242 1452 solitis
3262 1395 3603 1452 muneribus
3623 1411 3778 1466 regem

2195 1487 2471 1554 adierunt,
2505 1486 2599 1541 sed
2639 1486 2709 1541 ab
2751 1501 2819 1542 eo
2845 1487 3036 1556 spreti,
3073 1486 3129 1540 in
3177 1494 3381 1542 terram
3420 1501 3599 1542 suam
3648 1487 3782 1540 vetui

2196 1579 2403 1636 reversi
2425 1588 2575 1634 sunt.
2611 1577 2751 1635 Cum
2800 1578 2948 1633 enim
2996 1578 3224 1634 haberet
3275 1577 3525 1633 militem
3567 1581 3781 1648 equesui

2131 1723 2174 1782 Β
2193 1673 2308 1744 jam
2337 1673 2523 1743 praelia
2551 1673 2865 1744 probatum,
2908 1681 3101 1727 contra
3157 1672 3348 1727 hostes
3375 1671 3651 1741 antiquos
3682 1686 3781 1741 pre-

2199 1765 2436 1836 sumpsit
2464 1765 2603 1820 inire
2629 1773 2927 1821 certamen.
2959 1763 3086 1820 Haec
3112 1764 3402 1820 audientes
3452 1764 3690 1829 Aures,
3719 1764 3780 1819 nil

2198 1858 2398 1914 morati
2427 1873 2555 1913 cum
2584 1857 2773 1913 hostili
2802 1856 3065 1929 gravique
3097 1872 3269 1911 manu
3302 1855 3624 1912 Saxoniam
3651 1855 3779 1912 festi-
3878 1862 3880 1903 ἰ

2198 1960 2333 2008 nant
2357 1951 2581 2018 intrare,
2607 1940 2668 2006 et
2704 1951 2807 2006 iter
2833 1959 3055 2020 agentes
3083 1965 3180 2019 per
3207 1948 3618 2014 Dalmantiam,
3647 1965 3778 2019 om
3878 1976 3880 2003 :

2197 2044 2356 2115 quasi
2386 2043 2455 2099 ab
2479 2043 2723 2114 antiquis
2746 2052 2939 2113 petunt
2965 2042 3179 2099 amicis.
3218 2041 3299 2097 illi
3327 2058 3472 2098 vero
3490 2043 3591 2074 ¹¹⁸¹
3626 2044 3780 2098 scicn-

2200 2145 2281 2191 tes
2331 2150 2429 2191 eos
2454 2135 2523 2190 ad
2551 2133 2847 2190 Saxoniam
2877 2133 3140 2190 festinare
3185 2132 3567 2204 Saxonesque
3592 2144 3781 2204 paratos
3878 2188 3880 2191 .

2198 2245 2323 2286 cum
2353 2231 2434 2286 eis
2467 2244 2708 2299 pugnare
2734 2269 2751 2294 ,
2800 2227 3227 2298 pinguissimum
3274 2242 3381 2297 pro
3438 2243 3676 2282 munere
3717 2228 3780 2282 cii
3878 2252 3880 2255 -

2198 2322 2495 2393 projiciunt
2511 2337 2728 2378 canem.
2761 2319 2827 2377 Et
2854 2336 2981 2376 cum
3012 2337 3121 2377 non
3149 2331 3300 2377 esset
3329 2321 3611 2391 injuriam
3635 2321 3780 2375 vindi-
3878 2324 3880 2393 ι

2197 2413 2357 2469 candi
2386 2413 2540 2469 locus
2564 2412 2631 2467 ad
2662 2411 2828 2466 aliam
2859 2426 3097 2482 pugnam
3123 2410 3558 2475 festinantibus,
3579 2427 3694 2466 eum
3716 2410 3778 2463 rio
3878 2410 3880 2482 ς

2196 2505 2444 2562 diculosa
2489 2504 2626 2561 satis
2696 2501 3086 2559 vociferatione
3152 2504 3378 2574 longius
3438 2512 3782 2573 prosecantur

2197 2597 2426 2653 amicos.
2477 2595 2647 2667 Igitur
2695 2610 2862 2665 quam
2909 2594 3196 2663 repentino
3240 2603 3565 2667 potuerunt
3605 2593 3779 2662 impetu

2200 2690 2405 2749 intrant
2430 2687 2841 2758 Thuringorum
2895 2686 3058 2751 lines,
3109 2686 3261 2740 illam
3289 2695 3513 2741 terram
3547 2685 3783 2741 hostiliter

2200 2789 2369 2838 totam
2414 2788 2793 2851 pervagantes.
2846 2777 3116 2850 (Ltuara.
3148 2795 3209 2845 ιι,
3247 2778 3393 2849 25.)
3458 2778 3581 2835 Rex
3627 2789 3781 2833 auten
3878 2782 3880 2827 :

2198 2871 2488 2929 Heinricus
2519 2870 2842 2944 gravissima
2871 2870 3170 2927 valitudine
3196 2870 3514 2937 detinetur,
3545 2882 3601 2926 et
3626 2868 3782 2939 linga-
3878 2872 3880 2943 !

2198 2965 2409 3021 riorum
2439 2965 2787 3021 eiadventus
2814 2963 3100 3034 proximus
3154 2963 3487 3018 nunciatur.
3538 2963 3645 3030 Qui
3680 2979 3780 3016 ιιιοι
3878 2963 3880 3017 ἓ

501 3041 615 3139 ἣξει
662 3029 936 3139 “ﬁdemf-
981 3030 1224 3105 Comigil
1256 3045 1438 3138 ξιιιιίξιιι
1483 3039 1758 3107 quamam
1793 3056 1862 3097 ει
1886 3042 2094 3139 Pfjil'éi'
2123 3079 2168 3139 ο
2197 3057 2420 3115 directis
2459 3072 2556 3127 per
2605 3029 2901 3111 Saxon'iam
2943 3054 3161 3110 nunciis
3189 3096 3205 3121 ,
3256 3029 3672 3111 validissimum
3707 3069 3783 3123 per

501 3114 663 3186 pibus
723 3118 1087 3191 Ungariorum
1150 3125 1273 3194 capi
1331 3127 1643 3200 \ietumquc
1689 3132 1801 3203 regi
1853 3128 2094 3200 adduci,

500 3221 666 3277 quem
694 3210 798 3280 ipsi
826 3211 881 3266 in
937 3214 1027 3245 “7°
1057 3224 1271 3271 tantum
1322 3218 1645 3290 dilexerant,
1695 3232 1755 3278 ut
1806 3225 2095 3282 innumera

505 3298 597 3331 ¹²¹¹
625 3302 746 3355 auri
771 3311 826 3357 et
855 3305 1065 3376 argenti
1114 3323 1214 3377 pro
1255 3324 1321 3366 eo
1366 3312 1609 3381 pondera
1657 3316 1933 3373 offerrent.
1980 3319 2097 3376 Rex

502 3398 688 3446 autem
717 3408 984 3463 spernens
1016 3413 1237 3466 aurum,
1261 3404 1573 3472 expostulat
1606 3421 1821 3476 pacem,
1851 3411 2099 3467 tandem-

398 3498 401 3502 ‘
502 3498 611 3552 que
674 3484 766 3517 “7'
821 3487 890 3542 ad
937 3504 1132 3545 novem
1178 3507 1353 3549 annos
1400 3495 1638 3553 obtinuit
1683 3499 1898 3557 firmam
1946 3505 2098 3573 pacis

502 3576 892 3634 conditionem.
927 3579 1096 3650 (Win.
1125 3600 1165 3649 ι,
1197 3584 1310 3656 55.)
1350 3584 1409 3640 In
1455 3590 1657 3658 quibus
1706 3592 1943 3650 induciis
1988 3596 2100 3665 pri-

503 3682 654 3722 mum
690 3684 758 3724 ex
787 3674 1022 3743 agrariis
1048 3676 1314 3734 militibus
1338 3695 1545 3736 nonum
1577 3698 1848 3755 quemque
1870 3689 2096 3760 eligens,

504 3761 559 3814 in
593 3762 820 3820 urbibus
843 3764 1090 3822 habitare
1112 3767 1261 3835 fecit,
1290 3779 1349 3826 ut
1381 3774 1577 3829 ceteris
1599 3787 1724 3834 octo
1754 3778 2098 3836 eonfamilia-

503 3854 659 3910 ribus
713 3857 802 3889 ¹²⁷³
850 3860 967 3917 suis
1032 3862 1345 3920 habitacula
1378 3876 1721 3927 construeret
1770 3871 2100 3946 frugumque

504 3953 754 4005 omnium
820 3953 1047 4013 terciam
1120 3966 1332 4027 partem
1394 3961 1670 4032 exciperet
1719 3980 1785 4021 ac
1834 3978 2096 4034 servaret,

504 4041 670 4096 ceteri
704 4059 834 4099 vero
853 4056 977 4101 octo
1009 4049 1344 4106 seminarent
1369 4061 1425 4108 et
1458 4053 1550 4087 “7‘
1578 4066 1847 4115 meterent
1887 4058 2101 4131 fruges-

502 4149 617 4203 que
663 4151 802 4192 noco
859 4140 1177 4211 colligerent
1225 4146 1452 4216 suisque
1504 4147 1559 4203 in
1604 4150 1740 4208 locis
1791 4162 2097 4222 ponerent;

503 4226 735 4283 concilia
756 4238 812 4283 et
836 4245 1029 4287 omnes
1052 4245 1354 4293 conventus
1395 4254 1461 4293 ac
1505 4242 1756 4298 convivia
1787 4244 1844 4299 in
1872 4245 2100 4301 urbibus

502 4318 770 4376 celebrari
804 4323 998 4391 voluit,
1028 4326 1290 4395 quatinus
1318 4328 1375 4383 in
1402 4346 1537 4400 pace
1564 4331 1858 4403 discerent,
1888 4336 2022 4407 quid
2044 4336 2100 4391 in

506 4410 750 4469 hostium
794 4414 1033 4472 adventu
1061 4417 1240 4475 facere
1281 4420 1623 4480 debuissent.
1674 4424 1812 4482 Vilia
1859 4437 1956 4484 aut
2006 4429 2100 4460 ¹²⁷⁸

503 4504 653 4559 nulla
701 4513 856 4561 extra
898 4508 1062 4564 urbes
1098 4519 1257 4566 erant
1303 4513 1506 4569 mmnia
1544 4516 1656 4570 "7‘.
1704 4516 1823 4571 Tali
1871 4518 1989 4589 lege
2036 4535 2101 4576 ac

505 4596 796 4668 disciplina
843 4614 970 4655 cum
1027 4600 1176 4657 cives
1221 4603 1612 4674 assuefaceret,
1664 4604 1889 4679 repente
1939 4612 2101 4669 irruit

507 4704 674 4758 super
722 4689 947 4748 Sclavos
995 4692 1093 4763 qui
1138 4694 1400 4752 dicuntur
1444 4695 1671 4768 Hevelli,
1706 4710 1761 4757 et
1789 4703 1976 4760 multis
2002 4719 2098 4763 eos

506 4781 709 4851 praeliis
735 4781 993 4855 fatigans,
1032 4785 1254 4842 demum
1296 4788 1477 4845 hieme
1522 4794 1846 4862 asperrima,
1901 4798 2101 4855 castris

507 4884 673 4939 super
692 4872 921 4942 glaciem
946 4875 1166 4945 positis,
1214 4877 1406 4933 urbem
1448 4896 1572 4949 quae
1619 4882 1819 4939 dicitur
1855 4885 2099 4944 Brenna-

506 4958 646 5031 burg
673 4962 836 5031 fame,
884 4964 1030 5021 ferro
1066 4977 1122 5024 et
1169 4967 1374 5040 frigore
1409 4971 1572 5041 cepit,
1600 4983 1808 5033 etcum
1844 4976 1935 5033 illa
1965 4980 2101 5037 urbe

510 5054 660 5108 omni
704 5057 923 5128 regione
963 5061 1193 5131 potitus,
1239 5062 1397 5134 signa
1429 5065 1592 5121 vertit
1635 5078 1822 5124 contra
1854 5072 1943 5104 ¹²⁷⁷
1971 5071 2100 5128 Dal—

2195 3149 2550 3221 quatriduum
2572 3148 2788 3218 collegit
2805 3147 2896 3179 “3’
2921 3147 3246 3213 exercitum,
3282 3148 3554 3219 ipseque,
3580 3148 3697 3203 licet
3715 3147 3783 3200 ia-

2198 3242 2414 3297 validus
2464 3255 2695 3311 corpore
2722 3281 2739 3306 ,
2785 3239 2955 3294 animi
3012 3247 3195 3294 tamen
3244 3240 3564 3295 roboratus
3605 3240 3781 3311 vigore,
3878 3240 3880 3311 Ῑ

2196 3346 2402 3402 equum
2427 3330 2673 3386 ascendit
2691 3338 2746 3385 et
2776 3329 2995 3384 obviam
3021 3329 3272 3384 hostibus
3297 3328 3424 3383 ivit.
3444 3328 3610 3385 Celer
3628 3339 3780 3383 am
3878 3328 3880 3402 ξ

2198 3422 2434 3479 nuncius
2476 3421 2734 3488 accurrit,
2780 3421 2877 3491 qui
2900 3419 3175 3493 Ungarios
3205 3421 3261 3474 in
3312 3419 3781 3493 Mereslmrg‘“.
3878 3419 3880 3493 ἰ

2197 3516 2344 3587 quod
2366 3524 2613 3573 castrum
2653 3522 2741 3569 est
2768 3514 2860 3546 ⁸³⁸³
2886 3513 2943 3568 in
2983 3512 3225 3569 confinio
3252 3512 3556 3569 Saxonum
3580 3523 3637 3568 et
3656 3511 3773 3567 Tlle-

2197 3609 2479 3681 ringorum
2509 3625 2575 3665 ac
2603 3607 2949 3676 Sclavorum,
2973 3624 3095 3665 esse
3118 3608 3214 3641 “"
3254 3611 3582 3676 nunciavit,
3609 3624 3783 3681 eosqu

2194 3698 2308 3770 jam
2330 3700 2423 3759 ,‘m
2454 3714 2564 3756 non
2593 3699 2866 3755 modicam
2897 3715 3196 3770 puerorum
3221 3716 3289 3756 ac
3328 3702 3643 3758 mulierum
3680 3715 3781 3771 pns-

2198 3793 2326 3848 dam
2348 3792 2571 3859 habere,
2609 3792 2855 3848 virorum
2889 3809 3021 3849 vero
3058 3793 3396 3849 immensam
3450 3805 3690 3868 stragem
3711 3793 3783 3825 “"

2201 3883 2417 3940 fecisse.
2451 3884 2566 3939 Rex
2588 3885 2776 3957 igitur,
2809 3895 2872 3939 ut
2908 3893 3029 3940 erat
3066 3884 3254 3940 animo
3286 3895 3588 3953 constans,
3613 3887 3783 3942 talibus

2202 3990 2313 4031 non
2340 3984 2593 4043 terretur,
2640 3977 2737 4032 sed
2776 3977 2954 4047 magis
2979 3976 3267 4047 magisque
3295 3992 3462 4044 suos,
3494 3988 3559 4032 ut
3589 3993 3684 4049 pro
3706 3993 3782 4047 pa-

2204 4065 2308 4119 tria
2335 4074 2601 4136 pugnent,
2625 4067 2968 4123 exhortatur.
3001 4064 3115 4121 Nec
3146 4082 3326 4134 mora,
3362 4068 3582 4124 bellum
3616 4069 3783 4138 incipi-

2204 4164 2314 4222 tur,
2337 4166 2392 4212 et
2417 4172 2484 4212 ex
2515 4154 2957 4214 Christianorum
2981 4170 3138 4229 parte
3162 4157 3319 4231 Ityrie
3350 4161 3587 4232 eleyson
3610 4162 3697 4193 m’
3712 4161 3781 4215 di-

2202 4248 2367 4314 citur,
2403 4263 2467 4303 ex
2495 4248 2714 4305 illorum
2747 4265 2878 4307 vero
2900 4257 3054 4320 parte
3080 4251 3265 4321 turpis
3296 4260 3353 4307 et
3379 4245 3659 4309 diabolica
3677 4268 3782 4315 rex.

2203 4337 2323 4405 hui,
2353 4336 2472 4404 hui,
2504 4338 2733 4406 hui“'°,
2778 4340 3020 4396 auditur.
3079 4339 3222 4398 Inito
3246 4342 3446 4413 itaque
3490 4345 3780 4406 certamine.

2128 4422 2174 4482 ὓ
2203 4438 2338 4484 nutu
2371 4428 2558 4486 divino
2597 4428 2823 4503 Ungarii
2847 4431 3120 4488 ceduntur
3140 4441 3197 4488 et
3215 4432 3508 4504 fugantur,
3530 4453 3630 4493 rex
3650 4434 3781 4491 etssi

2202 4521 2433 4578 victoria
2456 4523 2808 4591 decorantur,
2833 4524 3101 4581 immensa
3116 4526 3479 4596 captivorum
3510 4530 3669 4585 turba
3698 4527 3779 4583 ab-

2201 4613 2453 4681 solvitur,
2481 4626 2645 4686 atque
2666 4629 2772 4669 vox
2795 4616 3028 4686 gemitus
3055 4615 3112 4671 in
3135 4615 3350 4673 laaticiaz
3367 4629 3603 4674 cantum
3628 4628 3781 4673 nu:-
3878 4608 3880 4686 Ξ

2203 4707 2311 4761 tur.
2350 4703 2509 4762 Hunc
2542 4707 2882 4777 triumphum
2910 4715 3021 4762 tam
3041 4707 3207 4762 laude
3225 4724 3400 4780 quam
3433 4709 3780 4766 meumriadi—
3878 4703 3880 4777 !

2202 4815 2370 4871 gnum
2412 4816 2508 4857 rex
2551 4800 2695 4872 apud
2737 4799 3163 4872 Meresburg""
3205 4801 3265 4856 in
3296 4803 3581 4872 superiori
3618 4816 3780 4861 ema-

2201 4891 2328 4946 culo
2371 4892 2569 4951 domus
2608 4892 2772 4965 regiae
2794 4908 2893 4964 per
2925 4893 3286 4965 aographiam
3319 4897 3505 4955 notari
3544 4893 3778 4967 precarii.

2205 4983 2344 5039 adeo
2365 4993 2427 5040 ut
2448 5000 2563 5040 rem
2583 5001 2771 5041 veram
2797 4985 2981 5057 potius
3000 5001 3171 5057 quam
3195 4986 3553 5043 verisimilem
3570 4987 3776 5060 iudices.

2209 5075 2378 5147 (Win.
2409 5092 2448 5144 ι,
2472 5077 2588 5149 59.)
2634 5076 2752 5134 Rex
2796 5093 2928 5137 vero
2967 5079 3143 5137 victor
3186 5082 3586 5147 reversus'm,
3628 5077 3779 5134 nodis

1827 5221 2062 5281 VARI/1']
2102 5227 2509 5289 LECTIONES.

587 5318 879 5418 ῗὲξίίξεξξ,
907 5324 1177 5418 9τοηη¹¹ξ⁸γ
1202 5329 1622 5418 ιιςιιξῃοοΐηρίε
1700 5336 1792 5367 ¹²⁶⁶
1831 5338 1997 5418 deest“
2031 5339 2124 5418 2.Δ
2164 5342 2255 5418 '"f
2292 5346 2502 5416 argenti
2560 5349 2790 5418 aurique
2838 5350 2894 5406 2.
2969 5352 3063 5385 ¹³⁶⁸
3122 5353 3352 5410 donavit
3376 5365 3432 5410 et
3460 5355 3543 5411 h.‘
3572 5354 3629 5410 5.
3700 5350 3774 5384 ""

511 5394 781 5447 cuonradi
812 5393 908 5448 Dl.
989 5396 1081 5429 “"°
1120 5402 1261 5454 deest
1314 5404 1397 5457 9ο.

515 5461 613 5493 ’⁸⁷³
653 5479 776 5518 cum
826 5463 1189 5525 familiaribus
1215 5472 1283 5525 Ἦ
1308 5473 1392 5527 l0.
1447 5474 1531 5529 Η.

1611 5476 1705 5508 "7‘
1742 5494 1809 5534 ac
1828 5479 1935 5536 'Dl.

516 5533 705 5588 munia
766 5535 822 5588 ll
838 5577 851 5590 .

932 5537 1020 5569 ¹¹⁷⁷
1057 5540 1200 5595 deest
1230 5542 1286 5596 ‘2.
1365 5544 1459 5578 ¹²⁷⁸
1495 5546 1813 5603 dalmatiam
1854 5550 1906 5604 2.
1938 5552 2022 5606 9°.

516 5602 609 5694 ῘῘῘῙ
645 5618 826 5694 ἒυιίῖηὲ
892 5607 976 5662 9⁸-
1068 5611 1401 5694 .¹¹⁸.ἴρο¹¹ἱεὲε
1439 5616 1531 5694 θοι
1590 5602 2055 5694 --⁸³⁸³,ίιιέιςέεέιῖυιίε

462 5741 481 5759 ί
516 5673 607 5707 ¹¹⁸⁷
632 5679 772 5733 deest
792 5678 840 5735 4.
872 5694 925 5734 ιι.
956 5696 1029 5736 m.
1068 5681 1102 5736 i.
1137 5680 1234 5736 Di.
1311 5673 1400 5715 “"8
1437 5703 1480 5740 s.
1518 5688 1553 5742 i.
1589 5688 1639 5742 5.

1479 5403 1570 5436 “'”
1610 5406 2035 5464 innumerabilia
2096 5410 2180 5466 9e.
2224 5413 2261 5468 i.

2337 5430 2418 5470 )ro
2458 5432 2527 5473 eo
2568 5432 2620 5471 a.
2658 5428 2713 5474 et
2763 5436 2815 5474 a.
2862 5437 2915 5489 p.
2967 5423 3023 5477 2.
3103 5425 3198 5456 ³⁸⁷⁸
3266 5428 3485 5481 tandem
3552 5426 3639 5479 ιο.
3700 5423 3770 5476 ll.

2337 5485 2387 5537 la
2441 5487 2495 5537 2.
2575 5488 2669 5520 ³⁸⁷⁸
2707 5490 2874 5537 nimia
2933 5492 3045 5537 alia
3093 5511 3253 5537 manu
3313 5513 3436 5537 mn
3495 5492 3769 5537 mia”.

2015 5481 2107 5514 ⁸³⁷⁸
2144 5493 2238 5539 aut
2275 5481 2387 5540 ulla
2441 5487 2495 5542 2.
2575 5488 2669 5520 ’⁸⁷⁸
2707 5481 2877 5546 nimia
2933 5492 3045 5547 alia
3093 5511 3255 5549 manu
3313 5513 3453 5551 corr.
3493 5492 3769 5551 ωαιὶιίοο

2106 5552 2211 5627 ξ”ξ
2237 5555 2451 5627 plagam
2482 5558 2581 5613 Di.

2086 5623 2139 5678 5.
2180 5622 2281 5679 Di.

1721 5691 1809 5721 ’θ’θ’
1839 5691 1956 5749 imi
1994 5691 2043 5747 ιζ
2066 5693 2163 5750 Di.

2661 5560 2756 5592 “3°
2804 5562 3126 5618 boemorum
3175 5566 3264 5622 9°.
3345 5568 3436 5600 ¹²³¹
3471 5565 3683 5622 bolirJai
3722 5562 3767 5615 2.

2374 5625 2466 5659 “8‘
2500 5630 2644 5684 deest
2695 5631 2748 5685 4.
2803 5641 2888 5687 est
2937 5643 3180 5689 castrum
3224 5635 3325 5691 Dl.
3423 5638 3510 5670 ³⁸⁸⁸
3561 5633 3765 5691 demi.

2239 5697 2329 5729 "9°
2359 5699 2502 5754 deest
2526 5700 2623 5755 Di.
2704 5703 2792 5734 "'-”
2826 5707 3144 5778 merscburg
3167 5706 3219 5761 5.
3295 5709 3387 5742 "9’
3424 5722 3697 5781 regressus
3721 5704 3761 5758 5-
