  <div class='ocr_page' id='page_1' title='image "/cluster/home/n/w/nwhite01/storage/ocr_20150623/154/hvd.32044015473820/458.png"; bbox 0 0 3880 6320; ppageno 0'>
   <div class='ocr_carea' id='block_1_1' title="bbox 109 247 3349 326">
    <p class='ocr_par' dir='ltr' id='par_1_1' title="bbox 109 247 3349 326">
     <span class='ocr_line' id='line_1_1' title="bbox 109 247 3349 326; baseline -0.001 -13"><span class='ocrx_word' id='word_1_1' title='bbox 109 268 191 326; x_wconf 72' lang='lat'><strong>305</strong></span> <span class='ocrx_word' id='word_1_2' title='bbox 979 255 1351 315; x_wconf 76' lang='lat' dir='ltr'><strong>CHRONICA.</strong></span> <span class='ocrx_word' id='word_1_3' title='bbox 1392 285 1462 294; x_wconf 84' lang='lat'><strong>-—</strong></span> <span class='ocrx_word' id='word_1_4' title='bbox 1499 247 1899 311; x_wconf 72' lang='lat' dir='ltr'><strong>CHRONICON</strong></span> <span class='ocrx_word' id='word_1_5' title='bbox 1935 250 2398 308; x_wconf 73' lang='lat' dir='ltr'><strong>UNIVERSAI.E.</strong></span> <span class='ocrx_word' id='word_1_6' title='bbox 3238 254 3349 310; x_wconf 73' lang='lat'><strong>906</strong></span> 
     </span>
    </p>
   </div>
   <div class='ocr_carea' id='block_1_2' title="bbox 108 368 3349 451">
    <p class='ocr_par' dir='ltr' id='par_1_2' title="bbox 108 368 3349 451">
     <span class='ocr_line' id='line_1_2' title="bbox 108 368 3349 451; baseline -0.004 -11"><span class='ocrx_word' id='word_1_7' title='bbox 108 381 319 443; x_wconf 85' lang='lat' dir='ltr'><strong>omnibus</strong></span> <span class='ocrx_word' id='word_1_8' title='bbox 356 377 658 451; x_wconf 75' lang='lat' dir='ltr'><strong>gratiarum</strong></span> <span class='ocrx_word' id='word_1_9' title='bbox 706 376 951 434; x_wconf 85' lang='lat' dir='ltr'><strong>actiones</strong></span> <span class='ocrx_word' id='word_1_10' title='bbox 986 375 1184 432; x_wconf 79' lang='lat' dir='ltr'><strong>honori</strong></span> <span class='ocrx_word' id='word_1_11' title='bbox 1214 375 1417 441; x_wconf 79' lang='lat' dir='ltr'><strong>divino,</strong></span> <span class='ocrx_word' id='word_1_12' title='bbox 1465 383 1524 430; x_wconf 89' lang='lat' dir='ltr'><strong>ut</strong></span> <span class='ocrx_word' id='word_1_13' title='bbox 1569 373 1654 428; x_wconf 88' lang='lat' dir='ltr'><strong>di-</strong></span> <span class='ocrx_word' id='word_1_14' title='bbox 1684 376 1729 436; x_wconf 72' lang='grc' dir='ltr'><strong>Α</strong></span> <span class='ocrx_word' id='word_1_15' title='bbox 1758 371 1951 439; x_wconf 85' lang='lat' dir='ltr'><strong>lilium,</strong></span> <span class='ocrx_word' id='word_1_16' title='bbox 1978 387 2141 442; x_wconf 89' lang='lat' dir='ltr'><strong>quem</strong></span> <span class='ocrx_word' id='word_1_17' title='bbox 2187 370 2405 427; x_wconf 80' lang='lat' dir='ltr'><strong>vocavit</strong></span> <span class='ocrx_word' id='word_1_18' title='bbox 2430 368 2727 426; x_wconf 84' lang='lat' dir='ltr'><strong>Luitoll&#39;um</strong></span> <span class='ocrx_word' id='word_1_19' title='bbox 2751 412 2765 435; x_wconf 93' lang='lat'><strong>,</strong></span> <span class='ocrx_word' id='word_1_20' title='bbox 2802 384 2963 443; x_wconf 82' lang='lat' dir='ltr'><strong>quem</strong></span> <span class='ocrx_word' id='word_1_21' title='bbox 2995 368 3085 425; x_wconf 73' lang='lat' dir='ltr'><strong>ille</strong></span> <span class='ocrx_word' id='word_1_22' title='bbox 3116 370 3349 426; x_wconf 80' lang='lat' dir='ltr'><strong>multum</strong></span> 
     </span>
    </p>
   </div>
   <div class='ocr_carea' id='block_1_3' title="bbox 108 463 2938 551">
    <p class='ocr_par' dir='ltr' id='par_1_3' title="bbox 108 463 2938 551">
     <span class='ocr_line' id='line_1_3' title="bbox 108 463 2938 551; baseline -0.005 -20"><span class='ocrx_word' id='word_1_23' title='bbox 108 490 237 551; x_wconf 73' lang='lat' dir='ltr'><strong>gnum</strong></span> <span class='ocrx_word' id='word_1_24' title='bbox 284 478 396 528; x_wconf 86' lang='lat' dir='ltr'><strong>erat</strong></span> <span class='ocrx_word' id='word_1_25' title='bbox 417 513 437 536; x_wconf 87' lang='lat'><strong>,</strong></span> <span class='ocrx_word' id='word_1_26' title='bbox 488 469 769 538; x_wconf 75' lang='lat' dir='ltr'><strong>solvebat;</strong></span> <span class='ocrx_word' id='word_1_27' title='bbox 820 468 1197 539; x_wconf 74' lang='lat' dir='ltr'><strong>tributumque</strong></span> <span class='ocrx_word' id='word_1_28' title='bbox 1221 510 1237 535; x_wconf 94' lang='lat'><strong>,</strong></span> <span class='ocrx_word' id='word_1_29' title='bbox 1288 467 1439 539; x_wconf 88' lang='lat' dir='ltr'><strong>quod</strong></span> <span class='ocrx_word' id='word_1_30' title='bbox 1506 466 1655 523; x_wconf 89' lang='lat' dir='ltr'><strong>hosti</strong></span> <span class='ocrx_word' id='word_1_31' title='bbox 1756 464 1980 532; x_wconf 79' lang='lat' dir='ltr'><strong>dilexit;</strong></span> <span class='ocrx_word' id='word_1_32' title='bbox 2013 463 2109 521; x_wconf 88' lang='lat' dir='ltr'><strong>sed</strong></span> <span class='ocrx_word' id='word_1_33' title='bbox 2142 463 2261 535; x_wconf 85' lang='lat' dir='ltr'><strong>ipse</strong></span> <span class='ocrx_word' id='word_1_34' title='bbox 2287 463 2393 520; x_wconf 86' lang='lat' dir='ltr'><strong>sibi</strong></span> <span class='ocrx_word' id='word_1_35' title='bbox 2424 470 2615 534; x_wconf 89' lang='lat' dir='ltr'><strong>postea</strong></span> <span class='ocrx_word' id='word_1_36' title='bbox 2638 463 2938 520; x_wconf 75' lang='lat' dir='ltr'><strong>rebellavit.</strong></span> 
     </span>
    </p>
   </div>
   <div class='ocr_carea' id='block_1_4' title="bbox 107 554 3350 631">
    <p class='ocr_par' dir='ltr' id='par_1_4' title="bbox 107 554 3350 631">
     <span class='ocr_line' id='line_1_4' title="bbox 107 554 3350 631; baseline -0.004 -7"><span class='ocrx_word' id='word_1_37' title='bbox 107 558 815 630; x_wconf 74' lang='lat' dir='ltr'><strong>dare&#39;”‘consuevit,divino</strong></span> <span class='ocrx_word' id='word_1_38' title='bbox 841 558 1013 616; x_wconf 86' lang='lat' dir='ltr'><strong>cultui</strong></span> <span class='ocrx_word' id='word_1_39' title='bbox 1035 559 1366 631; x_wconf 88' lang='lat' dir='ltr'><strong>mancipavit</strong></span> <span class='ocrx_word' id='word_1_40' title='bbox 1382 567 1437 615; x_wconf 87' lang='lat' dir='ltr'><strong>et</strong></span> <span class='ocrx_word' id='word_1_41' title='bbox 1463 558 1658 615; x_wconf 85' lang='lat' dir='ltr'><strong>usibus</strong></span> <span class='ocrx_word' id='word_1_42' title='bbox 1829 557 1998 629; x_wconf 76' lang='lat' dir='ltr'><strong>(Win.</strong></span> <span class='ocrx_word' id='word_1_43' title='bbox 2023 574 2064 624; x_wconf 88' lang='grc' dir='ltr'><strong>ι,</strong></span> <span class='ocrx_word' id='word_1_44' title='bbox 2087 557 2203 629; x_wconf 70' lang='grc'><strong>59.)</strong></span> <span class='ocrx_word' id='word_1_45' title='bbox 2248 554 2542 614; x_wconf 73' lang='lat' dir='ltr'><strong>Heinricus</strong></span> <span class='ocrx_word' id='word_1_46' title='bbox 2594 566 2775 613; x_wconf 85' lang='lat' dir='ltr'><strong>autem</strong></span> <span class='ocrx_word' id='word_1_47' title='bbox 2809 572 2907 612; x_wconf 79' lang='lat' dir='ltr'><strong>rex</strong></span> <span class='ocrx_word' id='word_1_48' title='bbox 2955 571 3080 612; x_wconf 93' lang='lat' dir='ltr'><strong>cum</strong></span> <span class='ocrx_word' id='word_1_49' title='bbox 3120 565 3266 613; x_wconf 86' lang='lat' dir='ltr'><strong>esset</strong></span> <span class='ocrx_word' id='word_1_50' title='bbox 3294 556 3350 612; x_wconf 74' lang='lat' dir='ltr'><strong>in</strong></span> 
     </span>
    </p>
   </div>
   <div class='ocr_carea' id='block_1_5' title="bbox 106 638 3354 733">
    <p class='ocr_par' dir='ltr' id='par_1_5' title="bbox 106 638 3354 733">
     <span class='ocr_line' id='line_1_5' title="bbox 106 638 3354 733; baseline -0.002 -18"><span class='ocrx_word' id='word_1_51' title='bbox 106 670 360 733; x_wconf 84' lang='lat' dir='ltr'><strong>pauperum</strong></span> <span class='ocrx_word' id='word_1_52' title='bbox 383 638 658 710; x_wconf 70' lang='lat' dir='ltr'><strong>deservire</strong></span> <span class='ocrx_word' id='word_1_53' title='bbox 681 651 1094 710; x_wconf 78' lang='lat' dir='ltr'><strong>eonstituit““.</strong></span> <span class='ocrx_word' id='word_1_54' title='bbox 1113 651 1244 709; x_wconf 86' lang='lat' dir='ltr'><strong>Post</strong></span> <span class='ocrx_word' id='word_1_55' title='bbox 1267 653 1385 708; x_wconf 75' lang='lat' dir='ltr'><strong>hzec</strong></span> <span class='ocrx_word' id='word_1_56' title='bbox 1396 659 1549 724; x_wconf 77' lang='lat' dir='ltr'><strong>pater</strong></span> <span class='ocrx_word' id='word_1_57' title='bbox 1560 667 1658 722; x_wconf 87' lang='lat' dir='ltr'><strong>pa-</strong></span> <span class='ocrx_word' id='word_1_58' title='bbox 1758 651 2050 707; x_wconf 81' lang='lat' dir='ltr'><strong>cxaltando</strong></span> <span class='ocrx_word' id='word_1_59' title='bbox 2097 657 2313 723; x_wconf 80' lang='lat' dir='ltr'><strong>gentem</strong></span> <span class='ocrx_word' id='word_1_60' title='bbox 2362 666 2542 720; x_wconf 88' lang='lat' dir='ltr'><strong>suam,</strong></span> <span class='ocrx_word' id='word_1_61' title='bbox 2572 667 2732 708; x_wconf 89' lang='lat' dir='ltr'><strong>rarus</strong></span> <span class='ocrx_word' id='word_1_62' title='bbox 2758 660 2854 708; x_wconf 88' lang='lat' dir='ltr'><strong>aut</strong></span> <span class='ocrx_word' id='word_1_63' title='bbox 2873 652 3065 708; x_wconf 84' lang='lat' dir='ltr'><strong>nullus</strong></span> <span class='ocrx_word' id='word_1_64' title='bbox 3094 651 3354 708; x_wconf 88' lang='lat' dir='ltr'><strong>nomina-</strong></span> 
     </span>
    </p>
   </div>
   <div class='ocr_carea' id='block_1_6' title="bbox 106 742 3356 817">
    <p class='ocr_par' dir='ltr' id='par_1_6' title="bbox 106 742 3356 817">
     <span class='ocr_line' id='line_1_6' title="bbox 106 742 3356 817; baseline -0.001 -9"><span class='ocrx_word' id='word_1_65' title='bbox 106 753 198 809; x_wconf 76' lang='lat' dir='ltr'><strong>tria:</strong></span> <span class='ocrx_word' id='word_1_66' title='bbox 216 758 266 804; x_wconf 90' lang='lat' dir='ltr'><strong>et</strong></span> <span class='ocrx_word' id='word_1_67' title='bbox 290 763 469 804; x_wconf 89' lang='lat' dir='ltr'><strong>rerum</strong></span> <span class='ocrx_word' id='word_1_68' title='bbox 491 745 751 802; x_wconf 87' lang='lat' dir='ltr'><strong>dominus</strong></span> <span class='ocrx_word' id='word_1_69' title='bbox 764 745 857 779; x_wconf 80' lang='lat'><strong>“&quot;</strong></span> <span class='ocrx_word' id='word_1_70' title='bbox 883 745 1292 817; x_wconf 83' lang='lat' dir='ltr'><strong>imperatorque</strong></span> <span class='ocrx_word' id='word_1_71' title='bbox 1320 744 1390 801; x_wconf 88' lang='lat' dir='ltr'><strong>ab</strong></span> <span class='ocrx_word' id='word_1_72' title='bbox 1413 745 1658 801; x_wconf 84' lang='lat' dir='ltr'><strong>exercitu</strong></span> <span class='ocrx_word' id='word_1_73' title='bbox 1759 753 1944 799; x_wconf 87' lang='lat' dir='ltr'><strong>torum</strong></span> <span class='ocrx_word' id='word_1_74' title='bbox 1973 743 2218 800; x_wconf 84' lang='lat' dir='ltr'><strong>virorum</strong></span> <span class='ocrx_word' id='word_1_75' title='bbox 2274 743 2330 798; x_wconf 91' lang='lat' dir='ltr'><strong>in</strong></span> <span class='ocrx_word' id='word_1_76' title='bbox 2378 745 2529 800; x_wconf 89' lang='lat' dir='ltr'><strong>omni</strong></span> <span class='ocrx_word' id='word_1_77' title='bbox 2581 742 2821 801; x_wconf 77' lang='lat' dir='ltr'><strong>Saxonia</strong></span> <span class='ocrx_word' id='word_1_78' title='bbox 2860 753 2981 801; x_wconf 91' lang='lat' dir='ltr'><strong>erat</strong></span> <span class='ocrx_word' id='word_1_79' title='bbox 3002 786 3019 812; x_wconf 95' lang='lat'><strong>,</strong></span> <span class='ocrx_word' id='word_1_80' title='bbox 3050 760 3216 817; x_wconf 87' lang='lat' dir='ltr'><strong>quem</strong></span> <span class='ocrx_word' id='word_1_81' title='bbox 3258 755 3356 804; x_wconf 79' lang='lat' dir='ltr'><strong>aut</strong></span> 
     </span>
    </p>
   </div>
   <div class='ocr_carea' id='block_1_7' title="bbox 106 836 3350 914">
    <p class='ocr_par' dir='ltr' id='par_1_7' title="bbox 106 836 3350 914">
     <span class='ocr_line' id='line_1_7' title="bbox 106 836 3350 914; baseline -0.001 -15"><span class='ocrx_word' id='word_1_82' title='bbox 106 840 388 914; x_wconf 87' lang='lat' dir='ltr'><strong>appellatus,</strong></span> <span class='ocrx_word' id='word_1_83' title='bbox 418 836 624 892; x_wconf 88' lang='lat' dir='ltr'><strong>famam</strong></span> <span class='ocrx_word' id='word_1_84' title='bbox 652 836 909 908; x_wconf 69' lang='lat' dir='ltr'><strong>potentiae</strong></span> <span class='ocrx_word' id='word_1_85' title='bbox 954 836 1288 909; x_wconf 80' lang='lat' dir='ltr'><strong>virtutisque</strong></span> <span class='ocrx_word' id='word_1_86' title='bbox 1319 837 1536 894; x_wconf 84' lang='lat' dir='ltr'><strong>cunctis</strong></span> <span class='ocrx_word' id='word_1_87' title='bbox 1567 852 1657 892; x_wconf 86' lang='lat' dir='ltr'><strong>re-</strong></span> <span class='ocrx_word' id='word_1_88' title='bbox 1758 840 2007 910; x_wconf 88' lang='lat' dir='ltr'><strong>preclaro</strong></span> <span class='ocrx_word' id='word_1_89' title='bbox 2032 852 2259 895; x_wconf 88' lang='lat' dir='ltr'><strong>munere</strong></span> <span class='ocrx_word' id='word_1_90' title='bbox 2285 848 2383 895; x_wconf 75' lang='lat' dir='ltr'><strong>aut</strong></span> <span class='ocrx_word' id='word_1_91' title='bbox 2405 837 2584 897; x_wconf 83' lang='lat' dir='ltr'><strong>ollicio</strong></span> <span class='ocrx_word' id='word_1_92' title='bbox 2612 840 2796 913; x_wconf 89' lang='lat' dir='ltr'><strong>aliquo</strong></span> <span class='ocrx_word' id='word_1_93' title='bbox 2843 844 2955 896; x_wconf 77' lang='lat' dir='ltr'><strong>neu</strong></span> <span class='ocrx_word' id='word_1_94' title='bbox 2986 851 3350 913; x_wconf 81' lang='lat' dir='ltr'><strong>promoveret.</strong></span> 
     </span>
    </p>
   </div>
   <div class='ocr_carea' id='block_1_8' title="bbox 106 928 3356 1009">
    <p class='ocr_par' dir='ltr' id='par_1_8' title="bbox 106 928 3356 1009">
     <span class='ocr_line' id='line_1_8' title="bbox 106 928 3356 1009; baseline 0 -18"><span class='ocrx_word' id='word_1_95' title='bbox 106 937 232 1009; x_wconf 79' lang='lat' dir='ltr'><strong>gibus</strong></span> <span class='ocrx_word' id='word_1_96' title='bbox 256 941 308 989; x_wconf 89' lang='lat' dir='ltr'><strong>et</strong></span> <span class='ocrx_word' id='word_1_97' title='bbox 332 930 691 1005; x_wconf 80' lang='lat' dir='ltr'><strong>gentibus“&quot;</strong></span> <span class='ocrx_word' id='word_1_98' title='bbox 719 931 879 1004; x_wconf 82' lang='lat' dir='ltr'><strong>longe</strong></span> <span class='ocrx_word' id='word_1_99' title='bbox 909 932 1126 1002; x_wconf 83' lang='lat' dir='ltr'><strong>lateque</strong></span> <span class='ocrx_word' id='word_1_100' title='bbox 1152 928 1386 986; x_wconf 74' lang='lat' dir='ltr'><strong>diﬂ‘udit.</strong></span> <span class='ocrx_word' id='word_1_101' title='bbox 1419 929 1578 988; x_wconf 88' lang='lat' dir='ltr'><strong>Unde</strong></span> <span class='ocrx_word' id='word_1_102' title='bbox 1606 941 1661 988; x_wconf 88' lang='lat' dir='ltr'><strong>et</strong></span> <span class='ocrx_word' id='word_1_103' title='bbox 1760 931 1892 987; x_wconf 84' lang='lat' dir='ltr'><strong>Erat</strong></span> <span class='ocrx_word' id='word_1_104' title='bbox 1921 939 2103 987; x_wconf 81' lang='lat' dir='ltr'><strong>autem</strong></span> <span class='ocrx_word' id='word_1_105' title='bbox 2132 931 2337 1004; x_wconf 77' lang='lat' dir='ltr'><strong>ingenti</strong></span> <span class='ocrx_word' id='word_1_106' title='bbox 2367 933 2656 1005; x_wconf 81' lang='lat' dir='ltr'><strong>prudentia</strong></span> <span class='ocrx_word' id='word_1_107' title='bbox 2702 934 2915 1006; x_wconf 80' lang='lat' dir='ltr'><strong>pollens</strong></span> <span class='ocrx_word' id='word_1_108' title='bbox 2938 977 2954 1002; x_wconf 93' lang='lat'><strong>,</strong></span> <span class='ocrx_word' id='word_1_109' title='bbox 3009 932 3188 991; x_wconf 87' lang='lat' dir='ltr'><strong>forma</strong></span> <span class='ocrx_word' id='word_1_110' title='bbox 3216 950 3356 1007; x_wconf 91' lang='lat' dir='ltr'><strong>quo-</strong></span> 
     </span>
    </p>
   </div>
   <div class='ocr_carea' id='block_1_9' title="bbox 106 1023 3353 1099">
    <p class='ocr_par' dir='ltr' id='par_1_9' title="bbox 106 1023 3353 1099">
     <span class='ocr_line' id='line_1_9' title="bbox 106 1023 3353 1099; baseline -0.001 -15"><span class='ocrx_word' id='word_1_111' title='bbox 106 1028 303 1085; x_wconf 86' lang='lat' dir='ltr'><strong>aliorum</strong></span> <span class='ocrx_word' id='word_1_112' title='bbox 326 1040 622 1098; x_wconf 86' lang='lat' dir='ltr'><strong>regnorum</strong></span> <span class='ocrx_word' id='word_1_113' title='bbox 650 1040 907 1097; x_wconf 81' lang='lat' dir='ltr'><strong>proceres</strong></span> <span class='ocrx_word' id='word_1_114' title='bbox 937 1040 1065 1081; x_wconf 86' lang='lat' dir='ltr'><strong>eum</strong></span> <span class='ocrx_word' id='word_1_115' title='bbox 1093 1023 1366 1095; x_wconf 78' lang='lat' dir='ltr'><strong>adierunt,</strong></span> <span class='ocrx_word' id='word_1_116' title='bbox 1399 1024 1663 1097; x_wconf 86' lang='lat' dir='ltr'><strong>gratiam-</strong></span> <span class='ocrx_word' id='word_1_117' title='bbox 1760 1038 1869 1097; x_wconf 88' lang='lat' dir='ltr'><strong>que</strong></span> <span class='ocrx_word' id='word_1_118' title='bbox 1898 1023 2147 1095; x_wconf 85' lang='lat' dir='ltr'><strong>corporis</strong></span> <span class='ocrx_word' id='word_1_119' title='bbox 2171 1025 2337 1095; x_wconf 62' lang='lat' dir='ltr'><strong>regia)</strong></span> <span class='ocrx_word' id='word_1_120' title='bbox 2364 1026 2616 1098; x_wconf 80' lang='lat' dir='ltr'><strong>dignitati</strong></span> <span class='ocrx_word' id='word_1_121' title='bbox 2668 1027 2920 1084; x_wconf 87' lang='lat' dir='ltr'><strong>decorem</strong></span> <span class='ocrx_word' id='word_1_122' title='bbox 2955 1026 3239 1099; x_wconf 88' lang='lat' dir='ltr'><strong>adjiciens.</strong></span> <span class='ocrx_word' id='word_1_123' title='bbox 3292 1024 3353 1081; x_wconf 82' lang='lat' dir='ltr'><strong>In</strong></span> 
     </span>
    </p>
   </div>
   <div class='ocr_carea' id='block_1_10' title="bbox 106 1116 3357 1192">
    <p class='ocr_par' dir='ltr' id='par_1_10' title="bbox 106 1116 3357 1192">
     <span class='ocr_line' id='line_1_10' title="bbox 106 1116 3357 1192; baseline -0.001 -15"><span class='ocrx_word' id='word_1_124' title='bbox 106 1135 193 1192; x_wconf 86' lang='lat' dir='ltr'><strong>que</strong></span> <span class='ocrx_word' id='word_1_125' title='bbox 216 1118 264 1174; x_wconf 89' lang='lat' dir='ltr'><strong>in</strong></span> <span class='ocrx_word' id='word_1_126' title='bbox 289 1126 584 1190; x_wconf 87' lang='lat' dir='ltr'><strong>conspectu</strong></span> <span class='ocrx_word' id='word_1_127' title='bbox 610 1117 733 1190; x_wconf 81' lang='lat' dir='ltr'><strong>ejus</strong></span> <span class='ocrx_word' id='word_1_128' title='bbox 771 1117 1017 1174; x_wconf 84' lang='lat' dir='ltr'><strong>invenire</strong></span> <span class='ocrx_word' id='word_1_129' title='bbox 1039 1125 1357 1190; x_wconf 85' lang='lat' dir='ltr'><strong>querentes,</strong></span> <span class='ocrx_word' id='word_1_130' title='bbox 1390 1116 1552 1174; x_wconf 80' lang='lat' dir='ltr'><strong>fidem</strong></span> <span class='ocrx_word' id='word_1_131' title='bbox 1579 1125 1663 1173; x_wconf 87' lang='lat' dir='ltr'><strong>ta-</strong></span> <span class='ocrx_word' id='word_1_132' title='bbox 1761 1116 2048 1173; x_wconf 80' lang='lat' dir='ltr'><strong>exerciciis</strong></span> <span class='ocrx_word' id='word_1_133' title='bbox 2075 1116 2238 1172; x_wconf 89' lang='lat' dir='ltr'><strong>etiam</strong></span> <span class='ocrx_word' id='word_1_134' title='bbox 2266 1116 2380 1172; x_wconf 82' lang='lat' dir='ltr'><strong>ludi</strong></span> <span class='ocrx_word' id='word_1_135' title='bbox 2412 1127 2560 1173; x_wconf 87' lang='lat' dir='ltr'><strong>tanta</strong></span> <span class='ocrx_word' id='word_1_136' title='bbox 2589 1120 2885 1177; x_wconf 81' lang='lat' dir='ltr'><strong>eminentia</strong></span> <span class='ocrx_word' id='word_1_137' title='bbox 2912 1135 3105 1177; x_wconf 91' lang='lat' dir='ltr'><strong>omnes</strong></span> <span class='ocrx_word' id='word_1_138' title='bbox 3136 1133 3357 1191; x_wconf 87' lang='lat' dir='ltr'><strong>supera-</strong></span> 
     </span>
    </p>
   </div>
   <div class='ocr_carea' id='block_1_11' title="bbox 105 1209 1659 1282">
    <p class='ocr_par' dir='ltr' id='par_1_11' title="bbox 105 1209 1659 1282">
     <span class='ocr_line' id='line_1_11' title="bbox 105 1209 1659 1282; baseline -0.003 -12"><span class='ocrx_word' id='word_1_139' title='bbox 105 1215 160 1271; x_wconf 86' lang='lat' dir='ltr'><strong>lis</strong></span> <span class='ocrx_word' id='word_1_140' title='bbox 182 1228 238 1269; x_wconf 90' lang='lat' dir='ltr'><strong>ac</strong></span> <span class='ocrx_word' id='word_1_141' title='bbox 262 1210 390 1268; x_wconf 86' lang='lat' dir='ltr'><strong>tanti</strong></span> <span class='ocrx_word' id='word_1_142' title='bbox 422 1210 525 1267; x_wconf 83' lang='lat' dir='ltr'><strong>viri</strong></span> <span class='ocrx_word' id='word_1_143' title='bbox 554 1210 891 1280; x_wconf 78' lang='lat' dir='ltr'><strong>dilexerunt;</strong></span> <span class='ocrx_word' id='word_1_144' title='bbox 946 1210 1089 1268; x_wconf 89' lang='lat' dir='ltr'><strong>inter</strong></span> <span class='ocrx_word' id='word_1_145' title='bbox 1133 1226 1274 1282; x_wconf 89' lang='lat' dir='ltr'><strong>quos</strong></span> <span class='ocrx_word' id='word_1_146' title='bbox 1319 1209 1659 1276; x_wconf 85' lang='lat' dir='ltr'><strong>Heribertus,</strong></span> 
     </span>
    </p>
   </div>
   <div class='ocr_carea' id='block_1_12' title="bbox 16 1288 1665 1379">
    <p class='ocr_par' dir='ltr' id='par_1_12' title="bbox 16 1288 1665 1379">
     <span class='ocr_line' id='line_1_12' title="bbox 16 1288 1665 1379; baseline -0.001 -20"><span class='ocrx_word' id='word_1_147' title='bbox 16 1288 25 1293; x_wconf 62' lang='grc'><em>’</em></span> <span class='ocrx_word' id='word_1_148' title='bbox 105 1319 243 1379; x_wconf 81' lang='lat' dir='ltr'><strong>gener</strong></span> <span class='ocrx_word' id='word_1_149' title='bbox 266 1301 505 1374; x_wconf 82' lang='lat' dir='ltr'><strong>Hugonis</strong></span> <span class='ocrx_word' id='word_1_150' title='bbox 542 1301 720 1370; x_wconf 89' lang='lat' dir='ltr'><strong>ducis,</strong></span> <span class='ocrx_word' id='word_1_151' title='bbox 750 1318 877 1358; x_wconf 90' lang='lat' dir='ltr'><strong>cum</strong></span> <span class='ocrx_word' id='word_1_152' title='bbox 905 1301 957 1358; x_wconf 92' lang='lat' dir='ltr'><strong>ei</strong></span> <span class='ocrx_word' id='word_1_153' title='bbox 993 1300 1304 1360; x_wconf 79' lang='lat' dir='ltr'><strong>Ruodulfus</strong></span> <span class='ocrx_word' id='word_1_154' title='bbox 1345 1318 1439 1358; x_wconf 83' lang='lat' dir='ltr'><strong>rex</strong></span> <span class='ocrx_word' id='word_1_155' title='bbox 1466 1303 1665 1358; x_wconf 88' lang='lat' dir='ltr'><strong>adver-</strong></span> 
     </span>
    </p>
   </div>
   <div class='ocr_carea' id='block_1_13' title="bbox 102 1394 1663 1468">
    <p class='ocr_par' dir='ltr' id='par_1_13' title="bbox 102 1394 1663 1468">
     <span class='ocr_line' id='line_1_13' title="bbox 102 1394 1663 1468; baseline -0.002 -12"><span class='ocrx_word' id='word_1_156' title='bbox 102 1405 306 1464; x_wconf 83' lang='lat' dir='ltr'><strong>saretur,</strong></span> <span class='ocrx_word' id='word_1_157' title='bbox 335 1407 392 1450; x_wconf 83' lang='lat' dir='ltr'><strong>ut</strong></span> <span class='ocrx_word' id='word_1_158' title='bbox 420 1394 565 1466; x_wconf 86' lang='lat' dir='ltr'><strong>apud</strong></span> <span class='ocrx_word' id='word_1_159' title='bbox 595 1395 751 1451; x_wconf 89' lang='lat' dir='ltr'><strong>illum</strong></span> <span class='ocrx_word' id='word_1_160' title='bbox 780 1395 885 1452; x_wconf 90' lang='lat' dir='ltr'><strong>sibi</strong></span> <span class='ocrx_word' id='word_1_161' title='bbox 915 1395 1160 1467; x_wconf 82' lang='lat' dir='ltr'><strong>presidio</strong></span> <span class='ocrx_word' id='word_1_162' title='bbox 1184 1404 1350 1464; x_wconf 80' lang='lat' dir='ltr'><strong>esset,</strong></span> <span class='ocrx_word' id='word_1_163' title='bbox 1384 1397 1663 1468; x_wconf 85' lang='lat' dir='ltr'><strong>supplica-</strong></span> 
     </span>
    </p>
   </div>
   <div class='ocr_carea' id='block_1_14' title="bbox 103 1487 1659 1562">
    <p class='ocr_par' dir='ltr' id='par_1_14' title="bbox 103 1487 1659 1562">
     <span class='ocr_line' id='line_1_14' title="bbox 103 1487 1659 1562; baseline 0 -14"><span class='ocrx_word' id='word_1_164' title='bbox 103 1493 184 1548; x_wconf 81' lang='lat' dir='ltr'><strong>vit.</strong></span> <span class='ocrx_word' id='word_1_165' title='bbox 226 1488 338 1562; x_wconf 88' lang='lat' dir='ltr'><strong>Ipse</strong></span> <span class='ocrx_word' id='word_1_166' title='bbox 364 1488 510 1544; x_wconf 90' lang='lat' dir='ltr'><strong>enim</strong></span> <span class='ocrx_word' id='word_1_167' title='bbox 536 1488 665 1545; x_wconf 86' lang='lat' dir='ltr'><strong>talis</strong></span> <span class='ocrx_word' id='word_1_168' title='bbox 693 1497 832 1557; x_wconf 86' lang='lat' dir='ltr'><strong>erat,</strong></span> <span class='ocrx_word' id='word_1_169' title='bbox 864 1497 925 1544; x_wconf 90' lang='lat' dir='ltr'><strong>ut</strong></span> <span class='ocrx_word' id='word_1_170' title='bbox 971 1487 1143 1545; x_wconf 88' lang='lat' dir='ltr'><strong>nichil</strong></span> <span class='ocrx_word' id='word_1_171' title='bbox 1192 1498 1419 1561; x_wconf 83' lang='lat' dir='ltr'><strong>negaret</strong></span> <span class='ocrx_word' id='word_1_172' title='bbox 1445 1491 1659 1549; x_wconf 89' lang='lat' dir='ltr'><strong>amicis.</strong></span> 
     </span>
    </p>
   </div>
   <div class='ocr_carea' id='block_1_15' title="bbox 104 1579 1666 1657">
    <p class='ocr_par' dir='ltr' id='par_1_15' title="bbox 104 1579 1666 1657">
     <span class='ocr_line' id='line_1_15' title="bbox 104 1579 1666 1657; baseline 0.003 -21"><span class='ocrx_word' id='word_1_173' title='bbox 104 1581 318 1639; x_wconf 78' lang='lat' dir='ltr'><strong>Perrexit</strong></span> <span class='ocrx_word' id='word_1_174' title='bbox 340 1580 503 1653; x_wconf 86' lang='lat' dir='ltr'><strong>igitur</strong></span> <span class='ocrx_word' id='word_1_175' title='bbox 527 1579 783 1650; x_wconf 82' lang='lat' dir='ltr'><strong>Galliam,</strong></span> <span class='ocrx_word' id='word_1_176' title='bbox 812 1596 910 1638; x_wconf 84' lang='lat' dir='ltr'><strong>rex</strong></span> <span class='ocrx_word' id='word_1_177' title='bbox 960 1597 1145 1655; x_wconf 85' lang='lat' dir='ltr'><strong>regem</strong></span> <span class='ocrx_word' id='word_1_178' title='bbox 1179 1583 1501 1655; x_wconf 83' lang='lat' dir='ltr'><strong>alloquitur,</strong></span> <span class='ocrx_word' id='word_1_179' title='bbox 1540 1600 1666 1657; x_wconf 88' lang='lat' dir='ltr'><strong>per-</strong></span> 
     </span>
    </p>
   </div>
   <div class='ocr_carea' id='block_1_16' title="bbox 1762 1205 3358 1273">
    <p class='ocr_par' dir='ltr' id='par_1_16' title="bbox 1762 1205 3358 1273">
     <span class='ocr_line' id='line_1_16' title="bbox 1762 1205 3358 1273; baseline 0.001 -11"><span class='ocrx_word' id='word_1_180' title='bbox 1762 1205 1877 1273; x_wconf 87' lang='lat' dir='ltr'><strong>bat,</strong></span> <span class='ocrx_word' id='word_1_181' title='bbox 1905 1214 1966 1262; x_wconf 91' lang='lat' dir='ltr'><strong>ut</strong></span> <span class='ocrx_word' id='word_1_182' title='bbox 2011 1214 2279 1263; x_wconf 87' lang='lat' dir='ltr'><strong>terrorem</strong></span> <span class='ocrx_word' id='word_1_183' title='bbox 2324 1208 2521 1265; x_wconf 86' lang='lat' dir='ltr'><strong>ceteris</strong></span> <span class='ocrx_word' id='word_1_184' title='bbox 2574 1218 2896 1266; x_wconf 87' lang='lat' dir='ltr'><strong>ostentaret.</strong></span> <span class='ocrx_word' id='word_1_185' title='bbox 2948 1207 3011 1266; x_wconf 85' lang='lat' dir='ltr'><strong>In</strong></span> <span class='ocrx_word' id='word_1_186' title='bbox 3064 1208 3358 1266; x_wconf 80' lang='lat' dir='ltr'><strong>venatione</strong></span> 
     </span>
    </p>
   </div>
   <div class='ocr_carea' id='block_1_17' title="bbox 1762 1296 3361 1375">
    <p class='ocr_par' dir='ltr' id='par_1_17' title="bbox 1762 1296 3361 1375">
     <span class='ocr_line' id='line_1_17' title="bbox 1762 1296 3361 1375; baseline 0.002 -22"><span class='ocrx_word' id='word_1_187' title='bbox 1762 1306 1877 1353; x_wconf 88' lang='lat' dir='ltr'><strong>tam</strong></span> <span class='ocrx_word' id='word_1_188' title='bbox 1905 1296 2009 1355; x_wconf 86' lang='lat' dir='ltr'><strong>fuit</strong></span> <span class='ocrx_word' id='word_1_189' title='bbox 2032 1315 2180 1367; x_wconf 87' lang='lat' dir='ltr'><strong>acer,</strong></span> <span class='ocrx_word' id='word_1_190' title='bbox 2211 1309 2272 1356; x_wconf 90' lang='lat' dir='ltr'><strong>ut</strong></span> <span class='ocrx_word' id='word_1_191' title='bbox 2321 1316 2432 1356; x_wconf 85' lang='lat' dir='ltr'><strong>una</strong></span> <span class='ocrx_word' id='word_1_192' title='bbox 2481 1301 2600 1359; x_wconf 79' lang='lat' dir='ltr'><strong>vice</strong></span> <span class='ocrx_word' id='word_1_193' title='bbox 2639 1300 2711 1357; x_wconf 72' lang='lat'><strong>40</strong></span> <span class='ocrx_word' id='word_1_194' title='bbox 2754 1312 2850 1358; x_wconf 88' lang='lat' dir='ltr'><strong>aut</strong></span> <span class='ocrx_word' id='word_1_195' title='bbox 2873 1303 3109 1374; x_wconf 86' lang='lat' dir='ltr'><strong>amplius</strong></span> <span class='ocrx_word' id='word_1_196' title='bbox 3138 1310 3361 1375; x_wconf 83' lang='lat' dir='ltr'><strong>caperet</strong></span> 
     </span>
    </p>
   </div>
   <div class='ocr_carea' id='block_1_18' title="bbox 1766 1389 3357 1465">
    <p class='ocr_par' dir='ltr' id='par_1_18' title="bbox 1766 1389 3357 1465">
     <span class='ocr_line' id='line_1_18' title="bbox 1766 1389 3357 1465; baseline 0.002 -19"><span class='ocrx_word' id='word_1_197' title='bbox 1766 1389 1932 1448; x_wconf 88' lang='lat' dir='ltr'><strong>feras.</strong></span> <span class='ocrx_word' id='word_1_198' title='bbox 1985 1390 2056 1447; x_wconf 87' lang='lat' dir='ltr'><strong>Et</strong></span> <span class='ocrx_word' id='word_1_199' title='bbox 2078 1392 2206 1448; x_wconf 84' lang='lat' dir='ltr'><strong>licet</strong></span> <span class='ocrx_word' id='word_1_200' title='bbox 2232 1393 2289 1448; x_wconf 89' lang='lat' dir='ltr'><strong>in</strong></span> <span class='ocrx_word' id='word_1_201' title='bbox 2314 1393 2583 1449; x_wconf 88' lang='lat' dir='ltr'><strong>conviviis</strong></span> <span class='ocrx_word' id='word_1_202' title='bbox 2611 1393 2747 1450; x_wconf 87' lang='lat' dir='ltr'><strong>satis</strong></span> <span class='ocrx_word' id='word_1_203' title='bbox 2770 1394 3046 1465; x_wconf 71' lang='lat' dir='ltr'><strong>jectmdns</strong></span> <span class='ocrx_word' id='word_1_204' title='bbox 3071 1402 3237 1459; x_wconf 89' lang='lat' dir='ltr'><strong>esset,</strong></span> <span class='ocrx_word' id='word_1_205' title='bbox 3266 1394 3357 1449; x_wconf 88' lang='lat' dir='ltr'><strong>ni-</strong></span> 
     </span>
    </p>
   </div>
   <div class='ocr_carea' id='block_1_19' title="bbox 1764 1483 3358 1558">
    <p class='ocr_par' dir='ltr' id='par_1_19' title="bbox 1764 1483 3358 1558">
     <span class='ocr_line' id='line_1_19' title="bbox 1764 1483 3358 1558; baseline 0 -18"><span class='ocrx_word' id='word_1_206' title='bbox 1764 1483 1876 1540; x_wconf 87' lang='lat' dir='ltr'><strong>chil</strong></span> <span class='ocrx_word' id='word_1_207' title='bbox 1923 1491 2110 1540; x_wconf 85' lang='lat' dir='ltr'><strong>tamen</strong></span> <span class='ocrx_word' id='word_1_208' title='bbox 2157 1484 2355 1558; x_wconf 87' lang='lat' dir='ltr'><strong>regalis</strong></span> <span class='ocrx_word' id='word_1_209' title='bbox 2403 1484 2710 1556; x_wconf 74' lang='lat' dir='ltr'><strong>disciplina:</strong></span> <span class='ocrx_word' id='word_1_210' title='bbox 2771 1484 3072 1540; x_wconf 77' lang='lat' dir='ltr'><strong>minuebat.</strong></span> <span class='ocrx_word' id='word_1_211' title='bbox 3118 1484 3358 1541; x_wconf 86' lang='lat' dir='ltr'><strong>Tantum</strong></span> 
     </span>
    </p>
   </div>
   <div class='ocr_carea' id='block_1_20' title="bbox 1766 1572 3362 1649">
    <p class='ocr_par' dir='ltr' id='par_1_20' title="bbox 1766 1572 3362 1649">
     <span class='ocr_line' id='line_1_20' title="bbox 1766 1572 3362 1649; baseline 0.001 -20"><span class='ocrx_word' id='word_1_212' title='bbox 1766 1575 1969 1648; x_wconf 86' lang='lat' dir='ltr'><strong>quippe</strong></span> <span class='ocrx_word' id='word_1_213' title='bbox 2004 1572 2248 1633; x_wconf 81' lang='lat' dir='ltr'><strong>favorem</strong></span> <span class='ocrx_word' id='word_1_214' title='bbox 2269 1579 2481 1649; x_wconf 86' lang='lat' dir='ltr'><strong>pariter</strong></span> <span class='ocrx_word' id='word_1_215' title='bbox 2524 1586 2580 1635; x_wconf 90' lang='lat' dir='ltr'><strong>et</strong></span> <span class='ocrx_word' id='word_1_216' title='bbox 2625 1578 2879 1634; x_wconf 84' lang='lat' dir='ltr'><strong>timorem</strong></span> <span class='ocrx_word' id='word_1_217' title='bbox 2930 1576 3270 1644; x_wconf 81' lang='lat' dir='ltr'><strong>infundebat,</strong></span> <span class='ocrx_word' id='word_1_218' title='bbox 3301 1584 3362 1632; x_wconf 77' lang='lat' dir='ltr'><strong>ut</strong></span> 
     </span>
    </p>
   </div>
   <div class='ocr_carea' id='block_1_21' title="bbox 103 1669 3363 1745">
    <p class='ocr_par' dir='ltr' id='par_1_21' title="bbox 103 1669 3363 1745">
     <span class='ocr_line' id='line_1_21' title="bbox 103 1669 3363 1745; baseline -0 -18"><span class='ocrx_word' id='word_1_219' title='bbox 103 1673 430 1744; x_wconf 70' lang='lat' dir='ltr'><strong>fectoque‘m</strong></span> <span class='ocrx_word' id='word_1_220' title='bbox 458 1673 703 1745; x_wconf 78' lang='lat' dir='ltr'><strong>negotio,</strong></span> <span class='ocrx_word' id='word_1_221' title='bbox 738 1672 1037 1731; x_wconf 77' lang='lat' dir='ltr'><strong>Saxoniam</strong></span> <span class='ocrx_word' id='word_1_222' title='bbox 1090 1678 1404 1735; x_wconf 72' lang='lat' dir='ltr'><strong>revertitur.</strong></span> <span class='ocrx_word' id='word_1_223' title='bbox 1460 1678 1567 1735; x_wconf 76' lang='lat' dir='ltr'><strong>sed</strong></span> <span class='ocrx_word' id='word_1_224' title='bbox 1612 1689 1667 1735; x_wconf 73' lang='grc' dir='ltr'><strong>οι</strong></span> <span class='ocrx_word' id='word_1_225' title='bbox 1700 1742 1723 1745; x_wconf 92' lang='lat'>_</span> <span class='ocrx_word' id='word_1_226' title='bbox 1768 1669 1934 1726; x_wconf 89' lang='lat' dir='ltr'><strong>etiam</strong></span> <span class='ocrx_word' id='word_1_227' title='bbox 1962 1671 2169 1727; x_wconf 89' lang='lat' dir='ltr'><strong>ludenti</strong></span> <span class='ocrx_word' id='word_1_228' title='bbox 2202 1687 2313 1729; x_wconf 86' lang='lat' dir='ltr'><strong>non</strong></span> <span class='ocrx_word' id='word_1_229' title='bbox 2361 1672 2646 1729; x_wconf 88' lang='lat' dir='ltr'><strong>crederent</strong></span> <span class='ocrx_word' id='word_1_230' title='bbox 2695 1673 2762 1729; x_wconf 77' lang='lat' dir='ltr'><strong>ad</strong></span> <span class='ocrx_word' id='word_1_231' title='bbox 2789 1672 3031 1745; x_wconf 84' lang='lat' dir='ltr'><strong>aliquam</strong></span> <span class='ocrx_word' id='word_1_232' title='bbox 3079 1672 3363 1729; x_wconf 76' lang='lat' dir='ltr'><strong>lasciviam</strong></span> 
     </span>
    </p>
   </div>
   <div class='ocr_carea' id='block_1_22' title="bbox 102 1742 3365 1846">
    <p class='ocr_par' dir='ltr' id='par_1_22' title="bbox 102 1742 3365 1846">
     <span class='ocr_line' id='line_1_22' title="bbox 102 1742 3365 1846; baseline -0.001 -25"><span class='ocrx_word' id='word_1_233' title='bbox 102 1742 373 1840; x_wconf 49' lang='lat' dir='ltr'><strong>ﬁngo—rex</strong></span> <span class='ocrx_word' id='word_1_234' title='bbox 418 1742 589 1823; x_wconf 44' lang='lat' dir='ltr'><strong>Italiae</strong></span> <span class='ocrx_word' id='word_1_235' title='bbox 634 1766 847 1840; x_wconf 86' lang='lat' dir='ltr'><strong>legatos</strong></span> <span class='ocrx_word' id='word_1_236' title='bbox 894 1770 965 1826; x_wconf 91' lang='lat' dir='ltr'><strong>ad</strong></span> <span class='ocrx_word' id='word_1_237' title='bbox 1009 1785 1140 1826; x_wconf 91' lang='lat' dir='ltr'><strong>eum</strong></span> <span class='ocrx_word' id='word_1_238' title='bbox 1187 1771 1407 1840; x_wconf 80' lang='lat' dir='ltr'><strong>direxit,</strong></span> <span class='ocrx_word' id='word_1_239' title='bbox 1437 1772 1668 1846; x_wconf 82' lang='lat' dir='ltr'><strong>ejusque</strong></span> <span class='ocrx_word' id='word_1_240' title='bbox 1699 1742 1744 1803; x_wconf 71' lang='grc' dir='ltr'><strong>Β</strong></span> <span class='ocrx_word' id='word_1_241' title='bbox 1772 1777 1832 1819; x_wconf 84' lang='lat' dir='ltr'><strong>se</strong></span> <span class='ocrx_word' id='word_1_242' title='bbox 1869 1762 2265 1821; x_wconf 82' lang='lat' dir='ltr'><strong>dissolvendos.</strong></span> <span class='ocrx_word' id='word_1_243' title='bbox 2319 1765 2650 1823; x_wconf 90' lang='lat' dir='ltr'><strong>Perdomitis</strong></span> <span class='ocrx_word' id='word_1_244' title='bbox 2699 1742 2899 1838; x_wconf 76' lang='lat' dir='ltr'><strong>itaque</strong></span> <span class='ocrx_word' id='word_1_245' title='bbox 2931 1765 3365 1837; x_wconf 81' lang='lat' dir='ltr'><strong>circumquaque</strong></span> 
     </span>
    </p>
   </div>
   <div class='ocr_carea' id='block_1_23' title="bbox 100 1858 1665 1938">
    <p class='ocr_par' dir='ltr' id='par_1_23' title="bbox 100 1858 1665 1938">
     <span class='ocr_line' id='line_1_23' title="bbox 100 1858 1665 1938; baseline 0.005 -24"><span class='ocrx_word' id='word_1_246' title='bbox 100 1858 378 1916; x_wconf 83' lang='lat' dir='ltr'><strong>amicieiam</strong></span> <span class='ocrx_word' id='word_1_247' title='bbox 396 1860 598 1917; x_wconf 83' lang='lat' dir='ltr'><strong>habere</strong></span> <span class='ocrx_word' id='word_1_248' title='bbox 620 1876 839 1918; x_wconf 88' lang='lat' dir='ltr'><strong>summo</strong></span> <span class='ocrx_word' id='word_1_249' title='bbox 854 1862 1038 1920; x_wconf 89' lang='lat' dir='ltr'><strong>studio</strong></span> <span class='ocrx_word' id='word_1_250' title='bbox 1061 1864 1298 1936; x_wconf 86' lang='lat' dir='ltr'><strong>quesivit</strong></span> <span class='ocrx_word' id='word_1_251' title='bbox 1320 1864 1413 1938; x_wconf 89' lang='lat' dir='ltr'><strong>(cf.</strong></span> <span class='ocrx_word' id='word_1_252' title='bbox 1439 1865 1665 1922; x_wconf 73' lang='lat' dir='ltr'><strong>Lmnps.</strong></span> 
     </span>
    </p>
   </div>
   <div class='ocr_carea' id='block_1_24' title="bbox 102 1952 1671 2029">
    <p class='ocr_par' dir='ltr' id='par_1_24' title="bbox 102 1952 1671 2029">
     <span class='ocr_line' id='line_1_24' title="bbox 102 1952 1671 2029; baseline 0.004 -20"><span class='ocrx_word' id='word_1_253' title='bbox 102 1953 238 2021; x_wconf 72' lang='lat' dir='ltr'><strong>tu,2l</strong></span> <span class='ocrx_word' id='word_1_254' title='bbox 258 1971 273 2021; x_wconf 88' lang='lat'><strong>;</strong></span> <span class='ocrx_word' id='word_1_255' title='bbox 288 1954 471 2026; x_wconf 49' lang='lat' dir='ltr'><strong>mill).</strong></span> <span class='ocrx_word' id='word_1_256' title='bbox 489 1952 812 2012; x_wconf 85' lang='lat' dir='ltr'><strong>Eratau&#39;tem</strong></span> <span class='ocrx_word' id='word_1_257' title='bbox 824 1955 1209 2029; x_wconf 70' lang='lat' dir='ltr'><strong>regiﬁeinrico</strong></span> <span class='ocrx_word' id='word_1_258' title='bbox 1225 1972 1364 2014; x_wconf 80' lang='lat' dir='ltr'><strong>uxor</strong></span> <span class='ocrx_word' id='word_1_259' title='bbox 1376 1966 1431 2015; x_wconf 84' lang='lat' dir='ltr'><strong>et</strong></span> <span class='ocrx_word' id='word_1_260' title='bbox 1442 1974 1671 2017; x_wconf 79' lang='lat' dir='ltr'><strong>consors</strong></span> 
     </span>
    </p>
   </div>
   <div class='ocr_carea' id='block_1_25' title="bbox 97 2046 1670 2121">
    <p class='ocr_par' dir='ltr' id='par_1_25' title="bbox 97 2046 1670 2121">
     <span class='ocr_line' id='line_1_25' title="bbox 97 2046 1670 2121; baseline 0.005 -20"><span class='ocrx_word' id='word_1_261' title='bbox 97 2046 233 2117; x_wconf 87' lang='lat' dir='ltr'><strong>regni</strong></span> <span class='ocrx_word' id='word_1_262' title='bbox 280 2046 422 2103; x_wconf 87' lang='lat' dir='ltr'><strong>clara</strong></span> <span class='ocrx_word' id='word_1_263' title='bbox 467 2053 522 2103; x_wconf 91' lang='lat' dir='ltr'><strong>et</strong></span> <span class='ocrx_word' id='word_1_264' title='bbox 563 2047 911 2106; x_wconf 84' lang='lat' dir='ltr'><strong>nobilissima</strong></span> <span class='ocrx_word' id='word_1_265' title='bbox 958 2050 1181 2106; x_wconf 90' lang='lat' dir='ltr'><strong>nomine</strong></span> <span class='ocrx_word' id='word_1_266' title='bbox 1228 2049 1510 2121; x_wconf 83' lang='lat' dir='ltr'><strong>Mathilda,</strong></span> <span class='ocrx_word' id='word_1_267' title='bbox 1561 2053 1670 2109; x_wconf 87' lang='lat' dir='ltr'><strong>lilia</strong></span> 
     </span>
    </p>
   </div>
   <div class='ocr_carea' id='block_1_26' title="bbox 100 2134 1672 2214">
    <p class='ocr_par' dir='ltr' id='par_1_26' title="bbox 100 2134 1672 2214">
     <span class='ocr_line' id='line_1_26' title="bbox 100 2134 1672 2214; baseline 0.006 -23"><span class='ocrx_word' id='word_1_268' title='bbox 100 2134 417 2205; x_wconf 86' lang='lat' dir='ltr'><strong>Theoderici,</strong></span> <span class='ocrx_word' id='word_1_269' title='bbox 444 2153 510 2194; x_wconf 82' lang='lat' dir='ltr'><strong>ex</strong></span> <span class='ocrx_word' id='word_1_270' title='bbox 540 2139 733 2195; x_wconf 88' lang='lat' dir='ltr'><strong>eadem</strong></span> <span class='ocrx_word' id='word_1_271' title='bbox 763 2137 1047 2198; x_wconf 79' lang='lat' dir='ltr'><strong>Saxonum</strong></span> <span class='ocrx_word' id='word_1_272' title='bbox 1075 2150 1257 2214; x_wconf 88' lang='lat' dir='ltr'><strong>gente,</strong></span> <span class='ocrx_word' id='word_1_273' title='bbox 1287 2142 1448 2214; x_wconf 87' lang='lat' dir='ltr'><strong>cujus</strong></span> <span class='ocrx_word' id='word_1_274' title='bbox 1475 2142 1672 2201; x_wconf 89' lang='lat' dir='ltr'><strong>fratres</strong></span> 
     </span>
    </p>
   </div>
   <div class='ocr_carea' id='block_1_27' title="bbox 92 2228 1670 2310">
    <p class='ocr_par' dir='ltr' id='par_1_27' title="bbox 92 2228 1670 2310">
     <span class='ocr_line' id='line_1_27' title="bbox 92 2228 1670 2310; baseline 0.006 -26"><span class='ocrx_word' id='word_1_275' title='bbox 92 2238 238 2286; x_wconf 84' lang='lat' dir='ltr'><strong>erant</strong></span> <span class='ocrx_word' id='word_1_276' title='bbox 255 2228 507 2287; x_wconf 77' lang='lat' dir='ltr'><strong>Witikiut</strong></span> <span class='ocrx_word' id='word_1_277' title='bbox 533 2239 588 2289; x_wconf 90' lang='lat' dir='ltr'><strong>et</strong></span> <span class='ocrx_word' id='word_1_278' title='bbox 608 2228 820 2290; x_wconf 88' lang='lat' dir='ltr'><strong>Immod</strong></span> <span class='ocrx_word' id='word_1_279' title='bbox 842 2242 898 2290; x_wconf 84' lang='lat' dir='ltr'><strong>et</strong></span> <span class='ocrx_word' id='word_1_280' title='bbox 924 2232 1257 2307; x_wconf 85' lang='lat' dir='ltr'><strong>Reginbern.</strong></span> <span class='ocrx_word' id='word_1_281' title='bbox 1293 2235 1465 2309; x_wconf 79' lang='lat' dir='ltr'><strong>(Win.</strong></span> <span class='ocrx_word' id='word_1_282' title='bbox 1492 2254 1530 2305; x_wconf 80' lang='grc' dir='ltr'><strong>ι,</strong></span> <span class='ocrx_word' id='word_1_283' title='bbox 1555 2238 1670 2310; x_wconf 77' lang='lat'><strong>51.)</strong></span> 
     </span>
    </p>
   </div>
   <div class='ocr_carea' id='block_1_28' title="bbox 98 2321 1675 2401">
    <p class='ocr_par' dir='ltr' id='par_1_28' title="bbox 98 2321 1675 2401">
     <span class='ocr_line' id='line_1_28' title="bbox 98 2321 1675 2401; baseline 0.006 -24"><span class='ocrx_word' id='word_1_284' title='bbox 98 2321 383 2396; x_wconf 79' lang='lat' dir='ltr'><strong>Reginbem</strong></span> <span class='ocrx_word' id='word_1_285' title='bbox 406 2332 591 2382; x_wconf 86' lang='lat' dir='ltr'><strong>autem</strong></span> <span class='ocrx_word' id='word_1_286' title='bbox 620 2324 739 2397; x_wconf 86' lang='lat' dir='ltr'><strong>ipse</strong></span> <span class='ocrx_word' id='word_1_287' title='bbox 767 2335 908 2396; x_wconf 86' lang='lat' dir='ltr'><strong>erat,</strong></span> <span class='ocrx_word' id='word_1_288' title='bbox 933 2327 1029 2399; x_wconf 88' lang='lat' dir='ltr'><strong>qui</strong></span> <span class='ocrx_word' id='word_1_289' title='bbox 1059 2328 1322 2401; x_wconf 82' lang='lat' dir='ltr'><strong>pugnavit</strong></span> <span class='ocrx_word' id='word_1_290' title='bbox 1351 2341 1543 2386; x_wconf 83' lang='lat' dir='ltr'><strong>contra</strong></span> <span class='ocrx_word' id='word_1_291' title='bbox 1569 2329 1675 2386; x_wconf 87' lang='lat' dir='ltr'><strong>Da—</strong></span> 
     </span>
    </p>
   </div>
   <div class='ocr_carea' id='block_1_29' title="bbox 98 2417 1673 2491">
    <p class='ocr_par' dir='ltr' id='par_1_29' title="bbox 98 2417 1673 2491">
     <span class='ocr_line' id='line_1_29' title="bbox 98 2417 1673 2491; baseline 0.006 -20"><span class='ocrx_word' id='word_1_292' title='bbox 98 2432 206 2485; x_wconf 87' lang='lat' dir='ltr'><strong>nos,</strong></span> <span class='ocrx_word' id='word_1_293' title='bbox 234 2417 401 2473; x_wconf 90' lang='lat' dir='ltr'><strong>multo</strong></span> <span class='ocrx_word' id='word_1_294' title='bbox 430 2426 677 2490; x_wconf 87' lang='lat' dir='ltr'><strong>tempore</strong></span> <span class='ocrx_word' id='word_1_295' title='bbox 724 2418 1021 2476; x_wconf 78' lang='lat' dir='ltr'><strong>Saxoniam</strong></span> <span class='ocrx_word' id='word_1_296' title='bbox 1068 2430 1349 2479; x_wconf 83' lang='lat' dir='ltr'><strong>vastantes</strong></span> <span class='ocrx_word' id='word_1_297' title='bbox 1367 2423 1481 2491; x_wconf 67' lang='lat'><strong>&quot;9°,</strong></span> <span class='ocrx_word' id='word_1_298' title='bbox 1515 2424 1673 2480; x_wconf 83' lang='lat' dir='ltr'><strong>vicit-</strong></span> 
     </span>
    </p>
   </div>
   <div class='ocr_carea' id='block_1_30' title="bbox 98 2510 1675 2584">
    <p class='ocr_par' dir='ltr' id='par_1_30' title="bbox 98 2510 1675 2584">
     <span class='ocr_line' id='line_1_30' title="bbox 98 2510 1675 2584; baseline 0.006 -20"><span class='ocrx_word' id='word_1_299' title='bbox 98 2524 194 2581; x_wconf 85' lang='lat' dir='ltr'><strong>que</strong></span> <span class='ocrx_word' id='word_1_300' title='bbox 218 2525 328 2578; x_wconf 84' lang='lat' dir='ltr'><strong>eos,</strong></span> <span class='ocrx_word' id='word_1_301' title='bbox 359 2510 604 2569; x_wconf 86' lang='lat' dir='ltr'><strong>liberans</strong></span> <span class='ocrx_word' id='word_1_302' title='bbox 636 2511 874 2584; x_wconf 90' lang='lat' dir='ltr'><strong>patriam</strong></span> <span class='ocrx_word' id='word_1_303' title='bbox 906 2513 977 2570; x_wconf 90' lang='lat' dir='ltr'><strong>ab</strong></span> <span class='ocrx_word' id='word_1_304' title='bbox 1013 2514 1231 2571; x_wconf 85' lang='lat' dir='ltr'><strong>illorum</strong></span> <span class='ocrx_word' id='word_1_305' title='bbox 1263 2515 1675 2573; x_wconf 90' lang='lat' dir='ltr'><strong>incursionibus</strong></span> 
     </span>
    </p>
   </div>
   <div class='ocr_carea' id='block_1_31' title="bbox 94 2604 1676 2681">
    <p class='ocr_par' dir='ltr' id='par_1_31' title="bbox 94 2604 1676 2681">
     <span class='ocr_line' id='line_1_31' title="bbox 94 2604 1676 2681; baseline 0.004 -22"><span class='ocrx_word' id='word_1_306' title='bbox 94 2618 260 2674; x_wconf 85' lang='lat' dir='ltr'><strong>usque</strong></span> <span class='ocrx_word' id='word_1_307' title='bbox 302 2604 357 2658; x_wconf 90' lang='lat' dir='ltr'><strong>in</strong></span> <span class='ocrx_word' id='word_1_308' title='bbox 389 2604 718 2661; x_wconf 85' lang='lat' dir='ltr'><strong>hodiernum</strong></span> <span class='ocrx_word' id='word_1_309' title='bbox 748 2604 916 2663; x_wconf 88' lang='lat' dir='ltr'><strong>diem.</strong></span> <span class='ocrx_word' id='word_1_310' title='bbox 970 2605 1038 2662; x_wconf 87' lang='lat' dir='ltr'><strong>Et</strong></span> <span class='ocrx_word' id='word_1_311' title='bbox 1092 2607 1148 2663; x_wconf 82' lang='lat' dir='ltr'><strong>hi</strong></span> <span class='ocrx_word' id='word_1_312' title='bbox 1195 2616 1355 2664; x_wconf 82' lang='lat' dir='ltr'><strong>erant</strong></span> <span class='ocrx_word' id='word_1_313' title='bbox 1398 2624 1467 2665; x_wconf 82' lang='lat' dir='ltr'><strong>ex</strong></span> <span class='ocrx_word' id='word_1_314' title='bbox 1506 2608 1676 2681; x_wconf 84' lang='lat' dir='ltr'><strong>stirpe</strong></span> 
     </span>
    </p>
   </div>
   <div class='ocr_carea' id='block_1_32' title="bbox 95 2695 1678 2775">
    <p class='ocr_par' dir='ltr' id='par_1_32' title="bbox 95 2695 1678 2775">
     <span class='ocr_line' id='line_1_32' title="bbox 95 2695 1678 2775; baseline 0.006 -26"><span class='ocrx_word' id='word_1_315' title='bbox 95 2696 265 2768; x_wconf 85' lang='lat' dir='ltr'><strong>magni</strong></span> <span class='ocrx_word' id='word_1_316' title='bbox 306 2695 463 2755; x_wconf 88' lang='lat' dir='ltr'><strong>ducis</strong></span> <span class='ocrx_word' id='word_1_317' title='bbox 490 2696 782 2755; x_wconf 85' lang='lat' dir='ltr'><strong>Witikindi</strong></span> <span class='ocrx_word' id='word_1_318' title='bbox 812 2741 829 2768; x_wconf 96' lang='lat'><strong>,</strong></span> <span class='ocrx_word' id='word_1_319' title='bbox 878 2698 973 2772; x_wconf 90' lang='lat' dir='ltr'><strong>qui</strong></span> <span class='ocrx_word' id='word_1_320' title='bbox 1023 2700 1227 2756; x_wconf 87' lang='lat' dir='ltr'><strong>bellum</strong></span> <span class='ocrx_word' id='word_1_321' title='bbox 1260 2710 1459 2773; x_wconf 86' lang='lat' dir='ltr'><strong>potens</strong></span> <span class='ocrx_word' id='word_1_322' title='bbox 1508 2704 1678 2775; x_wconf 86' lang='lat' dir='ltr'><strong>gessit</strong></span> 
     </span>
    </p>
   </div>
   <div class='ocr_carea' id='block_1_33' title="bbox 93 2788 1671 2868">
    <p class='ocr_par' dir='ltr' id='par_1_33' title="bbox 93 2788 1671 2868">
     <span class='ocr_line' id='line_1_33' title="bbox 93 2788 1671 2868; baseline 0.007 -26"><span class='ocrx_word' id='word_1_323' title='bbox 93 2795 269 2844; x_wconf 85' lang='lat' dir='ltr'><strong>contra</strong></span> <span class='ocrx_word' id='word_1_324' title='bbox 290 2788 550 2846; x_wconf 85' lang='lat' dir='ltr'><strong>Karolum</strong></span> <span class='ocrx_word' id='word_1_325' title='bbox 573 2789 831 2864; x_wconf 83' lang='lat' dir='ltr'><strong>Magnum</strong></span> <span class='ocrx_word' id='word_1_326' title='bbox 860 2808 959 2865; x_wconf 91' lang='lat' dir='ltr'><strong>per</strong></span> <span class='ocrx_word' id='word_1_327' title='bbox 979 2809 1157 2851; x_wconf 91' lang='lat' dir='ltr'><strong>annos</strong></span> <span class='ocrx_word' id='word_1_328' title='bbox 1179 2793 1352 2852; x_wconf 80' lang='lat' dir='ltr'><strong>ferme</strong></span> <span class='ocrx_word' id='word_1_329' title='bbox 1377 2795 1466 2851; x_wconf 79' lang='grc'><strong>50.</strong></span> <span class='ocrx_word' id='word_1_330' title='bbox 1501 2796 1671 2868; x_wconf 79' lang='lat' dir='ltr'><strong>(Win.</strong></span> 
     </span>
    </p>
   </div>
   <div class='ocr_carea' id='block_1_34' title="bbox 94 2880 1672 2955">
    <p class='ocr_par' dir='ltr' id='par_1_34' title="bbox 94 2880 1672 2955">
     <span class='ocr_line' id='line_1_34' title="bbox 94 2880 1672 2955; baseline 0.006 -19"><span class='ocrx_word' id='word_1_331' title='bbox 94 2888 146 2936; x_wconf 84' lang='lat' dir='ltr'><strong>et</strong></span> <span class='ocrx_word' id='word_1_332' title='bbox 169 2880 452 2939; x_wconf 77' lang='lat' dir='ltr'><strong>LwnraJ.</strong></span> <span class='ocrx_word' id='word_1_333' title='bbox 478 2883 554 2955; x_wconf 79' lang='lat'><strong>1.)</strong></span> <span class='ocrx_word' id='word_1_334' title='bbox 604 2882 806 2941; x_wconf 85' lang='lat' dir='ltr'><strong>Gcnuit</strong></span> <span class='ocrx_word' id='word_1_335' title='bbox 857 2893 1041 2942; x_wconf 82' lang='lat' dir='ltr'><strong>autem</strong></span> <span class='ocrx_word' id='word_1_336' title='bbox 1101 2885 1360 2945; x_wconf 84' lang='lat' dir='ltr'><strong>Ileinrico</strong></span> <span class='ocrx_word' id='word_1_337' title='bbox 1412 2888 1672 2945; x_wconf 80' lang='lat' dir='ltr'><strong>Mathilda</strong></span> 
     </span>
    </p>
   </div>
   <div class='ocr_carea' id='block_1_35' title="bbox 90 2975 1675 3053">
    <p class='ocr_par' dir='ltr' id='par_1_35' title="bbox 90 2975 1675 3053">
     <span class='ocr_line' id='line_1_35' title="bbox 90 2975 1675 3053; baseline 0.007 -26"><span class='ocrx_word' id='word_1_338' title='bbox 90 2980 211 3028; x_wconf 87' lang='lat' dir='ltr'><strong>ante</strong></span> <span class='ocrx_word' id='word_1_339' title='bbox 253 2975 401 3046; x_wconf 86' lang='lat' dir='ltr'><strong>regni</strong></span> <span class='ocrx_word' id='word_1_340' title='bbox 442 2976 857 3048; x_wconf 84' lang='lat' dir='ltr'><strong>susceptionem</strong></span> <span class='ocrx_word' id='word_1_341' title='bbox 909 2976 1080 3034; x_wconf 83' lang='lat' dir='ltr'><strong>tiliam</strong></span> <span class='ocrx_word' id='word_1_342' title='bbox 1111 2979 1430 3053; x_wconf 88' lang='lat' dir='ltr'><strong>Gerhirgam</strong></span> <span class='ocrx_word' id='word_1_343' title='bbox 1456 3024 1471 3048; x_wconf 93' lang='lat'><strong>,</strong></span> <span class='ocrx_word' id='word_1_344' title='bbox 1508 2998 1675 3053; x_wconf 88' lang='lat' dir='ltr'><strong>quam</strong></span> 
     </span>
    </p>
   </div>
   <div class='ocr_carea' id='block_1_36' title="bbox 88 3063 1677 3146">
    <p class='ocr_par' dir='ltr' id='par_1_36' title="bbox 88 3063 1677 3146">
     <span class='ocr_line' id='line_1_36' title="bbox 88 3063 1677 3146; baseline 0.009 -29"><span class='ocrx_word' id='word_1_345' title='bbox 88 3063 379 3122; x_wconf 76' lang='lat' dir='ltr'><strong>Giselberto</strong></span> <span class='ocrx_word' id='word_1_346' title='bbox 395 3065 525 3124; x_wconf 87' lang='lat' dir='ltr'><strong>duci</strong></span> <span class='ocrx_word' id='word_1_347' title='bbox 547 3067 777 3141; x_wconf 61' lang='lat' dir='ltr'><strong>Belgicae</strong></span> <span class='ocrx_word' id='word_1_348' title='bbox 803 3068 1047 3140; x_wconf 87' lang='lat' dir='ltr'><strong>dederat,</strong></span> <span class='ocrx_word' id='word_1_349' title='bbox 1078 3071 1249 3128; x_wconf 85' lang='lat' dir='ltr'><strong>lilium</strong></span> <span class='ocrx_word' id='word_1_350' title='bbox 1279 3090 1497 3146; x_wconf 88' lang='lat' dir='ltr'><strong>quoque</strong></span> <span class='ocrx_word' id='word_1_351' title='bbox 1523 3072 1677 3131; x_wconf 88' lang='lat' dir='ltr'><strong>Otto-</strong></span> 
     </span>
    </p>
   </div>
   <div class='ocr_carea' id='block_1_37' title="bbox 92 3159 1677 3239">
    <p class='ocr_par' dir='ltr' id='par_1_37' title="bbox 92 3159 1677 3239">
     <span class='ocr_line' id='line_1_37' title="bbox 92 3159 1677 3239; baseline 0.009 -30"><span class='ocrx_word' id='word_1_352' title='bbox 92 3171 231 3223; x_wconf 88' lang='lat' dir='ltr'><strong>nem,</strong></span> <span class='ocrx_word' id='word_1_353' title='bbox 260 3159 447 3215; x_wconf 87' lang='lat' dir='ltr'><strong>mundi</strong></span> <span class='ocrx_word' id='word_1_354' title='bbox 478 3175 758 3229; x_wconf 87' lang='lat' dir='ltr'><strong>amorem;</strong></span> <span class='ocrx_word' id='word_1_355' title='bbox 791 3171 917 3233; x_wconf 87' lang='lat' dir='ltr'><strong>post</strong></span> <span class='ocrx_word' id='word_1_356' title='bbox 954 3163 1161 3236; x_wconf 85' lang='lat' dir='ltr'><strong>regiam</strong></span> <span class='ocrx_word' id='word_1_357' title='bbox 1190 3180 1321 3221; x_wconf 85' lang='lat' dir='ltr'><strong>vero</strong></span> <span class='ocrx_word' id='word_1_358' title='bbox 1355 3166 1677 3239; x_wconf 83' lang='lat' dir='ltr'><strong>dignitatem</strong></span> 
     </span>
    </p>
   </div>
   <div class='ocr_carea' id='block_1_38' title="bbox 90 3248 1679 3326">
    <p class='ocr_par' dir='ltr' id='par_1_38' title="bbox 90 3248 1679 3326">
     <span class='ocr_line' id='line_1_38' title="bbox 90 3248 1679 3326; baseline 0.008 -23"><span class='ocrx_word' id='word_1_359' title='bbox 90 3249 269 3316; x_wconf 79' lang='lat' dir='ltr'><strong>genuit</strong></span> <span class='ocrx_word' id='word_1_360' title='bbox 282 3252 606 3322; x_wconf 78' lang='lat' dir='ltr'><strong>secundum,</strong></span> <span class='ocrx_word' id='word_1_361' title='bbox 622 3269 785 3325; x_wconf 84' lang='lat' dir='ltr'><strong>quem</strong></span> <span class='ocrx_word' id='word_1_362' title='bbox 813 3255 983 3326; x_wconf 83' lang='lat' dir='ltr'><strong>patris</strong></span> <span class='ocrx_word' id='word_1_363' title='bbox 1013 3256 1238 3314; x_wconf 87' lang='lat' dir='ltr'><strong>nomine</strong></span> <span class='ocrx_word' id='word_1_364' title='bbox 1263 3248 1477 3315; x_wconf 76' lang='lat' dir='ltr'><strong>vocavit</strong></span> <span class='ocrx_word' id='word_1_365' title='bbox 1509 3259 1679 3317; x_wconf 84' lang='lat' dir='ltr'><strong>Hein-</strong></span> 
     </span>
    </p>
   </div>
   <div class='ocr_carea' id='block_1_39' title="bbox 88 3340 1683 3417">
    <p class='ocr_par' dir='ltr' id='par_1_39' title="bbox 88 3340 1683 3417">
     <span class='ocr_line' id='line_1_39' title="bbox 88 3340 1683 3417; baseline 0.011 -24"><span class='ocrx_word' id='word_1_366' title='bbox 88 3340 472 3409; x_wconf 83' lang='lat' dir='ltr'><strong>ricum,virum</strong></span> <span class='ocrx_word' id='word_1_367' title='bbox 487 3342 684 3401; x_wconf 81' lang='lat' dir='ltr'><strong>fortem</strong></span> <span class='ocrx_word' id='word_1_368' title='bbox 699 3357 753 3402; x_wconf 89' lang='lat' dir='ltr'><strong>et</strong></span> <span class='ocrx_word' id='word_1_369' title='bbox 774 3346 1128 3417; x_wconf 88' lang='lat' dir='ltr'><strong>industrium,</strong></span> <span class='ocrx_word' id='word_1_370' title='bbox 1146 3349 1344 3409; x_wconf 83' lang='lat' dir='ltr'><strong>facetia</strong></span> <span class='ocrx_word' id='word_1_371' title='bbox 1365 3353 1501 3410; x_wconf 89' lang='lat' dir='ltr'><strong>satis</strong></span> <span class='ocrx_word' id='word_1_372' title='bbox 1523 3370 1683 3410; x_wconf 89' lang='lat' dir='ltr'><strong>orna-</strong></span> 
     </span>
    </p>
   </div>
   <div class='ocr_carea' id='block_1_40' title="bbox 88 3436 1677 3518">
    <p class='ocr_par' dir='ltr' id='par_1_40' title="bbox 88 3436 1677 3518">
     <span class='ocr_line' id='line_1_40' title="bbox 88 3436 1677 3518; baseline 0.011 -31"><span class='ocrx_word' id='word_1_373' title='bbox 88 3442 218 3499; x_wconf 85' lang='lat' dir='ltr'><strong>tum,</strong></span> <span class='ocrx_word' id='word_1_374' title='bbox 249 3436 476 3492; x_wconf 87' lang='lat' dir='ltr'><strong>consilio</strong></span> <span class='ocrx_word' id='word_1_375' title='bbox 518 3439 834 3509; x_wconf 86' lang='lat' dir='ltr'><strong>providum,</strong></span> <span class='ocrx_word' id='word_1_376' title='bbox 883 3442 1070 3499; x_wconf 89' lang='lat' dir='ltr'><strong>vultus</strong></span> <span class='ocrx_word' id='word_1_377' title='bbox 1112 3444 1292 3502; x_wconf 89' lang='lat' dir='ltr'><strong>nitore</strong></span> <span class='ocrx_word' id='word_1_378' title='bbox 1336 3446 1677 3518; x_wconf 88' lang='lat' dir='ltr'><strong>gratiosum;</strong></span> 
     </span>
    </p>
   </div>
   <div class='ocr_carea' id='block_1_41' title="bbox 86 3524 1678 3607">
    <p class='ocr_par' dir='ltr' id='par_1_41' title="bbox 86 3524 1678 3607">
     <span class='ocr_line' id='line_1_41' title="bbox 86 3524 1678 3607; baseline 0.011 -28"><span class='ocrx_word' id='word_1_379' title='bbox 86 3524 312 3580; x_wconf 79' lang='lat' dir='ltr'><strong>tercium</strong></span> <span class='ocrx_word' id='word_1_380' title='bbox 343 3542 568 3599; x_wconf 78' lang='lat' dir='ltr'><strong>quoque</strong></span> <span class='ocrx_word' id='word_1_381' title='bbox 615 3529 787 3586; x_wconf 87' lang='lat' dir='ltr'><strong>lilium</strong></span> <span class='ocrx_word' id='word_1_382' title='bbox 818 3532 1027 3604; x_wconf 89' lang='lat' dir='ltr'><strong>genuit,</strong></span> <span class='ocrx_word' id='word_1_383' title='bbox 1071 3536 1297 3592; x_wconf 89' lang='lat' dir='ltr'><strong>nomine</strong></span> <span class='ocrx_word' id='word_1_384' title='bbox 1340 3536 1678 3607; x_wconf 86' lang='lat' dir='ltr'><strong>Brunonem,</strong></span> 
     </span>
    </p>
   </div>
   <div class='ocr_carea' id='block_1_42' title="bbox 84 3617 1681 3697">
    <p class='ocr_par' dir='ltr' id='par_1_42' title="bbox 84 3617 1681 3697">
     <span class='ocr_line' id='line_1_42' title="bbox 84 3617 1681 3697; baseline 0.011 -28"><span class='ocrx_word' id='word_1_385' title='bbox 84 3628 245 3683; x_wconf 78' lang='lat' dir='ltr'><strong>quem</strong></span> <span class='ocrx_word' id='word_1_386' title='bbox 276 3617 552 3688; x_wconf 75' lang='lat' dir='ltr'><strong>pontiﬁcis</strong></span> <span class='ocrx_word' id='word_1_387' title='bbox 582 3621 786 3676; x_wconf 90' lang='lat' dir='ltr'><strong>summi</strong></span> <span class='ocrx_word' id='word_1_388' title='bbox 821 3637 887 3678; x_wconf 89' lang='lat' dir='ltr'><strong>ac</strong></span> <span class='ocrx_word' id='word_1_389' title='bbox 916 3622 1073 3680; x_wconf 88' lang='lat' dir='ltr'><strong>ducis</strong></span> <span class='ocrx_word' id='word_1_390' title='bbox 1120 3626 1302 3697; x_wconf 81' lang='lat' dir='ltr'><strong>magni</strong></span> <span class='ocrx_word' id='word_1_391' title='bbox 1331 3627 1568 3685; x_wconf 76' lang='lat' dir='ltr'><strong>olﬁcium</strong></span> <span class='ocrx_word' id='word_1_392' title='bbox 1598 3631 1681 3685; x_wconf 81' lang='lat' dir='ltr'><strong>vi—</strong></span> 
     </span>
    </p>
   </div>
   <div class='ocr_carea' id='block_1_43' title="bbox 84 3706 1680 3795">
    <p class='ocr_par' dir='ltr' id='par_1_43' title="bbox 84 3706 1680 3795">
     <span class='ocr_line' id='line_1_43' title="bbox 84 3706 1680 3795; baseline 0.013 -35"><span class='ocrx_word' id='word_1_393' title='bbox 84 3706 267 3767; x_wconf 79' lang='lat' dir='ltr'><strong>dimus</strong></span> <span class='ocrx_word' id='word_1_394' title='bbox 310 3721 611 3782; x_wconf 83' lang='lat' dir='ltr'><strong>gerentem.</strong></span> <span class='ocrx_word' id='word_1_395' title='bbox 665 3715 683 3784; x_wconf 96' lang='lat'>(</span> <span class='ocrx_word' id='word_1_396' title='bbox 709 3713 988 3772; x_wconf 66' lang='lat' dir='ltr'><strong>livorem.</strong></span> <span class='ocrx_word' id='word_1_397' title='bbox 1033 3715 1157 3773; x_wconf 78' lang='lat' dir='ltr'><strong>Vita</strong></span> <span class='ocrx_word' id='word_1_398' title='bbox 1188 3718 1357 3776; x_wconf 81' lang='lat' dir='ltr'><strong>Brun.</strong></span> <span class='ocrx_word' id='word_1_399' title='bbox 1390 3737 1440 3778; x_wconf 89' lang='lat' dir='ltr'><strong>e.</strong></span> <span class='ocrx_word' id='word_1_400' title='bbox 1473 3723 1507 3779; x_wconf 85' lang='lat'><strong>5</strong></span> <span class='ocrx_word' id='word_1_401' title='bbox 1534 3739 1680 3795; x_wconf 89' lang='lat' dir='ltr'><strong>sqq.,</strong></span> 
     </span>
    </p>
   </div>
   <div class='ocr_carea' id='block_1_44' title="bbox 88 3795 1685 3886">
    <p class='ocr_par' dir='ltr' id='par_1_44' title="bbox 88 3795 1685 3886">
     <span class='ocr_line' id='line_1_44' title="bbox 88 3795 1685 3886; baseline 0.014 -36"><span class='ocrx_word' id='word_1_402' title='bbox 88 3795 413 3873; x_wconf 68' lang='lat' dir='ltr'><strong>ll,18,20.)</strong></span> <span class='ocrx_word' id='word_1_403' title='bbox 440 3802 634 3859; x_wconf 88' lang='lat' dir='ltr'><strong>Frater</strong></span> <span class='ocrx_word' id='word_1_404' title='bbox 652 3805 854 3877; x_wconf 86' lang='lat' dir='ltr'><strong>quippe</strong></span> <span class='ocrx_word' id='word_1_405' title='bbox 881 3807 1003 3879; x_wconf 85' lang='lat' dir='ltr'><strong>ejus</strong></span> <span class='ocrx_word' id='word_1_406' title='bbox 1031 3807 1177 3878; x_wconf 85' lang='lat' dir='ltr'><strong>Otto,</strong></span> <span class='ocrx_word' id='word_1_407' title='bbox 1208 3811 1338 3867; x_wconf 90' lang='lat' dir='ltr'><strong>dum</strong></span> <span class='ocrx_word' id='word_1_408' title='bbox 1367 3824 1492 3884; x_wconf 89' lang='lat' dir='ltr'><strong>post</strong></span> <span class='ocrx_word' id='word_1_409' title='bbox 1511 3816 1685 3886; x_wconf 87' lang='lat' dir='ltr'><strong>patris</strong></span> 
     </span>
    </p>
   </div>
   <div class='ocr_carea' id='block_1_45' title="bbox 80 3896 1682 3971">
    <p class='ocr_par' dir='ltr' id='par_1_45' title="bbox 80 3896 1682 3971">
     <span class='ocr_line' id='line_1_45' title="bbox 80 3896 1682 3971; baseline 0.012 -26"><span class='ocrx_word' id='word_1_410' title='bbox 80 3903 372 3950; x_wconf 79' lang='lat' dir='ltr'><strong>excessum</strong></span> <span class='ocrx_word' id='word_1_411' title='bbox 399 3905 613 3968; x_wconf 83' lang='lat' dir='ltr'><strong>regeret</strong></span> <span class='ocrx_word' id='word_1_412' title='bbox 641 3896 961 3970; x_wconf 77' lang='lat' dir='ltr'><strong>imperium,</strong></span> <span class='ocrx_word' id='word_1_413' title='bbox 992 3901 1161 3971; x_wconf 87' lang='lat' dir='ltr'><strong>hunc,</strong></span> <span class='ocrx_word' id='word_1_414' title='bbox 1193 3907 1344 3961; x_wconf 89' lang='lat' dir='ltr'><strong>omni</strong></span> <span class='ocrx_word' id='word_1_415' title='bbox 1374 3906 1682 3965; x_wconf 86' lang='lat' dir='ltr'><strong>litterarum</strong></span> 
     </span>
    </p>
   </div>
   <div class='ocr_carea' id='block_1_46' title="bbox 84 3983 1680 4069">
    <p class='ocr_par' dir='ltr' id='par_1_46' title="bbox 84 3983 1680 4069">
     <span class='ocr_line' id='line_1_46' title="bbox 84 3983 1680 4069; baseline 0.013 -32"><span class='ocrx_word' id='word_1_416' title='bbox 84 3983 319 4042; x_wconf 87' lang='lat' dir='ltr'><strong>scientia</strong></span> <span class='ocrx_word' id='word_1_417' title='bbox 366 3986 664 4060; x_wconf 90' lang='lat' dir='ltr'><strong>imbutum,</strong></span> <span class='ocrx_word' id='word_1_418' title='bbox 715 3994 991 4063; x_wconf 89' lang='lat' dir='ltr'><strong>presulem</strong></span> <span class='ocrx_word' id='word_1_419' title='bbox 1045 3994 1176 4052; x_wconf 89' lang='lat' dir='ltr'><strong>fecit</strong></span> <span class='ocrx_word' id='word_1_420' title='bbox 1221 3995 1680 4069; x_wconf 80' lang='lat' dir='ltr'><strong>Coloniensium;</strong></span> 
     </span>
    </p>
   </div>
   <div class='ocr_carea' id='block_1_47' title="bbox 76 4070 1705 4162">
    <p class='ocr_par' dir='ltr' id='par_1_47' title="bbox 76 4070 1705 4162">
     <span class='ocr_line' id='line_1_47' title="bbox 76 4070 1705 4162; baseline 0.012 -35"><span class='ocrx_word' id='word_1_421' title='bbox 76 4070 341 4147; x_wconf 75' lang='lat' dir='ltr'><strong>factaque</strong></span> <span class='ocrx_word' id='word_1_422' title='bbox 388 4077 590 4137; x_wconf 84' lang='lat' dir='ltr'><strong>dehinc</strong></span> <span class='ocrx_word' id='word_1_423' title='bbox 643 4082 812 4139; x_wconf 86' lang='lat' dir='ltr'><strong>nimia</strong></span> <span class='ocrx_word' id='word_1_424' title='bbox 860 4086 1273 4155; x_wconf 79' lang='lat' dir='ltr'><strong>perturbatione</strong></span> <span class='ocrx_word' id='word_1_425' title='bbox 1295 4087 1356 4144; x_wconf 84' lang='lat' dir='ltr'><strong>in</strong></span> <span class='ocrx_word' id='word_1_426' title='bbox 1387 4104 1577 4162; x_wconf 87' lang='lat' dir='ltr'><strong>regno,</strong></span> <span class='ocrx_word' id='word_1_427' title='bbox 1606 4091 1705 4146; x_wconf 83' lang='lat' dir='ltr'><strong>ita-</strong></span> 
     </span>
    </p>
   </div>
   <div class='ocr_carea' id='block_1_48' title="bbox 81 4167 1683 4251">
    <p class='ocr_par' dir='ltr' id='par_1_48' title="bbox 81 4167 1683 4251">
     <span class='ocr_line' id='line_1_48' title="bbox 81 4167 1683 4251; baseline 0.012 -33"><span class='ocrx_word' id='word_1_428' title='bbox 81 4173 139 4218; x_wconf 92' lang='lat' dir='ltr'><strong>ut</strong></span> <span class='ocrx_word' id='word_1_429' title='bbox 162 4167 337 4224; x_wconf 88' lang='lat' dir='ltr'><strong>etiam</strong></span> <span class='ocrx_word' id='word_1_430' title='bbox 386 4169 534 4227; x_wconf 80' lang='lat' dir='ltr'><strong>ﬁlius</strong></span> <span class='ocrx_word' id='word_1_431' title='bbox 581 4172 727 4245; x_wconf 84' lang='lat' dir='ltr'><strong>regis</strong></span> <span class='ocrx_word' id='word_1_432' title='bbox 773 4173 1047 4234; x_wconf 87' lang='lat' dir='ltr'><strong>Liutolfus</strong></span> <span class='ocrx_word' id='word_1_433' title='bbox 1079 4188 1274 4235; x_wconf 88' lang='lat' dir='ltr'><strong>contra</strong></span> <span class='ocrx_word' id='word_1_434' title='bbox 1303 4189 1516 4251; x_wconf 90' lang='lat' dir='ltr'><strong>patrem</strong></span> <span class='ocrx_word' id='word_1_435' title='bbox 1545 4196 1683 4237; x_wconf 79' lang='lat' dir='ltr'><strong>con—</strong></span> 
     </span>
    </p>
   </div>
   <div class='ocr_carea' id='block_1_49' title="bbox 1770 1855 3368 1933">
    <p class='ocr_par' dir='ltr' id='par_1_49' title="bbox 1770 1855 3368 1933">
     <span class='ocr_line' id='line_1_49' title="bbox 1770 1855 3368 1933; baseline 0.002 -23"><span class='ocrx_word' id='word_1_436' title='bbox 1770 1855 2024 1927; x_wconf 88' lang='lat' dir='ltr'><strong>gentibus</strong></span> <span class='ocrx_word' id='word_1_437' title='bbox 2047 1899 2063 1924; x_wconf 93' lang='lat'><strong>,</strong></span> <span class='ocrx_word' id='word_1_438' title='bbox 2116 1865 2395 1928; x_wconf 87' lang='lat' dir='ltr'><strong>postremo</strong></span> <span class='ocrx_word' id='word_1_439' title='bbox 2443 1857 2676 1915; x_wconf 82' lang='lat' dir='ltr'><strong>Romam</strong></span> <span class='ocrx_word' id='word_1_440' title='bbox 2718 1859 2995 1933; x_wconf 75' lang='lat' dir='ltr'><strong>proﬁcisci</strong></span> <span class='ocrx_word' id='word_1_441' title='bbox 3025 1858 3237 1925; x_wconf 85' lang='lat' dir='ltr'><strong>statuit,</strong></span> <span class='ocrx_word' id='word_1_442' title='bbox 3269 1856 3368 1913; x_wconf 88' lang='lat' dir='ltr'><strong>sed</strong></span> 
     </span>
    </p>
   </div>
   <div class='ocr_carea' id='block_1_50' title="bbox 1772 1950 3365 2026">
    <p class='ocr_par' dir='ltr' id='par_1_50' title="bbox 1772 1950 3365 2026">
     <span class='ocr_line' id='line_1_50' title="bbox 1772 1950 3365 2026; baseline 0.001 -21"><span class='ocrx_word' id='word_1_443' title='bbox 1772 1950 2091 2008; x_wconf 76' lang='lat' dir='ltr'><strong>inﬁrmitate</strong></span> <span class='ocrx_word' id='word_1_444' title='bbox 2161 1962 2451 2025; x_wconf 87' lang='lat' dir='ltr'><strong>correptus</strong></span> <span class='ocrx_word' id='word_1_445' title='bbox 2476 1996 2491 2022; x_wconf 91' lang='lat'><strong>,</strong></span> <span class='ocrx_word' id='word_1_446' title='bbox 2556 1954 2659 2011; x_wconf 88' lang='lat' dir='ltr'><strong>iter</strong></span> <span class='ocrx_word' id='word_1_447' title='bbox 2725 1953 3037 2011; x_wconf 81' lang='lat' dir='ltr'><strong>intermisit.</strong></span> <span class='ocrx_word' id='word_1_448' title='bbox 3091 1952 3365 2026; x_wconf 61' lang='grc' dir='ltr'><strong>(ἰδίωμα.</strong></span> 
     </span>
    </p>
   </div>
   <div class='ocr_carea' id='block_1_51' title="bbox 1772 2044 3370 2120">
    <p class='ocr_par' dir='ltr' id='par_1_51' title="bbox 1772 2044 3370 2120">
     <span class='ocr_line' id='line_1_51' title="bbox 1772 2044 3370 2120; baseline 0.001 -21"><span class='ocrx_word' id='word_1_449' title='bbox 1772 2059 1848 2113; x_wconf 77' lang='lat' dir='ltr'><strong>1v,</strong></span> <span class='ocrx_word' id='word_1_450' title='bbox 1882 2044 1994 2118; x_wconf 72' lang='grc'><strong>14.)</strong></span> <span class='ocrx_word' id='word_1_451' title='bbox 2023 2045 2340 2105; x_wconf 77' lang='lat' dir='ltr'><strong>Infit-matus</strong></span> <span class='ocrx_word' id='word_1_452' title='bbox 2368 2056 2454 2105; x_wconf 92' lang='lat' dir='ltr'><strong>est</strong></span> <span class='ocrx_word' id='word_1_453' title='bbox 2484 2056 2668 2105; x_wconf 91' lang='lat' dir='ltr'><strong>autem</strong></span> <span class='ocrx_word' id='word_1_454' title='bbox 2705 2049 2761 2104; x_wconf 91' lang='lat' dir='ltr'><strong>in</strong></span> <span class='ocrx_word' id='word_1_455' title='bbox 2786 2049 3013 2107; x_wconf 88' lang='lat' dir='ltr'><strong>castello</strong></span> <span class='ocrx_word' id='word_1_456' title='bbox 3057 2048 3205 2120; x_wconf 89' lang='lat' dir='ltr'><strong>quod</strong></span> <span class='ocrx_word' id='word_1_457' title='bbox 3224 2046 3370 2104; x_wconf 88' lang='lat' dir='ltr'><strong>dici-</strong></span> 
     </span>
    </p>
   </div>
   <div class='ocr_carea' id='block_1_52' title="bbox 1774 2136 3373 2212">
    <p class='ocr_par' dir='ltr' id='par_1_52' title="bbox 1774 2136 3373 2212">
     <span class='ocr_line' id='line_1_52' title="bbox 1774 2136 3373 2212; baseline 0.003 -20"><span class='ocrx_word' id='word_1_458' title='bbox 1774 2145 1864 2194; x_wconf 87' lang='lat' dir='ltr'><strong>tur</strong></span> <span class='ocrx_word' id='word_1_459' title='bbox 1884 2136 2235 2207; x_wconf 78' lang='lat' dir='ltr'><strong>Hiemelewa,</strong></span> <span class='ocrx_word' id='word_1_460' title='bbox 2258 2141 2406 2212; x_wconf 90' lang='lat' dir='ltr'><strong>quod</strong></span> <span class='ocrx_word' id='word_1_461' title='bbox 2442 2150 2529 2199; x_wconf 86' lang='lat' dir='ltr'><strong>est</strong></span> <span class='ocrx_word' id='word_1_462' title='bbox 2562 2142 2705 2198; x_wconf 85' lang='lat' dir='ltr'><strong>inter</strong></span> <span class='ocrx_word' id='word_1_463' title='bbox 2747 2139 3029 2198; x_wconf 79' lang='lat' dir='ltr'><strong>Saxonum</strong></span> <span class='ocrx_word' id='word_1_464' title='bbox 3051 2151 3107 2197; x_wconf 91' lang='lat' dir='ltr'><strong>et</strong></span> <span class='ocrx_word' id='word_1_465' title='bbox 3129 2140 3373 2197; x_wconf 88' lang='lat' dir='ltr'><strong>Thurin-</strong></span> 
     </span>
    </p>
   </div>
   <div class='ocr_carea' id='block_1_53' title="bbox 1775 2233 3370 2307">
    <p class='ocr_par' dir='ltr' id='par_1_53' title="bbox 1775 2233 3370 2307">
     <span class='ocr_line' id='line_1_53' title="bbox 1775 2233 3370 2307; baseline -0.001 -16"><span class='ocrx_word' id='word_1_466' title='bbox 1775 2247 1970 2304; x_wconf 83' lang='lat' dir='ltr'><strong>gOrum</strong></span> <span class='ocrx_word' id='word_1_467' title='bbox 2006 2233 2262 2302; x_wconf 72' lang='lat' dir='ltr'><strong>conﬁnia,</strong></span> <span class='ocrx_word' id='word_1_468' title='bbox 2302 2234 2789 2293; x_wconf 76' lang='lat' dir='ltr'><strong>ubietdefunctus</strong></span> <span class='ocrx_word' id='word_1_469' title='bbox 2812 2245 2917 2292; x_wconf 82' lang='lat' dir='ltr'><strong>est.</strong></span> <span class='ocrx_word' id='word_1_470' title='bbox 2964 2234 3158 2307; x_wconf 53' lang='grc' dir='ltr'><strong>βψω..</strong></span> <span class='ocrx_word' id='word_1_471' title='bbox 3186 2253 3224 2304; x_wconf 85' lang='grc' dir='ltr'><strong>ι,</strong></span> <span class='ocrx_word' id='word_1_472' title='bbox 3252 2236 3370 2306; x_wconf 67' lang='lat' dir='ltr'><strong>tl.)</strong></span> 
     </span>
    </p>
   </div>
   <div class='ocr_carea' id='block_1_54' title="bbox 1764 2323 3375 2400">
    <p class='ocr_par' dir='ltr' id='par_1_54' title="bbox 1764 2323 3375 2400">
     <span class='ocr_line' id='line_1_54' title="bbox 1764 2323 3375 2400; baseline 0.002 -20"><span class='ocrx_word' id='word_1_473' title='bbox 1764 2323 2024 2398; x_wconf 77' lang='lat' dir='ltr'><strong>Cumque</strong></span> <span class='ocrx_word' id='word_1_474' title='bbox 2046 2342 2107 2383; x_wconf 89' lang='lat' dir='ltr'><strong>se</strong></span> <span class='ocrx_word' id='word_1_475' title='bbox 2140 2326 2257 2397; x_wconf 86' lang='lat' dir='ltr'><strong>jam</strong></span> <span class='ocrx_word' id='word_1_476' title='bbox 2296 2328 2513 2400; x_wconf 86' lang='lat' dir='ltr'><strong>gravari</strong></span> <span class='ocrx_word' id='word_1_477' title='bbox 2536 2329 2730 2385; x_wconf 89' lang='lat' dir='ltr'><strong>morbo</strong></span> <span class='ocrx_word' id='word_1_478' title='bbox 2763 2328 3047 2397; x_wconf 88' lang='lat' dir='ltr'><strong>sensisset,</strong></span> <span class='ocrx_word' id='word_1_479' title='bbox 3072 2337 3375 2385; x_wconf 83' lang='lat' dir='ltr'><strong>convocato</strong></span> 
     </span>
    </p>
   </div>
   <div class='ocr_carea' id='block_1_55' title="bbox 1776 2419 3371 2493">
    <p class='ocr_par' dir='ltr' id='par_1_55' title="bbox 1776 2419 3371 2493">
     <span class='ocr_line' id='line_1_55' title="bbox 1776 2419 3371 2493; baseline 0.002 -20"><span class='ocrx_word' id='word_1_480' title='bbox 1776 2419 1925 2474; x_wconf 90' lang='lat' dir='ltr'><strong>omni</strong></span> <span class='ocrx_word' id='word_1_481' title='bbox 1947 2419 2169 2490; x_wconf 90' lang='lat' dir='ltr'><strong>populo,</strong></span> <span class='ocrx_word' id='word_1_482' title='bbox 2192 2419 2498 2493; x_wconf 85' lang='lat' dir='ltr'><strong>designavit</strong></span> <span class='ocrx_word' id='word_1_483' title='bbox 2518 2419 2772 2479; x_wconf 82' lang='lat' dir='ltr'><strong>Ottonem</strong></span> <span class='ocrx_word' id='word_1_484' title='bbox 2788 2421 2960 2477; x_wconf 89' lang='lat' dir='ltr'><strong>lilium</strong></span> <span class='ocrx_word' id='word_1_485' title='bbox 2983 2437 3145 2478; x_wconf 85' lang='lat' dir='ltr'><strong>suum</strong></span> <span class='ocrx_word' id='word_1_486' title='bbox 3165 2437 3371 2493; x_wconf 89' lang='lat' dir='ltr'><strong>regem,</strong></span> 
     </span>
    </p>
   </div>
   <div class='ocr_carea' id='block_1_56' title="bbox 1777 2509 3372 2583">
    <p class='ocr_par' dir='ltr' id='par_1_56' title="bbox 1777 2509 3372 2583">
     <span class='ocr_line' id='line_1_56' title="bbox 1777 2509 3372 2583; baseline 0.003 -17"><span class='ocrx_word' id='word_1_487' title='bbox 1777 2509 1973 2566; x_wconf 87' lang='lat' dir='ltr'><strong>ceteris</strong></span> <span class='ocrx_word' id='word_1_488' title='bbox 1999 2510 2126 2567; x_wconf 84' lang='lat' dir='ltr'><strong>filiis</strong></span> <span class='ocrx_word' id='word_1_489' title='bbox 2151 2511 2268 2567; x_wconf 88' lang='lat' dir='ltr'><strong>suis</strong></span> <span class='ocrx_word' id='word_1_490' title='bbox 2291 2512 2477 2583; x_wconf 85' lang='lat' dir='ltr'><strong>predia</strong></span> <span class='ocrx_word' id='word_1_491' title='bbox 2516 2529 2641 2569; x_wconf 86' lang='lat' dir='ltr'><strong>cum</strong></span> <span class='ocrx_word' id='word_1_492' title='bbox 2682 2513 2959 2569; x_wconf 74' lang='lat' dir='ltr'><strong>thesauris</strong></span> <span class='ocrx_word' id='word_1_493' title='bbox 2994 2513 3372 2580; x_wconf 81' lang='lat' dir='ltr'><strong>distribuens;</strong></span> 
     </span>
    </p>
   </div>
   <div class='ocr_carea' id='block_1_57' title="bbox 1776 2601 3375 2679">
    <p class='ocr_par' dir='ltr' id='par_1_57' title="bbox 1776 2601 3375 2679">
     <span class='ocr_line' id='line_1_57' title="bbox 1776 2601 3375 2679; baseline 0.003 -22"><span class='ocrx_word' id='word_1_494' title='bbox 1776 2601 1957 2673; x_wconf 90' lang='lat' dir='ltr'><strong>ipsum</strong></span> <span class='ocrx_word' id='word_1_495' title='bbox 1982 2619 2115 2660; x_wconf 83' lang='lat' dir='ltr'><strong>vero</strong></span> <span class='ocrx_word' id='word_1_496' title='bbox 2140 2601 2414 2670; x_wconf 85' lang='lat' dir='ltr'><strong>Ottonem,</strong></span> <span class='ocrx_word' id='word_1_497' title='bbox 2449 2606 2546 2677; x_wconf 84' lang='lat' dir='ltr'><strong>qui</strong></span> <span class='ocrx_word' id='word_1_498' title='bbox 2587 2606 2862 2664; x_wconf 77' lang='lat' dir='ltr'><strong>maximus</strong></span> <span class='ocrx_word' id='word_1_499' title='bbox 2898 2615 3033 2663; x_wconf 80' lang='lat' dir='ltr'><strong>natu</strong></span> <span class='ocrx_word' id='word_1_500' title='bbox 3054 2614 3112 2663; x_wconf 89' lang='lat' dir='ltr'><strong>et</strong></span> <span class='ocrx_word' id='word_1_501' title='bbox 3131 2607 3375 2679; x_wconf 85' lang='lat' dir='ltr'><strong>optimus</strong></span> 
     </span>
    </p>
   </div>
   <div class='ocr_carea' id='block_1_58' title="bbox 1730 2692 3377 2770">
    <p class='ocr_par' dir='ltr' id='par_1_58' title="bbox 1730 2692 3377 2770">
     <span class='ocr_line' id='line_1_58' title="bbox 1730 2692 3377 2770; baseline 0.003 -21"><span class='ocrx_word' id='word_1_502' title='bbox 1730 2694 1736 2701; x_wconf 85' lang='grc'><em>’</em></span> <span class='ocrx_word' id='word_1_503' title='bbox 1779 2692 1903 2762; x_wconf 90' lang='lat' dir='ltr'><strong>fuit,</strong></span> <span class='ocrx_word' id='word_1_504' title='bbox 1928 2694 2378 2753; x_wconf 69' lang='lat' dir='ltr'><strong>fratribusm’et</strong></span> <span class='ocrx_word' id='word_1_505' title='bbox 2398 2697 2550 2753; x_wconf 89' lang='lat' dir='ltr'><strong>omni</strong></span> <span class='ocrx_word' id='word_1_506' title='bbox 2584 2697 2921 2755; x_wconf 85' lang='lat' dir='ltr'><strong>Francorum</strong></span> <span class='ocrx_word' id='word_1_507' title='bbox 2968 2698 3200 2770; x_wconf 85' lang='lat' dir='ltr'><strong>imperio</strong></span> <span class='ocrx_word' id='word_1_508' title='bbox 3244 2715 3377 2770; x_wconf 86' lang='lat' dir='ltr'><strong>prc-</strong></span> 
     </span>
    </p>
   </div>
   <div class='ocr_carea' id='block_1_59' title="bbox 1780 2785 3378 2862">
    <p class='ocr_par' dir='ltr' id='par_1_59' title="bbox 1780 2785 3378 2862">
     <span class='ocr_line' id='line_1_59' title="bbox 1780 2785 3378 2862; baseline 0.003 -19"><span class='ocrx_word' id='word_1_509' title='bbox 1780 2785 1941 2857; x_wconf 89' lang='lat' dir='ltr'><strong>fecit;</strong></span> <span class='ocrx_word' id='word_1_510' title='bbox 1996 2787 2244 2859; x_wconf 75' lang='lat' dir='ltr'><strong>(Lmnrn.</strong></span> <span class='ocrx_word' id='word_1_511' title='bbox 2271 2806 2344 2857; x_wconf 77' lang='lat' dir='ltr'><strong>tv,</strong></span> <span class='ocrx_word' id='word_1_512' title='bbox 2372 2790 2483 2861; x_wconf 75' lang='grc'><strong>15.)</strong></span> <span class='ocrx_word' id='word_1_513' title='bbox 2512 2798 2568 2847; x_wconf 85' lang='lat' dir='ltr'><strong>ct</strong></span> <span class='ocrx_word' id='word_1_514' title='bbox 2616 2791 2674 2850; x_wconf 73' lang='lat' dir='ltr'><strong>in</strong></span> <span class='ocrx_word' id='word_1_515' title='bbox 2709 2791 2814 2846; x_wconf 85' lang='lat' dir='ltr'><strong>hoc</strong></span> <span class='ocrx_word' id='word_1_516' title='bbox 2842 2799 3061 2862; x_wconf 69' lang='lat' dir='ltr'><strong>quantm</strong></span> <span class='ocrx_word' id='word_1_517' title='bbox 3091 2790 3378 2862; x_wconf 64' lang='lat' dir='ltr'><strong>sapientia:</strong></span> 
     </span>
    </p>
   </div>
   <div class='ocr_carea' id='block_1_60' title="bbox 1781 2877 3374 2957">
    <p class='ocr_par' dir='ltr' id='par_1_60' title="bbox 1781 2877 3374 2957">
     <span class='ocr_line' id='line_1_60' title="bbox 1781 2877 3374 2957; baseline 0.003 -22"><span class='ocrx_word' id='word_1_518' title='bbox 1781 2877 1947 2938; x_wconf 88' lang='lat' dir='ltr'><strong>fuerit</strong></span> <span class='ocrx_word' id='word_1_519' title='bbox 1974 2890 2028 2938; x_wconf 91' lang='lat' dir='ltr'><strong>et</strong></span> <span class='ocrx_word' id='word_1_520' title='bbox 2059 2882 2339 2955; x_wconf 89' lang='lat' dir='ltr'><strong>religionis</strong></span> <span class='ocrx_word' id='word_1_521' title='bbox 2357 2925 2373 2950; x_wconf 90' lang='lat'><strong>,</strong></span> <span class='ocrx_word' id='word_1_522' title='bbox 2403 2883 2625 2954; x_wconf 86' lang='lat' dir='ltr'><strong>probari</strong></span> <span class='ocrx_word' id='word_1_523' title='bbox 2673 2892 2891 2956; x_wconf 87' lang='lat' dir='ltr'><strong>potest,</strong></span> <span class='ocrx_word' id='word_1_524' title='bbox 2939 2885 3084 2957; x_wconf 85' lang='lat' dir='ltr'><strong>quod</strong></span> <span class='ocrx_word' id='word_1_525' title='bbox 3105 2885 3196 2917; x_wconf 64' lang='grc'><strong>⁸³⁸⁸</strong></span> <span class='ocrx_word' id='word_1_526' title='bbox 3223 2901 3374 2949; x_wconf 87' lang='lat' dir='ltr'><strong>eum,</strong></span> 
     </span>
    </p>
   </div>
   <div class='ocr_carea' id='block_1_61' title="bbox 1780 2974 3380 3049">
    <p class='ocr_par' dir='ltr' id='par_1_61' title="bbox 1780 2974 3380 3049">
     <span class='ocr_line' id='line_1_61' title="bbox 1780 2974 3380 3049; baseline 0.004 -21"><span class='ocrx_word' id='word_1_527' title='bbox 1780 2990 1945 3045; x_wconf 86' lang='lat' dir='ltr'><strong>quem</strong></span> <span class='ocrx_word' id='word_1_528' title='bbox 1973 2974 2324 3047; x_wconf 89' lang='lat' dir='ltr'><strong>potissimum</strong></span> <span class='ocrx_word' id='word_1_529' title='bbox 2362 2983 2418 3032; x_wconf 89' lang='lat' dir='ltr'><strong>et</strong></span> <span class='ocrx_word' id='word_1_530' title='bbox 2448 2975 2927 3049; x_wconf 86' lang='lat' dir='ltr'><strong>religiosissimum</strong></span> <span class='ocrx_word' id='word_1_531' title='bbox 2968 2986 3218 3046; x_wconf 80' lang='lat' dir='ltr'><strong>noverat,</strong></span> <span class='ocrx_word' id='word_1_532' title='bbox 3252 2975 3380 3034; x_wconf 70' lang='grc' dir='ltr'><strong>,ἱραί</strong></span> 
     </span>
    </p>
   </div>
   <div class='ocr_carea' id='block_1_62' title="bbox 1785 3065 3375 3142">
    <p class='ocr_par' dir='ltr' id='par_1_62' title="bbox 1785 3065 3375 3142">
     <span class='ocr_line' id='line_1_62' title="bbox 1785 3065 3375 3142; baseline 0.003 -22"><span class='ocrx_word' id='word_1_533' title='bbox 1785 3065 1840 3121; x_wconf 90' lang='lat' dir='ltr'><strong>in</strong></span> <span class='ocrx_word' id='word_1_534' title='bbox 1870 3065 2103 3137; x_wconf 90' lang='lat' dir='ltr'><strong>imperio</strong></span> <span class='ocrx_word' id='word_1_535' title='bbox 2125 3075 2289 3122; x_wconf 87' lang='lat' dir='ltr'><strong>natus</strong></span> <span class='ocrx_word' id='word_1_536' title='bbox 2318 3083 2427 3123; x_wconf 86' lang='lat' dir='ltr'><strong>non</strong></span> <span class='ocrx_word' id='word_1_537' title='bbox 2457 3078 2621 3133; x_wconf 85' lang='lat' dir='ltr'><strong>esset,</strong></span> <span class='ocrx_word' id='word_1_538' title='bbox 2652 3083 2835 3141; x_wconf 86' lang='lat' dir='ltr'><strong>regem</strong></span> <span class='ocrx_word' id='word_1_539' title='bbox 2868 3069 3170 3125; x_wconf 89' lang='lat' dir='ltr'><strong>constituit.</strong></span> <span class='ocrx_word' id='word_1_540' title='bbox 3202 3068 3375 3142; x_wconf 78' lang='lat' dir='ltr'><strong>(Win.</strong></span> 
     </span>
    </p>
   </div>
   <div class='ocr_carea' id='block_1_63' title="bbox 1776 3158 3379 3235">
    <p class='ocr_par' dir='ltr' id='par_1_63' title="bbox 1776 3158 3379 3235">
     <span class='ocr_line' id='line_1_63' title="bbox 1776 3158 3379 3235; baseline 0.002 -21"><span class='ocrx_word' id='word_1_541' title='bbox 1776 3159 1820 3214; x_wconf 81' lang='grc' dir='ltr'><strong>ι.</strong></span> <span class='ocrx_word' id='word_1_542' title='bbox 1854 3158 1933 3222; x_wconf 84' lang='grc' dir='ltr'><strong>ι.)</strong></span> <span class='ocrx_word' id='word_1_543' title='bbox 1965 3158 2318 3219; x_wconf 86' lang='lat' dir='ltr'><strong>Testamento</strong></span> <span class='ocrx_word' id='word_1_544' title='bbox 2349 3159 2534 3233; x_wconf 88' lang='lat' dir='ltr'><strong>itaque</strong></span> <span class='ocrx_word' id='word_1_545' title='bbox 2556 3162 2903 3234; x_wconf 67' lang='lat' dir='ltr'><strong>legitime“m</strong></span> <span class='ocrx_word' id='word_1_546' title='bbox 2926 3160 3098 3235; x_wconf 61' lang='lat' dir='ltr'><strong>Iacto,</strong></span> <span class='ocrx_word' id='word_1_547' title='bbox 3131 3170 3188 3218; x_wconf 91' lang='lat' dir='ltr'><strong>et</strong></span> <span class='ocrx_word' id='word_1_548' title='bbox 3212 3164 3379 3219; x_wconf 83' lang='lat' dir='ltr'><strong>rebus</strong></span> 
     </span>
    </p>
   </div>
   <div class='ocr_carea' id='block_1_64' title="bbox 1778 3251 3381 3325">
    <p class='ocr_par' dir='ltr' id='par_1_64' title="bbox 1778 3251 3381 3325">
     <span class='ocr_line' id='line_1_64' title="bbox 1778 3251 3381 3325; baseline 0 -18"><span class='ocrx_word' id='word_1_549' title='bbox 1778 3251 2043 3308; x_wconf 88' lang='lat' dir='ltr'><strong>omnibus</strong></span> <span class='ocrx_word' id='word_1_550' title='bbox 2071 3252 2176 3309; x_wconf 88' lang='lat' dir='ltr'><strong>rite</strong></span> <span class='ocrx_word' id='word_1_551' title='bbox 2220 3253 2565 3324; x_wconf 89' lang='lat' dir='ltr'><strong>compositis,</strong></span> <span class='ocrx_word' id='word_1_552' title='bbox 2596 3252 2890 3311; x_wconf 83' lang='lat' dir='ltr'><strong>defunctus</strong></span> <span class='ocrx_word' id='word_1_553' title='bbox 2925 3260 3011 3309; x_wconf 88' lang='lat' dir='ltr'><strong>est</strong></span> <span class='ocrx_word' id='word_1_554' title='bbox 3050 3269 3197 3309; x_wconf 88' lang='lat' dir='ltr'><strong>anno</strong></span> <span class='ocrx_word' id='word_1_555' title='bbox 3227 3253 3381 3325; x_wconf 85' lang='lat' dir='ltr'><strong>regni</strong></span> 
     </span>
    </p>
   </div>
   <div class='ocr_carea' id='block_1_65' title="bbox 1782 3344 3458 3413">
    <p class='ocr_par' dir='ltr' id='par_1_65' title="bbox 1782 3344 3458 3413">
     <span class='ocr_line' id='line_1_65' title="bbox 1782 3344 3458 3413; baseline 0.001 -14"><span class='ocrx_word' id='word_1_556' title='bbox 1782 3344 1869 3399; x_wconf 88' lang='lat' dir='ltr'><strong>sui</strong></span> <span class='ocrx_word' id='word_1_557' title='bbox 1900 3344 2010 3413; x_wconf 83' lang='lat' dir='ltr'><strong>l7°,</strong></span> <span class='ocrx_word' id='word_1_558' title='bbox 2040 3345 2166 3401; x_wconf 65' lang='lat' dir='ltr'><strong>vitae</strong></span> <span class='ocrx_word' id='word_1_559' title='bbox 2193 3353 2378 3401; x_wconf 90' lang='lat' dir='ltr'><strong>autem</strong></span> <span class='ocrx_word' id='word_1_560' title='bbox 2403 3344 2518 3401; x_wconf 90' lang='lat' dir='ltr'><strong>fere</strong></span> <span class='ocrx_word' id='word_1_561' title='bbox 2542 3345 2655 3401; x_wconf 76' lang='lat'><strong>60&#39;.</strong></span> <span class='ocrx_word' id='word_1_562' title='bbox 2707 3344 3058 3402; x_wconf 81' lang='lat' dir='ltr'><strong>Translatum</strong></span> <span class='ocrx_word' id='word_1_563' title='bbox 3082 3354 3168 3403; x_wconf 91' lang='lat' dir='ltr'><strong>est</strong></span> <span class='ocrx_word' id='word_1_564' title='bbox 3194 3354 3379 3401; x_wconf 85' lang='lat' dir='ltr'><strong>autem</strong></span> <span class='ocrx_word' id='word_1_565' title='bbox 3452 3352 3458 3359; x_wconf 79' lang='lat'><strong>‘</strong></span> 
     </span>
    </p>
   </div>
   <div class='ocr_carea' id='block_1_66' title="bbox 1781 3436 3384 3508">
    <p class='ocr_par' dir='ltr' id='par_1_66' title="bbox 1781 3436 3384 3508">
     <span class='ocr_line' id='line_1_66' title="bbox 1781 3436 3384 3508; baseline 0 -17"><span class='ocrx_word' id='word_1_566' title='bbox 1781 3451 1985 3506; x_wconf 89' lang='lat' dir='ltr'><strong>corpus</strong></span> <span class='ocrx_word' id='word_1_567' title='bbox 2012 3436 2135 3508; x_wconf 85' lang='lat' dir='ltr'><strong>ejus</strong></span> <span class='ocrx_word' id='word_1_568' title='bbox 2162 3452 2195 3492; x_wconf 92' lang='lat' dir='ltr'><strong>a</strong></span> <span class='ocrx_word' id='word_1_569' title='bbox 2220 3436 2493 3493; x_wconf 26' lang='lat' dir='ltr'><strong>liliistsuis</strong></span> <span class='ocrx_word' id='word_1_570' title='bbox 2516 3436 2608 3469; x_wconf 78' lang='grc'><strong>¹³⁰⁶</strong></span> <span class='ocrx_word' id='word_1_571' title='bbox 2643 3436 2698 3492; x_wconf 88' lang='lat' dir='ltr'><strong>in</strong></span> <span class='ocrx_word' id='word_1_572' title='bbox 2718 3437 3003 3493; x_wconf 82' lang='lat' dir='ltr'><strong>civitatem</strong></span> <span class='ocrx_word' id='word_1_573' title='bbox 3026 3452 3151 3508; x_wconf 74' lang='lat' dir='ltr'><strong>qua:</strong></span> <span class='ocrx_word' id='word_1_574' title='bbox 3178 3436 3384 3492; x_wconf 81' lang='lat' dir='ltr'><strong>dicitur</strong></span> 
     </span>
    </p>
   </div>
   <div class='ocr_carea' id='block_1_67' title="bbox 1781 3528 3385 3604">
    <p class='ocr_par' dir='ltr' id='par_1_67' title="bbox 1781 3528 3385 3604">
     <span class='ocr_line' id='line_1_67' title="bbox 1781 3528 3385 3604; baseline 0.001 -21"><span class='ocrx_word' id='word_1_575' title='bbox 1781 3528 2363 3602; x_wconf 66' lang='lat' dir='ltr'><strong>Quidilingahurg&#39;m,</strong></span> <span class='ocrx_word' id='word_1_576' title='bbox 2394 3539 2450 3586; x_wconf 86' lang='lat' dir='ltr'><strong>et</strong></span> <span class='ocrx_word' id='word_1_577' title='bbox 2492 3530 2548 3585; x_wconf 93' lang='lat' dir='ltr'><strong>in</strong></span> <span class='ocrx_word' id='word_1_578' title='bbox 2595 3530 2822 3587; x_wconf 86' lang='lat' dir='ltr'><strong>basilica</strong></span> <span class='ocrx_word' id='word_1_579' title='bbox 2872 3530 3048 3604; x_wconf 82' lang='lat' dir='ltr'><strong>sancti</strong></span> <span class='ocrx_word' id='word_1_580' title='bbox 3078 3528 3224 3584; x_wconf 82' lang='lat' dir='ltr'><strong>Petri</strong></span> <span class='ocrx_word' id='word_1_581' title='bbox 3255 3538 3385 3585; x_wconf 85' lang='lat' dir='ltr'><strong>ante</strong></span> 
     </span>
    </p>
   </div>
   <div class='ocr_carea' id='block_1_68' title="bbox 1783 3623 3379 3695">
    <p class='ocr_par' dir='ltr' id='par_1_68' title="bbox 1783 3623 3379 3695">
     <span class='ocr_line' id='line_1_68' title="bbox 1783 3623 3379 3695; baseline 0.001 -18"><span class='ocrx_word' id='word_1_582' title='bbox 1783 3623 1956 3678; x_wconf 90' lang='lat' dir='ltr'><strong>altare</strong></span> <span class='ocrx_word' id='word_1_583' title='bbox 2006 3623 2323 3694; x_wconf 80' lang='lat' dir='ltr'><strong>sepultum,</strong></span> <span class='ocrx_word' id='word_1_584' title='bbox 2374 3639 2502 3680; x_wconf 89' lang='lat' dir='ltr'><strong>cum</strong></span> <span class='ocrx_word' id='word_1_585' title='bbox 2547 3624 2768 3695; x_wconf 91' lang='lat' dir='ltr'><strong>planctu</strong></span> <span class='ocrx_word' id='word_1_586' title='bbox 2817 3633 2871 3680; x_wconf 90' lang='lat' dir='ltr'><strong>et</strong></span> <span class='ocrx_word' id='word_1_587' title='bbox 2902 3624 3155 3681; x_wconf 74' lang='lat' dir='ltr'><strong>lacrimis</strong></span> <span class='ocrx_word' id='word_1_588' title='bbox 3200 3624 3379 3694; x_wconf 87' lang='lat' dir='ltr'><strong>pluri-</strong></span> 
     </span>
    </p>
   </div>
   <div class='ocr_carea' id='block_1_69' title="bbox 1785 3731 2026 3772">
    <p class='ocr_par' dir='ltr' id='par_1_69' title="bbox 1785 3731 2026 3772">
     <span class='ocr_line' id='line_1_69' title="bbox 1785 3731 2026 3772; baseline 0.008 -2"><span class='ocrx_word' id='word_1_589' title='bbox 1785 3731 2026 3772; x_wconf 85' lang='lat' dir='ltr'><strong>morum.</strong></span> 
     </span>
    </p>
   </div>
   <div class='ocr_carea' id='block_1_70' title="bbox 1856 3803 2172 3862">
    <p class='ocr_par' dir='ltr' id='par_1_70' title="bbox 1856 3803 2172 3862">
     <span class='ocr_line' id='line_1_70' title="bbox 1856 3803 2172 3862; baseline 0.003 -4"><span class='ocrx_word' id='word_1_590' title='bbox 1856 3803 1921 3859; x_wconf 82' lang='grc' dir='ltr'><strong>Δ.</strong></span> <span class='ocrx_word' id='word_1_591' title='bbox 1951 3803 2015 3859; x_wconf 83' lang='lat' dir='ltr'><strong>D.</strong></span> <span class='ocrx_word' id='word_1_592' title='bbox 2048 3804 2172 3862; x_wconf 75' lang='lat' dir='ltr'><strong>92L</strong></span> 
     </span>
    </p>
   </div>
   <div class='ocr_carea' id='block_1_71' title="bbox 1930 3895 3393 3964">
    <p class='ocr_par' dir='ltr' id='par_1_71' title="bbox 1930 3895 3393 3964">
     <span class='ocr_line' id='line_1_71' title="bbox 1930 3895 3393 3964; baseline 0.011 -15"><span class='ocrx_word' id='word_1_593' title='bbox 1930 3900 1949 3920; x_wconf 81' lang='grc'>⁶</span> <span class='ocrx_word' id='word_1_594' title='bbox 1969 3895 2033 3952; x_wconf 87' lang='lat' dir='ltr'><strong>D.</strong></span> <span class='ocrx_word' id='word_1_595' title='bbox 2068 3897 2223 3951; x_wconf 75' lang='lat' dir='ltr'><strong>addit</strong></span> <span class='ocrx_word' id='word_1_596' title='bbox 2252 3913 2274 3951; x_wconf 86' lang='lat'><strong><em>:</em></strong></span> <span class='ocrx_word' id='word_1_597' title='bbox 2310 3897 2602 3955; x_wconf 82' lang='lat' dir='ltr'><strong>Heinricus</strong></span> <span class='ocrx_word' id='word_1_598' title='bbox 2631 3917 2727 3955; x_wconf 79' lang='lat' dir='ltr'><strong>rex</strong></span> <span class='ocrx_word' id='word_1_599' title='bbox 2758 3910 2948 3957; x_wconf 81' lang='lat' dir='ltr'><strong>contra</strong></span> <span class='ocrx_word' id='word_1_600' title='bbox 2984 3935 3051 3944; x_wconf 90' lang='lat'><strong><em>—</em></strong></span> <span class='ocrx_word' id='word_1_601' title='bbox 3069 3907 3242 3963; x_wconf 83' lang='lat' dir='ltr'><strong>totius</strong></span> <span class='ocrx_word' id='word_1_602' title='bbox 3270 3907 3393 3964; x_wconf 81' lang='lat' dir='ltr'><strong>Ba-&#39;</strong></span> 
     </span>
    </p>
   </div>
   <div class='ocr_carea' id='block_1_72' title="bbox 1993 3967 2941 4040">
    <p class='ocr_par' dir='ltr' id='par_1_72' title="bbox 1993 3967 2941 4040">
     <span class='ocr_line' id='line_1_72' title="bbox 1993 3967 2941 4040; baseline 0.005 -19"><span class='ocrx_word' id='word_1_603' title='bbox 1993 3968 2206 4038; x_wconf 67' lang='lat' dir='ltr'><strong>joariaa.</strong></span> <span class='ocrx_word' id='word_1_604' title='bbox 2229 3984 2294 4022; x_wconf 82' lang='lat' dir='ltr'><strong>ea:</strong></span> <span class='ocrx_word' id='word_1_605' title='bbox 2314 3967 2497 4040; x_wconf 66' lang='grc' dir='ltr'><strong>εὔρει».</strong></span> <span class='ocrx_word' id='word_1_606' title='bbox 2530 3988 2582 4024; x_wconf 91' lang='lat' dir='ltr'><strong>a.</strong></span> <span class='ocrx_word' id='word_1_607' title='bbox 2610 3969 2734 4026; x_wconf 72' lang='lat'><strong>9‘20.</strong></span> <span class='ocrx_word' id='word_1_608' title='bbox 2936 4004 2941 4009; x_wconf 81' lang='lat'><strong><em>~</em></strong></span> 
     </span>
    </p>
   </div>
   <div class='ocr_carea' id='block_1_73' title="bbox 1856 4059 3385 4141">
    <p class='ocr_par' dir='ltr' id='par_1_73' title="bbox 1856 4059 3385 4141">
     <span class='ocr_line' id='line_1_73' title="bbox 1856 4059 3385 4141; baseline 0.008 -27"><span class='ocrx_word' id='word_1_609' title='bbox 1856 4060 1922 4115; x_wconf 74' lang='grc' dir='ltr'><strong>Δ.</strong></span> <span class='ocrx_word' id='word_1_610' title='bbox 1957 4059 2018 4115; x_wconf 84' lang='grc' dir='ltr'><strong>Ι).</strong></span> <span class='ocrx_word' id='word_1_611' title='bbox 2054 4059 2183 4116; x_wconf 69' lang='lat'><strong>9‘22.</strong></span> <span class='ocrx_word' id='word_1_612' title='bbox 2210 4063 2229 4082; x_wconf 76' lang='lat'><strong><em>‘</em></strong></span> <span class='ocrx_word' id='word_1_613' title='bbox 2264 4059 2727 4131; x_wconf 75' lang='lat' dir='ltr'><strong>Buotpertns&quot;°&#39;,</strong></span> <span class='ocrx_word' id='word_1_614' title='bbox 2776 4062 2946 4119; x_wconf 84' lang='lat' dir='ltr'><strong>frater</strong></span> <span class='ocrx_word' id='word_1_615' title='bbox 2972 4062 3201 4122; x_wconf 85' lang='lat' dir='ltr'><strong>Outonis</strong></span> <span class='ocrx_word' id='word_1_616' title='bbox 3236 4072 3385 4141; x_wconf 84' lang='lat' dir='ltr'><strong>regis</strong></span> 
     </span>
    </p>
   </div>
   <div class='ocr_carea' id='block_1_74' title="bbox 1785 4148 3382 4223">
    <p class='ocr_par' dir='ltr' id='par_1_74' title="bbox 1785 4148 3382 4223">
     <span class='ocr_line' id='line_1_74' title="bbox 1785 4148 3382 4223; baseline 0.006 -18"><span class='ocrx_word' id='word_1_617' title='bbox 1785 4158 1843 4205; x_wconf 89' lang='lat' dir='ltr'><strong>et</strong></span> <span class='ocrx_word' id='word_1_618' title='bbox 1874 4158 2029 4221; x_wconf 88' lang='lat' dir='ltr'><strong>pater</strong></span> <span class='ocrx_word' id='word_1_619' title='bbox 2064 4148 2331 4222; x_wconf 82' lang='lat' dir='ltr'><strong>Hugonis,</strong></span> <span class='ocrx_word' id='word_1_620' title='bbox 2362 4150 2711 4206; x_wconf 88' lang='lat' dir='ltr'><strong>machinante</strong></span> <span class='ocrx_word' id='word_1_621' title='bbox 2759 4150 3064 4208; x_wconf 85' lang='lat' dir='ltr'><strong>Giselberto</strong></span> <span class='ocrx_word' id='word_1_622' title='bbox 3093 4155 3251 4223; x_wconf 89' lang='lat' dir='ltr'><strong>duce,</strong></span> <span class='ocrx_word' id='word_1_623' title='bbox 3289 4174 3382 4213; x_wconf 82' lang='lat' dir='ltr'><strong>so-</strong></span> 
     </span>
    </p>
   </div>
   <div class='ocr_carea' id='block_1_75' title="bbox 74 4239 3385 4346">
    <p class='ocr_par' dir='ltr' id='par_1_75' title="bbox 74 4239 3385 4346">
     <span class='ocr_line' id='line_1_75' title="bbox 74 4239 3385 4346; baseline 0.011 -33"><span class='ocrx_word' id='word_1_624' title='bbox 74 4260 317 4317; x_wconf 79' lang='lat' dir='ltr'><strong>sentiret</strong></span> <span class='ocrx_word' id='word_1_625' title='bbox 339 4239 943 4339; x_wconf 46' lang='lat' dir='ltr'><strong>pravorum-consilio,</strong></span> <span class='ocrx_word' id='word_1_626' title='bbox 983 4287 1082 4328; x_wconf 82' lang='lat' dir='ltr'><strong>rex</strong></span> <span class='ocrx_word' id='word_1_627' title='bbox 1131 4271 1259 4329; x_wconf 82' lang='lat' dir='ltr'><strong>Otto</strong></span> <span class='ocrx_word' id='word_1_628' title='bbox 1289 4239 1358 4331; x_wconf 73' lang='lat' dir='ltr'><strong>ad</strong></span> <span class='ocrx_word' id='word_1_629' title='bbox 1386 4275 1685 4346; x_wconf 79' lang='lat' dir='ltr'><strong>disponen-</strong></span> <span class='ocrx_word' id='word_1_630' title='bbox 1768 4239 2186 4346; x_wconf 59' lang='lat' dir='ltr'><strong>“einﬁci</strong></span> <span class='ocrx_word' id='word_1_631' title='bbox 2215 4241 2398 4346; x_wconf 56' lang='lat' dir='ltr'><strong>regis.)</strong></span> <span class='ocrx_word' id='word_1_632' title='bbox 2451 4241 2509 4296; x_wconf 65' lang='lat' dir='ltr'><strong>in</strong></span> <span class='ocrx_word' id='word_1_633' title='bbox 2557 4241 2917 4313; x_wconf 57' lang='lat' dir='ltr'><strong>dejewonem</strong></span> <span class='ocrx_word' id='word_1_634' title='bbox 2946 4243 3132 4301; x_wconf 51' lang='lat' dir='ltr'><strong>Eam“</strong></span> <span class='ocrx_word' id='word_1_635' title='bbox 3154 4289 3170 4304; x_wconf 76' lang='lat'><em>‘</em></span> <span class='ocrx_word' id='word_1_636' title='bbox 3212 4264 3385 4320; x_wconf 49' lang='lat' dir='ltr'><strong>regna</strong></span> 
     </span>
    </p>
   </div>
   <div class='ocr_carea' id='block_1_76' title="bbox 73 4334 3042 4449">
    <p class='ocr_par' dir='ltr' id='par_1_76' title="bbox 73 4334 3042 4449">
     <span class='ocr_line' id='line_1_76' title="bbox 73 4334 3042 4449; baseline 0.007 -42"><span class='ocrx_word' id='word_1_637' title='bbox 73 4350 207 4407; x_wconf 81' lang='lat' dir='ltr'><strong>dum</strong></span> <span class='ocrx_word' id='word_1_638' title='bbox 236 4370 473 4428; x_wconf 84' lang='lat' dir='ltr'><strong>regnum</strong></span> <span class='ocrx_word' id='word_1_639' title='bbox 503 4359 765 4417; x_wconf 86' lang='lat' dir='ltr'><strong>secedens</strong></span> <span class='ocrx_word' id='word_1_640' title='bbox 793 4362 848 4418; x_wconf 91' lang='lat' dir='ltr'><strong>in</strong></span> <span class='ocrx_word' id='word_1_641' title='bbox 878 4334 1065 4436; x_wconf 83' lang='lat' dir='ltr'><strong>partes</strong></span> <span class='ocrx_word' id='word_1_642' title='bbox 1090 4368 1340 4431; x_wconf 82' lang='lat' dir='ltr'><strong>orientis,</strong></span> <span class='ocrx_word' id='word_1_643' title='bbox 1376 4334 1534 4425; x_wconf 69' lang='lat' dir='ltr'><strong>fratri</strong></span> <span class='ocrx_word' id='word_1_644' title='bbox 1555 4369 1688 4425; x_wconf 88' lang='lat' dir='ltr'><strong>Bru-</strong></span> <span class='ocrx_word' id='word_1_645' title='bbox 1791 4334 2475 4449; x_wconf 31' lang='lat' dir='ltr'><strong>Gallifiuﬂprpfﬂlri&#39;</strong></span> <span class='ocrx_word' id='word_1_646' title='bbox 2966 4447 2973 4449; x_wconf 19' lang='grc' dir='ltr'><em>Α</em></span> <span class='ocrx_word' id='word_1_647' title='bbox 3010 4428 3042 4449; x_wconf 46' lang='lat' dir='ltr'><strong>ﬂ</strong></span> 
     </span>
    </p>
   </div>
   <div class='ocr_carea' id='block_1_77' title="bbox 72 4424 1674 4557">
    <p class='ocr_par' dir='ltr' id='par_1_77' title="bbox 72 4424 1674 4557">
     <span class='ocr_line' id='line_1_77' title="bbox 72 4424 1674 4557; baseline 0.015 -60"><span class='ocrx_word' id='word_1_648' title='bbox 72 4447 209 4557; x_wconf 54' lang='grc' dir='ltr'><strong>ξιοηί</strong></span> <span class='ocrx_word' id='word_1_649' title='bbox 288 4449 501 4519; x_wconf 84' lang='lat' dir='ltr'><strong>presuli</strong></span> <span class='ocrx_word' id='word_1_650' title='bbox 575 4424 944 4523; x_wconf 72' lang='lat' dir='ltr'><strong>providendas</strong></span> <span class='ocrx_word' id='word_1_651' title='bbox 1026 4460 1304 4516; x_wconf 85' lang='lat' dir='ltr'><strong>commisit</strong></span> <span class='ocrx_word' id='word_1_652' title='bbox 1363 4463 1674 4521; x_wconf 83' lang='lat' dir='ltr'><strong>occidentis.</strong></span> 
     </span>
    </p>
   </div>
   <div class='ocr_carea' id='block_1_78' title="bbox 1784 4424 3385 4557">
    <p class='ocr_par' dir='ltr' id='par_1_78' title="bbox 1934 4424 3385 4557">
     <span class='ocr_line' id='line_1_78' title="bbox 1934 4424 3385 4503; baseline 0.006 -22"><span class='ocrx_word' id='word_1_653' title='bbox 1934 4429 1953 4449; x_wconf 71' lang='grc'><em>⁴</em></span> <span class='ocrx_word' id='word_1_654' title='bbox 1974 4424 2037 4482; x_wconf 85' lang='lat' dir='ltr'><strong>D.</strong></span> <span class='ocrx_word' id='word_1_655' title='bbox 2066 4438 2120 4482; x_wconf 76' lang='lat' dir='ltr'><strong>et</strong></span> <span class='ocrx_word' id='word_1_656' title='bbox 2151 4427 2239 4494; x_wconf 65' lang='grc' dir='ltr'><strong>Ε...</strong></span> <span class='ocrx_word' id='word_1_657' title='bbox 2266 4428 2356 4500; x_wconf 80' lang='lat' dir='ltr'><strong>qui</strong></span> <span class='ocrx_word' id='word_1_658' title='bbox 2384 4428 2468 4482; x_wconf 80' lang='lat' dir='ltr'><strong>hic</strong></span> <span class='ocrx_word' id='word_1_659' title='bbox 2494 4430 2684 4500; x_wconf 71' lang='lat' dir='ltr'><strong>pergit,</strong></span> <span class='ocrx_word' id='word_1_660' title='bbox 2724 4429 2928 4484; x_wconf 80' lang='lat' dir='ltr'><strong>addunt</strong></span> <span class='ocrx_word' id='word_1_661' title='bbox 2958 4447 2975 4485; x_wconf 90' lang='lat'><strong><em>:</em></strong></span> <span class='ocrx_word' id='word_1_662' title='bbox 3009 4428 3288 4503; x_wconf 81' lang='lat' dir='ltr'><strong>Stephano</strong></span> <span class='ocrx_word' id='word_1_663' title='bbox 3316 4465 3385 4475; x_wconf 67' lang='lat'><strong>-</strong></span> 
     </span>
     <span class='ocr_line' id='line_1_79' title="bbox 2002 4498 2921 4557; baseline 0.002 -2"><span class='ocrx_word' id='word_1_664' title='bbox 2002 4500 2398 4557; x_wconf 82' lang='lat' dir='ltr'><strong>enisconatum.</strong></span> <span class='ocrx_word' id='word_1_665' title='bbox 2427 4515 2492 4555; x_wconf 81' lang='lat' dir='ltr'><strong>ea:</strong></span> <span class='ocrx_word' id='word_1_666' title='bbox 2512 4498 2689 4557; x_wconf 77' lang='lat' dir='ltr'><strong>Siaeb.</strong></span> <span class='ocrx_word' id='word_1_667' title='bbox 2717 4518 2769 4555; x_wconf 81' lang='grc' dir='ltr'><strong>α.</strong></span> <span class='ocrx_word' id='word_1_668' title='bbox 2796 4502 2921 4557; x_wconf 73' lang='grc'><strong>921.</strong></span> 
     </span>
    </p>
   </div>
   <div class='ocr_carea' id='block_1_79' title="bbox 71 4509 2921 4619">
    <p class='ocr_par' dir='ltr' id='par_1_79' title="bbox 71 4509 2921 4619">
     <span class='ocr_line' id='line_1_80' title="bbox 71 4509 2921 4619; baseline 0.015 -31"><span class='ocrx_word' id='word_1_669' title='bbox 71 4532 149 4590; x_wconf 87' lang='lat' dir='ltr'><strong>Ita</strong></span> <span class='ocrx_word' id='word_1_670' title='bbox 177 4509 439 4596; x_wconf 50' lang='lat' dir='ltr'><strong>‘m-cum</strong></span> <span class='ocrx_word' id='word_1_671' title='bbox 467 4509 673 4616; x_wconf 58' lang='lat' dir='ltr'><strong>mina</strong></span> <span class='ocrx_word' id='word_1_672' title='bbox 700 4546 977 4619; x_wconf 67' lang='lat' dir='ltr'><strong>religione</strong></span> <span class='ocrx_word' id='word_1_673' title='bbox 989 4566 1126 4607; x_wconf 85' lang='lat' dir='ltr'><strong>usus</strong></span> <span class='ocrx_word' id='word_1_674' title='bbox 1157 4560 1242 4608; x_wconf 86' lang='lat' dir='ltr'><strong>est</strong></span> <span class='ocrx_word' id='word_1_675' title='bbox 1266 4553 1358 4587; x_wconf 82' lang='grc'><strong>¹³⁶⁹</strong></span> <span class='ocrx_word' id='word_1_676' title='bbox 1386 4555 1564 4613; x_wconf 86' lang='lat' dir='ltr'><strong>ollicio</strong></span> <span class='ocrx_word' id='word_1_677' title='bbox 1590 4573 1685 4613; x_wconf 89' lang='lat' dir='ltr'><strong>sa-</strong></span> <span class='ocrx_word' id='word_1_678' title='bbox 1721 4509 1766 4545; x_wconf 77' lang='grc' dir='ltr'>υ</span> <span class='ocrx_word' id='word_1_679' title='bbox 1874 4594 1902 4619; x_wconf 62' lang='grc' dir='ltr'><strong>Α</strong></span> <span class='ocrx_word' id='word_1_680' title='bbox 1966 4509 2398 4619; x_wconf 49' lang='grc' dir='ltr'><strong>περιξέἶοιῖῧιυω.</strong></span> <span class='ocrx_word' id='word_1_681' title='bbox 2427 4515 2492 4555; x_wconf 55' lang='lat' dir='ltr'><strong>ex</strong></span> <span class='ocrx_word' id='word_1_682' title='bbox 2512 4509 2689 4571; x_wconf 46' lang='lat' dir='ltr'><strong>mg“).</strong></span> <span class='ocrx_word' id='word_1_683' title='bbox 2717 4518 2769 4555; x_wconf 43' lang='grc' dir='ltr'><strong>α.</strong></span> <span class='ocrx_word' id='word_1_684' title='bbox 2796 4509 2921 4557; x_wconf 58' lang='lat' dir='ltr'><strong>92L</strong></span> 
     </span>
    </p>
   </div>
   <div class='ocr_carea' id='block_1_80' title="bbox 66 4593 3389 4747">
    <p class='ocr_par' dir='ltr' id='par_1_80' title="bbox 66 4593 3389 4747">
     <span class='ocr_line' id='line_1_81' title="bbox 270 4593 3389 4658; baseline 0.011 -29"><span class='ocrx_word' id='word_1_685' title='bbox 270 4629 288 4643; x_wconf 82' lang='lat'>_</span> <span class='ocrx_word' id='word_1_686' title='bbox 323 4593 438 4596; x_wconf 37' lang='lat' dir='ltr'><strong>W“</strong></span> <span class='ocrx_word' id='word_1_687' title='bbox 469 4593 673 4646; x_wconf 49' lang='lat'><strong>“:0”</strong></span> <span class='ocrx_word' id='word_1_688' title='bbox 701 4593 965 4653; x_wconf 67' lang='lat' dir='ltr'><strong>&#39;&quot;v&quot;&quot;:’</strong></span> <span class='ocrx_word' id='word_1_689' title='bbox 992 4593 1133 4656; x_wconf 54' lang='lat' dir='ltr'><strong>“&quot;“i</strong></span> <span class='ocrx_word' id='word_1_690' title='bbox 1158 4593 1242 4608; x_wconf 64' lang='grc' dir='ltr'><strong>νυ·</strong></span> <span class='ocrx_word' id='word_1_691' title='bbox 1387 4593 1564 4658; x_wconf 62' lang='lat' dir='ltr'><strong>‘f‘&quot;&quot;“’</strong></span> <span class='ocrx_word' id='word_1_692' title='bbox 1594 4593 1685 4613; x_wconf 68' lang='lat'><strong>°&quot;&#39;</strong></span> <span class='ocrx_word' id='word_1_693' title='bbox 1866 4594 1933 4648; x_wconf 77' lang='grc' dir='ltr'><strong>Α.</strong></span> <span class='ocrx_word' id='word_1_694' title='bbox 1966 4593 2029 4649; x_wconf 84' lang='grc' dir='ltr'><strong>Ι).</strong></span> <span class='ocrx_word' id='word_1_695' title='bbox 2061 4593 2187 4649; x_wconf 73' lang='grc'><strong>925.</strong></span> <span class='ocrx_word' id='word_1_696' title='bbox 2212 4596 2230 4617; x_wconf 75' lang='grc'><strong>⁸</strong></span> <span class='ocrx_word' id='word_1_697' title='bbox 3384 4600 3389 4614; x_wconf 70' lang='grc'><em>⁴</em></span> 
     </span>
     <span class='ocr_line' id='line_1_82' title="bbox 66 4627 3389 4747; baseline -0 0"><span class='ocrx_word' id='word_1_698' title='bbox 66 4627 1087 4747; x_wconf 35' lang='grc' dir='ltr'><strong>ἲςὲῗὲῗηέξῗῳθῗιῳῇ</strong></span> <span class='ocrx_word' id='word_1_699' title='bbox 1109 4659 1271 4747; x_wconf 49' lang='grc'><strong>2123⁸1³</strong></span> <span class='ocrx_word' id='word_1_700' title='bbox 1297 4661 1443 4747; x_wconf 46' lang='lat' dir='ltr'><strong>regis</strong></span> <span class='ocrx_word' id='word_1_701' title='bbox 1465 4645 1687 4747; x_wconf 31' lang='lat' dir='ltr'><strong>(&quot;Belus</strong></span> <span class='ocrx_word' id='word_1_702' title='bbox 1938 4686 2039 4744; x_wconf 77' lang='lat' dir='ltr'><strong>‘D.</strong></span> <span class='ocrx_word' id='word_1_703' title='bbox 2074 4688 2140 4744; x_wconf 75' lang='grc' dir='ltr'><strong>Ε.</strong></span> <span class='ocrx_word' id='word_1_704' title='bbox 2180 4688 2382 4743; x_wconf 73' lang='lat' dir='ltr'><strong>addunt</strong></span> <span class='ocrx_word' id='word_1_705' title='bbox 2413 4704 2430 4742; x_wconf 89' lang='lat'><strong><em>:</em></strong></span> <span class='ocrx_word' id='word_1_706' title='bbox 2464 4687 2689 4747; x_wconf 63' lang='lat' dir='ltr'><strong>Ungarii</strong></span> <span class='ocrx_word' id='word_1_707' title='bbox 2719 4721 2791 4731; x_wconf 61' lang='lat'><strong>--»</strong></span> <span class='ocrx_word' id='word_1_708' title='bbox 2816 4689 3031 4746; x_wconf 77' lang='lat' dir='ltr'><strong>delevit.</strong></span> <span class='ocrx_word' id='word_1_709' title='bbox 3064 4689 3297 4747; x_wconf 82' lang='lat' dir='ltr'><strong>Karolus</strong></span> <span class='ocrx_word' id='word_1_710' title='bbox 3317 4725 3389 4734; x_wconf 88' lang='grc'><strong>-</strong></span> 
     </span>
    </p>
   </div>
   <div class='ocr_carea' id='block_1_81' title="bbox 66 4719 2583 4808">
    <p class='ocr_par' dir='ltr' id='par_1_81' title="bbox 66 4719 2583 4808">
     <span class='ocr_line' id='line_1_83' title="bbox 66 4719 2583 4808; baseline 0.012 -36"><span class='ocrx_word' id='word_1_711' title='bbox 66 4725 155 4773; x_wconf 87' lang='lat' dir='ltr'><strong>est</strong></span> <span class='ocrx_word' id='word_1_712' title='bbox 177 4719 280 4752; x_wconf 76' lang='grc'><strong><em>¹³⁸³</em></strong></span> <span class='ocrx_word' id='word_1_713' title='bbox 310 4720 518 4780; x_wconf 82' lang='lat' dir='ltr'><strong>virtute</strong></span> <span class='ocrx_word' id='word_1_714' title='bbox 538 4728 875 4798; x_wconf 83' lang='lat' dir='ltr'><strong>magnanimi</strong></span> <span class='ocrx_word' id='word_1_715' title='bbox 894 4730 1070 4788; x_wconf 89' lang='lat' dir='ltr'><strong>ducis.</strong></span> <span class='ocrx_word' id='word_1_716' title='bbox 1102 4732 1273 4805; x_wconf 76' lang='lat' dir='ltr'><strong>(Win.</strong></span> <span class='ocrx_word' id='word_1_717' title='bbox 1304 4751 1343 4803; x_wconf 84' lang='grc' dir='ltr'><strong>ι,</strong></span> <span class='ocrx_word' id='word_1_718' title='bbox 1371 4735 1486 4808; x_wconf 75' lang='lat' dir='ltr'><strong>5i.)</strong></span> <span class='ocrx_word' id='word_1_719' title='bbox 1515 4736 1687 4793; x_wconf 86' lang='lat' dir='ltr'><strong>Nemo</strong></span> <span class='ocrx_word' id='word_1_720' title='bbox 1976 4719 2583 4808; x_wconf 39' lang='grc' dir='ltr'><strong>υιζρξξηξξῖῗξῗέξαξὲίδ</strong></span> 
     </span>
    </p>
   </div>
   <div class='ocr_carea' id='block_1_82' title="bbox 2008 4757 2798 4831">
    <p class='ocr_par' dir='ltr' id='par_1_82' title="bbox 2008 4757 2798 4831">
     <span class='ocr_line' id='line_1_84' title="bbox 2008 4757 2798 4831; baseline -0.003 -15"><span class='ocrx_word' id='word_1_721' title='bbox 2008 4760 2258 4831; x_wconf 82' lang='lat' dir='ltr'><strong>peremit.</strong></span> <span class='ocrx_word' id='word_1_722' title='bbox 2286 4776 2352 4814; x_wconf 77' lang='lat' dir='ltr'><strong>ea:</strong></span> <span class='ocrx_word' id='word_1_723' title='bbox 2372 4757 2639 4831; x_wconf 34' lang='lat' dir='ltr'><strong>.Sigebfa.</strong></span> <span class='ocrx_word' id='word_1_724' title='bbox 2672 4758 2798 4815; x_wconf 70' lang='lat'><strong>922.</strong></span> 
     </span>
    </p>
   </div>
   <div class='ocr_carea' id='block_1_83' title="bbox 66 4815 1674 4909">
    <p class='ocr_par' dir='ltr' id='par_1_83' title="bbox 66 4815 1674 4909">
     <span class='ocr_line' id='line_1_85' title="bbox 66 4815 1674 4909; baseline 0.014 -46"><span class='ocrx_word' id='word_1_725' title='bbox 66 4818 261 4909; x_wconf 65' lang='lat' dir='ltr'><strong>autem</strong></span> <span class='ocrx_word' id='word_1_726' title='bbox 288 4827 488 4909; x_wconf 65' lang='lat' dir='ltr'><strong>_super</strong></span> <span class='ocrx_word' id='word_1_727' title='bbox 516 4815 623 4873; x_wconf 89' lang='lat' dir='ltr'><strong>hac</strong></span> <span class='ocrx_word' id='word_1_728' title='bbox 650 4833 710 4873; x_wconf 90' lang='lat' dir='ltr'><strong>re</strong></span> <span class='ocrx_word' id='word_1_729' title='bbox 738 4819 893 4876; x_wconf 87' lang='lat' dir='ltr'><strong>illum</strong></span> <span class='ocrx_word' id='word_1_730' title='bbox 945 4822 1275 4894; x_wconf 86' lang='lat' dir='ltr'><strong>culpabilem</strong></span> <span class='ocrx_word' id='word_1_731' title='bbox 1322 4827 1508 4896; x_wconf 88' lang='lat' dir='ltr'><strong>dicat,</strong></span> <span class='ocrx_word' id='word_1_732' title='bbox 1558 4845 1674 4885; x_wconf 79' lang='lat' dir='ltr'><strong>cum</strong></span> 
     </span>
    </p>
   </div>
   <div class='ocr_carea' id='block_1_84' title="bbox 1784 4815 2670 4909">
    <p class='ocr_par' dir='ltr' id='par_1_84' title="bbox 1868 4815 2670 4909">
     <span class='ocr_line' id='line_1_86' title="bbox 1868 4815 2670 4909; baseline 0.001 -3"><span class='ocrx_word' id='word_1_733' title='bbox 1868 4853 1933 4907; x_wconf 73' lang='grc' dir='ltr'><strong>Α.</strong></span> <span class='ocrx_word' id='word_1_734' title='bbox 1966 4815 2029 4907; x_wconf 77' lang='grc' dir='ltr'><strong>υἶ</strong></span> <span class='ocrx_word' id='word_1_735' title='bbox 2059 4815 2192 4909; x_wconf 59' lang='lat' dir='ltr'><strong>gs.</strong></span> <span class='ocrx_word' id='word_1_736' title='bbox 2443 4815 2468 4831; x_wconf 75' lang='grc'><em>”</em></span> <span class='ocrx_word' id='word_1_737' title='bbox 2662 4870 2670 4877; x_wconf 90' lang='grc'><strong><em>-</em></strong></span> 
     </span>
    </p>
   </div>
   <div class='ocr_carea' id='block_1_85' title="bbox 62 4898 1684 4993">
    <p class='ocr_par' dir='ltr' id='par_1_85' title="bbox 62 4898 1684 4993">
     <span class='ocr_line' id='line_1_87' title="bbox 62 4898 1684 4993; baseline 0.013 -35"><span class='ocrx_word' id='word_1_738' title='bbox 62 4898 405 4963; x_wconf 82' lang='lat' dir='ltr'><strong>Samnelem</strong></span> <span class='ocrx_word' id='word_1_739' title='bbox 435 4917 691 4967; x_wconf 79' lang='lat' dir='ltr'><strong>sanctum</strong></span> <span class='ocrx_word' id='word_1_740' title='bbox 717 4921 775 4968; x_wconf 86' lang='lat' dir='ltr'><strong>et</strong></span> <span class='ocrx_word' id='word_1_741' title='bbox 798 4914 938 4971; x_wconf 85' lang='lat' dir='ltr'><strong>alios</strong></span> <span class='ocrx_word' id='word_1_742' title='bbox 976 4915 1163 4987; x_wconf 89' lang='lat' dir='ltr'><strong>plures</strong></span> <span class='ocrx_word' id='word_1_743' title='bbox 1189 4921 1507 4978; x_wconf 85' lang='lat' dir='ltr'><strong>sacerdotes</strong></span> <span class='ocrx_word' id='word_1_744' title='bbox 1533 4923 1684 4993; x_wconf 83' lang='lat' dir='ltr'><strong>pari-</strong></span> 
     </span>
    </p>
   </div>
   <div class='ocr_carea' id='block_1_86' title="bbox 62 5000 1685 5088">
    <p class='ocr_par' dir='ltr' id='par_1_86' title="bbox 62 5000 1685 5088">
     <span class='ocr_line' id='line_1_88' title="bbox 62 5000 1685 5088; baseline 0.014 -36"><span class='ocrx_word' id='word_1_745' title='bbox 62 5005 148 5055; x_wconf 87' lang='lat' dir='ltr'><strong>ter</strong></span> <span class='ocrx_word' id='word_1_746' title='bbox 166 5000 441 5076; x_wconf 80' lang='lat' dir='ltr'><strong>legamus</strong></span> <span class='ocrx_word' id='word_1_747' title='bbox 466 5014 521 5063; x_wconf 90' lang='lat' dir='ltr'><strong>et</strong></span> <span class='ocrx_word' id='word_1_748' title='bbox 545 5007 778 5077; x_wconf 86' lang='lat' dir='ltr'><strong>judices.</strong></span> <span class='ocrx_word' id='word_1_749' title='bbox 805 5009 1053 5086; x_wconf 77' lang='lat' dir='ltr'><strong>(LIUDPB.</strong></span> <span class='ocrx_word' id='word_1_750' title='bbox 1079 5031 1153 5083; x_wconf 80' lang='lat' dir='ltr'><strong>IV,</strong></span> <span class='ocrx_word' id='word_1_751' title='bbox 1179 5015 1290 5088; x_wconf 84' lang='lat' dir='ltr'><strong>l6.)</strong></span> <span class='ocrx_word' id='word_1_752' title='bbox 1317 5016 1484 5075; x_wconf 80' lang='lat' dir='ltr'><strong>Duxit</strong></span> <span class='ocrx_word' id='word_1_753' title='bbox 1503 5029 1685 5077; x_wconf 84' lang='lat' dir='ltr'><strong>autem</strong></span> 
     </span>
    </p>
   </div>
   <div class='ocr_carea' id='block_1_87' title="bbox 59 5091 3386 5183">
    <p class='ocr_par' dir='ltr' id='par_1_87' title="bbox 59 5091 3386 5183">
     <span class='ocr_line' id='line_1_89' title="bbox 59 5091 3386 5183; baseline 0.006 -34"><span class='ocrx_word' id='word_1_754' title='bbox 59 5091 217 5164; x_wconf 79' lang='lat' dir='ltr'><strong>Otto,</strong></span> <span class='ocrx_word' id='word_1_755' title='bbox 250 5097 414 5155; x_wconf 79' lang='lat' dir='ltr'><strong>ﬁlius</strong></span> <span class='ocrx_word' id='word_1_756' title='bbox 447 5099 615 5172; x_wconf 84' lang='lat' dir='ltr'><strong>regis,</strong></span> <span class='ocrx_word' id='word_1_757' title='bbox 643 5101 863 5160; x_wconf 85' lang='lat' dir='ltr'><strong>vivente</strong></span> <span class='ocrx_word' id='word_1_758' title='bbox 905 5106 1087 5163; x_wconf 88' lang='lat' dir='ltr'><strong>adhuc</strong></span> <span class='ocrx_word' id='word_1_759' title='bbox 1133 5115 1310 5179; x_wconf 87' lang='lat' dir='ltr'><strong>patre,</strong></span> <span class='ocrx_word' id='word_1_760' title='bbox 1357 5124 1585 5166; x_wconf 72' lang='lat' dir='ltr'><strong>uxorem</strong></span> <span class='ocrx_word' id='word_1_761' title='bbox 1617 5127 1681 5168; x_wconf 75' lang='lat' dir='ltr'><strong>ex</strong></span> <span class='ocrx_word' id='word_1_762' title='bbox 1865 5109 1931 5164; x_wconf 76' lang='grc' dir='ltr'><strong>Α.</strong></span> <span class='ocrx_word' id='word_1_763' title='bbox 1965 5107 2028 5163; x_wconf 84' lang='grc' dir='ltr'><strong>ι).</strong></span> <span class='ocrx_word' id='word_1_764' title='bbox 2059 5109 2186 5165; x_wconf 75' lang='lat'><strong>925.</strong></span> <span class='ocrx_word' id='word_1_765' title='bbox 2210 5112 2233 5133; x_wconf 75' lang='lat'><strong><em>‘</em></strong></span> <span class='ocrx_word' id='word_1_766' title='bbox 2267 5107 2470 5164; x_wconf 81' lang='lat' dir='ltr'><strong>Ililtine</strong></span> <span class='ocrx_word' id='word_1_767' title='bbox 2503 5107 2866 5182; x_wconf 84' lang='lat' dir='ltr'><strong>Augustensis</strong></span> <span class='ocrx_word' id='word_1_768' title='bbox 2898 5126 3190 5183; x_wconf 78' lang='lat' dir='ltr'><strong>episcopus</strong></span> <span class='ocrx_word' id='word_1_769' title='bbox 3218 5112 3386 5182; x_wconf 88' lang='lat' dir='ltr'><strong>obiit,</strong></span> 
     </span>
    </p>
   </div>
   <div class='ocr_carea' id='block_1_88' title="bbox 56 5189 3383 5285">
    <p class='ocr_par' dir='ltr' id='par_1_88' title="bbox 56 5189 3383 5285">
     <span class='ocr_line' id='line_1_90' title="bbox 56 5189 3383 5285; baseline 0.006 -44"><span class='ocrx_word' id='word_1_770' title='bbox 56 5196 231 5255; x_wconf 80' lang='lat' dir='ltr'><strong>gente</strong></span> <span class='ocrx_word' id='word_1_771' title='bbox 262 5189 624 5253; x_wconf 80' lang='lat' dir='ltr'><strong>nobilissima</strong></span> <span class='ocrx_word' id='word_1_772' title='bbox 649 5194 972 5269; x_wconf 81' lang='lat' dir='ltr'><strong>Anglorum,</strong></span> <span class='ocrx_word' id='word_1_773' title='bbox 999 5198 1166 5256; x_wconf 82' lang='lat' dir='ltr'><strong>ﬁliam</strong></span> <span class='ocrx_word' id='word_1_774' title='bbox 1191 5199 1377 5258; x_wconf 88' lang='lat' dir='ltr'><strong>fratris</strong></span> <span class='ocrx_word' id='word_1_775' title='bbox 1405 5202 1498 5235; x_wconf 79' lang='grc'><strong>¹³⁶¹</strong></span> <span class='ocrx_word' id='word_1_776' title='bbox 1526 5203 1688 5260; x_wconf 85' lang='lat' dir='ltr'><strong>Adel-</strong></span> <span class='ocrx_word' id='word_1_777' title='bbox 1793 5204 1883 5265; x_wconf 88' lang='lat' dir='ltr'><strong>cui</strong></span> <span class='ocrx_word' id='word_1_778' title='bbox 1946 5211 2172 5260; x_wconf 89' lang='lat' dir='ltr'><strong>sanctus</strong></span> <span class='ocrx_word' id='word_1_779' title='bbox 2237 5200 2564 5259; x_wconf 83' lang='lat' dir='ltr'><strong>Oudalricus</strong></span> <span class='ocrx_word' id='word_1_780' title='bbox 2600 5203 2692 5235; x_wconf 83' lang='grc'>¹³⁰⁹</span> <span class='ocrx_word' id='word_1_781' title='bbox 2750 5204 3017 5261; x_wconf 88' lang='lat' dir='ltr'><strong>successit</strong></span> <span class='ocrx_word' id='word_1_782' title='bbox 3083 5205 3103 5275; x_wconf 89' lang='lat'><strong>(</strong></span> <span class='ocrx_word' id='word_1_783' title='bbox 3124 5204 3196 5262; x_wconf 86' lang='lat' dir='ltr'><strong>cf.</strong></span> <span class='ocrx_word' id='word_1_784' title='bbox 3263 5205 3383 5285; x_wconf 59' lang='grc' dir='ltr'><strong>γει.</strong></span> 
     </span>
    </p>
   </div>
   <div class='ocr_carea' id='block_1_89' title="bbox 58 5279 2088 5367">
    <p class='ocr_par' dir='ltr' id='par_1_89' title="bbox 58 5279 2088 5367">
     <span class='ocr_line' id='line_1_91' title="bbox 58 5279 2088 5367; baseline 0.009 -35"><span class='ocrx_word' id='word_1_785' title='bbox 58 5279 213 5367; x_wconf 84' lang='lat' dir='ltr'><strong>stani</strong></span> <span class='ocrx_word' id='word_1_786' title='bbox 248 5280 411 5352; x_wconf 78' lang='lat' dir='ltr'><strong>regis</strong></span> <span class='ocrx_word' id='word_1_787' title='bbox 438 5324 456 5350; x_wconf 90' lang='lat'><strong>,</strong></span> <span class='ocrx_word' id='word_1_788' title='bbox 502 5299 628 5355; x_wconf 75' lang='lat' dir='ltr'><strong>quae</strong></span> <span class='ocrx_word' id='word_1_789' title='bbox 662 5286 733 5343; x_wconf 88' lang='lat' dir='ltr'><strong>ab</strong></span> <span class='ocrx_word' id='word_1_790' title='bbox 760 5288 885 5345; x_wconf 86' lang='lat' dir='ltr'><strong>aliis</strong></span> <span class='ocrx_word' id='word_1_791' title='bbox 917 5289 1163 5361; x_wconf 78' lang='lat' dir='ltr'><strong>(Lwnrn.</strong></span> <span class='ocrx_word' id='word_1_792' title='bbox 1195 5292 1234 5349; x_wconf 87' lang='grc' dir='ltr'><strong>ι.</strong></span> <span class='ocrx_word' id='word_1_793' title='bbox 1272 5292 1338 5366; x_wconf 88' lang='lat' dir='ltr'><strong>l.)</strong></span> <span class='ocrx_word' id='word_1_794' title='bbox 1382 5297 1689 5367; x_wconf 88' lang='lat' dir='ltr'><strong>appellatur</strong></span> <span class='ocrx_word' id='word_1_795' title='bbox 1786 5293 1854 5351; x_wconf 81' lang='lat' dir='ltr'><strong>S.</strong></span> <span class='ocrx_word' id='word_1_796' title='bbox 1900 5293 2088 5366; x_wconf 78' lang='lat' dir='ltr'><strong>Oud.)</strong></span> 
     </span>
    </p>
   </div>
   <div class='ocr_carea' id='block_1_90' title="bbox 54 5366 1674 5460">
    <p class='ocr_par' dir='ltr' id='par_1_90' title="bbox 54 5366 1674 5460">
     <span class='ocr_line' id='line_1_92' title="bbox 54 5366 1674 5460; baseline 0.012 -35"><span class='ocrx_word' id='word_1_797' title='bbox 54 5366 239 5444; x_wconf 76' lang='lat' dir='ltr'><strong>Otgit,</strong></span> <span class='ocrx_word' id='word_1_798' title='bbox 276 5373 360 5429; x_wconf 80' lang='lat' dir='ltr'><strong>ab</strong></span> <span class='ocrx_word' id='word_1_799' title='bbox 387 5373 515 5432; x_wconf 86' lang='lat' dir='ltr'><strong>aliis</strong></span> <span class='ocrx_word' id='word_1_800' title='bbox 547 5376 715 5448; x_wconf 74' lang='lat' dir='ltr'><strong>(Win.</strong></span> <span class='ocrx_word' id='word_1_801' title='bbox 748 5396 809 5448; x_wconf 81' lang='grc' dir='ltr'><strong>ιι,</strong></span> <span class='ocrx_word' id='word_1_802' title='bbox 845 5380 934 5455; x_wconf 59' lang='lat' dir='ltr'><strong>tl)</strong></span> <span class='ocrx_word' id='word_1_803' title='bbox 979 5382 1184 5442; x_wconf 83' lang='lat' dir='ltr'><strong>Edidis.</strong></span> <span class='ocrx_word' id='word_1_804' title='bbox 1235 5384 1362 5444; x_wconf 78' lang='lat' dir='ltr'><strong>Ilaec</strong></span> <span class='ocrx_word' id='word_1_805' title='bbox 1392 5366 1603 5460; x_wconf 74' lang='lat' dir='ltr'><strong>peperit</strong></span> <span class='ocrx_word' id='word_1_806' title='bbox 1633 5391 1674 5446; x_wconf 72' lang='lat' dir='ltr'><strong>ei</strong></span> 
     </span>
    </p>
   </div>
   <div class='ocr_carea' id='block_1_91' title="bbox 1784 5366 3387 5460">
    <p class='ocr_par' dir='ltr' id='par_1_91' title="bbox 1936 5384 3387 5460">
     <span class='ocr_line' id='line_1_93' title="bbox 1936 5384 3387 5460; baseline 0.001 -21"><span class='ocrx_word' id='word_1_807' title='bbox 1936 5389 1956 5409; x_wconf 79' lang='lat'>*</span> <span class='ocrx_word' id='word_1_808' title='bbox 1978 5385 2045 5441; x_wconf 76' lang='grc' dir='ltr'><strong>Ι).</strong></span> <span class='ocrx_word' id='word_1_809' title='bbox 2076 5384 2139 5440; x_wconf 84' lang='grc' dir='ltr'><strong>Ε.</strong></span> <span class='ocrx_word' id='word_1_810' title='bbox 2173 5384 2377 5442; x_wconf 75' lang='lat' dir='ltr'><strong>addunt</strong></span> <span class='ocrx_word' id='word_1_811' title='bbox 2404 5402 2422 5439; x_wconf 90' lang='lat'><strong><em>:</em></strong></span> <span class='ocrx_word' id='word_1_812' title='bbox 2452 5384 2687 5444; x_wconf 83' lang='lat' dir='ltr'><strong>Karolus</strong></span> <span class='ocrx_word' id='word_1_813' title='bbox 2709 5388 3057 5445; x_wconf 84' lang='lat' dir='ltr'><strong>—truditur.</strong></span> <span class='ocrx_word' id='word_1_814' title='bbox 3092 5388 3176 5460; x_wconf 84' lang='lat' dir='ltr'><strong>(E.</strong></span> <span class='ocrx_word' id='word_1_815' title='bbox 3203 5389 3387 5444; x_wconf 68' lang='lat' dir='ltr'><strong>inserit</strong></span> 
     </span>
    </p>
   </div>
   <div class='ocr_carea' id='block_1_92' title="bbox 1392 5477 2066 5537">
    <p class='ocr_par' dir='ltr' id='par_1_92' title="bbox 1392 5477 2066 5537">
     <span class='ocr_line' id='line_1_94' title="bbox 1392 5477 2066 5537; baseline -0.004 -2"><span class='ocrx_word' id='word_1_816' title='bbox 1392 5479 1623 5536; x_wconf 64' lang='lat' dir='ltr'><strong>VARIE</strong></span> <span class='ocrx_word' id='word_1_817' title='bbox 1666 5477 2066 5537; x_wconf 68' lang='lat' dir='ltr'><strong>LECTIONES.</strong></span> 
     </span>
    </p>
   </div>
   <div class='ocr_carea' id='block_1_93' title="bbox 129 5534 3389 5621">
    <p class='ocr_par' dir='ltr' id='par_1_93' title="bbox 129 5534 3389 5621">
     <span class='ocr_line' id='line_1_95' title="bbox 129 5534 3389 5621; baseline 0.005 -31"><span class='ocrx_word' id='word_1_818' title='bbox 129 5534 401 5621; x_wconf 36' lang='lat' dir='ltr'><strong>‘f’ﬂdari</strong></span> <span class='ocrx_word' id='word_1_819' title='bbox 420 5537 513 5621; x_wconf 44' lang='grc' dir='ltr'><strong>ἒ-</strong></span> <span class='ocrx_word' id='word_1_820' title='bbox 574 5541 669 5574; x_wconf 66' lang='grc' dir='ltr'><strong>³η*</strong></span> <span class='ocrx_word' id='word_1_821' title='bbox 686 5545 770 5621; x_wconf 58' lang='lat'><strong>23¢;</strong></span> <span class='ocrx_word' id='word_1_822' title='bbox 801 5545 1309 5621; x_wconf 24' lang='lat' dir='ltr'><strong>2._Al)l.consucvit</strong></span> <span class='ocrx_word' id='word_1_823' title='bbox 1334 5551 1368 5605; x_wconf 71' lang='grc'>4</span> <span class='ocrx_word' id='word_1_824' title='bbox 1400 5534 1621 5607; x_wconf 43' lang='grc' dir='ltr'><strong>ὲΠΪ</strong></span> <span class='ocrx_word' id='word_1_825' title='bbox 1668 5534 1781 5585; x_wconf 28' lang='grc' dir='ltr'><strong>νίίδί</strong></span> <span class='ocrx_word' id='word_1_826' title='bbox 1794 5534 1853 5608; x_wconf 76' lang='grc'><strong>(1.</strong></span> <span class='ocrx_word' id='word_1_827' title='bbox 1878 5534 1927 5606; x_wconf 81' lang='lat' dir='ltr'><strong>r.</strong></span> <span class='ocrx_word' id='word_1_828' title='bbox 1954 5550 2053 5604; x_wconf 89' lang='lat' dir='ltr'><strong>Dl.</strong></span> <span class='ocrx_word' id='word_1_829' title='bbox 2100 5620 2107 5621; x_wconf 17' lang='grc' dir='ltr'><em>γ</em></span> <span class='ocrx_word' id='word_1_830' title='bbox 2149 5547 2244 5580; x_wconf 75' lang='grc'><strong>¹²⁹⁶</strong></span> <span class='ocrx_word' id='word_1_831' title='bbox 2265 5565 2317 5621; x_wconf 84' lang='lat' dir='ltr'><strong>g.</strong></span> <span class='ocrx_word' id='word_1_832' title='bbox 2349 5556 2403 5621; x_wconf 84' lang='lat' dir='ltr'><strong>et</strong></span> <span class='ocrx_word' id='word_1_833' title='bbox 2424 5565 2469 5604; x_wconf 95' lang='lat' dir='ltr'><strong>r.</strong></span> <span class='ocrx_word' id='word_1_834' title='bbox 2502 5547 2591 5621; x_wconf 12' lang='lat'><strong>97°.</strong></span> <span class='ocrx_word' id='word_1_835' title='bbox 2618 5558 2672 5605; x_wconf 92' lang='lat' dir='ltr'><strong>et</strong></span> <span class='ocrx_word' id='word_1_836' title='bbox 2699 5567 2752 5621; x_wconf 87' lang='lat' dir='ltr'><strong>g.</strong></span> <span class='ocrx_word' id='word_1_837' title='bbox 2789 5553 2978 5606; x_wconf 73' lang='lat' dir='ltr'><strong>desunt</strong></span> <span class='ocrx_word' id='word_1_838' title='bbox 3001 5552 3053 5607; x_wconf 70' lang='grc'><strong>4.</strong></span> <span class='ocrx_word' id='word_1_839' title='bbox 3150 5551 3242 5583; x_wconf 70' lang='grc'><strong>¹²³⁷</strong></span> <span class='ocrx_word' id='word_1_840' title='bbox 3264 5566 3389 5620; x_wconf 81' lang='lat' dir='ltr'><strong>pcr—</strong></span> 
     </span>
    </p>
   </div>
   <div class='ocr_carea' id='block_1_94' title="bbox 48 5603 3383 5702">
    <p class='ocr_par' dir='ltr' id='par_1_94' title="bbox 48 5603 3383 5702">
     <span class='ocr_line' id='line_1_96' title="bbox 48 5603 3383 5702; baseline 0 0"><span class='ocrx_word' id='word_1_841' title='bbox 48 5605 211 5702; x_wconf 54' lang='grc' dir='ltr'>ἔξω</span> <span class='ocrx_word' id='word_1_842' title='bbox 242 5609 835 5702; x_wconf 62' lang='grc' dir='ltr'><strong>θῗση,¹”⁸ν;.ἓ;Ρ¹;.</strong></span> <span class='ocrx_word' id='word_1_843' title='bbox 868 5603 1307 5702; x_wconf 56' lang='grc' dir='ltr'><strong>¹¹⁹⁹ηίιέκίιιέεέ5ζ⁷</strong></span> <span class='ocrx_word' id='word_1_844' title='bbox 1340 5603 1598 5702; x_wconf 65' lang='grc' dir='ltr'><strong>ί³⁰2ειὲέδί</strong></span> <span class='ocrx_word' id='word_1_845' title='bbox 1630 5623 1729 5679; x_wconf 68' lang='lat' dir='ltr'><strong>DL</strong></span> <span class='ocrx_word' id='word_1_846' title='bbox 1800 5603 2174 5702; x_wconf 63' lang='grc' dir='ltr'><strong>ῖῗῖἱέιειτδξθο-</strong></span> <span class='ocrx_word' id='word_1_847' title='bbox 2235 5603 3383 5702; x_wconf 49' lang='grc' dir='ltr'><strong>ἕοίιέεςξεβζίῶίηδζίοῖέῖιξξιβξςέείίξο</strong></span> 
     </span>
    </p>
   </div>
   <div class='ocr_carea' id='block_1_95' title="bbox 46 5680 3387 5807">
    <p class='ocr_par' dir='ltr' id='par_1_95' title="bbox 46 5680 3387 5807">
     <span class='ocr_line' id='line_1_97' title="bbox 46 5680 3387 5807; baseline 0.007 -74"><span class='ocrx_word' id='word_1_848' title='bbox 46 5680 157 5807; x_wconf 54' lang='lat'><strong>:2;</strong></span> <span class='ocrx_word' id='word_1_849' title='bbox 192 5680 450 5807; x_wconf 69' lang='lat'><strong>9°.</strong></span> <span class='ocrx_word' id='word_1_850' title='bbox 574 5683 933 5758; x_wconf 50' lang='lat' dir='ltr'><strong>“iilegitimo</strong></span> <span class='ocrx_word' id='word_1_851' title='bbox 954 5690 1009 5745; x_wconf 75' lang='grc'><strong>2.</strong></span> <span class='ocrx_word' id='word_1_852' title='bbox 1066 5680 1198 5727; x_wconf 73' lang='grc'><strong>”²³⁰⁶</strong></span> <span class='ocrx_word' id='word_1_853' title='bbox 1223 5694 1367 5749; x_wconf 76' lang='lat' dir='ltr'><strong>deest</strong></span> <span class='ocrx_word' id='word_1_854' title='bbox 1404 5692 1503 5750; x_wconf 87' lang='lat' dir='ltr'><strong>Dl.</strong></span> <span class='ocrx_word' id='word_1_855' title='bbox 1619 5697 1709 5728; x_wconf 79' lang='grc'><strong>¹³⁰⁷</strong></span> <span class='ocrx_word' id='word_1_856' title='bbox 1735 5691 2192 5766; x_wconf 84' lang='lat' dir='ltr'><strong>qwidilingaburg</strong></span> <span class='ocrx_word' id='word_1_857' title='bbox 2235 5690 2333 5747; x_wconf 89' lang='lat' dir='ltr'><strong>Dl.</strong></span> <span class='ocrx_word' id='word_1_858' title='bbox 2393 5680 2404 5692; x_wconf 79' lang='grc'><strong>’</strong></span> <span class='ocrx_word' id='word_1_859' title='bbox 2445 5692 2537 5724; x_wconf 76' lang='grc'>¹³⁰⁸</span> <span class='ocrx_word' id='word_1_860' title='bbox 2572 5692 2869 5764; x_wconf 79' lang='lat' dir='ltr'><strong>Ilotpertus</strong></span> <span class='ocrx_word' id='word_1_861' title='bbox 2902 5680 2964 5749; x_wconf 59' lang='grc' dir='ltr'><strong>ἓξ</strong></span> <span class='ocrx_word' id='word_1_862' title='bbox 3062 5692 3154 5727; x_wconf 78' lang='grc'><strong>¹³⁰⁹</strong></span> <span class='ocrx_word' id='word_1_863' title='bbox 3187 5687 3387 5747; x_wconf 54' lang='lat' dir='ltr'><strong>Melli-</strong></span> 
     </span>
    </p>
   </div>
   <div class='ocr_carea' id='block_1_96' title="bbox 376 5842 888 5909">
    <p class='ocr_par' dir='ltr' id='par_1_96' title="bbox 376 5842 888 5909">
     <span class='ocr_line' id='line_1_98' title="bbox 376 5842 888 5909; baseline 0.002 -1"><span class='ocrx_word' id='word_1_864' title='bbox 376 5842 650 5908; x_wconf 70' lang='grc' dir='ltr'><strong>ΡΑτιιοι..</strong></span> <span class='ocrx_word' id='word_1_865' title='bbox 678 5844 807 5908; x_wconf 85' lang='lat' dir='ltr'><strong>CLI</strong></span> <span class='ocrx_word' id='word_1_866' title='bbox 818 5849 888 5909; x_wconf 63' lang='grc' dir='ltr'><strong>ξ’.</strong></span> 
     </span>
    </p>
   </div>
   <div class='ocr_carea' id='block_1_97' title="bbox 1938 4943 3390 5018">
    <p class='ocr_par' dir='ltr' id='par_1_97' title="bbox 1938 4943 3390 5018">
     <span class='ocr_line' id='line_1_99' title="bbox 1938 4943 3390 5018; baseline 0.004 -19"><span class='ocrx_word' id='word_1_867' title='bbox 1938 4948 1961 4970; x_wconf 78' lang='grc'><strong><em>⁶</em></strong></span> <span class='ocrx_word' id='word_1_868' title='bbox 1990 4945 2053 5018; x_wconf 56' lang='grc' dir='ltr'><strong>Ιξ.</strong></span> <span class='ocrx_word' id='word_1_869' title='bbox 2102 4944 2166 5018; x_wconf 82' lang='grc' dir='ltr'><strong>Ε.</strong></span> <span class='ocrx_word' id='word_1_870' title='bbox 2204 4945 2408 5003; x_wconf 80' lang='lat' dir='ltr'><strong>addunt</strong></span> <span class='ocrx_word' id='word_1_871' title='bbox 2448 4960 2465 5000; x_wconf 91' lang='lat'><strong><em>:</em></strong></span> <span class='ocrx_word' id='word_1_872' title='bbox 2499 4945 2674 5018; x_wconf 79' lang='lat' dir='ltr'><strong>Reges</strong></span> <span class='ocrx_word' id='word_1_873' title='bbox 2715 4976 2785 4986; x_wconf 88' lang='lat'><strong>—-</strong></span> <span class='ocrx_word' id='word_1_874' title='bbox 2821 4943 3274 5004; x_wconf 83' lang='lat' dir='ltr'><strong>ehristianorum.</strong></span> <span class='ocrx_word' id='word_1_875' title='bbox 3322 4964 3390 5005; x_wconf 75' lang='lat' dir='ltr'><strong>ea:</strong></span> 
     </span>
    </p>
   </div>
   <div class='ocr_carea' id='block_1_98' title="bbox 2004 5015 2431 5088">
    <p class='ocr_par' dir='ltr' id='par_1_98' title="bbox 2004 5015 2431 5088">
     <span class='ocr_line' id='line_1_100' title="bbox 2004 5015 2431 5088; baseline -0.002 -16"><span class='ocrx_word' id='word_1_876' title='bbox 2004 5015 2182 5088; x_wconf 81' lang='lat' dir='ltr'><strong>Sigeb.</strong></span> <span class='ocrx_word' id='word_1_877' title='bbox 2214 5034 2268 5072; x_wconf 90' lang='lat' dir='ltr'><strong>a.</strong></span> <span class='ocrx_word' id='word_1_878' title='bbox 2305 5018 2431 5072; x_wconf 70' lang='grc'><strong>925.</strong></span> 
     </span>
    </p>
   </div>
   <div class='ocr_carea' id='block_1_99' title="bbox 2974 5855 3059 5916">
    <p class='ocr_par' dir='ltr' id='par_1_99' title="bbox 2974 5855 3059 5916">
     <span class='ocr_line' id='line_1_101' title="bbox 2974 5855 3059 5916; baseline 0.024 -2"><span class='ocrx_word' id='word_1_879' title='bbox 2974 5855 3059 5916; x_wconf 73' lang='grc'><strong>29</strong></span> 
     </span>
    </p>
   </div>
  </div>
