3862 6306
118 359 203 416 913

972 352 1341 411 CIIRONICA.
1381 388 1451 397 —-
1488 358 1881 418 CHRONICON
1921 363 2378 423 UNIYERSALE.

3218 377 3323 434 9H

113 474 227 533 unde
248 469 431 527 veniret
448 475 541 525 aut
559 483 656 523 cur
681 467 835 523 ﬂeret
861 487 871 522 :
902 468 981 522 Ab
1010 471 1146 537 istis,
1173 472 1367 541 inquit,
1391 475 1633 543 predorti-
1661 484 1706 538 A
1730 488 1863 548 tata,
1887 490 2067 535 tamen
2094 481 2309 536 enituit.
2325 479 2461 536 Nam
2479 499 2603 539 cum
2626 484 2747 540 dum.
2773 485 2953 542 tercize
2976 502 3166 544 eorum
3188 490 3325 548 fuste

112 568 186 620 bus
203 578 343 617 unum
367 561 680 632 paupertatis
706 576 834 616 mea:
862 560 1111 616 solatium
1142 565 1279 634 quod
1300 565 1459 619 habui
1483 566 1634 621 abla-
1728 571 1996 641 jacercnt,
2020 580 2075 627 et
2098 572 2435 630 Giselbertus
2464 590 2596 631 suos
2623 576 2890 635 defecisse
2923 580 3061 637 adeo
3091 581 3202 649 “°°,
3222 584 3325 639 ad-

109 668 196 711 tum
219 662 285 709 est
300 654 600 723 jumentum.
638 651 813 720 Quem
847 670 973 710 cum
1013 655 1433 727 interrogarent,
1462 657 1507 712 si
1542 657 1635 712 Gi-

108 749 350 805 selbertum
374 754 424 801 et
449 745 823 802 Eberhardum
857 748 1085 805 vidisset
1128 758 1223 804 aut
1268 750 1362 805 ubi
1406 760 1631 808 essent:

106 841 301 907 Cunctis,
329 840 416 907 ait,
445 857 561 893 rum
575 840 740 910 preda
770 840 1008 895 Rhenum
1036 844 1387 912 transmissis,
1407 845 1505 914 ipsi
1531 845 1634 900 soli

103 951 196 988 cum
212 934 309 989 suis
335 932 522 1000 electis,
546 934 684 1004 quod
712 950 803 988 nec
826 932 949 988 bene
971 941 1160 1002 vertat,
1183 933 1362 990 cibum
1396 938 1632 1007 capiunt.

101 1023 191 1081 Hoc
222 1024 289 1079 illi
309 1025 600 1092 audientes,
632 1042 848 1082 summa
888 1043 1013 1083 cum
1053 1028 1330 1084 celeritate
1358 1045 1522 1100 super
1541 1046 1637 1087 eos

99 1102 293 1193 iri-nunt,
342 1133 571 1188 moxque
597 1117 947 1174 Eberhardus
974 1120 1267 1188 occiditur;
1303 1120 1637 1181 Giselbertus

98 1198 139 1262 ln
155 1206 383 1263 ﬂuentum
410 1225 548 1280 equo
575 1210 866 1280 prosiliens
894 1211 1055 1265 undis
1082 1211 1470 1283 sulunergitur,
1498 1228 1636 1284 quas

95 1300 196 1370 quia
214 1300 486 1356 obsorbere
514 1315 623 1356 non
650 1301 826 1371 potuit
866 1301 977 1369 ηπ,
1009 1302 1197 1356 anima
1212 1302 1513 1370 recedente,
1537 1304 1635 1358 de-

95 1392 219 1461 fecit;
246 1403 533 1450 ceterorum
571 1408 701 1449 vero
731 1394 914 1450 nullus
941 1392 1321 1464 aufugit,quin
1351 1402 1446 1449 aut
1479 1394 1635 1449 vivus

91 1496 332 1557 caperetur
350 1497 443 1544 aut
468 1488 648 1561 gladio
674 1495 1061 1543 truncaretur.
1083 1486 1256 1558 Cujus
1285 1487 1369 1542 rei
1398 1487 1636 1546 nuncius

91 1597 188 1635 cum
208 1582 309 1654 regi
332 1582 484 1653 juxta
514 1581 973 1638 consuetudinem
1004 1597 1168 1637 mane
1204 1581 1273 1637 ad
1308 1580 1633 1646 aeeclesiam,

89 1690 183 1743 qua:
202 1675 344 1746 longe
365 1691 395 1730 a
416 1676 613 1731 castris
641 1676 850 1742 aberat,
877 1675 1120 1730 tendenti
1143 1683 1480 1740 occurreret,
1505 1689 1631 1728 mox

88 1764 139 1825 de
165 1780 299 1836 equo
311 1766 617 1834 descendit,
644 1782 891 1838 seseque,
926 1782 1054 1823 cum
1092 1766 1336 1824 lacrimis
1368 1764 1481 1822 Deo
1505 1782 1634 1837 gra-

86 1855 166 1909 tias
192 1871 364 1927 agens,
392 1858 448 1912 in
482 1859 791 1915 orationem
816 1858 992 1927 dedit;
1032 1873 1140 1930 qua
1168 1857 1407 1929 expleta,
1442 1856 1637 1913 itinere

85 1956 229 2017 empto
250 1948 313 2004 ad
337 1951 642 2012 mcclesiam
671 1951 959 2023 pertendit.

134 2039 357 2108 (thnsn.
390 2043 634 2118 [256}11,
664 2044 753 2112 l7,
796 2045 885 2111 18,
919 2044 1031 2114 19.)
1056 2042 1233 2115 Hujus
1266 2051 1451 2099 tamen
1472 2058 1639 2100 even-

85 2135 173 2187 tum
208 2134 279 2190 rei
320 2135 561 2194 Gallicus
596 2137 686 2193 ille
716 2137 970 2208 scriptor,
1003 2137 1160 2207 cujus
1188 2137 1444 2207 superius
1478 2152 1636 2191 men-

80 2226 245 2282 tionem
269 2228 368 2285 feci
396 2231 509 2299 ¹³⁹³,
535 2231 695 2287 aliter
716 2241 921 2298 narrat,
940 2230 1122 2286 ita1m
1149 2230 1338 2286 dicens
1377 2249 1405 2293 τ,
1431 2230 1639 2286 «Lude—

78 2315 219 2374 wicus
243 2319 350 2388 ¹³⁹³,
372 2320 561 2378 Karoli
583 2321 748 2391 filius,
778 2322 872 2393 qui
892 2322 959 2378 de
982 2321 1368 2378 transmarinis
1389 2322 1639 2393 partibus

77 2418 323 2467 revocatus
372 2419 505 2469 tunc
553 2421 802 2484 regnavit
827 2414 881 2466 in
914 2411 1108 2478 Gallia,
1134 2427 1259 2467 cum
1294 2409 1521 2482 Hugone
1548 2410 1640 2465 Ci-

77 2500 255 2569 salpine
274 2504 519 2576 principe
557 2505 611 2560 in
662 2520 803 2577 pago
834 2504 1053 2560 Alsacio
1088 2503 1282 2577 Belgas
1312 2504 1635 2570 exteriores,

74 2592 147 2660 qui
167 2593 224 2647 ad
248 2610 306 2651 se
327 2597 576 2653 nondum
602 2605 884 2664 venerant,
910 2596 1263 2664 assciscebat,
1287 2605 1343 2653 et
1369 2595 1465 2667 qui
1493 2595 1641 2651 Otto-

76 2683 146 2738 uis
167 2688 396 2754 partibus
428 2688 691 2745 favebant
715 2690 858 2746 ultra
893 2688 1146 2746 Rhenum
1184 2688 1372 2761 fugere
1399 2690 1639 2760 compel-

72 2773 204 2833 lsbat.
236 2777 591 2839 Presenserat
625 2784 827 2838 etenim
862 2782 975 2849 ηπ,
1006 2779 1262 2843 Ottonem
1296 2782 1432 2839 velle
1461 2780 1638 2857 Belgi-

70 2878 171 2923 ‘eam
192 2871 242 2926 in
265 2889 426 2930 suum
446 2874 545 2946 jus
581 2874 996 2943 transfundere;
1024 2875 1170 2931 unde
1193 2883 1248 2931 et
1273 2875 1639 2931 truculentius

72 2971 231 3019 contra
254 2964 405 3021 illum
435 2968 679 3038 agitans,
711 2967 1046 3038 quicumque
1077 2966 1224 3023 illius
1258 2966 1582 3023 videbantur
1607 2983 1638 3023 a

71 3051 255 3127 Belgica
275 3060 615 3127 exturbavit,
642 3060 735 3131 qui
755 3074 887 3116 vero
908 3059 1015 3116 sibi
1040 3060 1476 3127 consentiebant,
1501 3076 1637 3116 con-

1734 666 2008 721 versarios
2029 675 2209 722 autem
2235 668 2420 724 illesos
2447 669 2823 739 arbitraretur,
2853 673 2908 727 in
2941 681 3093 730 tanta
3122 675 3322 733 confu-

1735 755 1892 812 sione
1901 772 2083 813 rerum
2098 757 2221 830 fuga
2232 760 2533 830 periculum
2544 762 2771 818 evadere
2781 764 3074 834 nitebatur,
3093 768 3147 822 in
3158 768 3325 824 ﬂuen-

1736 858 1961 920 tumque
2003 866 2147 921 equo
2184 852 2437 921 prosiliit.
2473 853 2580 921 Qui
2637 870 2762 911 cum
2810 856 3053 915 fluminis
3098 844 3325 931 pelagus

1734 950 1957 997 enatare
1991 958 2099 996 non
2142 952 2342 1013 posset,
2389 944 2441 999 vi
2486 945 2755 1001 undarum
2805 947 3126 1018 ”°‘victus,.
3161 952 3326 1022 periit

1735 1049 2117 1105 sessoremque
2157 1035 2442 1092 immersit.
2494 1038 2563 1094 At
2615 1039 2791 1111 Belgae
2843 1042 3124 1099 interitum
3164 1046 3327 1103 ducis

1736 1125 2070 1197 ignorantes,
2082 1128 2210 1184 totis
2221 1129 2427 1186 viribus
2437 1131 2806 1202 decertabant,
2820 1144 3081 1207 tantoque
3093 1149 3324 1209 egerunt

1734 1218 1952 1285 robore,
2001 1218 2176 1276 donec
2198 1229 2324 1290 post
2368 1223 2727 1279 execrabilem
2755 1226 3324 1299 innumerabilemque

1736 1308 2039 1378 interitum,
2077 1326 2267 1366 eorum
2292 1312 2386 1383 qui
2411 1314 2586 1369 relicti
2617 1314 2834 1371 fuerant
2855 1318 2948 1372 alii
2973 1329 3318 1389 caperentur,

1736 1402 1828 1456 alii
1849 1402 1903 1456 in
1926 1402 2150 1458 fluvium
2171 1403 2632 1476 demergercntur.
2668 1405 2991 1464 Ludewicus
3016 1417 3198 1470 autem
3220 1425 3320 1465 rex

1736 1496 2100 1554 Gisclbertum
2136 1500 2438 1556 extinctum
2461 1502 2828 1573 comperiens,
2867 1505 3093 1559 multam
3121 1506 3178 1560 in
3202 1506 3333 1577 ejus,

1735 1606 1867 1646 casu
1891 1591 2297 1647 miserationem
2320 1592 2540 1662 habuit;
2563 1593 2947 1666 profectusque
2961 1596 3014 1651 in
3030 1595 3319 1669 Belgicam,

1736 1699 1963 1738 uxorem
1992 1684 2113 1755 ejus
2135 1685 2477 1757 Gerbirgam,
2518 1685 2734 1743 Ottonis
2764 1703 3033 1756 sororem,
3068 1690 3324 1760 coniugio

1737 1774 1911 1830 duxit.
1928 1773 2042 1831 liac
2056 1776 2364 1832 occasionis
2375 1777 2712 1845 diversitate,
2728 1794 2838 1835 uno
2854 1788 3034 1834 tamen
3057 1779 3208 1835 exitii
3232 1780 3324 1812 ¹⁸⁰¹

1738 1865 1867 1935 fine,
1893 1882 2080 1922 necem
2112 1868 2269 1923 dUCIS
2292 1876 2520 1939 uterque
2561 1869 2815 1938 scriptor,
2843 1870 3083 1927 Gallicus
3118 1871 3356 1937 scilicet.

1736 1967 1792 2014 et
1821 1957 2150 2027 Saxonieus,
2172 1967 2432 2026 testatur;
2461 1975 2626 2031 penes
2649 1960 2907 2018 lectorem
2934 1978 3065 2018 vero
3089 1962 3214 2031 erit,
3236 1964 3327 2019 cui

1739 2049 1915 2121 magis
1946 2050 2223 2106 credatur.

1811 2139 2058 2210 (Inuera.
2089 2157 2140 2195 ιν
2162 2183 2176 2205 ,
2205 2139 2304 2208 '50,
2329 2141 2388 2196 51
2412 2183 2427 2208 ,
2454 2142 2544 2209 52,
2576 2142 2690 2213 55.)
2722 2141 2837 2199 Hoc
2876 2142 2932 2199 in
2967 2144 3059 2177 “°’
3085 2153 3330 2216 tempore

1738 2232 2065 2288 Bertholdus
2096 2231 2586 2304 “‘“Bajoariorum
2615 2235 2746 2302 dux,
2788 2235 2995 2290 Arnolli
3036 2236 3193 2291 ducis
3220 2235 3335 2292 [γοα

1740 2332 1842 2393 ter,
1875 2325 1960 2379 vir
1982 2334 2260 2392 strenuus,
2289 2334 2402 2381 toto
2430 2327 2720 2382 conamine
2747 2325 2963 2383 favebat
2990 2327 3133 2398 regis
3160 2327 3332 2397 parti-

1740 2420 1863 2476 bus.
1886 2417 2088 2475 Volens
2110 2419 2293 2489 itaque
2317 2435 2434 2485 rex,
2459 2430 2517 2475 ut
2538 2419 2999 2490 quemadmodum
3022 2420 3332 2475 tribulatio-

1740 2512 1827 2567 nis
1853 2511 2146 2582 prcteritae,
2173 2512 2247 2567 ita
2272 2520 2326 2567 et
2346 2511 2556 2567 lacticis:
2576 2512 2847 2582 presentis
2862 2511 3015 2567 fleret
3034 2512 3339 2582 particeps,

1741 2604 1990 2675 sequenti
2016 2605 2199 2659 statim
2222 2604 2310 2659 die
2332 2615 2393 2659 ut
2417 2604 2484 2659 de
2508 2613 2684 2659 morte
2712 2604 3153 2660 adversariorum
3174 2603 3330 2659 audi-

1740 2697 1839 2763 vit,
1869 2705 2073 2767 quanta
2093 2711 2221 2766 erga
2246 2711 2305 2751 sc
2331 2694 2595 2752 Dominus
2629 2694 2839 2763 fecerit,
2869 2694 3092 2752 directis
3114 2694 3353 2750 uunciis.

1740 2790 1789 2845 ei
1833 2788 2074 2859 aperuit;
2119 2797 2175 2843 et
2209 2788 2471 2861 quoniam
2510 2788 2785 2858 conjugali
2817 2788 3055 2845 conubio
3105 2787 3333 2841 minime

1742 2879 2049 2944 tenebatur,
2088 2878 2143 2933 in
2181 2885 2536 2949 augmentum
2579 2877 2791 2932 laeticia:
2833 2876 3182 2933 demandavit
3227 2876 3357 2931 sub.

1735 2971 2072 3043 juramento,
2110 2969 2247 3025 utsi
2288 2984 2534 3024 sororem
2576 2984 2754 3035 suam,
2799 2969 3008 3025 scilicet
3046 2969 3375 3027 Giselbertl-t

1740 3064 1981 3130 viduam,
2004 3072 2191 3133 posset
2216 3062 2436 3129 habere,
2466 3077 2586 3116 eam
2612 3062 2870 3133 conjugio
2904 3062 3011 3117 sibi
3043 3062 3133 3094 'W
3163 3077 3334 3132 copu-

70 3146 173 3205 silio
198 3149 487 3208 Giselberti
518 3151 680 3209 ducis
713 3151 942 3224 Belgica:
964 3160 1018 3208 ct
1045 3151 1368 3208 Theoderici
1397 3150 1637 3218 comitis,
1670 3182 1712 3240 ο
1743 3155 1900 3222 laret,
1949 3156 1997 3212 si
2041 3170 2173 3210 vero
2201 3156 2308 3211 hoc
2346 3155 2531 3211 minus
2565 3154 2904 3225 procederet,
2950 3155 3118 3210 ﬁliam
3158 3155 3362 3227 ipsius.

70 3253 385 3300 sacramento
419 3246 531 3301 sibi
561 3245 918 3317 astringebat.
953 3242 1080 3300 Otto
1116 3258 1245 3300 vero
1273 3243 1462 3317 Belgas
1489 3261 1643 3300 com-

66 3333 255 3407 periens
270 3352 300 3391 a
315 3354 375 3393 se
385 3337 659 3394 defecisse
681 3338 811 3394 etad
824 3337 1177 3394 Ludewicum
1191 3338 1279 3399 ιδοτ
1293 3337 1642 3405 confluxisse,

68 3422 233 3481 Rheno
268 3432 629 3498 transmisso,
662 3430 936 3503 Belgicam
967 3446 1094 3488 eum
1131 3431 1372 3486 exercitu
1404 3430 1644 3503 ingredi-

67 3524 158 3586 tur,
191 3520 421 3593 ejusque
450 3524 581 3579 loca
609 3523 846 3594 plurima
870 3523 1139 3579 incendiis
1161 3539 1225 3579 ac
1254 3523 1458 3594 ingenti
1480 3523 1646 3594 prem

62 3608 304 3669 devastat.
333 3613 635 3671 Nitebatur
662 3615 831 3683 enim,
863 3616 978 3673 acsi
1005 3632 1073 3671 ex
1104 3615 1195 3648 ¹³⁹⁸
1220 3625 1445 3691 paterna
1475 3617 1647 3673 tradi-

64 3701 192 3761 tione
214 3705 478 3777 princeps
503 3706 625 3765 tieri
655 3705 904 3779 Belgicae.
928 3705 987 3760 1d
1011 3721 1139 3762 vero
1165 3715 1354 3763 contra
1372 3705 1463 3776 jus
1488 3721 1649 3778 agere

59 3795 552 3868 calumpniabatur,
587 3813 715 3853 cum
738 3798 859 3868 ejus
892 3806 1047 3869 pater
1078 3807 1299 3869 propter
1327 3797 1646 3854 Selavorum

60 3886 454 3950 infestationem
485 3891 743 3948 Saxonis:
768 3899 1004 3959 tantum,
1029 3909 1153 3963 qua:
1175 3901 1258 3949 est
1278 3907 1405 3963 pars
1426 3890 1651 3947 Germa-

58 3981 164 4049 niae,
194 3985 316 4063 dux‘
343 3986 695 4045 constitutus
711 3986 806 4054 sit,
825 4001 891 4042 eo
914 3986 1061 4058 quod
1095 3985 1347 4053 Karolus,
1376 3985 1652 4041 Ludewici

58 4082 213 4142 Pater,
248 4079 339 4134 cui
389 4092 591 4135 rerum
624 4093 840 4132 summa
883 4077 1203 4144 debebatur,
1235 4086 1366 4132 tunc
1393 4076 1573 4132 adhuc
1597 4076 1651 4130 in

54 4166 195 4223 cunis
213 4170 456 4242 vagiret.
484 4167 718 4226 Multam
742 4169 926 4238 itaque
946 4168 1169 4239 predam
1197 4164 1324 4223 Otto
1351 4166 1651 4233 abducens,

57 4252 294 4317 Rhenum
326 4264 587 4321 transiit.
617 4262 691 4319 At
714 4260 1054 4318 Giselbertus
1072 4262 1179 4317 dux
1204 4260 1485 4317 dedecoris
1512 4259 1655 4331 inju-

51 4346 173 4405 riam
185 4354 368 4410 ultum
384 4356 471 4412 ire
486 4356 780 4421 festinans,
793 4354 1021 4410 collecto
1032 4354 1432 4425 exercitu,post
1442 4354 1653 4409 hostem

52 4444 327 4515 accelerat,
365 4448 769 4521 transiensque
799 4445 1072 4513 Rhenum,
1130 4456 1335 4502 terram
1365 4446 1508 4500 illam
1537 4446 1656 4502 solo

1746 3247 2033 3303 Giselberti
2056 3263 2122 3302 ex
2146 3248 2335 3303 eadem
2359 3262 2547 3303 sorore
2571 3261 2671 3301 sua
2697 3246 2955 3317 genitam,
2980 3261 3143 3317 quam
3168 3262 3335 3316 penes

1747 3354 1805 3393 se
1830 3337 2082 3404 habebat,
2116 3336 2229 3393 fere
2259 3337 2371 3407 jam
2403 3336 2664 3404 nubilem,
2693 3336 2743 3392 ei
2768 3336 3019 3408 juugcret
3058 3336 3170 3391 ¹⁸⁰⁶.
3216 3335 3337 3404 Quo

1747 3431 1954 3499 audito,
1992 3430 2315 3487 Bertholdus
2338 3430 2426 3461 ⁸³⁸⁷
2456 3429 2725 3485 immenso
2746 3438 2830 3484 est
2860 3428 3058 3501 gaudio
3087 3429 3358 3495 aﬂ‘ectus,_

1747 3524 2019 3596 elegitque
2041 3523 2284 3578 nondum
2314 3522 2558 3577 nubilem
2588 3522 2771 3593 potius
2796 3521 2963 3576 tiliam
2998 3530 3334 3593 exspectare,

1748 3631 1911 3686 quam
1940 3623 2189 3680 matrem,
2218 3628 2341 3684 quae
2356 3613 2471 3683 jam
2497 3620 2778 3681 nupserat,
2803 3611 3010 3666 tollere.

1820 3707 2131 3763 Fridericus
2180 3705 2347 3777 igitur
2395 3703 2989 3773 archiepiscopus,'ut
3026 3700 3371 3770 infldelitas,-

1750 3814 1913 3869 quam
1954 3798 2166 3854 occulte
2200 3795 2469 3868 gestabat,
2505 3795 2720 3849 cunctis
2749 3801 2977 3864 pateret,
3004 3794 3193 3849 decem
3220 3792 3338 3848 die-

1751 3893 1854 3947 bus
1888 3899 2013 3945 aute
2043 3904 2229 3944 necem
2269 3886 2777 3957 prenominatorum
2826 3884 3079 3939 discessit
3115 3899 3145 3937 a
3190 3897 3346 3955 rege,

1751 3983 2195 4056 Mogontiamque
2216 3978 2465 4035 concitus
2484 3977 2709 4035 veniens
2737 3976 2847 4043 ηοε,
2873 3976 2949 4030 nil
2974 3976 3046 4029 ibi
3072 3984 3339 4055 moratus,

1752 4075 2049 4131 Metensem
2082 4072 2271 4127 urbem
2293 4068 2460 4134 adiit;
2488 4067 2836 4137 disposuerat
2863 4064 3009 4119 cnim
3034 4063 3342 4131 Ileinricus,

1754 4168 1922 4223 frater
1958 4164 2128 4236 regis,
2167 4160 2524 4218 redeuntibus
2561 4157 2878 4214 Eberliardo
2921 4165 2975 4211 et
3012 4154 3339 4220 Giselberto,

1755 4273 1881 4315 cum
1930 4255 2121 4311 eodem
2164 4250 2445 4307 Friderico
2490 4247 2949 4318 istic,exereitum
2990 4258 3343 4315 congregare,

1756 4351 1946 4421 sicque
1992 4347 2106 4418 regi
2151 4346 2208 4400 in
2258 4342 2476 4398 Alsacia
2513 4340 2752 4395 manenti
2796 4338 2997 4393 bellum
3040 4335 3343 4390 maximum

1758 4455 2071 4516 preparare.
2114 4438 2363 4507 Cumque
2400 4433 2492 4490 illo
2534 4432 2779 4489 tenderet
2808 4431 2950 4487 idem
2982 4427 3348 4498 archiepisco-

49 4538 194 4590 tenus
214 4536 505 4594 incendiis
527 4536 840 4611 ingentibus
863 4545 1064 4603 vastat,
1096 4545 1467 4592 armentorum
1491 4537 1655 4592 etiam
1691 4529 1732 4586 D
1761 4552 1883 4607 pus,
1914 4535 2189 4604 insperate
2209 4537 2561 4585 occurrentes
2587 4526 2638 4580 ei
2666 4525 2852 4580 nuncii
2874 4531 3105 4578 mortem
3125 4521 3237 4592 jam
3259 4534 3348 4575 se-
3374 4562 3377 4563 ν

51 4626 433 4700 pecudumque
474 4630 700 4701 prodam
733 4627 964 4686 nimiam
987 4629 1261 4687 exercitus
1286 4637 1577 4701 congregat
1606 4638 1660 4684 et

47 4714 277 4776 abducit.
318 4720 458 4777 Jam
490 4738 623 4777 vero
651 4724 857 4779 flumen
887 4720 1096 4792 ingredi
1123 4720 1411 4791 parabant,
1451 4729 1506 4776 et
1533 4737 1658 4776 ecce

49 4806 162 4863 'ltto
185 4812 279 4844 ¹³⁹⁹
305 4830 381 4869 ex
419 4823 540 4889 tota
574 4814 815 4872 Saxouia
837 4812 1097 4872 collectas
1133 4813 1319 4884 copias
1345 4813 1657 4869 acceleran-

47 4896 179 4958 sihus
201 4904 460 4961 induxit.
491 4905 667 4977 Belga:
691 4908 874 4980 itaque
904 4920 1033 4964 eum
1055 4906 1193 4961 dlice
1215 4920 1316 4960 suo
1338 4904 1655 4961 indubitan—

47 5000 119 5046 ter
146 4999 493 5067 renitentes,
522 5014 646 5054 cum
669 4999 963 5057 Germanis
986 5012 1146 5053 secus
1160 4997 1360 5052 ﬂumen
1387 4996 1557 5066 signis
1580 4996 1659 5050 in-

47 5081 186 5143 festis
222 5089 488 5162 ingrcssi
526 5100 675 5160 sunt,
704 5100 758 5147 et
784 5108 851 5148 ex
886 5103 1121 5159 utraque
1152 5096 1306 5159 parte
1339 5088 1495 5143 multi
1529 5086 1658 5142 fun-

47 5174 264 5236 duntur.
296 5183 435 5250 Qua
470 5183 558 5240 die
587 5183 986 5240 Germanorum
1014 5181 1244 5255 Victoria
1274 5195 1415 5252 aegre
1437 5188 1658 5235 susten-

1757 4629 1882 4699 pius
1911 4625 2317 4681 nominatorum
2349 4620 2399 4675 ei
2436 4617 2830 4672 indicaverunt.
2858 4612 2978 4681 Quo
3005 4612 3190 4666 audito
3216 4625 3350 4665 con-

1759 4732 2037 4781 sternatus
2056 4719 2260 4784 animo,
2289 4713 2421 4786 quid
2453 4718 2637 4784 ageret
2661 4707 2966 4781 ignorabat.
3000 4706 3208 4761 Interea
3249 4720 3343 4758 rex

1760 4813 2033 4870 Alsaciam
2056 4804 2638 4875 deserens,Franciam
2663 4798 2985 4871 occupabat.
3010 4797 3181 4867 Cujus
3203 4803 3351 4850 metu

1761 4902 2047 4976 Mogontia:
2068 4901 2212 4956 cives
2233 4895 2527 4969 perterriti,
2546 4892 2859 4948 redeuntem
2882 4887 3377 4956 archiepiscopum_

1764 4998 1907 5052 intra
1932 4994 2085 5050 urbis
2117 4991 2319 5047 moenia
2343 5004 2456 5045 non
2478 4986 2806 5057 suscipiunt.
2832 4981 2987 5037 Unde
3013 4978 3216 5034 factum
3247 4986 3352 5045 est,
3373 5038 3378 5043 ,

1762 5095 1826 5141 ut
1850 5101 1958 5140 non
1981 5084 2152 5138 multo
2181 5088 2306 5151 post
2333 5096 2363 5134 a
2393 5076 2630 5149 quodam
2664 5074 2807 5145 regis
2832 5071 2977 5127 fideli
3003 5078 3195 5139 captus
3215 5077 3269 5123 et
3299 5066 3355 5121 in

1764 5174 1853 5231 sui
1893 5172 2224 5244 prescntiam
2258 5170 2477 5233 ductus,
2517 5163 2783 5220 custodiae
2834 5160 2890 5215 in
2945 5158 3241 5214 Saxouiam
3285 5158 3392 5212 sit,

1362 5292 1447 5345 VA
1459 5290 1595 5346 ΒΙᾹΞ
1638 5286 2043 5348 LECTIONES.

717 5393 808 5426 “9’
834 5393 1065 5450 fecimus
1101 5389 1186 5444 9c.

107 5392 202 5424 1191
237 5401 454 5424 ηΛΙΛυσὶ
465 5401 479 5424 ι
517 5393 546 5424 ιιι

237 5401 486 5463 poterat
515 5394 567 5450 5.
717 5394 808 5426 ’³9³
834 5394 1065 5450 fecimua
1101 5394 1186 5444 9°.
1331 5394 1421 5419 “9‘
1450 5394 1591 5441 deest

237 5473 373 5536 erat,
403 5464 476 5536 ,ιτ
618 5464 707 5496 ’³³⁷
747 5460 1371 5536 ιυοόθννὶευηιηῦρι-ἱια
1399 5460 1613 5536 saepius.

48 5462 180 5517 “nim
230 5462 367 5520 erat
403 5464 467 5517 ὦ.

1331 5387 1421 5419 ³³³⁸
1450 5387 1591 5441 deest
1640 5385 1723 5441 10.
1761 5386 1847 5439 Η.

2690 5369 2781 5415 ¹³⁹⁶
2809 5369 2955 5426 enim
3015 5367 3067 5421 5.
3131 5377 3359 5436 presens

1990 5379 2080 5411 ‘3”
2104 5375 2440 5433 luodewicus
2489 5373 2543 5428 5.
2690 5373 2781 5415 ‘3”
2809 5373 2955 5426 enim
3015 5373 3067 5421 5.
3131 5378 3336 5436 presen:

1990 5460 2029 5489 ιι
2061 5447 2104 5489 n
2132 5449 2151 5489 t
2295 5446 2384 5477 1399
2406 5461 2469 5489 nx
2498 5451 2536 5489 ι-
2565 5441 2623 5489 S-
2646 5440 2773 5489 Otto
2796 5440 2841 5489 D
2869 5441 2918 5489 l.
3031 5436 3121 5469 “°°
3144 5436 3283 5489 deest
3301 5432 3336 5485 2

1766 5456 1857 5489 ωε
1888 5454 2029 5506 deest
2060 5447 2104 5501 D
2132 5449 2181 5501 1.
2295 5446 2384 5477 ³³⁸³
2406 5461 2470 5499 ex
2498 5451 2537 5497 t.
2565 5441 2623 5497 S.
2646 5440 2773 5497 Otto
2796 5440 2841 5493 D
2869 5441 2918 5494 l.

47 5504 507 5591 ιὶλῖῖιιῖἓὶἰῖιᾶὲ.
705 5504 1371 5593 artaret"
1400 5504 1662 5583 ηδε-πέλει
1689 5527 1743 5581 2.
1823 5504 2418 5593 ιιοῖιιρηιιοιςιυε,ι›,,ιι
2445 5514 2540 5593 ιο..
2567 5511 3014 5593 caeruleae
3054 5507 3107 5593 ξι·
3126 5504 3359 5593 esse"

50 5604 138 5658 lus
254 5580 514 5663 53:13-33
542 5607 618 5662 illi
1075 5580 1229 5660 vci—
1250 5580 1446 5671 eZ-cop,
1478 5580 1702 5655 ιιξἿέοά
1726 5596 2083 5666 conjunget‘ct
2142 5588 2195 5642 5.
2275 5586 2365 5617 "o7
2403 5584 2724 5640 bertholdus
2761 5582 2815 5635 2.
2863 5580 2907 5632 Ι)
2947 5580 2996 5632 1.
3029 5586 3078 5631 et
3120 5580 3285 5643 infra.

1588 5730 1813 5788 NOTIE.

101 5842 266 5917 (256)
310 5840 411 5897 Cf.
448 5856 569 5911 qurc
592 5840 648 5896 in
687 5837 833 5897 notis
875 5836 1096 5894 lticheri
1125 5829 1350 5892 editioni
1374 5844 1444 5886 ex
1473 5823 1793 5883 Ekkehardo
1817 5822 2013 5879 additae
2051 5830 2178 5876 sunt
2204 5818 2484 5874 lectiones.

60 5676 124 5709 ³⁸⁸
150 5677 377 5734 (1.38312.
