  <div class='ocr_page' id='page_1' title='image "/cluster/home/n/w/nwhite01/storage/ocr_20150623/154/hvd.32044015473820/463.png"; bbox 0 0 3862 6306; ppageno 0'>
   <div class='ocr_carea' id='block_1_1' title="bbox 505 348 614 413">
    <p class='ocr_par' dir='ltr' id='par_1_1' title="bbox 505 348 614 413">
     <span class='ocr_line' id='line_1_1' title="bbox 505 348 614 413; baseline -0.009 -9"><span class='ocrx_word' id='word_1_1' title='bbox 505 348 614 413; x_wconf 74' lang='grc'><strong>915</strong></span> 
     </span>
    </p>
   </div>
   <div class='ocr_carea' id='block_1_2' title="bbox 1713 347 2090 416">
    <p class='ocr_par' dir='ltr' id='par_1_2' title="bbox 1713 357 2089 414">
     <span class='ocr_line' id='line_1_2' title="bbox 1713 357 2089 414; baseline -0.003 0"><span class='ocrx_word' id='word_1_2' title='bbox 1713 357 2089 414; x_wconf 77' lang='lat' dir='ltr'><strong>EKKEllARD</strong></span> 
     </span>
    </p>
   </div>
   <div class='ocr_carea' id='block_1_3' title="bbox 2202 347 3734 416">
    <p class='ocr_par' dir='ltr' id='par_1_3' title="bbox 2204 347 3734 416">
     <span class='ocr_line' id='line_1_3' title="bbox 2204 347 3734 416; baseline -0.006 -3"><span class='ocrx_word' id='word_1_3' title='bbox 2204 357 2618 416; x_wconf 79' lang='lat' dir='ltr'><strong>RAUGIENSIS</strong></span> <span class='ocrx_word' id='word_1_4' title='bbox 3669 347 3734 404; x_wconf 64' lang='lat' dir='ltr'><strong>ili</strong></span> 
     </span>
    </p>
   </div>
   <div class='ocr_carea' id='block_1_4' title="bbox 509 467 3740 551">
    <p class='ocr_par' dir='ltr' id='par_1_4' title="bbox 509 467 3740 551">
     <span class='ocr_line' id='line_1_4' title="bbox 509 467 3740 551; baseline -0.003 -18"><span class='ocrx_word' id='word_1_5' title='bbox 509 476 767 533; x_wconf 85' lang='lat' dir='ltr'><strong>traditus.</strong></span> <span class='ocrx_word' id='word_1_6' title='bbox 793 476 851 531; x_wconf 86' lang='lat' dir='ltr'><strong>In</strong></span> <span class='ocrx_word' id='word_1_7' title='bbox 873 491 981 549; x_wconf 89' lang='lat' dir='ltr'><strong>qua</strong></span> <span class='ocrx_word' id='word_1_8' title='bbox 1018 490 1187 548; x_wconf 91' lang='lat' dir='ltr'><strong>parvo</strong></span> <span class='ocrx_word' id='word_1_9' title='bbox 1229 485 1472 547; x_wconf 86' lang='lat' dir='ltr'><strong>tempore</strong></span> <span class='ocrx_word' id='word_1_10' title='bbox 1512 488 1904 547; x_wconf 86' lang='lat' dir='ltr'><strong>commoratus,</strong></span> <span class='ocrx_word' id='word_1_11' title='bbox 1936 478 2101 535; x_wconf 86' lang='lat' dir='ltr'><strong>mise-</strong></span> <span class='ocrx_word' id='word_1_12' title='bbox 2128 481 2175 543; x_wconf 77' lang='grc' dir='ltr'>Α</span> <span class='ocrx_word' id='word_1_13' title='bbox 2204 480 2574 547; x_wconf 83' lang='lat' dir='ltr'><strong>monasteriis,</strong></span> <span class='ocrx_word' id='word_1_14' title='bbox 2605 493 2767 551; x_wconf 86' lang='lat' dir='ltr'><strong>grave</strong></span> <span class='ocrx_word' id='word_1_15' title='bbox 2785 492 2926 534; x_wconf 90' lang='lat' dir='ltr'><strong>onus</strong></span> <span class='ocrx_word' id='word_1_16' title='bbox 2958 474 3305 532; x_wconf 90' lang='lat' dir='ltr'><strong>sacerdotum</strong></span> <span class='ocrx_word' id='word_1_17' title='bbox 3337 470 3439 505; x_wconf 65' lang='grc' dir='ltr'><strong>ω’</strong></span> <span class='ocrx_word' id='word_1_18' title='bbox 3463 467 3740 525; x_wconf 68' lang='lat' dir='ltr'><strong>deritabant-</strong></span> 
     </span>
    </p>
   </div>
   <div class='ocr_carea' id='block_1_5' title="bbox 509 568 2099 642">
    <p class='ocr_par' dir='ltr' id='par_1_5' title="bbox 509 568 2099 642">
     <span class='ocr_line' id='line_1_5' title="bbox 509 568 2099 642; baseline -0.004 -17"><span class='ocrx_word' id='word_1_19' title='bbox 509 572 723 626; x_wconf 84' lang='lat' dir='ltr'><strong>ratione</strong></span> <span class='ocrx_word' id='word_1_20' title='bbox 745 570 909 642; x_wconf 89' lang='lat' dir='ltr'><strong>regis,</strong></span> <span class='ocrx_word' id='word_1_21' title='bbox 934 577 996 625; x_wconf 92' lang='lat' dir='ltr'><strong>ut</strong></span> <span class='ocrx_word' id='word_1_22' title='bbox 1014 577 1132 625; x_wconf 90' lang='lat' dir='ltr'><strong>erat</strong></span> <span class='ocrx_word' id='word_1_23' title='bbox 1146 568 1625 637; x_wconf 79' lang='lat' dir='ltr'><strong>clementissimus,</strong></span> <span class='ocrx_word' id='word_1_24' title='bbox 1652 569 1903 640; x_wconf 70' lang='lat' dir='ltr'><strong>pristina:</strong></span> <span class='ocrx_word' id='word_1_25' title='bbox 1920 569 2099 641; x_wconf 51' lang='lat' dir='ltr'><strong>digni.</strong></span> 
     </span>
    </p>
   </div>
   <div class='ocr_carea' id='block_1_6' title="bbox 507 660 1054 717">
    <p class='ocr_par' dir='ltr' id='par_1_6' title="bbox 507 660 1054 717">
     <span class='ocr_line' id='line_1_6' title="bbox 507 660 1054 717; baseline -0.002 -2"><span class='ocrx_word' id='word_1_26' title='bbox 507 660 608 717; x_wconf 88' lang='lat' dir='ltr'><strong>tati</strong></span> <span class='ocrx_word' id='word_1_27' title='bbox 638 669 725 716; x_wconf 84' lang='lat' dir='ltr'><strong>est</strong></span> <span class='ocrx_word' id='word_1_28' title='bbox 746 660 1054 715; x_wconf 86' lang='lat' dir='ltr'><strong>restitutus.</strong></span> 
     </span>
    </p>
   </div>
   <div class='ocr_carea' id='block_1_7' title="bbox 576 749 2099 823">
    <p class='ocr_par' dir='ltr' id='par_1_7' title="bbox 576 749 2099 823">
     <span class='ocr_line' id='line_1_7' title="bbox 576 749 2099 823; baseline 0.001 -18"><span class='ocrx_word' id='word_1_29' title='bbox 576 749 865 807; x_wconf 84' lang='lat' dir='ltr'><strong>Heinricus</strong></span> <span class='ocrx_word' id='word_1_30' title='bbox 891 760 1073 806; x_wconf 88' lang='lat' dir='ltr'><strong>autem</strong></span> <span class='ocrx_word' id='word_1_31' title='bbox 1096 750 1282 807; x_wconf 80' lang='lat' dir='ltr'><strong>fratris</strong></span> <span class='ocrx_word' id='word_1_32' title='bbox 1312 751 1510 807; x_wconf 86' lang='lat' dir='ltr'><strong>timore</strong></span> <span class='ocrx_word' id='word_1_33' title='bbox 1538 752 1877 823; x_wconf 81' lang='lat' dir='ltr'><strong>compulsus,</strong></span> <span class='ocrx_word' id='word_1_34' title='bbox 1900 750 2099 807; x_wconf 54' lang='lat' dir='ltr'><strong>castela</strong></span> 
     </span>
    </p>
   </div>
   <div class='ocr_carea' id='block_1_8' title="bbox 503 841 2098 914">
    <p class='ocr_par' dir='ltr' id='par_1_8' title="bbox 503 841 2098 914">
     <span class='ocr_line' id='line_1_8' title="bbox 503 841 2098 914; baseline 0.001 -16"><span class='ocrx_word' id='word_1_35' title='bbox 503 844 618 898; x_wconf 89' lang='lat' dir='ltr'><strong>lum</strong></span> <span class='ocrx_word' id='word_1_36' title='bbox 650 841 1021 910; x_wconf 78' lang='lat' dir='ltr'><strong>Kievermont,</strong></span> <span class='ocrx_word' id='word_1_37' title='bbox 1066 857 1174 897; x_wconf 89' lang='lat' dir='ltr'><strong>non</strong></span> <span class='ocrx_word' id='word_1_38' title='bbox 1217 844 1403 899; x_wconf 17' lang='lat' dir='ltr'><strong>solum,</strong></span> <span class='ocrx_word' id='word_1_39' title='bbox 1420 843 1655 914; x_wconf 85' lang='lat' dir='ltr'><strong>ingeniis</strong></span> <span class='ocrx_word' id='word_1_40' title='bbox 1689 844 1974 898; x_wconf 85' lang='lat' dir='ltr'><strong>hominum</strong></span> <span class='ocrx_word' id='word_1_41' title='bbox 2003 859 2098 899; x_wconf 85' lang='lat' dir='ltr'><strong>ve-</strong></span> 
     </span>
    </p>
   </div>
   <div class='ocr_carea' id='block_1_9' title="bbox 503 933 2093 1007">
    <p class='ocr_par' dir='ltr' id='par_1_9' title="bbox 503 933 2093 1007">
     <span class='ocr_line' id='line_1_9' title="bbox 503 933 2093 1007; baseline 0.001 -19"><span class='ocrx_word' id='word_1_42' title='bbox 503 949 629 988; x_wconf 89' lang='lat' dir='ltr'><strong>rum</strong></span> <span class='ocrx_word' id='word_1_43' title='bbox 664 933 753 966; x_wconf 68' lang='lat' dir='ltr'><strong>&#39;m</strong></span> <span class='ocrx_word' id='word_1_44' title='bbox 788 934 953 989; x_wconf 88' lang='lat' dir='ltr'><strong>etiam</strong></span> <span class='ocrx_word' id='word_1_45' title='bbox 986 943 1181 989; x_wconf 89' lang='lat' dir='ltr'><strong>natura</strong></span> <span class='ocrx_word' id='word_1_46' title='bbox 1211 936 1330 1006; x_wconf 85' lang='lat' dir='ltr'><strong>ipsa</strong></span> <span class='ocrx_word' id='word_1_47' title='bbox 1354 935 1629 991; x_wconf 86' lang='lat' dir='ltr'><strong>munitum</strong></span> <span class='ocrx_word' id='word_1_48' title='bbox 1651 935 1862 1007; x_wconf 79' lang='lat' dir='ltr'><strong>ingredi</strong></span> <span class='ocrx_word' id='word_1_49' title='bbox 1890 934 2093 1003; x_wconf 88' lang='lat' dir='ltr'><strong>voluit;</strong></span> 
     </span>
    </p>
   </div>
   <div class='ocr_carea' id='block_1_10' title="bbox 504 1026 2096 1099">
    <p class='ocr_par' dir='ltr' id='par_1_10' title="bbox 504 1026 2096 1099">
     <span class='ocr_line' id='line_1_10' title="bbox 504 1026 2096 1099; baseline 0 -17"><span class='ocrx_word' id='word_1_50' title='bbox 504 1027 602 1082; x_wconf 81' lang='lat' dir='ltr'><strong>sed</strong></span> <span class='ocrx_word' id='word_1_51' title='bbox 624 1041 785 1081; x_wconf 88' lang='lat' dir='ltr'><strong>soror</strong></span> <span class='ocrx_word' id='word_1_52' title='bbox 808 1027 949 1096; x_wconf 76' lang='lat' dir='ltr'><strong>ejus,</strong></span> <span class='ocrx_word' id='word_1_53' title='bbox 976 1026 1136 1082; x_wconf 89' lang='lat' dir='ltr'><strong>vidua</strong></span> <span class='ocrx_word' id='word_1_54' title='bbox 1167 1026 1473 1096; x_wconf 87' lang='lat' dir='ltr'><strong>Giselberti,</strong></span> <span class='ocrx_word' id='word_1_55' title='bbox 1509 1043 1636 1083; x_wconf 93' lang='lat' dir='ltr'><strong>eum</strong></span> <span class='ocrx_word' id='word_1_56' title='bbox 1673 1028 1973 1099; x_wconf 81' lang='lat' dir='ltr'><strong>prohibuit,</strong></span> <span class='ocrx_word' id='word_1_57' title='bbox 2012 1029 2096 1084; x_wconf 91' lang='lat' dir='ltr'><strong>di-</strong></span> 
     </span>
    </p>
   </div>
   <div class='ocr_carea' id='block_1_11' title="bbox 504 1118 2097 1194">
    <p class='ocr_par' dir='ltr' id='par_1_11' title="bbox 504 1118 2097 1194">
     <span class='ocr_line' id='line_1_11' title="bbox 504 1118 2097 1194; baseline 0.001 -20"><span class='ocrx_word' id='word_1_58' title='bbox 504 1132 634 1175; x_wconf 81' lang='lat' dir='ltr'><strong>cens</strong></span> <span class='ocrx_word' id='word_1_59' title='bbox 660 1119 727 1175; x_wconf 84' lang='lat' dir='ltr'><strong>ad</strong></span> <span class='ocrx_word' id='word_1_60' title='bbox 754 1134 880 1174; x_wconf 89' lang='lat' dir='ltr'><strong>eum</strong></span> <span class='ocrx_word' id='word_1_61' title='bbox 908 1138 919 1173; x_wconf 87' lang='lat'><strong>:</strong></span> <span class='ocrx_word' id='word_1_62' title='bbox 954 1118 1080 1173; x_wconf 85' lang='lat' dir='ltr'><strong>Non</strong></span> <span class='ocrx_word' id='word_1_63' title='bbox 1105 1129 1153 1175; x_wconf 82' lang='lat' dir='ltr'><strong>te</strong></span> <span class='ocrx_word' id='word_1_64' title='bbox 1183 1121 1521 1176; x_wconf 81' lang='lat' dir='ltr'><strong>miseriarum</strong></span> <span class='ocrx_word' id='word_1_65' title='bbox 1544 1137 1802 1189; x_wconf 85' lang='lat' dir='ltr'><strong>mearum,</strong></span> <span class='ocrx_word' id='word_1_66' title='bbox 1825 1138 1956 1194; x_wconf 80' lang='lat' dir='ltr'><strong>quas</strong></span> <span class='ocrx_word' id='word_1_67' title='bbox 1978 1138 2097 1192; x_wconf 84' lang='lat' dir='ltr'><strong>per-</strong></span> 
     </span>
    </p>
   </div>
   <div class='ocr_carea' id='block_1_12' title="bbox 503 1213 2095 1285">
    <p class='ocr_par' dir='ltr' id='par_1_12' title="bbox 503 1213 2095 1285">
     <span class='ocr_line' id='line_1_12' title="bbox 503 1213 2095 1285; baseline 0.003 -21"><span class='ocrx_word' id='word_1_68' title='bbox 503 1221 673 1281; x_wconf 77' lang='lat' dir='ltr'><strong>empto</strong></span> <span class='ocrx_word' id='word_1_69' title='bbox 695 1213 895 1267; x_wconf 88' lang='lat' dir='ltr'><strong>marito</strong></span> <span class='ocrx_word' id='word_1_70' title='bbox 922 1228 1035 1267; x_wconf 86' lang='lat' dir='ltr'><strong>meo</strong></span> <span class='ocrx_word' id='word_1_71' title='bbox 1065 1213 1348 1283; x_wconf 83' lang='lat' dir='ltr'><strong>perpetior,</strong></span> <span class='ocrx_word' id='word_1_72' title='bbox 1387 1214 1550 1284; x_wconf 86' lang='lat' dir='ltr'><strong>piget,</strong></span> <span class='ocrx_word' id='word_1_73' title='bbox 1581 1214 1710 1285; x_wconf 85' lang='lat' dir='ltr'><strong>quin</strong></span> <span class='ocrx_word' id='word_1_74' title='bbox 1729 1214 1891 1268; x_wconf 86' lang='lat' dir='ltr'><strong>etiam</strong></span> <span class='ocrx_word' id='word_1_75' title='bbox 1916 1215 2095 1268; x_wconf 83' lang='lat' dir='ltr'><strong>muni-</strong></span> 
     </span>
    </p>
   </div>
   <div class='ocr_carea' id='block_1_13' title="bbox 503 1303 2095 1377">
    <p class='ocr_par' dir='ltr' id='par_1_13' title="bbox 503 1303 2095 1377">
     <span class='ocr_line' id='line_1_13' title="bbox 503 1303 2095 1377; baseline 0.003 -21"><span class='ocrx_word' id='word_1_76' title='bbox 503 1303 734 1357; x_wconf 78' lang='lat' dir='ltr'><strong>tionibus</strong></span> <span class='ocrx_word' id='word_1_77' title='bbox 779 1306 908 1359; x_wconf 83' lang='lat' dir='ltr'><strong>meis</strong></span> <span class='ocrx_word' id='word_1_78' title='bbox 949 1314 999 1359; x_wconf 89' lang='lat' dir='ltr'><strong>te</strong></span> <span class='ocrx_word' id='word_1_79' title='bbox 1040 1303 1381 1373; x_wconf 81' lang='lat' dir='ltr'><strong>includenda,</strong></span> <span class='ocrx_word' id='word_1_80' title='bbox 1431 1306 1567 1377; x_wconf 84' lang='lat' dir='ltr'><strong>regis</strong></span> <span class='ocrx_word' id='word_1_81' title='bbox 1594 1306 1731 1359; x_wconf 89' lang='lat' dir='ltr'><strong>iram</strong></span> <span class='ocrx_word' id='word_1_82' title='bbox 1781 1322 1936 1376; x_wconf 80' lang='lat' dir='ltr'><strong>super</strong></span> <span class='ocrx_word' id='word_1_83' title='bbox 1958 1306 2095 1360; x_wconf 83' lang='lat' dir='ltr'><strong>hanc</strong></span> 
     </span>
    </p>
   </div>
   <div class='ocr_carea' id='block_1_14' title="bbox 501 1393 2093 1466">
    <p class='ocr_par' dir='ltr' id='par_1_14' title="bbox 501 1393 2093 1466">
     <span class='ocr_line' id='line_1_14' title="bbox 501 1393 2093 1466; baseline 0.001 -18"><span class='ocrx_word' id='word_1_84' title='bbox 501 1394 768 1464; x_wconf 78' lang='lat' dir='ltr'><strong>regionem</strong></span> <span class='ocrx_word' id='word_1_85' title='bbox 818 1393 957 1448; x_wconf 83' lang='lat' dir='ltr'><strong>velut</strong></span> <span class='ocrx_word' id='word_1_86' title='bbox 997 1411 1192 1465; x_wconf 84' lang='lat' dir='ltr'><strong>aquam</strong></span> <span class='ocrx_word' id='word_1_87' title='bbox 1226 1395 1467 1464; x_wconf 68' lang='lat' dir='ltr'><strong>eﬂ‘undas</strong></span> <span class='ocrx_word' id='word_1_88' title='bbox 1514 1395 1656 1449; x_wconf 74' lang='lat'><strong>“&#39;°?</strong></span> <span class='ocrx_word' id='word_1_89' title='bbox 1708 1395 1835 1450; x_wconf 86' lang='lat' dir='ltr'><strong>Non</strong></span> <span class='ocrx_word' id='word_1_90' title='bbox 1878 1396 2093 1466; x_wconf 86' lang='lat' dir='ltr'><strong>patiar;</strong></span> 
     </span>
    </p>
   </div>
   <div class='ocr_carea' id='block_1_15' title="bbox 502 1485 2092 1554">
    <p class='ocr_par' dir='ltr' id='par_1_15' title="bbox 502 1485 2092 1554">
     <span class='ocr_line' id='line_1_15' title="bbox 502 1485 2092 1554; baseline 0.003 -16"><span class='ocrx_word' id='word_1_91' title='bbox 502 1499 595 1538; x_wconf 78' lang='lat' dir='ltr'><strong>nec</strong></span> <span class='ocrx_word' id='word_1_92' title='bbox 660 1486 802 1539; x_wconf 84' lang='lat' dir='ltr'><strong>enim</strong></span> <span class='ocrx_word' id='word_1_93' title='bbox 865 1493 1018 1538; x_wconf 72' lang='lat' dir='ltr'><strong>tanta</strong></span> <span class='ocrx_word' id='word_1_94' title='bbox 1072 1485 1317 1539; x_wconf 72' lang='lat' dir='ltr'><strong>vecordia</strong></span> <span class='ocrx_word' id='word_1_95' title='bbox 1378 1485 1537 1540; x_wconf 86' lang='lat' dir='ltr'><strong>michi</strong></span> <span class='ocrx_word' id='word_1_96' title='bbox 1590 1486 1693 1541; x_wconf 81' lang='lat' dir='ltr'><strong>erit</strong></span> <span class='ocrx_word' id='word_1_97' title='bbox 1749 1487 1975 1554; x_wconf 83' lang='lat' dir='ltr'><strong>innata,</strong></span> <span class='ocrx_word' id='word_1_98' title='bbox 2034 1496 2092 1541; x_wconf 86' lang='lat' dir='ltr'><strong>ut</strong></span> 
     </span>
    </p>
   </div>
   <div class='ocr_carea' id='block_1_16' title="bbox 503 1578 2093 1650">
    <p class='ocr_par' dir='ltr' id='par_1_16' title="bbox 503 1578 2093 1650">
     <span class='ocr_line' id='line_1_16' title="bbox 503 1578 2093 1650; baseline 0.004 -19"><span class='ocrx_word' id='word_1_99' title='bbox 503 1591 568 1631; x_wconf 73' lang='lat' dir='ltr'><strong>ea:</strong></span> <span class='ocrx_word' id='word_1_100' title='bbox 621 1578 752 1631; x_wconf 79' lang='lat' dir='ltr'><strong>meis</strong></span> <span class='ocrx_word' id='word_1_101' title='bbox 805 1578 1150 1632; x_wconf 80' lang='lat' dir='ltr'><strong>incommodis</strong></span> <span class='ocrx_word' id='word_1_102' title='bbox 1202 1587 1296 1632; x_wconf 78' lang='lat' dir='ltr'><strong>tua</strong></span> <span class='ocrx_word' id='word_1_103' title='bbox 1339 1596 1608 1650; x_wconf 73' lang='lat' dir='ltr'><strong>compares</strong></span> <span class='ocrx_word' id='word_1_104' title='bbox 1647 1580 1942 1636; x_wconf 84' lang='lat' dir='ltr'><strong>commoda.</strong></span> <span class='ocrx_word' id='word_1_105' title='bbox 1996 1579 2093 1638; x_wconf 82' lang='lat' dir='ltr'><strong>His</strong></span> 
     </span>
    </p>
   </div>
   <div class='ocr_carea' id='block_1_17' title="bbox 504 1674 2092 1743">
    <p class='ocr_par' dir='ltr' id='par_1_17' title="bbox 504 1674 2092 1743">
     <span class='ocr_line' id='line_1_17' title="bbox 504 1674 2092 1743; baseline 0.003 -13"><span class='ocrx_word' id='word_1_106' title='bbox 504 1674 744 1743; x_wconf 81' lang='lat' dir='ltr'><strong>auditis,</strong></span> <span class='ocrx_word' id='word_1_107' title='bbox 811 1674 1080 1732; x_wconf 81' lang='lat' dir='ltr'><strong>Henricus</strong></span> <span class='ocrx_word' id='word_1_108' title='bbox 1147 1676 1434 1735; x_wconf 77' lang='lat' dir='ltr'><strong>Letharios</strong></span> <span class='ocrx_word' id='word_1_109' title='bbox 1477 1678 1720 1734; x_wconf 75' lang='lat' dir='ltr'><strong>deseruit</strong></span> <span class='ocrx_word' id='word_1_110' title='bbox 1765 1689 1820 1735; x_wconf 87' lang='lat' dir='ltr'><strong>et</strong></span> <span class='ocrx_word' id='word_1_111' title='bbox 1882 1680 1939 1735; x_wconf 91' lang='lat' dir='ltr'><strong>in</strong></span> <span class='ocrx_word' id='word_1_112' title='bbox 2006 1695 2092 1735; x_wconf 86' lang='lat' dir='ltr'><strong>re-</strong></span> 
     </span>
    </p>
   </div>
   <div class='ocr_carea' id='block_1_18' title="bbox 504 1766 2093 1842">
    <p class='ocr_par' dir='ltr' id='par_1_18' title="bbox 504 1766 2093 1842">
     <span class='ocr_line' id='line_1_18' title="bbox 504 1766 2093 1842; baseline 0.005 -22"><span class='ocrx_word' id='word_1_113' title='bbox 504 1780 672 1837; x_wconf 92' lang='lat' dir='ltr'><strong>gnum</strong></span> <span class='ocrx_word' id='word_1_114' title='bbox 700 1766 975 1825; x_wconf 84' lang='lat' dir='ltr'><strong>Ludewici</strong></span> <span class='ocrx_word' id='word_1_115' title='bbox 1002 1769 1246 1825; x_wconf 80' lang='lat' dir='ltr'><strong>secessit.</strong></span> <span class='ocrx_word' id='word_1_116' title='bbox 1272 1769 1439 1839; x_wconf 76' lang='lat' dir='ltr'><strong>(W11).</strong></span> <span class='ocrx_word' id='word_1_117' title='bbox 1481 1786 1542 1837; x_wconf 90' lang='grc' dir='ltr'>ιι,</span> <span class='ocrx_word' id='word_1_118' title='bbox 1580 1770 1697 1842; x_wconf 77' lang='grc'><strong>26.)</strong></span> <span class='ocrx_word' id='word_1_119' title='bbox 1732 1769 1967 1828; x_wconf 80' lang='lat' dir='ltr'><strong>Profecit</strong></span> <span class='ocrx_word' id='word_1_120' title='bbox 1995 1788 2093 1828; x_wconf 89' lang='lat' dir='ltr'><strong>au-</strong></span> 
     </span>
    </p>
   </div>
   <div class='ocr_carea' id='block_1_19' title="bbox 2201 562 3739 646">
    <p class='ocr_par' dir='ltr' id='par_1_19' title="bbox 2201 562 3739 646">
     <span class='ocr_line' id='line_1_19' title="bbox 2201 562 3739 646; baseline -0.01 -16"><span class='ocrx_word' id='word_1_121' title='bbox 2201 574 2446 631; x_wconf 90' lang='lat' dir='ltr'><strong>Fuerunt</strong></span> <span class='ocrx_word' id='word_1_122' title='bbox 2472 576 2657 646; x_wconf 82' lang='lat' dir='ltr'><strong>plures</strong></span> <span class='ocrx_word' id='word_1_123' title='bbox 2685 571 2787 644; x_wconf 84' lang='lat' dir='ltr'><strong>qui</strong></span> <span class='ocrx_word' id='word_1_124' title='bbox 2808 586 3085 628; x_wconf 89' lang='lat' dir='ltr'><strong>summum</strong></span> <span class='ocrx_word' id='word_1_125' title='bbox 3107 567 3430 640; x_wconf 86' lang='lat' dir='ltr'><strong>pontiﬁcem</strong></span> <span class='ocrx_word' id='word_1_126' title='bbox 3461 562 3739 618; x_wconf 81' lang='lat' dir='ltr'><strong>Fridericun</strong></span> 
     </span>
    </p>
   </div>
   <div class='ocr_carea' id='block_1_20' title="bbox 2199 651 3742 735">
    <p class='ocr_par' dir='ltr' id='par_1_20' title="bbox 2199 651 3742 735">
     <span class='ocr_line' id='line_1_20' title="bbox 2199 651 3742 735; baseline -0.012 -13"><span class='ocrx_word' id='word_1_127' title='bbox 2199 667 2307 722; x_wconf 90' lang='lat' dir='ltr'><strong>hoc</strong></span> <span class='ocrx_word' id='word_1_128' title='bbox 2354 680 2465 721; x_wconf 91' lang='lat' dir='ltr'><strong>non</strong></span> <span class='ocrx_word' id='word_1_129' title='bbox 2505 680 2642 735; x_wconf 89' lang='lat' dir='ltr'><strong>pure</strong></span> <span class='ocrx_word' id='word_1_130' title='bbox 2677 663 2770 695; x_wconf 64' lang='lat'><strong>“‘3</strong></span> <span class='ocrx_word' id='word_1_131' title='bbox 2816 660 2914 718; x_wconf 89' lang='lat' dir='ltr'><strong>sed</strong></span> <span class='ocrx_word' id='word_1_132' title='bbox 2971 659 3199 716; x_wconf 85' lang='lat' dir='ltr'><strong>subdole</strong></span> <span class='ocrx_word' id='word_1_133' title='bbox 3246 654 3506 711; x_wconf 84' lang='lat' dir='ltr'><strong>effecisse</strong></span> <span class='ocrx_word' id='word_1_134' title='bbox 3551 651 3742 706; x_wconf 77' lang='lat' dir='ltr'><strong>arbitrati</strong></span> 
     </span>
    </p>
   </div>
   <div class='ocr_carea' id='block_1_21' title="bbox 2199 742 3742 828">
    <p class='ocr_par' dir='ltr' id='par_1_21' title="bbox 2199 742 3742 828">
     <span class='ocr_line' id='line_1_21' title="bbox 2199 742 3742 828; baseline -0.011 -15"><span class='ocrx_word' id='word_1_135' title='bbox 2199 766 2348 825; x_wconf 87' lang='lat' dir='ltr'><strong>sunt,</strong></span> <span class='ocrx_word' id='word_1_136' title='bbox 2372 756 2634 828; x_wconf 83' lang='lat' dir='ltr'><strong>quatinus</strong></span> <span class='ocrx_word' id='word_1_137' title='bbox 2666 754 2846 809; x_wconf 86' lang='lat' dir='ltr'><strong>virum</strong></span> <span class='ocrx_word' id='word_1_138' title='bbox 2868 749 3235 808; x_wconf 76' lang='lat' dir='ltr'><strong>venerabilem</strong></span> <span class='ocrx_word' id='word_1_139' title='bbox 3279 745 3518 817; x_wconf 81' lang='lat' dir='ltr'><strong>regique</strong></span> <span class='ocrx_word' id='word_1_140' title='bbox 3549 742 3636 775; x_wconf 64' lang='grc' dir='ltr'><strong>¹⁵ί⁹</strong></span> <span class='ocrx_word' id='word_1_141' title='bbox 3654 742 3742 797; x_wconf 75' lang='lat' dir='ltr'><strong>ﬁde-</strong></span> 
     </span>
    </p>
   </div>
   <div class='ocr_carea' id='block_1_22' title="bbox 2195 835 3743 918">
    <p class='ocr_par' dir='ltr' id='par_1_22' title="bbox 2195 835 3743 918">
     <span class='ocr_line' id='line_1_22' title="bbox 2195 835 3743 918; baseline -0.012 -11"><span class='ocrx_word' id='word_1_142' title='bbox 2195 853 2325 918; x_wconf 88' lang='lat' dir='ltr'><strong>lem,</strong></span> <span class='ocrx_word' id='word_1_143' title='bbox 2355 848 2721 905; x_wconf 85' lang='lat' dir='ltr'><strong>Hademarum</strong></span> <span class='ocrx_word' id='word_1_144' title='bbox 2749 846 3001 902; x_wconf 80' lang='lat' dir='ltr'><strong>abbatem</strong></span> <span class='ocrx_word' id='word_1_145' title='bbox 3025 842 3380 906; x_wconf 87' lang='lat' dir='ltr'><strong>Fuldensem,</strong></span> <span class='ocrx_word' id='word_1_146' title='bbox 3418 838 3468 894; x_wconf 87' lang='lat' dir='ltr'><strong>si</strong></span> <span class='ocrx_word' id='word_1_147' title='bbox 3499 851 3613 908; x_wconf 90' lang='lat' dir='ltr'><strong>quo</strong></span> <span class='ocrx_word' id='word_1_148' title='bbox 3632 835 3743 890; x_wconf 79' lang='lat' dir='ltr'><strong>modo</strong></span> 
     </span>
    </p>
   </div>
   <div class='ocr_carea' id='block_1_23' title="bbox 2195 921 3746 1013">
    <p class='ocr_par' dir='ltr' id='par_1_23' title="bbox 2195 921 3746 1013">
     <span class='ocr_line' id='line_1_23' title="bbox 2195 921 3746 1013; baseline -0.012 -16"><span class='ocrx_word' id='word_1_149' title='bbox 2195 949 2405 1013; x_wconf 86' lang='lat' dir='ltr'><strong>posset,</strong></span> <span class='ocrx_word' id='word_1_150' title='bbox 2456 921 2861 995; x_wconf 85' lang='lat' dir='ltr'><strong>dehonestaret.</strong></span> <span class='ocrx_word' id='word_1_151' title='bbox 2901 933 3022 1007; x_wconf 87' lang='lat' dir='ltr'><strong>Ipse</strong></span> <span class='ocrx_word' id='word_1_152' title='bbox 3052 933 3199 989; x_wconf 89' lang='lat' dir='ltr'><strong>enim</strong></span> <span class='ocrx_word' id='word_1_153' title='bbox 3226 932 3406 986; x_wconf 82' lang='lat' dir='ltr'><strong>abbas</strong></span> <span class='ocrx_word' id='word_1_154' title='bbox 3428 928 3523 982; x_wconf 69' lang='lat' dir='ltr'><strong>vir</strong></span> <span class='ocrx_word' id='word_1_155' title='bbox 3537 935 3648 981; x_wconf 83' lang='lat' dir='ltr'><strong>erat</strong></span> <span class='ocrx_word' id='word_1_156' title='bbox 3668 942 3746 980; x_wconf 78' lang='lat' dir='ltr'><strong>ma-</strong></span> 
     </span>
    </p>
   </div>
   <div class='ocr_carea' id='block_1_24' title="bbox 2196 1018 3745 1104">
    <p class='ocr_par' dir='ltr' id='par_1_24' title="bbox 2196 1018 3745 1104">
     <span class='ocr_line' id='line_1_24' title="bbox 2196 1018 3745 1104; baseline -0.012 -16"><span class='ocrx_word' id='word_1_157' title='bbox 2196 1048 2316 1104; x_wconf 81' lang='lat' dir='ltr'><strong>gnae</strong></span> <span class='ocrx_word' id='word_1_158' title='bbox 2346 1029 2649 1103; x_wconf 64' lang='lat' dir='ltr'><strong>prudentia:</strong></span> <span class='ocrx_word' id='word_1_159' title='bbox 2692 1037 2747 1084; x_wconf 91' lang='lat' dir='ltr'><strong>et</strong></span> <span class='ocrx_word' id='word_1_160' title='bbox 2781 1026 3086 1092; x_wconf 70' lang='lat' dir='ltr'><strong>industrius,</strong></span> <span class='ocrx_word' id='word_1_161' title='bbox 3122 1024 3228 1080; x_wconf 86' lang='lat' dir='ltr'><strong>sub</strong></span> <span class='ocrx_word' id='word_1_162' title='bbox 3251 1023 3418 1093; x_wconf 89' lang='lat' dir='ltr'><strong>cujus</strong></span> <span class='ocrx_word' id='word_1_163' title='bbox 3454 1018 3745 1090; x_wconf 73' lang='lat' dir='ltr'><strong>temporibus</strong></span> 
     </span>
    </p>
   </div>
   <div class='ocr_carea' id='block_1_25' title="bbox 2195 1117 3745 1194">
    <p class='ocr_par' dir='ltr' id='par_1_25' title="bbox 2195 1117 3745 1194">
     <span class='ocr_line' id='line_1_25' title="bbox 2195 1117 3745 1194; baseline -0.011 -13"><span class='ocrx_word' id='word_1_164' title='bbox 2195 1124 2468 1180; x_wconf 85' lang='lat' dir='ltr'><strong>Fuldense</strong></span> <span class='ocrx_word' id='word_1_165' title='bbox 2497 1122 2763 1194; x_wconf 87' lang='lat' dir='ltr'><strong>templum</strong></span> <span class='ocrx_word' id='word_1_166' title='bbox 2795 1120 3066 1175; x_wconf 83' lang='lat' dir='ltr'><strong>famosum</strong></span> <span class='ocrx_word' id='word_1_167' title='bbox 3090 1124 3175 1173; x_wconf 88' lang='lat' dir='ltr'><strong>est</strong></span> <span class='ocrx_word' id='word_1_168' title='bbox 3217 1117 3350 1187; x_wconf 83' lang='lat' dir='ltr'><strong>igne</strong></span> <span class='ocrx_word' id='word_1_169' title='bbox 3380 1119 3745 1181; x_wconf 78' lang='lat' dir='ltr'><strong>consumptum,</strong></span> 
     </span>
    </p>
   </div>
   <div class='ocr_carea' id='block_1_26' title="bbox 2196 1208 3746 1285">
    <p class='ocr_par' dir='ltr' id='par_1_26' title="bbox 2196 1208 3746 1285">
     <span class='ocr_line' id='line_1_26' title="bbox 2196 1208 3746 1285; baseline -0.01 -10"><span class='ocrx_word' id='word_1_170' title='bbox 2196 1220 2289 1276; x_wconf 90' lang='lat' dir='ltr'><strong>sed</strong></span> <span class='ocrx_word' id='word_1_171' title='bbox 2313 1219 2381 1273; x_wconf 89' lang='lat' dir='ltr'><strong>ab</strong></span> <span class='ocrx_word' id='word_1_172' title='bbox 2408 1216 2553 1285; x_wconf 90' lang='lat' dir='ltr'><strong>eoin</strong></span> <span class='ocrx_word' id='word_1_173' title='bbox 2584 1216 2782 1271; x_wconf 86' lang='lat' dir='ltr'><strong>melius</strong></span> <span class='ocrx_word' id='word_1_174' title='bbox 2812 1221 3206 1270; x_wconf 82' lang='lat' dir='ltr'><strong>restauratum.</strong></span> <span class='ocrx_word' id='word_1_175' title='bbox 3254 1209 3359 1265; x_wconf 86' lang='lat' dir='ltr'><strong>Hic</strong></span> <span class='ocrx_word' id='word_1_176' title='bbox 3392 1208 3632 1264; x_wconf 87' lang='lat' dir='ltr'><strong>eundem</strong></span> <span class='ocrx_word' id='word_1_177' title='bbox 3653 1223 3746 1277; x_wconf 81' lang='lat' dir='ltr'><strong>pon-</strong></span> 
     </span>
    </p>
   </div>
   <div class='ocr_carea' id='block_1_27' title="bbox 2193 1299 3747 1376">
    <p class='ocr_par' dir='ltr' id='par_1_27' title="bbox 2193 1299 3747 1376">
     <span class='ocr_line' id='line_1_27' title="bbox 2193 1299 3747 1376; baseline -0.008 -11"><span class='ocrx_word' id='word_1_178' title='bbox 2193 1310 2395 1365; x_wconf 72' lang='lat' dir='ltr'><strong>tit&#39;icem</strong></span> <span class='ocrx_word' id='word_1_179' title='bbox 2422 1307 2663 1364; x_wconf 89' lang='lat' dir='ltr'><strong>secunda</strong></span> <span class='ocrx_word' id='word_1_180' title='bbox 2687 1305 3066 1376; x_wconf 74' lang='lat' dir='ltr'><strong>coniuratione</strong></span> <span class='ocrx_word' id='word_1_181' title='bbox 3092 1302 3429 1373; x_wconf 82' lang='lat' dir='ltr'><strong>culpabilem</strong></span> <span class='ocrx_word' id='word_1_182' title='bbox 3480 1299 3591 1354; x_wconf 86' lang='lat' dir='ltr'><strong>sub</strong></span> <span class='ocrx_word' id='word_1_183' title='bbox 3610 1308 3747 1353; x_wconf 84' lang='lat' dir='ltr'><strong>custo-</strong></span> 
     </span>
    </p>
   </div>
   <div class='ocr_carea' id='block_1_28' title="bbox 2194 1396 3747 1473">
    <p class='ocr_par' dir='ltr' id='par_1_28' title="bbox 2194 1396 3747 1473">
     <span class='ocr_line' id='line_1_28' title="bbox 2194 1396 3747 1473; baseline -0.007 -13"><span class='ocrx_word' id='word_1_184' title='bbox 2194 1404 2283 1460; x_wconf 90' lang='lat' dir='ltr'><strong>dia</strong></span> <span class='ocrx_word' id='word_1_185' title='bbox 2330 1404 2525 1470; x_wconf 90' lang='lat' dir='ltr'><strong>tenuit,</strong></span> <span class='ocrx_word' id='word_1_186' title='bbox 2590 1402 2830 1473; x_wconf 88' lang='lat' dir='ltr'><strong>primum</strong></span> <span class='ocrx_word' id='word_1_187' title='bbox 2887 1400 3104 1471; x_wconf 86' lang='lat' dir='ltr'><strong>quidem</strong></span> <span class='ocrx_word' id='word_1_188' title='bbox 3147 1396 3481 1464; x_wconf 88' lang='lat' dir='ltr'><strong>honoriﬁce,</strong></span> <span class='ocrx_word' id='word_1_189' title='bbox 3535 1396 3629 1452; x_wconf 87' lang='lat' dir='ltr'><strong>sed</strong></span> <span class='ocrx_word' id='word_1_190' title='bbox 3659 1410 3747 1449; x_wconf 77' lang='lat' dir='ltr'><strong>rem</strong></span> 
     </span>
    </p>
   </div>
   <div class='ocr_carea' id='block_1_29' title="bbox 2192 1488 3748 1563">
    <p class='ocr_par' dir='ltr' id='par_1_29' title="bbox 2192 1488 3748 1563">
     <span class='ocr_line' id='line_1_29' title="bbox 2192 1488 3748 1563; baseline -0.008 -11"><span class='ocrx_word' id='word_1_191' title='bbox 2192 1498 2403 1552; x_wconf 85' lang='lat' dir='ltr'><strong>litteras</strong></span> <span class='ocrx_word' id='word_1_192' title='bbox 2431 1496 2499 1551; x_wconf 88' lang='lat' dir='ltr'><strong>ab</strong></span> <span class='ocrx_word' id='word_1_193' title='bbox 2523 1510 2589 1550; x_wconf 88' lang='lat' dir='ltr'><strong>eo</strong></span> <span class='ocrx_word' id='word_1_194' title='bbox 2630 1494 2863 1563; x_wconf 86' lang='lat' dir='ltr'><strong>scriptas</strong></span> <span class='ocrx_word' id='word_1_195' title='bbox 2898 1489 3368 1561; x_wconf 87' lang='lat' dir='ltr'><strong>reprehendisset,</strong></span> <span class='ocrx_word' id='word_1_196' title='bbox 3411 1488 3561 1544; x_wconf 82' lang='lat' dir='ltr'><strong>satis</strong></span> <span class='ocrx_word' id='word_1_197' title='bbox 3593 1502 3748 1549; x_wconf 73' lang='lat' dir='ltr'><strong>severe.</strong></span> 
     </span>
    </p>
   </div>
   <div class='ocr_carea' id='block_1_30' title="bbox 2192 1585 3831 1654">
    <p class='ocr_par' dir='ltr' id='par_1_30' title="bbox 2192 1585 3831 1654">
     <span class='ocr_line' id='line_1_30' title="bbox 2192 1585 3831 1654; baseline -0.008 -7"><span class='ocrx_word' id='word_1_198' title='bbox 2192 1591 2444 1648; x_wconf 80' lang='lat' dir='ltr'><strong>Pontifex</strong></span> <span class='ocrx_word' id='word_1_199' title='bbox 2471 1605 2602 1645; x_wconf 84' lang='lat' dir='ltr'><strong>vero</strong></span> <span class='ocrx_word' id='word_1_200' title='bbox 2628 1587 2912 1654; x_wconf 88' lang='lat' dir='ltr'><strong>dimissus,</strong></span> <span class='ocrx_word' id='word_1_201' title='bbox 2948 1587 3077 1642; x_wconf 89' lang='lat' dir='ltr'><strong>dum</strong></span> <span class='ocrx_word' id='word_1_202' title='bbox 3110 1585 3381 1640; x_wconf 80' lang='lat' dir='ltr'><strong>ultionem</strong></span> <span class='ocrx_word' id='word_1_203' title='bbox 3408 1588 3661 1654; x_wconf 81' lang='lat' dir='ltr'><strong>quereret</strong></span> <span class='ocrx_word' id='word_1_204' title='bbox 3682 1596 3750 1635; x_wconf 79' lang='lat' dir='ltr'><strong>nec</strong></span> <span class='ocrx_word' id='word_1_205' title='bbox 3830 1612 3831 1623; x_wconf 59' lang='grc' dir='ltr'><strong>ι</strong></span> 
     </span>
    </p>
   </div>
   <div class='ocr_carea' id='block_1_31' title="bbox 2193 1675 3755 1749">
    <p class='ocr_par' dir='ltr' id='par_1_31' title="bbox 2193 1675 3755 1749">
     <span class='ocr_line' id='line_1_31' title="bbox 2193 1675 3755 1749; baseline -0.01 -8"><span class='ocrx_word' id='word_1_206' title='bbox 2193 1694 2384 1742; x_wconf 88' lang='lat' dir='ltr'><strong>contra</strong></span> <span class='ocrx_word' id='word_1_207' title='bbox 2432 1690 2644 1738; x_wconf 89' lang='lat' dir='ltr'><strong>tantum</strong></span> <span class='ocrx_word' id='word_1_208' title='bbox 2678 1680 2858 1735; x_wconf 89' lang='lat' dir='ltr'><strong>virum</strong></span> <span class='ocrx_word' id='word_1_209' title='bbox 2908 1678 3233 1749; x_wconf 87' lang='lat' dir='ltr'><strong>prevaleret,</strong></span> <span class='ocrx_word' id='word_1_210' title='bbox 3263 1675 3591 1730; x_wconf 75' lang='lat' dir='ltr'><strong>humillima</strong></span> <span class='ocrx_word' id='word_1_211' title='bbox 3613 1688 3755 1727; x_wconf 79' lang='lat' dir='ltr'><strong>mom-</strong></span> 
     </span>
    </p>
   </div>
   <div class='ocr_carea' id='block_1_32' title="bbox 2194 1762 3831 1843">
    <p class='ocr_par' dir='ltr' id='par_1_32' title="bbox 2194 1762 3831 1843">
     <span class='ocr_line' id='line_1_32' title="bbox 2194 1762 3831 1843; baseline -0.007 -10"><span class='ocrx_word' id='word_1_212' title='bbox 2194 1776 2359 1833; x_wconf 89' lang='lat' dir='ltr'><strong>steria</strong></span> <span class='ocrx_word' id='word_1_213' title='bbox 2390 1774 2583 1832; x_wconf 86' lang='lat' dir='ltr'><strong>statuit</strong></span> <span class='ocrx_word' id='word_1_214' title='bbox 2611 1781 2909 1843; x_wconf 78' lang='lat' dir='ltr'><strong>temptare,</strong></span> <span class='ocrx_word' id='word_1_215' title='bbox 2924 1770 2970 1826; x_wconf 88' lang='lat' dir='ltr'><strong>si</strong></span> <span class='ocrx_word' id='word_1_216' title='bbox 2996 1768 3135 1824; x_wconf 90' lang='lat' dir='ltr'><strong>forte</strong></span> <span class='ocrx_word' id='word_1_217' title='bbox 3159 1768 3230 1824; x_wconf 89' lang='lat' dir='ltr'><strong>ad</strong></span> <span class='ocrx_word' id='word_1_218' title='bbox 3265 1767 3364 1799; x_wconf 75' lang='lat'><strong>“’°</strong></span> <span class='ocrx_word' id='word_1_219' title='bbox 3399 1762 3753 1822; x_wconf 54' lang='lat' dir='ltr'><strong>excellentissi.</strong></span> <span class='ocrx_word' id='word_1_220' title='bbox 3830 1814 3831 1821; x_wconf 48' lang='grc' dir='ltr'><strong>η</strong></span> 
     </span>
    </p>
   </div>
   <div class='ocr_carea' id='block_1_33' title="bbox 479 1843 3755 1938">
    <p class='ocr_par' dir='ltr' id='par_1_33' title="bbox 479 1843 3755 1938">
     <span class='ocr_line' id='line_1_33' title="bbox 479 1843 3755 1938; baseline -0.004 -18"><span class='ocrx_word' id='word_1_221' title='bbox 479 1866 616 1920; x_wconf 64' lang='lat' dir='ltr'><strong>clem</strong></span> <span class='ocrx_word' id='word_1_222' title='bbox 669 1875 762 1915; x_wconf 83' lang='lat' dir='ltr'><strong>rex</strong></span> <span class='ocrx_word' id='word_1_223' title='bbox 839 1861 1048 1932; x_wconf 86' lang='lat' dir='ltr'><strong>regioni</strong></span> <span class='ocrx_word' id='word_1_224' title='bbox 1113 1860 1496 1917; x_wconf 88' lang='lat' dir='ltr'><strong>Lotbariorum</strong></span> <span class='ocrx_word' id='word_1_225' title='bbox 1564 1860 1852 1932; x_wconf 90' lang='lat' dir='ltr'><strong>Ottonem,</strong></span> <span class='ocrx_word' id='word_1_226' title='bbox 1918 1864 2088 1920; x_wconf 89' lang='lat' dir='ltr'><strong>ﬁlium</strong></span> <span class='ocrx_word' id='word_1_227' title='bbox 2123 1843 2165 1902; x_wconf 75' lang='grc' dir='ltr'><strong>Β</strong></span> <span class='ocrx_word' id='word_1_228' title='bbox 2194 1883 2283 1923; x_wconf 91' lang='lat' dir='ltr'><strong>ma</strong></span> <span class='ocrx_word' id='word_1_229' title='bbox 2304 1874 2491 1938; x_wconf 89' lang='lat' dir='ltr'><strong>posset</strong></span> <span class='ocrx_word' id='word_1_230' title='bbox 2516 1862 2797 1935; x_wconf 82' lang='lat' dir='ltr'><strong>aequaliter</strong></span> <span class='ocrx_word' id='word_1_231' title='bbox 2814 1860 3128 1932; x_wconf 85' lang='lat' dir='ltr'><strong>procedere.</strong></span> <span class='ocrx_word' id='word_1_232' title='bbox 3151 1857 3258 1913; x_wconf 86' lang='lat' dir='ltr'><strong>Sed</strong></span> <span class='ocrx_word' id='word_1_233' title='bbox 3284 1853 3755 1927; x_wconf 74' lang='lat' dir='ltr'><strong>hujusmodisima-</strong></span> 
     </span>
    </p>
   </div>
   <div class='ocr_carea' id='block_1_34' title="bbox 504 1950 2087 2027">
    <p class='ocr_par' dir='ltr' id='par_1_34' title="bbox 504 1950 2087 2027">
     <span class='ocr_line' id='line_1_34' title="bbox 504 1950 2087 2027; baseline 0.005 -23"><span class='ocrx_word' id='word_1_234' title='bbox 504 1950 793 2019; x_wconf 76' lang='lat' dir='ltr'><strong>Richwini,</strong></span> <span class='ocrx_word' id='word_1_235' title='bbox 818 1960 878 2007; x_wconf 90' lang='lat' dir='ltr'><strong>ut</strong></span> <span class='ocrx_word' id='word_1_236' title='bbox 896 1962 949 2008; x_wconf 91' lang='lat' dir='ltr'><strong>et</strong></span> <span class='ocrx_word' id='word_1_237' title='bbox 965 1968 1192 2024; x_wconf 85' lang='lat' dir='ltr'><strong>regnum</strong></span> <span class='ocrx_word' id='word_1_238' title='bbox 1215 1963 1535 2024; x_wconf 83' lang='lat' dir='ltr'><strong>procuraret</strong></span> <span class='ocrx_word' id='word_1_239' title='bbox 1552 1964 1606 2011; x_wconf 87' lang='lat' dir='ltr'><strong>et</strong></span> <span class='ocrx_word' id='word_1_240' title='bbox 1627 1965 1880 2027; x_wconf 85' lang='lat' dir='ltr'><strong>nepotem</strong></span> <span class='ocrx_word' id='word_1_241' title='bbox 1903 1973 2087 2025; x_wconf 91' lang='lat' dir='ltr'><strong>suum,</strong></span> 
     </span>
    </p>
   </div>
   <div class='ocr_carea' id='block_1_35' title="bbox 502 2044 2092 2119">
    <p class='ocr_par' dir='ltr' id='par_1_35' title="bbox 502 2044 2092 2119">
     <span class='ocr_line' id='line_1_35' title="bbox 502 2044 2092 2119; baseline 0.003 -20"><span class='ocrx_word' id='word_1_242' title='bbox 502 2044 786 2100; x_wconf 87' lang='lat' dir='ltr'><strong>Gisclberti</strong></span> <span class='ocrx_word' id='word_1_243' title='bbox 830 2046 1037 2114; x_wconf 85' lang='lat' dir='ltr'><strong>lilium,</strong></span> <span class='ocrx_word' id='word_1_244' title='bbox 1090 2047 1249 2103; x_wconf 65' lang='lat' dir='ltr'><strong>bona:</strong></span> <span class='ocrx_word' id='word_1_245' title='bbox 1315 2048 1431 2119; x_wconf 90' lang='lat' dir='ltr'><strong>spei</strong></span> <span class='ocrx_word' id='word_1_246' title='bbox 1482 2050 1809 2119; x_wconf 90' lang='lat' dir='ltr'><strong>puerulum,</strong></span> <span class='ocrx_word' id='word_1_247' title='bbox 1868 2049 2092 2105; x_wconf 86' lang='lat' dir='ltr'><strong>nomine</strong></span> 
     </span>
    </p>
   </div>
   <div class='ocr_carea' id='block_1_36' title="bbox 502 2136 2083 2213">
    <p class='ocr_par' dir='ltr' id='par_1_36' title="bbox 502 2136 2083 2213">
     <span class='ocr_line' id='line_1_36' title="bbox 502 2136 2083 2213; baseline 0.004 -22"><span class='ocrx_word' id='word_1_248' title='bbox 502 2136 837 2207; x_wconf 79' lang='lat' dir='ltr'><strong>Heinricum,</strong></span> <span class='ocrx_word' id='word_1_249' title='bbox 862 2140 1115 2196; x_wconf 88' lang='lat' dir='ltr'><strong>nutriret.</strong></span> <span class='ocrx_word' id='word_1_250' title='bbox 1144 2140 1392 2210; x_wconf 78' lang='lat' dir='ltr'><strong>(LIUDPR.</strong></span> <span class='ocrx_word' id='word_1_251' title='bbox 1421 2157 1495 2209; x_wconf 82' lang='lat' dir='ltr'><strong>tv,</strong></span> <span class='ocrx_word' id='word_1_252' title='bbox 1524 2142 1638 2213; x_wconf 70' lang='grc'><strong>54.)</strong></span> <span class='ocrx_word' id='word_1_253' title='bbox 1676 2140 1965 2198; x_wconf 82' lang='lat' dir='ltr'><strong>lleinricus</strong></span> <span class='ocrx_word' id='word_1_254' title='bbox 1993 2158 2083 2198; x_wconf 89' lang='lat' dir='ltr'><strong>au-</strong></span> 
     </span>
    </p>
   </div>
   <div class='ocr_carea' id='block_1_37' title="bbox 502 2229 2088 2305">
    <p class='ocr_par' dir='ltr' id='par_1_37' title="bbox 502 2229 2088 2305">
     <span class='ocr_line' id='line_1_37' title="bbox 502 2229 2088 2305; baseline 0.003 -20"><span class='ocrx_word' id='word_1_255' title='bbox 502 2236 632 2298; x_wconf 89' lang='lat' dir='ltr'><strong>tem,</strong></span> <span class='ocrx_word' id='word_1_256' title='bbox 656 2229 826 2286; x_wconf 82' lang='lat' dir='ltr'><strong>frater</strong></span> <span class='ocrx_word' id='word_1_257' title='bbox 852 2232 1019 2303; x_wconf 87' lang='lat' dir='ltr'><strong>regis,</strong></span> <span class='ocrx_word' id='word_1_258' title='bbox 1049 2233 1179 2288; x_wconf 88' lang='lat' dir='ltr'><strong>dum</strong></span> <span class='ocrx_word' id='word_1_259' title='bbox 1209 2232 1357 2288; x_wconf 87' lang='lat' dir='ltr'><strong>aliud</strong></span> <span class='ocrx_word' id='word_1_260' title='bbox 1395 2234 1527 2304; x_wconf 91' lang='lat' dir='ltr'><strong>quid</strong></span> <span class='ocrx_word' id='word_1_261' title='bbox 1554 2233 1760 2289; x_wconf 89' lang='lat' dir='ltr'><strong>faceret</strong></span> <span class='ocrx_word' id='word_1_262' title='bbox 1793 2234 2088 2305; x_wconf 85' lang='lat' dir='ltr'><strong>ignoraret,</strong></span> 
     </span>
    </p>
   </div>
   <div class='ocr_carea' id='block_1_38' title="bbox 502 2324 2091 2398">
    <p class='ocr_par' dir='ltr' id='par_1_38' title="bbox 502 2324 2091 2398">
     <span class='ocr_line' id='line_1_38' title="bbox 502 2324 2091 2398; baseline 0.004 -22"><span class='ocrx_word' id='word_1_263' title='bbox 502 2324 801 2394; x_wconf 86' lang='lat' dir='ltr'><strong>assumptis</strong></span> <span class='ocrx_word' id='word_1_264' title='bbox 848 2339 1033 2380; x_wconf 87' lang='lat' dir='ltr'><strong>secum</strong></span> <span class='ocrx_word' id='word_1_265' title='bbox 1112 2325 1439 2396; x_wconf 85' lang='lat' dir='ltr'><strong>quibusdam</strong></span> <span class='ocrx_word' id='word_1_266' title='bbox 1492 2326 1785 2397; x_wconf 88' lang='lat' dir='ltr'><strong>episcopis,</strong></span> <span class='ocrx_word' id='word_1_267' title='bbox 1853 2342 2091 2398; x_wconf 90' lang='lat' dir='ltr'><strong>quorum</strong></span> 
     </span>
    </p>
   </div>
   <div class='ocr_carea' id='block_1_39' title="bbox 501 2417 2087 2490">
    <p class='ocr_par' dir='ltr' id='par_1_39' title="bbox 501 2417 2087 2490">
     <span class='ocr_line' id='line_1_39' title="bbox 501 2417 2087 2490; baseline 0.003 -21"><span class='ocrx_word' id='word_1_268' title='bbox 501 2423 779 2484; x_wconf 73' lang='lat' dir='ltr'><strong>luvaretur</strong></span> <span class='ocrx_word' id='word_1_269' title='bbox 802 2417 1028 2485; x_wconf 78' lang='lat' dir='ltr'><strong>auxilio,</strong></span> <span class='ocrx_word' id='word_1_270' title='bbox 1057 2417 1294 2488; x_wconf 89' lang='lat' dir='ltr'><strong>quadam</strong></span> <span class='ocrx_word' id='word_1_271' title='bbox 1327 2418 1416 2473; x_wconf 87' lang='lat' dir='ltr'><strong>die</strong></span> <span class='ocrx_word' id='word_1_272' title='bbox 1438 2418 1601 2474; x_wconf 91' lang='lat' dir='ltr'><strong>nudis</strong></span> <span class='ocrx_word' id='word_1_273' title='bbox 1630 2418 1860 2489; x_wconf 87' lang='lat' dir='ltr'><strong>pedibus</strong></span> <span class='ocrx_word' id='word_1_274' title='bbox 1903 2419 1970 2474; x_wconf 90' lang='lat' dir='ltr'><strong>ad</strong></span> <span class='ocrx_word' id='word_1_275' title='bbox 1992 2434 2087 2490; x_wconf 82' lang='lat' dir='ltr'><strong>pe-</strong></span> 
     </span>
    </p>
   </div>
   <div class='ocr_carea' id='block_1_40' title="bbox 500 2506 2091 2581">
    <p class='ocr_par' dir='ltr' id='par_1_40' title="bbox 500 2506 2091 2581">
     <span class='ocr_line' id='line_1_40' title="bbox 500 2506 2091 2581; baseline 0.003 -19"><span class='ocrx_word' id='word_1_276' title='bbox 500 2506 594 2563; x_wconf 86' lang='lat' dir='ltr'><strong>des</strong></span> <span class='ocrx_word' id='word_1_277' title='bbox 644 2508 807 2579; x_wconf 84' lang='lat' dir='ltr'><strong>regis,</strong></span> <span class='ocrx_word' id='word_1_278' title='bbox 867 2509 988 2579; x_wconf 87' lang='lat' dir='ltr'><strong>ipso</strong></span> <span class='ocrx_word' id='word_1_279' title='bbox 1046 2510 1355 2581; x_wconf 82' lang='lat' dir='ltr'><strong>ignorante,</strong></span> <span class='ocrx_word' id='word_1_280' title='bbox 1422 2510 1690 2581; x_wconf 82' lang='lat' dir='ltr'><strong>pervenit,</strong></span> <span class='ocrx_word' id='word_1_281' title='bbox 1754 2510 2091 2581; x_wconf 78' lang='lat' dir='ltr'><strong>supplexque</strong></span> 
     </span>
    </p>
   </div>
   <div class='ocr_carea' id='block_1_41' title="bbox 500 2588 2089 2675">
    <p class='ocr_par' dir='ltr' id='par_1_41' title="bbox 500 2588 2089 2675">
     <span class='ocr_line' id='line_1_41' title="bbox 500 2588 2089 2675; baseline 0.001 -20"><span class='ocrx_word' id='word_1_282' title='bbox 500 2588 934 2657; x_wconf 82' lang='lat' dir='ltr'><strong>misericordiam</strong></span> <span class='ocrx_word' id='word_1_283' title='bbox 983 2601 1315 2672; x_wconf 80' lang='lat' dir='ltr'><strong>imploravit.</strong></span> <span class='ocrx_word' id='word_1_284' title='bbox 1366 2601 1468 2658; x_wconf 83' lang='lat' dir='ltr'><strong>Cui</strong></span> <span class='ocrx_word' id='word_1_285' title='bbox 1499 2618 1596 2658; x_wconf 90' lang='lat' dir='ltr'><strong>rex</strong></span> <span class='ocrx_word' id='word_1_286' title='bbox 1628 2603 1747 2658; x_wconf 86' lang='lat' dir='ltr'><strong>ait:</strong></span> <span class='ocrx_word' id='word_1_287' title='bbox 1800 2602 2089 2675; x_wconf 84' lang='lat' dir='ltr'><strong>Indignum</strong></span> 
     </span>
    </p>
   </div>
   <div class='ocr_carea' id='block_1_42' title="bbox 499 2692 2089 2767">
    <p class='ocr_par' dir='ltr' id='par_1_42' title="bbox 499 2692 2089 2767">
     <span class='ocr_line' id='line_1_42' title="bbox 499 2692 2089 2767; baseline 0.002 -20"><span class='ocrx_word' id='word_1_288' title='bbox 499 2692 707 2761; x_wconf 72' lang='lat' dir='ltr'><strong>facinus</strong></span> <span class='ocrx_word' id='word_1_289' title='bbox 737 2703 885 2748; x_wconf 81' lang='lat' dir='ltr'><strong>tuum</strong></span> <span class='ocrx_word' id='word_1_290' title='bbox 914 2695 1120 2749; x_wconf 83' lang='lat' dir='ltr'><strong>veniam</strong></span> <span class='ocrx_word' id='word_1_291' title='bbox 1165 2711 1268 2749; x_wconf 86' lang='lat' dir='ltr'><strong>non</strong></span> <span class='ocrx_word' id='word_1_292' title='bbox 1302 2703 1551 2762; x_wconf 85' lang='lat' dir='ltr'><strong>meretur,</strong></span> <span class='ocrx_word' id='word_1_293' title='bbox 1582 2711 1761 2750; x_wconf 83' lang='lat' dir='ltr'><strong>verum</strong></span> <span class='ocrx_word' id='word_1_294' title='bbox 1788 2697 1914 2767; x_wconf 87' lang='lat' dir='ltr'><strong>quia</strong></span> <span class='ocrx_word' id='word_1_295' title='bbox 1942 2697 2089 2751; x_wconf 84' lang='lat' dir='ltr'><strong>video</strong></span> 
     </span>
    </p>
   </div>
   <div class='ocr_carea' id='block_1_43' title="bbox 501 2785 2090 2855">
    <p class='ocr_par' dir='ltr' id='par_1_43' title="bbox 501 2785 2090 2855">
     <span class='ocr_line' id='line_1_43' title="bbox 501 2785 2090 2855; baseline 0.002 -16"><span class='ocrx_word' id='word_1_296' title='bbox 501 2793 551 2840; x_wconf 90' lang='lat' dir='ltr'><strong>te</strong></span> <span class='ocrx_word' id='word_1_297' title='bbox 581 2785 670 2818; x_wconf 68' lang='grc' dir='ltr'>ίδίί</span> <span class='ocrx_word' id='word_1_298' title='bbox 702 2785 1045 2840; x_wconf 83' lang='lat' dir='ltr'><strong>humiliatum</strong></span> <span class='ocrx_word' id='word_1_299' title='bbox 1084 2803 1265 2841; x_wconf 87' lang='lat' dir='ltr'><strong>coram</strong></span> <span class='ocrx_word' id='word_1_300' title='bbox 1313 2803 1412 2855; x_wconf 87' lang='lat' dir='ltr'><strong>me,</strong></span> <span class='ocrx_word' id='word_1_301' title='bbox 1466 2804 1569 2842; x_wconf 84' lang='lat' dir='ltr'><strong>non</strong></span> <span class='ocrx_word' id='word_1_302' title='bbox 1592 2788 1841 2843; x_wconf 86' lang='lat' dir='ltr'><strong>inducam</strong></span> <span class='ocrx_word' id='word_1_303' title='bbox 1888 2787 2090 2842; x_wconf 85' lang='lat' dir='ltr'><strong>malum</strong></span> 
     </span>
    </p>
   </div>
   <div class='ocr_carea' id='block_1_44' title="bbox 500 2878 2091 2952">
    <p class='ocr_par' dir='ltr' id='par_1_44' title="bbox 500 2878 2091 2952">
     <span class='ocr_line' id='line_1_44' title="bbox 500 2878 2091 2952; baseline 0.002 -20"><span class='ocrx_word' id='word_1_304' title='bbox 500 2895 656 2950; x_wconf 71' lang='lat' dir='ltr'><strong>super</strong></span> <span class='ocrx_word' id='word_1_305' title='bbox 706 2887 773 2936; x_wconf 89' lang='lat' dir='ltr'><strong>te.</strong></span> <span class='ocrx_word' id='word_1_306' title='bbox 823 2878 995 2936; x_wconf 64' lang='lat' dir='ltr'><strong>Iussit</strong></span> <span class='ocrx_word' id='word_1_307' title='bbox 1041 2879 1224 2951; x_wconf 87' lang='lat' dir='ltr'><strong>itaque</strong></span> <span class='ocrx_word' id='word_1_308' title='bbox 1266 2896 1361 2935; x_wconf 88' lang='lat' dir='ltr'><strong>rex</strong></span> <span class='ocrx_word' id='word_1_309' title='bbox 1404 2896 1529 2935; x_wconf 91' lang='lat' dir='ltr'><strong>eum</strong></span> <span class='ocrx_word' id='word_1_310' title='bbox 1578 2881 1645 2936; x_wconf 90' lang='lat' dir='ltr'><strong>ad</strong></span> <span class='ocrx_word' id='word_1_311' title='bbox 1693 2881 1956 2952; x_wconf 89' lang='lat' dir='ltr'><strong>palatium</strong></span> <span class='ocrx_word' id='word_1_312' title='bbox 2002 2879 2091 2935; x_wconf 91' lang='lat' dir='ltr'><strong>ln-</strong></span> 
     </span>
    </p>
   </div>
   <div class='ocr_carea' id='block_1_45' title="bbox 498 2962 2087 3045">
    <p class='ocr_par' dir='ltr' id='par_1_45' title="bbox 498 2962 2087 3045">
     <span class='ocr_line' id='line_1_45' title="bbox 498 2962 2087 3045; baseline 0 -18"><span class='ocrx_word' id='word_1_313' title='bbox 498 2973 801 3044; x_wconf 90' lang='lat' dir='ltr'><strong>gelenhcim</strong></span> <span class='ocrx_word' id='word_1_314' title='bbox 830 2973 1105 3045; x_wconf 90' lang='lat' dir='ltr'><strong>proﬁcisci</strong></span> <span class='ocrx_word' id='word_1_315' title='bbox 1133 2972 1448 3044; x_wconf 89' lang='lat' dir='ltr'><strong>sollertique</strong></span> <span class='ocrx_word' id='word_1_316' title='bbox 1481 2989 1614 3029; x_wconf 89' lang='lat' dir='ltr'><strong>cura</strong></span> <span class='ocrx_word' id='word_1_317' title='bbox 1647 2989 1773 3029; x_wconf 91' lang='lat' dir='ltr'><strong>eum</strong></span> <span class='ocrx_word' id='word_1_318' title='bbox 1802 2962 2087 3041; x_wconf 68' lang='lat' dir='ltr'><strong>custodiﬁ,</strong></span> 
     </span>
    </p>
   </div>
   <div class='ocr_carea' id='block_1_46' title="bbox 499 3064 2089 3137">
    <p class='ocr_par' dir='ltr' id='par_1_46' title="bbox 499 3064 2089 3137">
     <span class='ocr_line' id='line_1_46' title="bbox 499 3064 2089 3137; baseline -0.001 -16"><span class='ocrx_word' id='word_1_319' title='bbox 499 3065 680 3137; x_wconf 84' lang='lat' dir='ltr'><strong>quoad</strong></span> <span class='ocrx_word' id='word_1_320' title='bbox 702 3076 911 3121; x_wconf 88' lang='lat' dir='ltr'><strong>remota</strong></span> <span class='ocrx_word' id='word_1_321' title='bbox 938 3066 1220 3137; x_wconf 86' lang='lat' dir='ltr'><strong>paululum</strong></span> <span class='ocrx_word' id='word_1_322' title='bbox 1248 3065 1338 3097; x_wconf 61' lang='grc' dir='ltr'><strong>’δι’</strong></span> <span class='ocrx_word' id='word_1_323' title='bbox 1361 3066 1558 3127; x_wconf 90' lang='lat' dir='ltr'><strong>mentis</strong></span> <span class='ocrx_word' id='word_1_324' title='bbox 1585 3066 1926 3137; x_wconf 83' lang='lat' dir='ltr'><strong>aegritudine,</strong></span> <span class='ocrx_word' id='word_1_325' title='bbox 1958 3064 2089 3136; x_wconf 92' lang='lat' dir='ltr'><strong>quid</strong></span> 
     </span>
    </p>
   </div>
   <div class='ocr_carea' id='block_1_47' title="bbox 500 3156 2085 3229">
    <p class='ocr_par' dir='ltr' id='par_1_47' title="bbox 500 3156 2085 3229">
     <span class='ocr_line' id='line_1_47' title="bbox 500 3156 2085 3229; baseline -0.001 -15"><span class='ocrx_word' id='word_1_326' title='bbox 500 3174 669 3228; x_wconf 77' lang='lat' dir='ltr'><strong>super</strong></span> <span class='ocrx_word' id='word_1_327' title='bbox 720 3174 787 3213; x_wconf 92' lang='lat' dir='ltr'><strong>eo</strong></span> <span class='ocrx_word' id='word_1_328' title='bbox 846 3156 1074 3225; x_wconf 88' lang='lat' dir='ltr'><strong>faceret,</strong></span> <span class='ocrx_word' id='word_1_329' title='bbox 1137 3158 1367 3213; x_wconf 91' lang='lat' dir='ltr'><strong>consilio</strong></span> <span class='ocrx_word' id='word_1_330' title='bbox 1432 3159 1765 3229; x_wconf 85' lang='lat' dir='ltr'><strong>prudentum</strong></span> <span class='ocrx_word' id='word_1_331' title='bbox 1816 3158 2085 3214; x_wconf 88' lang='lat' dir='ltr'><strong>deﬁniret.</strong></span> 
     </span>
    </p>
   </div>
   <div class='ocr_carea' id='block_1_48' title="bbox 501 3249 2090 3321">
    <p class='ocr_par' dir='ltr' id='par_1_48' title="bbox 501 3249 2090 3321">
     <span class='ocr_line' id='line_1_48' title="bbox 501 3249 2090 3321; baseline 0.001 -18"><span class='ocrx_word' id='word_1_332' title='bbox 501 3249 676 3319; x_wconf 80' lang='lat' dir='ltr'><strong>(Wto.</strong></span> <span class='ocrx_word' id='word_1_333' title='bbox 698 3266 760 3317; x_wconf 89' lang='grc' dir='ltr'>ιι,</span> <span class='ocrx_word' id='word_1_334' title='bbox 807 3250 899 3317; x_wconf 69' lang='lat'><strong>29,</strong></span> <span class='ocrx_word' id='word_1_335' title='bbox 956 3249 1047 3317; x_wconf 74' lang='lat'><strong>36,</strong></span> <span class='ocrx_word' id='word_1_336' title='bbox 1081 3249 1150 3303; x_wconf 81' lang='lat'><strong>&#39;57</strong></span> <span class='ocrx_word' id='word_1_337' title='bbox 1185 3265 1269 3320; x_wconf 87' lang='lat' dir='ltr'><strong>sq.</strong></span> <span class='ocrx_word' id='word_1_338' title='bbox 1298 3250 1389 3316; x_wconf 75' lang='lat'><strong>55,</strong></span> <span class='ocrx_word' id='word_1_339' title='bbox 1418 3250 1532 3321; x_wconf 79' lang='grc'><strong>55.)</strong></span> <span class='ocrx_word' id='word_1_340' title='bbox 1574 3250 1702 3305; x_wconf 80' lang='lat' dir='ltr'><strong>Post</strong></span> <span class='ocrx_word' id='word_1_341' title='bbox 1750 3250 1867 3306; x_wconf 62' lang='lat' dir='ltr'><strong>haec</strong></span> <span class='ocrx_word' id='word_1_342' title='bbox 1911 3250 2090 3307; x_wconf 88' lang='lat' dir='ltr'><strong>vicina</strong></span> 
     </span>
    </p>
   </div>
   <div class='ocr_carea' id='block_1_49' title="bbox 502 3339 2094 3412">
    <p class='ocr_par' dir='ltr' id='par_1_49' title="bbox 502 3339 2094 3412">
     <span class='ocr_line' id='line_1_49' title="bbox 502 3339 2094 3412; baseline 0.001 -17"><span class='ocrx_word' id='word_1_343' title='bbox 502 3339 608 3395; x_wconf 86' lang='lat' dir='ltr'><strong>sibi</strong></span> <span class='ocrx_word' id='word_1_344' title='bbox 643 3355 857 3411; x_wconf 87' lang='lat' dir='ltr'><strong>semper</strong></span> <span class='ocrx_word' id='word_1_345' title='bbox 886 3340 1174 3396; x_wconf 88' lang='lat' dir='ltr'><strong>clementia</strong></span> <span class='ocrx_word' id='word_1_346' title='bbox 1213 3340 1509 3412; x_wconf 89' lang='lat' dir='ltr'><strong>aliquantis</strong></span> <span class='ocrx_word' id='word_1_347' title='bbox 1540 3341 1768 3397; x_wconf 87' lang='lat' dir='ltr'><strong>urbibus</strong></span> <span class='ocrx_word' id='word_1_348' title='bbox 1801 3342 1947 3397; x_wconf 91' lang='lat' dir='ltr'><strong>illius</strong></span> <span class='ocrx_word' id='word_1_349' title='bbox 1976 3342 2094 3397; x_wconf 89' lang='lat' dir='ltr'><strong>usi-</strong></span> 
     </span>
    </p>
   </div>
   <div class='ocr_carea' id='block_1_50' title="bbox 502 3430 2094 3509">
    <p class='ocr_par' dir='ltr' id='par_1_50' title="bbox 502 3430 2094 3509">
     <span class='ocr_line' id='line_1_50' title="bbox 502 3430 2094 3509; baseline 0.002 -24"><span class='ocrx_word' id='word_1_350' title='bbox 502 3431 609 3486; x_wconf 81' lang='lat' dir='ltr'><strong>bus</strong></span> <span class='ocrx_word' id='word_1_351' title='bbox 634 3432 930 3498; x_wconf 89' lang='lat' dir='ltr'><strong>concessis,</strong></span> <span class='ocrx_word' id='word_1_352' title='bbox 957 3431 1209 3509; x_wconf 86' lang='lat' dir='ltr'><strong>permisit</strong></span> <span class='ocrx_word' id='word_1_353' title='bbox 1228 3447 1354 3487; x_wconf 90' lang='lat' dir='ltr'><strong>eum</strong></span> <span class='ocrx_word' id='word_1_354' title='bbox 1383 3432 1440 3487; x_wconf 93' lang='lat' dir='ltr'><strong>in</strong></span> <span class='ocrx_word' id='word_1_355' title='bbox 1466 3430 1851 3488; x_wconf 88' lang='lat' dir='ltr'><strong>Lothariorum</strong></span> <span class='ocrx_word' id='word_1_356' title='bbox 1874 3433 2094 3505; x_wconf 82' lang='lat' dir='ltr'><strong>regione</strong></span> 
     </span>
    </p>
   </div>
   <div class='ocr_carea' id='block_1_51' title="bbox 501 3523 2093 3597">
    <p class='ocr_par' dir='ltr' id='par_1_51' title="bbox 501 3523 2093 3597">
     <span class='ocr_line' id='line_1_51' title="bbox 501 3523 2093 3597; baseline 0.002 -18"><span class='ocrx_word' id='word_1_357' title='bbox 501 3523 771 3579; x_wconf 80' lang='lat' dir='ltr'><strong>habitare.</strong></span> <span class='ocrx_word' id='word_1_358' title='bbox 821 3523 1025 3581; x_wconf 87' lang='lat' dir='ltr'><strong>Deinde</strong></span> <span class='ocrx_word' id='word_1_359' title='bbox 1079 3525 1136 3580; x_wconf 91' lang='lat' dir='ltr'><strong>in</strong></span> <span class='ocrx_word' id='word_1_360' title='bbox 1195 3541 1477 3597; x_wconf 85' lang='lat' dir='ltr'><strong>processu.</strong></span> <span class='ocrx_word' id='word_1_361' title='bbox 1518 3527 1782 3597; x_wconf 85' lang='lat' dir='ltr'><strong>temporis</strong></span> <span class='ocrx_word' id='word_1_362' title='bbox 1834 3526 2093 3582; x_wconf 83' lang='lat' dir='ltr'><strong>defuncto</strong></span> 
     </span>
    </p>
   </div>
   <div class='ocr_carea' id='block_1_52' title="bbox 501 3617 2095 3689">
    <p class='ocr_par' dir='ltr' id='par_1_52' title="bbox 501 3617 2095 3689">
     <span class='ocr_line' id='line_1_52' title="bbox 501 3617 2095 3689; baseline 0.004 -18"><span class='ocrx_word' id='word_1_363' title='bbox 501 3617 640 3673; x_wconf 89' lang='lat' dir='ltr'><strong>duce</strong></span> <span class='ocrx_word' id='word_1_364' title='bbox 670 3617 1047 3688; x_wconf 79' lang='lat' dir='ltr'><strong>Bajoariorum</strong></span> <span class='ocrx_word' id='word_1_365' title='bbox 1086 3619 1177 3653; x_wconf 70' lang='grc'><strong>¹⁸²³</strong></span> <span class='ocrx_word' id='word_1_366' title='bbox 1204 3620 1519 3689; x_wconf 87' lang='lat' dir='ltr'><strong>Berhtoldo,</strong></span> <span class='ocrx_word' id='word_1_367' title='bbox 1570 3622 1784 3677; x_wconf 91' lang='lat' dir='ltr'><strong>monitu</strong></span> <span class='ocrx_word' id='word_1_368' title='bbox 1827 3630 1884 3677; x_wconf 90' lang='lat' dir='ltr'><strong>et</strong></span> <span class='ocrx_word' id='word_1_369' title='bbox 1925 3622 2095 3678; x_wconf 89' lang='lat' dir='ltr'><strong>inter-</strong></span> 
     </span>
    </p>
   </div>
   <div class='ocr_carea' id='block_1_53' title="bbox 502 3708 2094 3787">
    <p class='ocr_par' dir='ltr' id='par_1_53' title="bbox 502 3708 2094 3787">
     <span class='ocr_line' id='line_1_53' title="bbox 502 3708 2094 3787; baseline 0.005 -25"><span class='ocrx_word' id='word_1_370' title='bbox 502 3708 755 3764; x_wconf 88' lang='lat' dir='ltr'><strong>cessione</strong></span> <span class='ocrx_word' id='word_1_371' title='bbox 811 3720 1015 3766; x_wconf 64' lang='lat' dir='ltr'><strong>sanctae</strong></span> <span class='ocrx_word' id='word_1_372' title='bbox 1072 3712 1265 3777; x_wconf 89' lang='lat' dir='ltr'><strong>matris</strong></span> <span class='ocrx_word' id='word_1_373' title='bbox 1313 3727 1428 3767; x_wconf 72' lang='lat' dir='ltr'><strong>sua:</strong></span> <span class='ocrx_word' id='word_1_374' title='bbox 1482 3712 1708 3782; x_wconf 90' lang='lat' dir='ltr'><strong>prefecit</strong></span> <span class='ocrx_word' id='word_1_375' title='bbox 1750 3728 1878 3768; x_wconf 91' lang='lat' dir='ltr'><strong>eum</strong></span> <span class='ocrx_word' id='word_1_376' title='bbox 1925 3729 2094 3787; x_wconf 88' lang='lat' dir='ltr'><strong>regno</strong></span> 
     </span>
    </p>
   </div>
   <div class='ocr_carea' id='block_1_54' title="bbox 503 3800 2091 3876">
    <p class='ocr_par' dir='ltr' id='par_1_54' title="bbox 503 3800 2091 3876">
     <span class='ocr_line' id='line_1_54' title="bbox 503 3800 2091 3876; baseline 0.004 -21"><span class='ocrx_word' id='word_1_377' title='bbox 503 3800 702 3870; x_wconf 88' lang='lat' dir='ltr'><strong>cidem,</strong></span> <span class='ocrx_word' id='word_1_378' title='bbox 753 3800 960 3858; x_wconf 86' lang='lat' dir='ltr'><strong>faciens</strong></span> <span class='ocrx_word' id='word_1_379' title='bbox 1000 3819 1127 3859; x_wconf 90' lang='lat' dir='ltr'><strong>cum</strong></span> <span class='ocrx_word' id='word_1_380' title='bbox 1174 3819 1241 3860; x_wconf 90' lang='lat' dir='ltr'><strong>eo</strong></span> <span class='ocrx_word' id='word_1_381' title='bbox 1279 3804 1628 3860; x_wconf 87' lang='lat' dir='ltr'><strong>concordiam</strong></span> <span class='ocrx_word' id='word_1_382' title='bbox 1676 3812 1732 3860; x_wconf 88' lang='lat' dir='ltr'><strong>et</strong></span> <span class='ocrx_word' id='word_1_383' title='bbox 1779 3821 1991 3876; x_wconf 91' lang='lat' dir='ltr'><strong>pacem,</strong></span> <span class='ocrx_word' id='word_1_384' title='bbox 2035 3806 2091 3861; x_wconf 92' lang='lat' dir='ltr'><strong>in</strong></span> 
     </span>
    </p>
   </div>
   <div class='ocr_carea' id='block_1_55' title="bbox 494 3883 2092 3968">
    <p class='ocr_par' dir='ltr' id='par_1_55' title="bbox 494 3883 2092 3968">
     <span class='ocr_line' id='line_1_55' title="bbox 494 3883 2092 3968; baseline 0.004 -19"><span class='ocrx_word' id='word_1_385' title='bbox 494 3900 617 3965; x_wconf 86' lang='lat' dir='ltr'><strong>‘qua</strong></span> <span class='ocrx_word' id='word_1_386' title='bbox 646 3894 811 3950; x_wconf 90' lang='lat' dir='ltr'><strong>etiam</strong></span> <span class='ocrx_word' id='word_1_387' title='bbox 837 3895 1069 3953; x_wconf 86' lang='lat' dir='ltr'><strong>ﬁdeliter</strong></span> <span class='ocrx_word' id='word_1_388' title='bbox 1098 3883 1401 3968; x_wconf 69' lang='lat' dir='ltr'><strong>permansil</strong></span> <span class='ocrx_word' id='word_1_389' title='bbox 1429 3899 1484 3953; x_wconf 90' lang='lat' dir='ltr'><strong>in</strong></span> <span class='ocrx_word' id='word_1_390' title='bbox 1520 3899 1705 3955; x_wconf 90' lang='lat' dir='ltr'><strong>ﬁnem.</strong></span> <span class='ocrx_word' id='word_1_391' title='bbox 1742 3898 1873 3955; x_wconf 87' lang='lat' dir='ltr'><strong>Erat</strong></span> <span class='ocrx_word' id='word_1_392' title='bbox 1909 3909 2092 3967; x_wconf 89' lang='lat' dir='ltr'><strong>autem</strong></span> 
     </span>
    </p>
   </div>
   <div class='ocr_carea' id='block_1_56' title="bbox 505 3985 2092 4062">
    <p class='ocr_par' dir='ltr' id='par_1_56' title="bbox 505 3985 2092 4062">
     <span class='ocr_line' id='line_1_56' title="bbox 505 3985 2092 4062; baseline 0.006 -21"><span class='ocrx_word' id='word_1_393' title='bbox 505 3987 624 4057; x_wconf 88' lang='lat' dir='ltr'><strong>ipse</strong></span> <span class='ocrx_word' id='word_1_394' title='bbox 669 3985 960 4046; x_wconf 85' lang='lat' dir='ltr'><strong>Heinricus</strong></span> <span class='ocrx_word' id='word_1_395' title='bbox 1009 3991 1297 4062; x_wconf 89' lang='lat' dir='ltr'><strong>copulatus</strong></span> <span class='ocrx_word' id='word_1_396' title='bbox 1357 3992 1709 4055; x_wconf 83' lang='lat' dir='ltr'><strong>matrimonio</strong></span> <span class='ocrx_word' id='word_1_397' title='bbox 1762 3992 1889 4049; x_wconf 76' lang='lat' dir='ltr'><strong>ﬁliae</strong></span> <span class='ocrx_word' id='word_1_398' title='bbox 1934 3993 2092 4050; x_wconf 93' lang='lat' dir='ltr'><strong>ducis</strong></span> 
     </span>
    </p>
   </div>
   <div class='ocr_carea' id='block_1_57' title="bbox 504 4080 2089 4169">
    <p class='ocr_par' dir='ltr' id='par_1_57' title="bbox 504 4080 2089 4169">
     <span class='ocr_line' id='line_1_57' title="bbox 504 4080 2089 4169; baseline 0.005 -34"><span class='ocrx_word' id='word_1_399' title='bbox 504 4080 734 4152; x_wconf 79' lang='lat' dir='ltr'><strong>Arnolﬁ,</strong></span> <span class='ocrx_word' id='word_1_400' title='bbox 764 4081 986 4141; x_wconf 61' lang='lat' dir='ltr'><strong>femina;</strong></span> <span class='ocrx_word' id='word_1_401' title='bbox 1029 4085 1262 4158; x_wconf 82' lang='lat' dir='ltr'><strong>egregiae</strong></span> <span class='ocrx_word' id='word_1_402' title='bbox 1311 4084 1502 4142; x_wconf 83' lang='lat' dir='ltr'><strong>formae</strong></span> <span class='ocrx_word' id='word_1_403' title='bbox 1544 4087 1924 4169; x_wconf 86' lang='lat' dir='ltr'><strong>mirabilisque</strong></span> <span class='ocrx_word' id='word_1_404' title='bbox 1956 4103 2089 4159; x_wconf 87' lang='lat' dir='ltr'><strong>pru-</strong></span> 
     </span>
    </p>
   </div>
   <div class='ocr_carea' id='block_1_58' title="bbox 503 4173 1273 4236">
    <p class='ocr_par' dir='ltr' id='par_1_58' title="bbox 503 4173 1273 4236">
     <span class='ocr_line' id='line_1_58' title="bbox 503 4173 1273 4236; baseline 0.012 -9"><span class='ocrx_word' id='word_1_405' title='bbox 503 4173 723 4231; x_wconf 70' lang='lat' dir='ltr'><strong>rlcntite.</strong></span> <span class='ocrx_word' id='word_1_406' title='bbox 1268 4232 1273 4236; x_wconf 80' lang='lat'><strong>.</strong></span> 
     </span>
    </p>
   </div>
   <div class='ocr_carea' id='block_1_59' title="bbox 571 4265 2090 4339">
    <p class='ocr_par' dir='ltr' id='par_1_59' title="bbox 571 4265 2090 4339">
     <span class='ocr_line' id='line_1_59' title="bbox 571 4265 2090 4339; baseline 0.006 -20"><span class='ocrx_word' id='word_1_407' title='bbox 571 4265 742 4338; x_wconf 86' lang='lat' dir='ltr'><strong>Igitur</strong></span> <span class='ocrx_word' id='word_1_408' title='bbox 767 4268 861 4301; x_wconf 68' lang='grc' dir='ltr'><strong>’διδ</strong></span> <span class='ocrx_word' id='word_1_409' title='bbox 904 4285 1031 4325; x_wconf 91' lang='lat' dir='ltr'><strong>cum</strong></span> <span class='ocrx_word' id='word_1_410' title='bbox 1075 4270 1221 4326; x_wconf 82' lang='lat' dir='ltr'><strong>bella</strong></span> <span class='ocrx_word' id='word_1_411' title='bbox 1266 4271 1525 4328; x_wconf 88' lang='lat' dir='ltr'><strong>intestina</strong></span> <span class='ocrx_word' id='word_1_412' title='bbox 1569 4272 1734 4328; x_wconf 90' lang='lat' dir='ltr'><strong>simul</strong></span> <span class='ocrx_word' id='word_1_413' title='bbox 1777 4279 1831 4327; x_wconf 87' lang='lat' dir='ltr'><strong>et</strong></span> <span class='ocrx_word' id='word_1_414' title='bbox 1866 4280 2090 4339; x_wconf 86' lang='lat' dir='ltr'><strong>externa</strong></span> 
     </span>
    </p>
   </div>
   <div class='ocr_carea' id='block_1_60' title="bbox 497 4362 2092 4433">
    <p class='ocr_par' dir='ltr' id='par_1_60' title="bbox 497 4362 2092 4433">
     <span class='ocr_line' id='line_1_60' title="bbox 497 4362 2092 4433; baseline 0.002 -17"><span class='ocrx_word' id='word_1_415' title='bbox 497 4369 781 4418; x_wconf 81' lang='lat' dir='ltr'><strong>cessarent</strong></span> <span class='ocrx_word' id='word_1_416' title='bbox 815 4362 1070 4433; x_wconf 85' lang='lat' dir='ltr'><strong>legesque</strong></span> <span class='ocrx_word' id='word_1_417' title='bbox 1104 4364 1302 4420; x_wconf 77' lang='lat' dir='ltr'><strong>divinae</strong></span> <span class='ocrx_word' id='word_1_418' title='bbox 1339 4371 1392 4419; x_wconf 91' lang='lat' dir='ltr'><strong>et</strong></span> <span class='ocrx_word' id='word_1_419' title='bbox 1426 4365 1682 4420; x_wconf 64' lang='lat' dir='ltr'><strong>humanae</strong></span> <span class='ocrx_word' id='word_1_420' title='bbox 1716 4365 1983 4420; x_wconf 87' lang='lat' dir='ltr'><strong>auctorali</strong></span> <span class='ocrx_word' id='word_1_421' title='bbox 2009 4364 2092 4419; x_wconf 84' lang='lat' dir='ltr'><strong>vi-</strong></span> 
     </span>
    </p>
   </div>
   <div class='ocr_carea' id='block_1_61' title="bbox 498 4450 2092 4525">
    <p class='ocr_par' dir='ltr' id='par_1_61' title="bbox 498 4450 2092 4525">
     <span class='ocr_line' id='line_1_61' title="bbox 498 4450 2092 4525; baseline 0.004 -22"><span class='ocrx_word' id='word_1_422' title='bbox 498 4465 631 4524; x_wconf 78' lang='lat' dir='ltr'><strong>gore</strong></span> <span class='ocrx_word' id='word_1_423' title='bbox 683 4450 969 4520; x_wconf 88' lang='lat' dir='ltr'><strong>pollerent,</strong></span> <span class='ocrx_word' id='word_1_424' title='bbox 1012 4454 1193 4525; x_wconf 80' lang='lat' dir='ltr'><strong>gravis</strong></span> <span class='ocrx_word' id='word_1_425' title='bbox 1237 4453 1547 4523; x_wconf 90' lang='lat' dir='ltr'><strong>persecutio</strong></span> <span class='ocrx_word' id='word_1_426' title='bbox 1588 4456 1874 4510; x_wconf 86' lang='lat' dir='ltr'><strong>monachis</strong></span> <span class='ocrx_word' id='word_1_427' title='bbox 1916 4455 2092 4510; x_wconf 88' lang='lat' dir='ltr'><strong>oritur</strong></span> 
     </span>
    </p>
   </div>
   <div class='ocr_carea' id='block_1_62' title="bbox 2191 1930 3831 2026">
    <p class='ocr_par' dir='ltr' id='par_1_62' title="bbox 2191 1930 3831 2026">
     <span class='ocr_line' id='line_1_62' title="bbox 2191 1930 3831 2026; baseline -0.011 -8"><span class='ocrx_word' id='word_1_428' title='bbox 2191 1962 2427 2018; x_wconf 90' lang='lat' dir='ltr'><strong>lationes</strong></span> <span class='ocrx_word' id='word_1_429' title='bbox 2459 1959 2741 2014; x_wconf 89' lang='lat' dir='ltr'><strong>incassum</strong></span> <span class='ocrx_word' id='word_1_430' title='bbox 2770 1954 2859 1989; x_wconf 66' lang='lat' dir='ltr'><strong>‘m</strong></span> <span class='ocrx_word' id='word_1_431' title='bbox 2883 1952 3124 2026; x_wconf 67' lang='lat' dir='ltr'><strong>profusae</strong></span> <span class='ocrx_word' id='word_1_432' title='bbox 3148 1960 3279 2007; x_wconf 88' lang='lat' dir='ltr'><strong>sunt</strong></span> <span class='ocrx_word' id='word_1_433' title='bbox 3305 1969 3323 2019; x_wconf 88' lang='lat'><strong>;</strong></span> <span class='ocrx_word' id='word_1_434' title='bbox 3349 1965 3493 2005; x_wconf 87' lang='lat' dir='ltr'><strong>nam</strong></span> <span class='ocrx_word' id='word_1_435' title='bbox 3516 1948 3670 2004; x_wconf 85' lang='lat' dir='ltr'><strong>abbas</strong></span> <span class='ocrx_word' id='word_1_436' title='bbox 3689 1947 3759 1977; x_wconf 68' lang='grc' dir='ltr'><strong>³⁸η</strong></span> 
     </span>
    </p>
   </div>
   <div class='ocr_carea' id='block_1_63' title="bbox 2192 2039 3757 2126">
    <p class='ocr_par' dir='ltr' id='par_1_63' title="bbox 2192 2039 3757 2126">
     <span class='ocr_line' id='line_1_63' title="bbox 2192 2039 3757 2126; baseline -0.01 -16"><span class='ocrx_word' id='word_1_437' title='bbox 2192 2055 2249 2110; x_wconf 83' lang='grc' dir='ltr'>ἱιι</span> <span class='ocrx_word' id='word_1_438' title='bbox 2279 2051 2453 2126; x_wconf 87' lang='lat' dir='ltr'><strong>gratia</strong></span> <span class='ocrx_word' id='word_1_439' title='bbox 2488 2057 2543 2106; x_wconf 90' lang='lat' dir='ltr'><strong>et</strong></span> <span class='ocrx_word' id='word_1_440' title='bbox 2569 2046 2820 2104; x_wconf 89' lang='lat' dir='ltr'><strong>amicicia</strong></span> <span class='ocrx_word' id='word_1_441' title='bbox 2860 2046 3006 2117; x_wconf 88' lang='lat' dir='ltr'><strong>regis</strong></span> <span class='ocrx_word' id='word_1_442' title='bbox 3030 2045 3123 2077; x_wconf 62' lang='grc'>¹⁸²³</span> <span class='ocrx_word' id='word_1_443' title='bbox 3147 2042 3493 2115; x_wconf 87' lang='lat' dir='ltr'><strong>permansit,</strong></span> <span class='ocrx_word' id='word_1_444' title='bbox 3528 2050 3585 2097; x_wconf 87' lang='lat' dir='ltr'><strong>et</strong></span> <span class='ocrx_word' id='word_1_445' title='bbox 3616 2039 3757 2096; x_wconf 66' lang='lat' dir='ltr'><strong>censu</strong></span> 
     </span>
    </p>
   </div>
   <div class='ocr_carea' id='block_1_64' title="bbox 2191 2134 3831 2217">
    <p class='ocr_par' dir='ltr' id='par_1_64' title="bbox 2191 2134 3831 2217">
     <span class='ocr_line' id='line_1_64' title="bbox 2191 2134 3831 2217; baseline -0.009 -16"><span class='ocrx_word' id='word_1_446' title='bbox 2191 2142 2714 2209; x_wconf 83' lang='lat' dir='ltr'><strong>intercurrentibus,</strong></span> <span class='ocrx_word' id='word_1_447' title='bbox 2776 2138 3021 2211; x_wconf 79' lang='lat' dir='ltr'><strong>pontifex</strong></span> <span class='ocrx_word' id='word_1_448' title='bbox 3078 2136 3230 2209; x_wconf 88' lang='lat' dir='ltr'><strong>quod</strong></span> <span class='ocrx_word' id='word_1_449' title='bbox 3294 2134 3486 2192; x_wconf 81' lang='lat' dir='ltr'><strong>voluit</strong></span> <span class='ocrx_word' id='word_1_450' title='bbox 3539 2151 3642 2189; x_wconf 88' lang='lat' dir='ltr'><strong>non</strong></span> <span class='ocrx_word' id='word_1_451' title='bbox 3682 2134 3755 2188; x_wconf 86' lang='lat' dir='ltr'><strong>im-</strong></span> <span class='ocrx_word' id='word_1_452' title='bbox 3830 2164 3831 2217; x_wconf 40' lang='grc' dir='ltr'><strong>ι</strong></span> 
     </span>
    </p>
   </div>
   <div class='ocr_carea' id='block_1_65' title="bbox 2191 2235 3831 2308">
    <p class='ocr_par' dir='ltr' id='par_1_65' title="bbox 2191 2235 3831 2308">
     <span class='ocr_line' id='line_1_65' title="bbox 2191 2235 3831 2308; baseline -0.001 -18"><span class='ocrx_word' id='word_1_453' title='bbox 2191 2235 2374 2308; x_wconf 89' lang='lat' dir='ltr'><strong>plcvit.</strong></span> <span class='ocrx_word' id='word_1_454' title='bbox 3830 2240 3831 2247; x_wconf 83' lang='lat'>‘</span> 
     </span>
    </p>
   </div>
   <div class='ocr_carea' id='block_1_66' title="bbox 2262 2316 3831 2397">
    <p class='ocr_par' dir='ltr' id='par_1_66' title="bbox 2262 2316 3831 2397">
     <span class='ocr_line' id='line_1_66' title="bbox 2262 2316 3831 2397; baseline -0.004 -16"><span class='ocrx_word' id='word_1_455' title='bbox 2262 2327 2377 2383; x_wconf 83' lang='lat' dir='ltr'><strong>Rex</strong></span> <span class='ocrx_word' id='word_1_456' title='bbox 2432 2337 2614 2397; x_wconf 81' lang='lat' dir='ltr'><strong>autem</strong></span> <span class='ocrx_word' id='word_1_457' title='bbox 2641 2327 2708 2383; x_wconf 91' lang='lat' dir='ltr'><strong>de</strong></span> <span class='ocrx_word' id='word_1_458' title='bbox 2755 2325 2844 2393; x_wconf 85' lang='lat' dir='ltr'><strong>die</strong></span> <span class='ocrx_word' id='word_1_459' title='bbox 2892 2325 2947 2380; x_wconf 91' lang='lat' dir='ltr'><strong>in</strong></span> <span class='ocrx_word' id='word_1_460' title='bbox 2996 2324 3140 2380; x_wconf 89' lang='lat' dir='ltr'><strong>diem</strong></span> <span class='ocrx_word' id='word_1_461' title='bbox 3189 2322 3527 2394; x_wconf 80' lang='lat' dir='ltr'><strong>proﬁciens,</strong></span> <span class='ocrx_word' id='word_1_462' title='bbox 3575 2329 3757 2392; x_wconf 68' lang='lat' dir='ltr'><strong>paterno</strong></span> 
     </span>
    </p>
   </div>
   <div class='ocr_carea' id='block_1_67' title="bbox 2190 2412 3831 2491">
    <p class='ocr_par' dir='ltr' id='par_1_67' title="bbox 2190 2412 3831 2491">
     <span class='ocr_line' id='line_1_67' title="bbox 2190 2412 3831 2491; baseline -0.006 -17"><span class='ocrx_word' id='word_1_463' title='bbox 2190 2435 2361 2491; x_wconf 73' lang='lat' dir='ltr'><strong>regno</strong></span> <span class='ocrx_word' id='word_1_464' title='bbox 2391 2435 2499 2474; x_wconf 89' lang='lat' dir='ltr'><strong>non</strong></span> <span class='ocrx_word' id='word_1_465' title='bbox 2532 2424 2847 2483; x_wconf 89' lang='lat' dir='ltr'><strong>contentus,</strong></span> <span class='ocrx_word' id='word_1_466' title='bbox 2891 2415 3025 2470; x_wconf 85' lang='lat' dir='ltr'><strong>abiit</strong></span> <span class='ocrx_word' id='word_1_467' title='bbox 3052 2415 3107 2469; x_wconf 91' lang='lat' dir='ltr'><strong>in</strong></span> <span class='ocrx_word' id='word_1_468' title='bbox 3146 2412 3561 2485; x_wconf 84' lang='lat' dir='ltr'><strong>Burgundiam,</strong></span> <span class='ocrx_word' id='word_1_469' title='bbox 3588 2426 3758 2482; x_wconf 62' lang='lat' dir='ltr'><strong>regem</strong></span> <span class='ocrx_word' id='word_1_470' title='bbox 3830 2412 3831 2487; x_wconf 39' lang='grc' dir='ltr'>ξ</span> 
     </span>
    </p>
   </div>
   <div class='ocr_carea' id='block_1_68' title="bbox 2190 2500 3831 2587">
    <p class='ocr_par' dir='ltr' id='par_1_68' title="bbox 2190 2500 3831 2587">
     <span class='ocr_line' id='line_1_68' title="bbox 2190 2500 3831 2587; baseline -0.006 -23"><span class='ocrx_word' id='word_1_471' title='bbox 2190 2525 2296 2580; x_wconf 86' lang='lat' dir='ltr'><strong>que</strong></span> <span class='ocrx_word' id='word_1_472' title='bbox 2328 2525 2454 2565; x_wconf 88' lang='lat' dir='ltr'><strong>cum</strong></span> <span class='ocrx_word' id='word_1_473' title='bbox 2503 2523 2673 2581; x_wconf 86' lang='lat' dir='ltr'><strong>regno</strong></span> <span class='ocrx_word' id='word_1_474' title='bbox 2704 2509 2760 2562; x_wconf 91' lang='lat' dir='ltr'><strong>in</strong></span> <span class='ocrx_word' id='word_1_475' title='bbox 2810 2522 2968 2562; x_wconf 90' lang='lat' dir='ltr'><strong>suam</strong></span> <span class='ocrx_word' id='word_1_476' title='bbox 2995 2505 3205 2576; x_wconf 89' lang='lat' dir='ltr'><strong>accepit</strong></span> <span class='ocrx_word' id='word_1_477' title='bbox 3251 2513 3614 2575; x_wconf 84' lang='lat' dir='ltr'><strong>potestatem.</strong></span> <span class='ocrx_word' id='word_1_478' title='bbox 3641 2507 3658 2525; x_wconf 61' lang='grc' dir='ltr'><strong>θ</strong></span> <span class='ocrx_word' id='word_1_479' title='bbox 3679 2500 3755 2555; x_wconf 84' lang='lat' dir='ltr'><strong>De-</strong></span> 
     </span>
    </p>
   </div>
   <div class='ocr_carea' id='block_1_69' title="bbox 2189 2590 3831 2667">
    <p class='ocr_par' dir='ltr' id='par_1_69' title="bbox 2189 2590 3831 2667">
     <span class='ocr_line' id='line_1_69' title="bbox 2189 2590 3831 2667; baseline -0.008 -7"><span class='ocrx_word' id='word_1_480' title='bbox 2189 2603 2378 2660; x_wconf 86' lang='lat' dir='ltr'><strong>functo</strong></span> <span class='ocrx_word' id='word_1_481' title='bbox 2428 2611 2611 2659; x_wconf 89' lang='lat' dir='ltr'><strong>autem</strong></span> <span class='ocrx_word' id='word_1_482' title='bbox 2643 2600 2839 2658; x_wconf 91' lang='lat' dir='ltr'><strong>Ottonc</strong></span> <span class='ocrx_word' id='word_1_483' title='bbox 2883 2599 3272 2656; x_wconf 86' lang='lat' dir='ltr'><strong>Lothariorum</strong></span> <span class='ocrx_word' id='word_1_484' title='bbox 3304 2599 3534 2667; x_wconf 79' lang='lat' dir='ltr'><strong>preside</strong></span> <span class='ocrx_word' id='word_1_485' title='bbox 3561 2613 3619 2651; x_wconf 85' lang='lat' dir='ltr'><strong>ac</strong></span> <span class='ocrx_word' id='word_1_486' title='bbox 3648 2594 3759 2664; x_wconf 64' lang='lat' dir='ltr'><strong>regis</strong></span> <span class='ocrx_word' id='word_1_487' title='bbox 3830 2590 3831 2627; x_wconf 40' lang='grc' dir='ltr'><strong><em>ἓ</em></strong></span> 
     </span>
    </p>
   </div>
   <div class='ocr_carea' id='block_1_70' title="bbox 2190 2686 3831 2771">
    <p class='ocr_par' dir='ltr' id='par_1_70' title="bbox 2190 2686 3831 2771">
     <span class='ocr_line' id='line_1_70' title="bbox 2190 2686 3831 2771; baseline -0.009 -18"><span class='ocrx_word' id='word_1_488' title='bbox 2190 2707 2387 2768; x_wconf 89' lang='lat' dir='ltr'><strong>nepote</strong></span> <span class='ocrx_word' id='word_1_489' title='bbox 2416 2697 2693 2762; x_wconf 85' lang='lat' dir='ltr'><strong>Ileinrico,</strong></span> <span class='ocrx_word' id='word_1_490' title='bbox 2749 2694 3039 2764; x_wconf 87' lang='lat' dir='ltr'><strong>Gisclbcrti</strong></span> <span class='ocrx_word' id='word_1_491' title='bbox 3081 2693 3216 2759; x_wconf 88' lang='lat' dir='ltr'><strong>ﬁlio,</strong></span> <span class='ocrx_word' id='word_1_492' title='bbox 3250 2693 3528 2747; x_wconf 87' lang='lat' dir='ltr'><strong>ducatum</strong></span> <span class='ocrx_word' id='word_1_493' title='bbox 3560 2686 3757 2760; x_wconf 56' lang='lat' dir='ltr'><strong>regions</strong></span> <span class='ocrx_word' id='word_1_494' title='bbox 3830 2708 3831 2771; x_wconf 16' lang='grc' dir='ltr'>ἧ</span> 
     </span>
    </p>
   </div>
   <div class='ocr_carea' id='block_1_71' title="bbox 2188 2778 3831 2858">
    <p class='ocr_par' dir='ltr' id='par_1_71' title="bbox 2188 2778 3831 2858">
     <span class='ocr_line' id='line_1_71' title="bbox 2188 2778 3831 2858; baseline -0.012 -13"><span class='ocrx_word' id='word_1_495' title='bbox 2188 2788 2522 2845; x_wconf 85' lang='lat' dir='ltr'><strong>Chuonrado</strong></span> <span class='ocrx_word' id='word_1_496' title='bbox 2552 2804 2647 2843; x_wconf 83' lang='lat' dir='ltr'><strong>rex</strong></span> <span class='ocrx_word' id='word_1_497' title='bbox 2670 2783 3079 2858; x_wconf 71' lang='lat' dir='ltr'><strong>mnccssit,cui</strong></span> <span class='ocrx_word' id='word_1_498' title='bbox 3102 2790 3158 2837; x_wconf 90' lang='lat' dir='ltr'><strong>et</strong></span> <span class='ocrx_word' id='word_1_499' title='bbox 3186 2781 3419 2837; x_wconf 83' lang='lat' dir='ltr'><strong>unicam</strong></span> <span class='ocrx_word' id='word_1_500' title='bbox 3442 2780 3608 2835; x_wconf 87' lang='lat' dir='ltr'><strong>ﬁliam</strong></span> <span class='ocrx_word' id='word_1_501' title='bbox 3634 2790 3758 2833; x_wconf 78' lang='lat' dir='ltr'><strong>suam</strong></span> <span class='ocrx_word' id='word_1_502' title='bbox 3830 2778 3831 2827; x_wconf 66' lang='grc' dir='ltr'><em>ἕ</em></span> 
     </span>
    </p>
   </div>
   <div class='ocr_carea' id='block_1_72' title="bbox 2190 2873 3831 2959">
    <p class='ocr_par' dir='ltr' id='par_1_72' title="bbox 2190 2873 3831 2959">
     <span class='ocr_line' id='line_1_72' title="bbox 2190 2873 3831 2959; baseline -0.011 -20"><span class='ocrx_word' id='word_1_503' title='bbox 2190 2883 2543 2954; x_wconf 79' lang='lat' dir='ltr'><strong>Luitgardam</strong></span> <span class='ocrx_word' id='word_1_504' title='bbox 2586 2877 2941 2951; x_wconf 88' lang='lat' dir='ltr'><strong>desponsavit</strong></span> <span class='ocrx_word' id='word_1_505' title='bbox 2970 2895 2983 2943; x_wconf 91' lang='lat'>;</span> <span class='ocrx_word' id='word_1_506' title='bbox 3034 2875 3129 2959; x_wconf 84' lang='lat' dir='ltr'><strong>qui</strong></span> <span class='ocrx_word' id='word_1_507' title='bbox 3156 2884 3278 2930; x_wconf 85' lang='lat' dir='ltr'><strong>erat</strong></span> <span class='ocrx_word' id='word_1_508' title='bbox 3308 2873 3631 2928; x_wconf 83' lang='lat' dir='ltr'><strong>adolescens</strong></span> <span class='ocrx_word' id='word_1_509' title='bbox 3661 2881 3759 2922; x_wconf 68' lang='lat' dir='ltr'><strong>acer</strong></span> <span class='ocrx_word' id='word_1_510' title='bbox 3830 2882 3831 2891; x_wconf 75' lang='lat'>‘</span> 
     </span>
    </p>
   </div>
   <div class='ocr_carea' id='block_1_73' title="bbox 2189 2963 3831 3045">
    <p class='ocr_par' dir='ltr' id='par_1_73' title="bbox 2189 2963 3831 3045">
     <span class='ocr_line' id='line_1_73' title="bbox 2189 2963 3831 3045; baseline -0.013 -10"><span class='ocrx_word' id='word_1_511' title='bbox 2189 2988 2245 3035; x_wconf 91' lang='lat' dir='ltr'><strong>et</strong></span> <span class='ocrx_word' id='word_1_512' title='bbox 2278 2977 2457 3045; x_wconf 88' lang='lat' dir='ltr'><strong>fortis,</strong></span> <span class='ocrx_word' id='word_1_513' title='bbox 2497 2976 2647 3032; x_wconf 90' lang='lat' dir='ltr'><strong>domi</strong></span> <span class='ocrx_word' id='word_1_514' title='bbox 2686 2973 2991 3043; x_wconf 90' lang='lat' dir='ltr'><strong>militiaquc</strong></span> <span class='ocrx_word' id='word_1_515' title='bbox 3018 2969 3286 3041; x_wconf 90' lang='lat' dir='ltr'><strong>optimus,</strong></span> <span class='ocrx_word' id='word_1_516' title='bbox 3322 2963 3757 3025; x_wconf 77' lang='lat' dir='ltr'><strong>commilitonibus</strong></span> <span class='ocrx_word' id='word_1_517' title='bbox 3830 2980 3831 2995; x_wconf 61' lang='grc' dir='ltr'><strong>ι</strong></span> 
     </span>
    </p>
   </div>
   <div class='ocr_carea' id='block_1_74' title="bbox 2191 3044 3831 3133">
    <p class='ocr_par' dir='ltr' id='par_1_74' title="bbox 2191 3044 3831 3133">
     <span class='ocr_line' id='line_1_74' title="bbox 2191 3044 3831 3133; baseline -0.013 -4"><span class='ocrx_word' id='word_1_518' title='bbox 2191 3072 2307 3129; x_wconf 90' lang='lat' dir='ltr'><strong>suis</strong></span> <span class='ocrx_word' id='word_1_519' title='bbox 2327 3070 2515 3127; x_wconf 86' lang='lat' dir='ltr'><strong>karus.</strong></span> <span class='ocrx_word' id='word_1_520' title='bbox 2546 3068 2684 3124; x_wconf 81' lang='lat' dir='ltr'><strong>lluic</strong></span> <span class='ocrx_word' id='word_1_521' title='bbox 2714 3066 3008 3132; x_wconf 87' lang='lat' dir='ltr'><strong>Luitolfus,</strong></span> <span class='ocrx_word' id='word_1_522' title='bbox 3041 3063 3190 3118; x_wconf 87' lang='lat' dir='ltr'><strong>ﬁlius</strong></span> <span class='ocrx_word' id='word_1_523' title='bbox 3225 3063 3403 3133; x_wconf 82' lang='lat' dir='ltr'><strong>regis,</strong></span> <span class='ocrx_word' id='word_1_524' title='bbox 3452 3061 3618 3115; x_wconf 86' lang='lat' dir='ltr'><strong>nimia</strong></span> <span class='ocrx_word' id='word_1_525' title='bbox 3646 3057 3759 3112; x_wconf 81' lang='lat' dir='ltr'><strong>dile-</strong></span> <span class='ocrx_word' id='word_1_526' title='bbox 3830 3044 3831 3107; x_wconf 62' lang='grc' dir='ltr'><strong>ἰ</strong></span> 
     </span>
    </p>
   </div>
   <div class='ocr_carea' id='block_1_75' title="bbox 2193 3159 3240 3220">
    <p class='ocr_par' dir='ltr' id='par_1_75' title="bbox 2193 3159 3240 3220">
     <span class='ocr_line' id='line_1_75' title="bbox 2193 3159 3240 3220; baseline -0.01 0"><span class='ocrx_word' id='word_1_527' title='bbox 2193 3165 2393 3220; x_wconf 87' lang='lat' dir='ltr'><strong>ctionis</strong></span> <span class='ocrx_word' id='word_1_528' title='bbox 2415 3162 2787 3218; x_wconf 87' lang='lat' dir='ltr'><strong>familiaritate</strong></span> <span class='ocrx_word' id='word_1_529' title='bbox 2817 3159 3106 3215; x_wconf 86' lang='lat' dir='ltr'><strong>asstrictus</strong></span> <span class='ocrx_word' id='word_1_530' title='bbox 3135 3163 3240 3212; x_wconf 89' lang='lat' dir='ltr'><strong>est.</strong></span> 
     </span>
    </p>
   </div>
   <div class='ocr_carea' id='block_1_76' title="bbox 2337 3243 3831 3326">
    <p class='ocr_par' dir='ltr' id='par_1_76' title="bbox 2337 3243 3831 3326">
     <span class='ocr_line' id='line_1_76' title="bbox 2337 3243 3831 3326; baseline -0.01 -16"><span class='ocrx_word' id='word_1_531' title='bbox 2337 3259 2353 3278; x_wconf 82' lang='grc'><strong><em>⁶</em></strong></span> <span class='ocrx_word' id='word_1_532' title='bbox 2377 3255 2600 3326; x_wconf 85' lang='lat' dir='ltr'><strong>Reliqua</strong></span> <span class='ocrx_word' id='word_1_533' title='bbox 2629 3269 2789 3324; x_wconf 88' lang='lat' dir='ltr'><strong>usque</strong></span> <span class='ocrx_word' id='word_1_534' title='bbox 2829 3251 2899 3305; x_wconf 85' lang='lat' dir='ltr'><strong>ad</strong></span> <span class='ocrx_word' id='word_1_535' title='bbox 2926 3265 3093 3303; x_wconf 79' lang='lat' dir='ltr'><strong>annos</strong></span> <span class='ocrx_word' id='word_1_536' title='bbox 3127 3246 3343 3303; x_wconf 82' lang='lat' dir='ltr'><strong>Ottonis</strong></span> <span class='ocrx_word' id='word_1_537' title='bbox 3369 3247 3564 3300; x_wconf 71' lang='lat' dir='ltr'><strong>desunt</strong></span> <span class='ocrx_word' id='word_1_538' title='bbox 3582 3243 3641 3297; x_wconf 82' lang='grc' dir='ltr'><strong>Ε.</strong></span> <span class='ocrx_word' id='word_1_539' title='bbox 3830 3260 3831 3326; x_wconf 43' lang='grc' dir='ltr'>ξ</span> 
     </span>
    </p>
   </div>
   <div class='ocr_carea' id='block_1_77' title="bbox 2266 3334 3831 3420">
    <p class='ocr_par' dir='ltr' id='par_1_77' title="bbox 2266 3334 3831 3420">
     <span class='ocr_line' id='line_1_77' title="bbox 2266 3334 3831 3420; baseline -0.01 -18"><span class='ocrx_word' id='word_1_540' title='bbox 2266 3348 2442 3420; x_wconf 75' lang='lat' dir='ltr'><strong>(Rieu.</strong></span> <span class='ocrx_word' id='word_1_541' title='bbox 2475 3364 2539 3415; x_wconf 63' lang='grc' dir='ltr'>ιι,</span> <span class='ocrx_word' id='word_1_542' title='bbox 2573 3346 2689 3417; x_wconf 74' lang='grc'><strong>29.)</strong></span> <span class='ocrx_word' id='word_1_543' title='bbox 2721 3345 2853 3400; x_wconf 88' lang='lat' dir='ltr'><strong>Post</strong></span> <span class='ocrx_word' id='word_1_544' title='bbox 2877 3344 2996 3399; x_wconf 86' lang='lat' dir='ltr'><strong>haec</strong></span> <span class='ocrx_word' id='word_1_545' title='bbox 3024 3357 3121 3396; x_wconf 83' lang='lat' dir='ltr'><strong>rex</strong></span> <span class='ocrx_word' id='word_1_546' title='bbox 3159 3339 3290 3396; x_wconf 88' lang='lat' dir='ltr'><strong>Otto</strong></span> <span class='ocrx_word' id='word_1_547' title='bbox 3334 3355 3469 3395; x_wconf 89' lang='lat' dir='ltr'><strong>cum</strong></span> <span class='ocrx_word' id='word_1_548' title='bbox 3504 3334 3761 3392; x_wconf 70' lang='lat' dir='ltr'><strong>Ludewito</strong></span> <span class='ocrx_word' id='word_1_549' title='bbox 3830 3334 3831 3401; x_wconf 43' lang='grc' dir='ltr'><strong>ᾖ</strong></span> 
     </span>
    </p>
   </div>
   <div class='ocr_carea' id='block_1_78' title="bbox 2192 3426 3759 3514">
    <p class='ocr_par' dir='ltr' id='par_1_78' title="bbox 2192 3426 3759 3514">
     <span class='ocr_line' id='line_1_78' title="bbox 2192 3426 3759 3514; baseline -0.01 -17"><span class='ocrx_word' id='word_1_550' title='bbox 2192 3457 2320 3514; x_wconf 54' lang='lat' dir='ltr'><strong>Lege</strong></span> <span class='ocrx_word' id='word_1_551' title='bbox 2347 3457 2444 3511; x_wconf 87' lang='lat' dir='ltr'><strong>per</strong></span> <span class='ocrx_word' id='word_1_552' title='bbox 2465 3440 2770 3509; x_wconf 79' lang='lat' dir='ltr'><strong>legatorum</strong></span> <span class='ocrx_word' id='word_1_553' title='bbox 2821 3437 3188 3505; x_wconf 76' lang='lat' dir='ltr'><strong>interventum</strong></span> <span class='ocrx_word' id='word_1_554' title='bbox 3235 3431 3588 3508; x_wconf 86' lang='lat' dir='ltr'><strong>conciliatur,</strong></span> <span class='ocrx_word' id='word_1_555' title='bbox 3636 3426 3759 3497; x_wconf 75' lang='lat' dir='ltr'><strong>quod</strong></span> 
     </span>
    </p>
   </div>
   <div class='ocr_carea' id='block_1_79' title="bbox 2192 3502 3753 3603">
    <p class='ocr_par' dir='ltr' id='par_1_79' title="bbox 2192 3502 3753 3603">
     <span class='ocr_line' id='line_1_79' title="bbox 2192 3502 3753 3603; baseline -0.011 -15"><span class='ocrx_word' id='word_1_556' title='bbox 2192 3502 2367 3589; x_wconf 61' lang='grc' dir='ltr'><strong>δεῖρπί</strong></span> <span class='ocrx_word' id='word_1_557' title='bbox 2398 3502 2687 3587; x_wconf 74' lang='lat' dir='ltr'><strong>Ludcwico</strong></span> <span class='ocrx_word' id='word_1_558' title='bbox 2708 3537 2896 3603; x_wconf 84' lang='lat' dir='ltr'><strong>postea</strong></span> <span class='ocrx_word' id='word_1_559' title='bbox 2920 3502 3151 3583; x_wconf 89' lang='lat' dir='ltr'><strong>multum</strong></span> <span class='ocrx_word' id='word_1_560' title='bbox 3172 3504 3482 3597; x_wconf 78' lang='lat' dir='ltr'><strong>profecisse</strong></span> <span class='ocrx_word' id='word_1_561' title='bbox 3506 3522 3753 3595; x_wconf 78' lang='lat' dir='ltr'><strong>probatur.</strong></span> 
     </span>
    </p>
   </div>
   <div class='ocr_carea' id='block_1_80' title="bbox 2195 3610 3759 3696">
    <p class='ocr_par' dir='ltr' id='par_1_80' title="bbox 2195 3610 3759 3696">
     <span class='ocr_line' id='line_1_80' title="bbox 2195 3610 3759 3696; baseline -0.007 -16"><span class='ocrx_word' id='word_1_562' title='bbox 2195 3626 2364 3696; x_wconf 70' lang='lat' dir='ltr'><strong>(Win.</strong></span> <span class='ocrx_word' id='word_1_563' title='bbox 2395 3641 2454 3692; x_wconf 89' lang='grc' dir='ltr'>ιι,</span> <span class='ocrx_word' id='word_1_564' title='bbox 2483 3623 2597 3694; x_wconf 84' lang='grc'><strong>⁸59.)</strong></span> <span class='ocrx_word' id='word_1_565' title='bbox 2631 3623 2800 3677; x_wconf 90' lang='lat' dir='ltr'><strong>Soror</strong></span> <span class='ocrx_word' id='word_1_566' title='bbox 2848 3630 3031 3676; x_wconf 88' lang='lat' dir='ltr'><strong>autem</strong></span> <span class='ocrx_word' id='word_1_567' title='bbox 3073 3618 3221 3691; x_wconf 85' lang='lat' dir='ltr'><strong>regis</strong></span> <span class='ocrx_word' id='word_1_568' title='bbox 3266 3618 3548 3688; x_wconf 82' lang='lat' dir='ltr'><strong>Gerberga</strong></span> <span class='ocrx_word' id='word_1_569' title='bbox 3599 3610 3759 3683; x_wconf 73' lang='lat' dir='ltr'><strong>genui!</strong></span> 
     </span>
    </p>
   </div>
   <div class='ocr_carea' id='block_1_81' title="bbox 2194 3702 3757 3781">
    <p class='ocr_par' dir='ltr' id='par_1_81' title="bbox 2194 3702 3757 3781">
     <span class='ocr_line' id='line_1_81' title="bbox 2194 3702 3757 3781; baseline -0.01 -10"><span class='ocrx_word' id='word_1_570' title='bbox 2194 3717 2497 3781; x_wconf 83' lang='lat' dir='ltr'><strong>Ludcwico</strong></span> <span class='ocrx_word' id='word_1_571' title='bbox 2515 3716 2656 3771; x_wconf 89' lang='lat' dir='ltr'><strong>ﬁlios</strong></span> <span class='ocrx_word' id='word_1_572' title='bbox 2680 3715 2839 3781; x_wconf 88' lang='lat' dir='ltr'><strong>duos,</strong></span> <span class='ocrx_word' id='word_1_573' title='bbox 2874 3712 3138 3767; x_wconf 83' lang='lat' dir='ltr'><strong>Karolum</strong></span> <span class='ocrx_word' id='word_1_574' title='bbox 3172 3718 3227 3765; x_wconf 88' lang='lat' dir='ltr'><strong>et</strong></span> <span class='ocrx_word' id='word_1_575' title='bbox 3261 3708 3585 3763; x_wconf 79' lang='lat' dir='ltr'><strong>Lotliarium</strong></span> <span class='ocrx_word' id='word_1_576' title='bbox 3602 3702 3690 3774; x_wconf 82' lang='lat' dir='ltr'><strong>qni</strong></span> <span class='ocrx_word' id='word_1_577' title='bbox 3716 3710 3757 3754; x_wconf 77' lang='lat' dir='ltr'><strong>et</strong></span> 
     </span>
    </p>
   </div>
   <div class='ocr_carea' id='block_1_82' title="bbox 2193 3794 3755 3882">
    <p class='ocr_par' dir='ltr' id='par_1_82' title="bbox 2193 3794 3755 3882">
     <span class='ocr_line' id='line_1_82' title="bbox 2193 3794 3755 3882; baseline -0.014 -16"><span class='ocrx_word' id='word_1_578' title='bbox 2193 3810 2333 3882; x_wconf 89' lang='lat' dir='ltr'><strong>patri</strong></span> <span class='ocrx_word' id='word_1_579' title='bbox 2376 3819 2567 3880; x_wconf 85' lang='lat' dir='ltr'><strong>postea</strong></span> <span class='ocrx_word' id='word_1_580' title='bbox 2635 3806 2921 3864; x_wconf 86' lang='lat' dir='ltr'><strong>successit.</strong></span> <span class='ocrx_word' id='word_1_581' title='bbox 2975 3803 3154 3875; x_wconf 78' lang='lat' dir='ltr'><strong>(Rieu.</strong></span> <span class='ocrx_word' id='word_1_582' title='bbox 3182 3819 3245 3869; x_wconf 86' lang='grc' dir='ltr'>ιι,</span> <span class='ocrx_word' id='word_1_583' title='bbox 3294 3801 3391 3868; x_wconf 74' lang='grc'><strong>47,</strong></span> <span class='ocrx_word' id='word_1_584' title='bbox 3430 3799 3603 3856; x_wconf 66' lang='grc'><strong>48.-</strong></span> <span class='ocrx_word' id='word_1_585' title='bbox 3630 3794 3755 3847; x_wconf 60' lang='grc' dir='ltr'><strong>πυ.</strong></span> 
     </span>
    </p>
   </div>
   <div class='ocr_carea' id='block_1_83' title="bbox 2195 3888 3757 3970">
    <p class='ocr_par' dir='ltr' id='par_1_83' title="bbox 2195 3888 3757 3970">
     <span class='ocr_line' id='line_1_83' title="bbox 2195 3888 3757 3970; baseline -0.013 -12"><span class='ocrx_word' id='word_1_586' title='bbox 2195 3919 2255 3969; x_wconf 92' lang='grc' dir='ltr'>ιι,</span> <span class='ocrx_word' id='word_1_587' title='bbox 2295 3903 2386 3970; x_wconf 80' lang='grc'><strong>59,</strong></span> <span class='ocrx_word' id='word_1_588' title='bbox 2419 3903 2478 3957; x_wconf 67' lang='lat' dir='ltr'><strong>Ill</strong></span> <span class='ocrx_word' id='word_1_589' title='bbox 2513 3919 2528 3969; x_wconf 90' lang='lat'><strong>;</strong></span> <span class='ocrx_word' id='word_1_590' title='bbox 2561 3917 2643 3968; x_wconf 86' lang='grc' dir='ltr'>ιιι,</span> <span class='ocrx_word' id='word_1_591' title='bbox 2678 3901 2700 3953; x_wconf 86' lang='lat' dir='ltr'><strong>l</strong></span> <span class='ocrx_word' id='word_1_592' title='bbox 2733 3899 2881 3970; x_wconf 89' lang='lat' dir='ltr'><strong>sqq.)</strong></span> <span class='ocrx_word' id='word_1_593' title='bbox 2905 3896 3234 3969; x_wconf 68' lang='lat' dir='ltr'><strong>Ludeuieus</strong></span> <span class='ocrx_word' id='word_1_594' title='bbox 3270 3895 3463 3964; x_wconf 82' lang='lat' dir='ltr'><strong>itaque</strong></span> <span class='ocrx_word' id='word_1_595' title='bbox 3491 3908 3523 3947; x_wconf 71' lang='grc' dir='ltr'><strong>ι</strong></span> <span class='ocrx_word' id='word_1_596' title='bbox 3551 3888 3757 3945; x_wconf 75' lang='lat' dir='ltr'><strong>ducibus</strong></span> 
     </span>
    </p>
   </div>
   <div class='ocr_carea' id='block_1_84' title="bbox 2194 3976 3758 4063">
    <p class='ocr_par' dir='ltr' id='par_1_84' title="bbox 2194 3976 3758 4063">
     <span class='ocr_line' id='line_1_84' title="bbox 2194 3976 3758 4063; baseline -0.012 -10"><span class='ocrx_word' id='word_1_597' title='bbox 2194 3996 2310 4052; x_wconf 91' lang='lat' dir='ltr'><strong>suis</strong></span> <span class='ocrx_word' id='word_1_598' title='bbox 2334 3996 2765 4060; x_wconf 88' lang='lat' dir='ltr'><strong>circumventus,</strong></span> <span class='ocrx_word' id='word_1_599' title='bbox 2804 3985 3047 4063; x_wconf 82' lang='lat' dir='ltr'><strong>primum</strong></span> <span class='ocrx_word' id='word_1_600' title='bbox 3085 4004 3115 4043; x_wconf 90' lang='lat' dir='ltr'><strong>a</strong></span> <span class='ocrx_word' id='word_1_601' title='bbox 3168 3984 3663 4045; x_wconf 74' lang='lat' dir='ltr'><strong>Rhodomensibns,</strong></span> <span class='ocrx_word' id='word_1_602' title='bbox 3701 3976 3758 4031; x_wconf 73' lang='lat' dir='ltr'><strong>al</strong></span> 
     </span>
    </p>
   </div>
   <div class='ocr_carea' id='block_1_85' title="bbox 2192 4073 3755 4163">
    <p class='ocr_par' dir='ltr' id='par_1_85' title="bbox 2192 4073 3755 4163">
     <span class='ocr_line' id='line_1_85' title="bbox 2192 4073 3755 4163; baseline -0.013 -16"><span class='ocrx_word' id='word_1_603' title='bbox 2192 4107 2332 4163; x_wconf 84' lang='lat' dir='ltr'><strong>quos</strong></span> <span class='ocrx_word' id='word_1_604' title='bbox 2388 4088 2741 4154; x_wconf 82' lang='lat' dir='ltr'><strong>Hairoldum,</strong></span> <span class='ocrx_word' id='word_1_605' title='bbox 2788 4086 2963 4141; x_wconf 87' lang='lat' dir='ltr'><strong>ﬁlium</strong></span> <span class='ocrx_word' id='word_1_606' title='bbox 3027 4080 3332 4137; x_wconf 85' lang='lat' dir='ltr'><strong>Thurmodi</strong></span> <span class='ocrx_word' id='word_1_607' title='bbox 3409 4073 3755 4148; x_wconf 72' lang='lat' dir='ltr'><strong>Bajocensiam</strong></span> 
     </span>
    </p>
   </div>
   <div class='ocr_carea' id='block_1_86' title="bbox 2191 4164 3831 4255">
    <p class='ocr_par' dir='ltr' id='par_1_86' title="bbox 2191 4164 3831 4255">
     <span class='ocr_line' id='line_1_86' title="bbox 2191 4164 3831 4255; baseline -0.013 -16"><span class='ocrx_word' id='word_1_608' title='bbox 2191 4183 2474 4255; x_wconf 88' lang='lat' dir='ltr'><strong>principis,</strong></span> <span class='ocrx_word' id='word_1_609' title='bbox 2509 4181 2723 4253; x_wconf 90' lang='lat' dir='ltr'><strong>fugiens</strong></span> <span class='ocrx_word' id='word_1_610' title='bbox 2746 4178 2897 4234; x_wconf 89' lang='lat' dir='ltr'><strong>solus</strong></span> <span class='ocrx_word' id='word_1_611' title='bbox 2932 4177 3219 4246; x_wconf 77' lang='lat' dir='ltr'><strong>ingressus</strong></span> <span class='ocrx_word' id='word_1_612' title='bbox 3249 4181 3355 4239; x_wconf 90' lang='lat' dir='ltr'><strong>est,</strong></span> <span class='ocrx_word' id='word_1_613' title='bbox 3386 4171 3588 4241; x_wconf 84' lang='lat' dir='ltr'><strong>capitur</strong></span> <span class='ocrx_word' id='word_1_614' title='bbox 3610 4164 3759 4255; x_wconf 73' lang='lat' dir='ltr'><strong>Baio-</strong></span> 
     </span>
    </p>
   </div>
   <div class='ocr_carea' id='block_1_87' title="bbox 2192 4254 3755 4346">
    <p class='ocr_par' dir='ltr' id='par_1_87' title="bbox 2192 4254 3755 4346">
     <span class='ocr_line' id='line_1_87' title="bbox 2192 4254 3755 4346; baseline -0.009 -16"><span class='ocrx_word' id='word_1_615' title='bbox 2192 4254 2459 4346; x_wconf 81' lang='lat' dir='ltr'><strong>roldoque</strong></span> <span class='ocrx_word' id='word_1_616' title='bbox 2499 4273 2750 4338; x_wconf 88' lang='lat' dir='ltr'><strong>traditur,</strong></span> <span class='ocrx_word' id='word_1_617' title='bbox 2784 4270 2880 4325; x_wconf 92' lang='lat' dir='ltr'><strong>sed</strong></span> <span class='ocrx_word' id='word_1_618' title='bbox 2906 4269 3037 4324; x_wconf 89' lang='lat' dir='ltr'><strong>dato</strong></span> <span class='ocrx_word' id='word_1_619' title='bbox 3072 4267 3291 4321; x_wconf 88' lang='lat' dir='ltr'><strong>minore</strong></span> <span class='ocrx_word' id='word_1_620' title='bbox 3330 4264 3445 4319; x_wconf 87' lang='lat' dir='ltr'><strong>ﬁlio</strong></span> <span class='ocrx_word' id='word_1_621' title='bbox 3467 4260 3658 4322; x_wconf 71' lang='lat' dir='ltr'><strong>obside,</strong></span> <span class='ocrx_word' id='word_1_622' title='bbox 3684 4254 3755 4309; x_wconf 68' lang='lat' dir='ltr'><strong>di-</strong></span> 
     </span>
    </p>
   </div>
   <div class='ocr_carea' id='block_1_88' title="bbox 2192 4346 3831 4433">
    <p class='ocr_par' dir='ltr' id='par_1_88' title="bbox 2192 4346 3831 4433">
     <span class='ocr_line' id='line_1_88' title="bbox 2192 4346 3831 4433; baseline -0.012 -12"><span class='ocrx_word' id='word_1_623' title='bbox 2192 4365 2446 4433; x_wconf 84' lang='lat' dir='ltr'><strong>mittitur,</strong></span> <span class='ocrx_word' id='word_1_624' title='bbox 2480 4363 2775 4433; x_wconf 86' lang='lat' dir='ltr'><strong>statimque</strong></span> <span class='ocrx_word' id='word_1_625' title='bbox 2804 4376 2836 4415; x_wconf 91' lang='lat' dir='ltr'><strong>a</strong></span> <span class='ocrx_word' id='word_1_626' title='bbox 2872 4359 3013 4415; x_wconf 90' lang='lat' dir='ltr'><strong>duce</strong></span> <span class='ocrx_word' id='word_1_627' title='bbox 3056 4356 3289 4428; x_wconf 76' lang='lat' dir='ltr'><strong>llugone</strong></span> <span class='ocrx_word' id='word_1_628' title='bbox 3321 4363 3531 4425; x_wconf 85' lang='lat' dir='ltr'><strong>captus,</strong></span> <span class='ocrx_word' id='word_1_629' title='bbox 3558 4346 3756 4418; x_wconf 70' lang='lat' dir='ltr'><strong>Lugdu-</strong></span> 
     </span>
    </p>
   </div>
   <div class='ocr_carea' id='block_1_89' title="bbox 2192 4439 3751 4524">
    <p class='ocr_par' dir='ltr' id='par_1_89' title="bbox 2192 4439 3751 4524">
     <span class='ocr_line' id='line_1_89' title="bbox 2192 4439 3751 4524; baseline -0.011 -11"><span class='ocrx_word' id='word_1_630' title='bbox 2192 4474 2324 4512; x_wconf 89' lang='lat' dir='ltr'><strong>num</strong></span> <span class='ocrx_word' id='word_1_631' title='bbox 2360 4457 2463 4513; x_wconf 88' lang='lat' dir='ltr'><strong>sub</strong></span> <span class='ocrx_word' id='word_1_632' title='bbox 2493 4455 2740 4511; x_wconf 90' lang='lat' dir='ltr'><strong>custodia</strong></span> <span class='ocrx_word' id='word_1_633' title='bbox 2779 4452 2995 4524; x_wconf 87' lang='lat' dir='ltr'><strong>publica</strong></span> <span class='ocrx_word' id='word_1_634' title='bbox 3026 4458 3111 4505; x_wconf 90' lang='lat' dir='ltr'><strong>est</strong></span> <span class='ocrx_word' id='word_1_635' title='bbox 3152 4450 3385 4504; x_wconf 88' lang='lat' dir='ltr'><strong>missus.</strong></span> <span class='ocrx_word' id='word_1_636' title='bbox 3423 4446 3515 4501; x_wconf 81' lang='lat' dir='ltr'><strong>llis</strong></span> <span class='ocrx_word' id='word_1_637' title='bbox 3551 4439 3751 4496; x_wconf 75' lang='lat' dir='ltr'><strong>auditis.</strong></span> 
     </span>
    </p>
   </div>
   <div class='ocr_carea' id='block_1_90' title="bbox 494 4533 3751 4621">
    <p class='ocr_par' dir='ltr' id='par_1_90' title="bbox 494 4533 3751 4621">
     <span class='ocr_line' id='line_1_90' title="bbox 494 4533 3751 4621; baseline -0.001 -25"><span class='ocrx_word' id='word_1_638' title='bbox 494 4540 603 4597; x_wconf 83' lang='lat' dir='ltr'><strong>illis</strong></span> <span class='ocrx_word' id='word_1_639' title='bbox 645 4541 859 4610; x_wconf 90' lang='lat' dir='ltr'><strong>diebus,</strong></span> <span class='ocrx_word' id='word_1_640' title='bbox 896 4543 1294 4605; x_wconf 84' lang='lat' dir='ltr'><strong>affirmantibus</strong></span> <span class='ocrx_word' id='word_1_641' title='bbox 1330 4547 1662 4617; x_wconf 87' lang='lat' dir='ltr'><strong>quibusdam</strong></span> <span class='ocrx_word' id='word_1_642' title='bbox 1712 4548 2084 4618; x_wconf 88' lang='lat' dir='ltr'><strong>pontiﬁcibus,</strong></span> <span class='ocrx_word' id='word_1_643' title='bbox 2117 4561 2164 4621; x_wconf 86' lang='grc' dir='ltr'>ι)</span> <span class='ocrx_word' id='word_1_644' title='bbox 2191 4567 2285 4606; x_wconf 85' lang='lat' dir='ltr'><strong>rex</strong></span> <span class='ocrx_word' id='word_1_645' title='bbox 2328 4564 2492 4619; x_wconf 89' lang='lat' dir='ltr'><strong>super</strong></span> <span class='ocrx_word' id='word_1_646' title='bbox 2519 4547 2683 4603; x_wconf 88' lang='lat' dir='ltr'><strong>amici</strong></span> <span class='ocrx_word' id='word_1_647' title='bbox 2725 4545 2947 4601; x_wconf 87' lang='lat' dir='ltr'><strong>fortuna</strong></span> <span class='ocrx_word' id='word_1_648' title='bbox 2984 4542 3119 4599; x_wconf 90' lang='lat' dir='ltr'><strong>satis</strong></span> <span class='ocrx_word' id='word_1_649' title='bbox 3153 4540 3353 4605; x_wconf 86' lang='lat' dir='ltr'><strong>doluit,</strong></span> <span class='ocrx_word' id='word_1_650' title='bbox 3392 4533 3751 4609; x_wconf 59' lang='lat' dir='ltr'><strong>impenvilqcf</strong></span> 
     </span>
    </p>
   </div>
   <div class='ocr_carea' id='block_1_91' title="bbox 494 4632 3831 4714">
    <p class='ocr_par' dir='ltr' id='par_1_91' title="bbox 494 4632 3831 4714">
     <span class='ocr_line' id='line_1_91' title="bbox 494 4632 3831 4714; baseline -0.003 -25"><span class='ocrx_word' id='word_1_651' title='bbox 494 4634 694 4691; x_wconf 89' lang='lat' dir='ltr'><strong>melius</strong></span> <span class='ocrx_word' id='word_1_652' title='bbox 721 4634 892 4693; x_wconf 75' lang='lat' dir='ltr'><strong>videri</strong></span> <span class='ocrx_word' id='word_1_653' title='bbox 916 4651 1123 4708; x_wconf 92' lang='lat' dir='ltr'><strong>paucos</strong></span> <span class='ocrx_word' id='word_1_654' title='bbox 1149 4637 1259 4697; x_wconf 82' lang='lat' dir='ltr'><strong>vita</strong></span> <span class='ocrx_word' id='word_1_655' title='bbox 1284 4638 1461 4694; x_wconf 88' lang='lat' dir='ltr'><strong>claros</strong></span> <span class='ocrx_word' id='word_1_656' title='bbox 1491 4655 1657 4710; x_wconf 91' lang='lat' dir='ltr'><strong>quam</strong></span> <span class='ocrx_word' id='word_1_657' title='bbox 1692 4640 1877 4710; x_wconf 89' lang='lat' dir='ltr'><strong>plures</strong></span> <span class='ocrx_word' id='word_1_658' title='bbox 1902 4641 2084 4711; x_wconf 87' lang='lat' dir='ltr'><strong>negle—</strong></span> <span class='ocrx_word' id='word_1_659' title='bbox 2187 4641 2586 4714; x_wconf 84' lang='lat' dir='ltr'><strong>expeditionem</strong></span> <span class='ocrx_word' id='word_1_660' title='bbox 2612 4640 2667 4694; x_wconf 92' lang='lat' dir='ltr'><strong>in</strong></span> <span class='ocrx_word' id='word_1_661' title='bbox 2698 4637 2929 4695; x_wconf 90' lang='lat' dir='ltr'><strong>Galliam</strong></span> <span class='ocrx_word' id='word_1_662' title='bbox 2958 4644 3148 4691; x_wconf 90' lang='lat' dir='ltr'><strong>contra</strong></span> <span class='ocrx_word' id='word_1_663' title='bbox 3172 4632 3462 4705; x_wconf 83' lang='lat' dir='ltr'><strong>Hugonem</strong></span> <span class='ocrx_word' id='word_1_664' title='bbox 3489 4632 3537 4685; x_wconf 90' lang='lat' dir='ltr'><strong>in</strong></span> <span class='ocrx_word' id='word_1_665' title='bbox 3561 4638 3747 4681; x_wconf 70' lang='lat' dir='ltr'><strong>annua</strong></span> 
     </span>
    </p>
   </div>
   <div class='ocr_carea' id='block_1_92' title="bbox 495 4718 2090 4802">
    <p class='ocr_par' dir='ltr' id='par_1_92' title="bbox 495 4718 2086 4802">
     <span class='ocr_line' id='line_1_92' title="bbox 495 4718 2086 4802; baseline 0.004 -21"><span class='ocrx_word' id='word_1_666' title='bbox 495 4735 684 4797; x_wconf 82' lang='lat' dir='ltr'><strong>gentes</strong></span> <span class='ocrx_word' id='word_1_667' title='bbox 714 4727 769 4782; x_wconf 91' lang='lat' dir='ltr'><strong>in</strong></span> <span class='ocrx_word' id='word_1_668' title='bbox 814 4729 1166 4786; x_wconf 85' lang='lat' dir='ltr'><strong>monasteriis</strong></span> <span class='ocrx_word' id='word_1_669' title='bbox 1208 4745 1349 4797; x_wconf 90' lang='lat' dir='ltr'><strong>esse,</strong></span> <span class='ocrx_word' id='word_1_670' title='bbox 1395 4718 1624 4802; x_wconf 87' lang='lat' dir='ltr'><strong>ideoque</strong></span> <span class='ocrx_word' id='word_1_671' title='bbox 1664 4742 1917 4802; x_wconf 90' lang='lat' dir='ltr'><strong>oportere</strong></span> <span class='ocrx_word' id='word_1_672' title='bbox 1952 4749 2086 4787; x_wconf 92' lang='lat' dir='ltr'><strong>con—</strong></span> 
     </span>
    </p>
   </div>
   <div class='ocr_carea' id='block_1_93' title="bbox 2202 4718 3831 4802">
    <p class='ocr_par' dir='ltr' id='par_1_93' title="bbox 2202 4718 3831 4791">
     <span class='ocr_line' id='line_1_93' title="bbox 2202 4718 3831 4791; baseline -0.017 0"><span class='ocrx_word' id='word_1_673' title='bbox 2202 4733 2510 4791; x_wconf 72' lang='lat' dir='ltr'><strong>secundum.</strong></span> <span class='ocrx_word' id='word_1_674' title='bbox 2549 4731 2643 4787; x_wconf 88' lang='lat' dir='ltr'><strong>Ille</strong></span> <span class='ocrx_word' id='word_1_675' title='bbox 2672 4745 2853 4785; x_wconf 87' lang='lat' dir='ltr'><strong>annus</strong></span> <span class='ocrx_word' id='word_1_676' title='bbox 2888 4725 3149 4783; x_wconf 88' lang='lat' dir='ltr'><strong>notabilis</strong></span> <span class='ocrx_word' id='word_1_677' title='bbox 3176 4723 3359 4779; x_wconf 89' lang='lat' dir='ltr'><strong>factus</strong></span> <span class='ocrx_word' id='word_1_678' title='bbox 3387 4730 3470 4778; x_wconf 90' lang='lat' dir='ltr'><strong>est</strong></span> <span class='ocrx_word' id='word_1_679' title='bbox 3499 4720 3557 4775; x_wconf 84' lang='lat' dir='ltr'><strong>de</strong></span> <span class='ocrx_word' id='word_1_680' title='bbox 3582 4722 3745 4770; x_wconf 72' lang='lat' dir='ltr'><strong>morte</strong></span> <span class='ocrx_word' id='word_1_681' title='bbox 3830 4718 3831 4759; x_wconf 65' lang='lat'>1</span> 
     </span>
    </p>
   </div>
   <div class='ocr_carea' id='block_1_94' title="bbox 496 4818 2082 4895">
    <p class='ocr_par' dir='ltr' id='par_1_94' title="bbox 496 4818 2082 4895">
     <span class='ocr_line' id='line_1_94' title="bbox 496 4818 2082 4895; baseline 0.005 -25"><span class='ocrx_word' id='word_1_682' title='bbox 496 4818 841 4874; x_wconf 87' lang='lat' dir='ltr'><strong>versationes</strong></span> <span class='ocrx_word' id='word_1_683' title='bbox 864 4835 1057 4876; x_wconf 90' lang='lat' dir='ltr'><strong>eorum</strong></span> <span class='ocrx_word' id='word_1_684' title='bbox 1080 4837 1175 4895; x_wconf 84' lang='lat' dir='ltr'><strong>per</strong></span> <span class='ocrx_word' id='word_1_685' title='bbox 1203 4822 1538 4883; x_wconf 86' lang='lat' dir='ltr'><strong>monasteria</strong></span> <span class='ocrx_word' id='word_1_686' title='bbox 1561 4822 1870 4893; x_wconf 89' lang='lat' dir='ltr'><strong>perspicere</strong></span> <span class='ocrx_word' id='word_1_687' title='bbox 1895 4831 1949 4879; x_wconf 89' lang='lat' dir='ltr'><strong>ct</strong></span> <span class='ocrx_word' id='word_1_688' title='bbox 1973 4839 2082 4878; x_wconf 91' lang='lat' dir='ltr'><strong>non</strong></span> 
     </span>
    </p>
   </div>
   <div class='ocr_carea' id='block_1_95' title="bbox 495 4909 2086 4989">
    <p class='ocr_par' dir='ltr' id='par_1_95' title="bbox 495 4909 2086 4989">
     <span class='ocr_line' id='line_1_95' title="bbox 495 4909 2086 4989; baseline 0.005 -26"><span class='ocrx_word' id='word_1_689' title='bbox 495 4909 633 4965; x_wconf 90' lang='lat' dir='ltr'><strong>bene</strong></span> <span class='ocrx_word' id='word_1_690' title='bbox 662 4921 1049 4969; x_wconf 88' lang='lat' dir='ltr'><strong>conversantes</strong></span> <span class='ocrx_word' id='word_1_691' title='bbox 1086 4913 1351 4989; x_wconf 88' lang='lat' dir='ltr'><strong>abjicere,</strong></span> <span class='ocrx_word' id='word_1_692' title='bbox 1381 4913 1637 4982; x_wconf 22' lang='lat' dir='ltr'><strong>obliti,,ni</strong></span> <span class='ocrx_word' id='word_1_693' title='bbox 1659 4913 1836 4983; x_wconf 89' lang='lat' dir='ltr'><strong>fallor,</strong></span> <span class='ocrx_word' id='word_1_694' title='bbox 1868 4923 2086 4971; x_wconf 90' lang='lat' dir='ltr'><strong>senten-</strong></span> 
     </span>
    </p>
   </div>
   <div class='ocr_carea' id='block_1_96' title="bbox 497 5000 2086 5076">
    <p class='ocr_par' dir='ltr' id='par_1_96' title="bbox 497 5000 2086 5076">
     <span class='ocr_line' id='line_1_96' title="bbox 497 5000 2086 5076; baseline 0.006 -22"><span class='ocrx_word' id='word_1_695' title='bbox 497 5000 585 5056; x_wconf 77' lang='lat' dir='ltr'><strong>tia:</strong></span> <span class='ocrx_word' id='word_1_696' title='bbox 607 5002 1017 5072; x_wconf 88' lang='lat' dir='ltr'><strong>patrisfamilias</strong></span> <span class='ocrx_word' id='word_1_697' title='bbox 1041 5005 1152 5073; x_wconf 74' lang='grc'>¹⁶¹⁸,</span> <span class='ocrx_word' id='word_1_698' title='bbox 1186 5006 1528 5076; x_wconf 82' lang='lat' dir='ltr'><strong>prohibentis</strong></span> <span class='ocrx_word' id='word_1_699' title='bbox 1564 5022 1752 5063; x_wconf 88' lang='lat' dir='ltr'><strong>servos</strong></span> <span class='ocrx_word' id='word_1_700' title='bbox 1786 5008 1994 5063; x_wconf 85' lang='lat' dir='ltr'><strong>zizauia</strong></span> <span class='ocrx_word' id='word_1_701' title='bbox 2018 5008 2086 5064; x_wconf 91' lang='lat' dir='ltr'><strong>de</strong></span> 
     </span>
    </p>
   </div>
   <div class='ocr_carea' id='block_1_97' title="bbox 499 5093 2084 5168">
    <p class='ocr_par' dir='ltr' id='par_1_97' title="bbox 499 5093 2084 5168">
     <span class='ocr_line' id='line_1_97' title="bbox 499 5093 2084 5168; baseline 0.006 -22"><span class='ocrx_word' id='word_1_702' title='bbox 499 5093 681 5149; x_wconf 91' lang='lat' dir='ltr'><strong>tritico</strong></span> <span class='ocrx_word' id='word_1_703' title='bbox 701 5111 910 5165; x_wconf 88' lang='lat' dir='ltr'><strong>eruere,</strong></span> <span class='ocrx_word' id='word_1_704' title='bbox 942 5098 1037 5153; x_wconf 92' lang='lat' dir='ltr'><strong>sed</strong></span> <span class='ocrx_word' id='word_1_705' title='bbox 1079 5098 1259 5154; x_wconf 90' lang='lat' dir='ltr'><strong>sinere</strong></span> <span class='ocrx_word' id='word_1_706' title='bbox 1297 5106 1530 5168; x_wconf 88' lang='lat' dir='ltr'><strong>utraque</strong></span> <span class='ocrx_word' id='word_1_707' title='bbox 1576 5098 1643 5153; x_wconf 89' lang='lat' dir='ltr'><strong>ad</strong></span> <span class='ocrx_word' id='word_1_708' title='bbox 1691 5115 1923 5155; x_wconf 90' lang='lat' dir='ltr'><strong>messem</strong></span> <span class='ocrx_word' id='word_1_709' title='bbox 1962 5117 2084 5156; x_wconf 91' lang='lat' dir='ltr'><strong>erc-</strong></span> 
     </span>
    </p>
   </div>
   <div class='ocr_carea' id='block_1_98' title="bbox 497 5189 2083 5258">
    <p class='ocr_par' dir='ltr' id='par_1_98' title="bbox 497 5189 2083 5258">
     <span class='ocr_line' id='line_1_98' title="bbox 497 5189 2083 5258; baseline 0.006 -21"><span class='ocrx_word' id='word_1_710' title='bbox 497 5199 671 5253; x_wconf 85' lang='lat' dir='ltr'><strong>scere,</strong></span> <span class='ocrx_word' id='word_1_711' title='bbox 703 5203 790 5253; x_wconf 91' lang='lat' dir='ltr'><strong>ne,</strong></span> <span class='ocrx_word' id='word_1_712' title='bbox 828 5204 939 5244; x_wconf 89' lang='lat' dir='ltr'><strong>uno</strong></span> <span class='ocrx_word' id='word_1_713' title='bbox 978 5189 1196 5245; x_wconf 84' lang='lat' dir='ltr'><strong>incaute</strong></span> <span class='ocrx_word' id='word_1_714' title='bbox 1225 5190 1520 5258; x_wconf 85' lang='lat' dir='ltr'><strong>eradicato,</strong></span> <span class='ocrx_word' id='word_1_715' title='bbox 1546 5190 1806 5245; x_wconf 88' lang='lat' dir='ltr'><strong>damnum</strong></span> <span class='ocrx_word' id='word_1_716' title='bbox 1848 5192 2001 5247; x_wconf 84' lang='lat' dir='ltr'><strong>ﬁeret</strong></span> <span class='ocrx_word' id='word_1_717' title='bbox 2029 5193 2083 5247; x_wconf 92' lang='lat' dir='ltr'><strong>in</strong></span> 
     </span>
    </p>
   </div>
   <div class='ocr_carea' id='block_1_99' title="bbox 498 5277 2084 5356">
    <p class='ocr_par' dir='ltr' id='par_1_99' title="bbox 498 5277 2084 5356">
     <span class='ocr_line' id='line_1_99' title="bbox 498 5277 2084 5356; baseline 0.007 -26"><span class='ocrx_word' id='word_1_718' title='bbox 498 5277 689 5333; x_wconf 85' lang='lat' dir='ltr'><strong>altero.</strong></span> <span class='ocrx_word' id='word_1_719' title='bbox 722 5277 879 5345; x_wconf 83' lang='lat' dir='ltr'><strong>Quod</strong></span> <span class='ocrx_word' id='word_1_720' title='bbox 915 5289 971 5336; x_wconf 91' lang='lat' dir='ltr'><strong>et</strong></span> <span class='ocrx_word' id='word_1_721' title='bbox 994 5281 1048 5336; x_wconf 92' lang='lat' dir='ltr'><strong>in</strong></span> <span class='ocrx_word' id='word_1_722' title='bbox 1084 5282 1171 5338; x_wconf 85' lang='lat' dir='ltr'><strong>his</strong></span> <span class='ocrx_word' id='word_1_723' title='bbox 1200 5281 1404 5339; x_wconf 87' lang='lat' dir='ltr'><strong>factum</strong></span> <span class='ocrx_word' id='word_1_724' title='bbox 1445 5292 1544 5339; x_wconf 89' lang='lat' dir='ltr'><strong>est.</strong></span> <span class='ocrx_word' id='word_1_725' title='bbox 1586 5282 1721 5338; x_wconf 88' lang='lat' dir='ltr'><strong>Nam</strong></span> <span class='ocrx_word' id='word_1_726' title='bbox 1750 5284 1932 5355; x_wconf 90' lang='lat' dir='ltr'><strong>plures</strong></span> <span class='ocrx_word' id='word_1_727' title='bbox 1953 5301 2084 5356; x_wconf 85' lang='lat' dir='ltr'><strong>pro-</strong></span> 
     </span>
    </p>
   </div>
   <div class='ocr_carea' id='block_1_100' title="bbox 501 5369 2085 5448">
    <p class='ocr_par' dir='ltr' id='par_1_100' title="bbox 501 5369 2085 5448">
     <span class='ocr_line' id='line_1_100' title="bbox 501 5369 2085 5448; baseline 0.008 -23"><span class='ocrx_word' id='word_1_728' title='bbox 501 5369 631 5440; x_wconf 65' lang='lat' dir='ltr'><strong>priae</strong></span> <span class='ocrx_word' id='word_1_729' title='bbox 647 5371 980 5430; x_wconf 85' lang='lat' dir='ltr'><strong>inﬁrmitatis</strong></span> <span class='ocrx_word' id='word_1_730' title='bbox 993 5376 1224 5443; x_wconf 90' lang='lat' dir='ltr'><strong>conscii,</strong></span> <span class='ocrx_word' id='word_1_731' title='bbox 1239 5376 1488 5448; x_wconf 90' lang='lat' dir='ltr'><strong>deposito</strong></span> <span class='ocrx_word' id='word_1_732' title='bbox 1498 5377 1689 5434; x_wconf 88' lang='lat' dir='ltr'><strong>habitu</strong></span> <span class='ocrx_word' id='word_1_733' title='bbox 1704 5386 1759 5433; x_wconf 90' lang='lat' dir='ltr'><strong>et</strong></span> <span class='ocrx_word' id='word_1_734' title='bbox 1776 5379 1981 5436; x_wconf 83' lang='lat' dir='ltr'><strong>relictis</strong></span> <span class='ocrx_word' id='word_1_735' title='bbox 1995 5380 2085 5413; x_wconf 72' lang='grc'><strong>³⁸⁸⁸</strong></span> 
     </span>
    </p>
   </div>
   <div class='ocr_carea' id='block_1_101' title="bbox 2195 4814 3745 4897">
    <p class='ocr_par' dir='ltr' id='par_1_101' title="bbox 2195 4814 3745 4897">
     <span class='ocr_line' id='line_1_101' title="bbox 2195 4814 3745 4897; baseline -0.017 -17"><span class='ocrx_word' id='word_1_736' title='bbox 2195 4826 2383 4882; x_wconf 84' lang='lat' dir='ltr'><strong>Edidis</strong></span> <span class='ocrx_word' id='word_1_737' title='bbox 2407 4826 2627 4897; x_wconf 70' lang='lat' dir='ltr'><strong>reginm,</strong></span> <span class='ocrx_word' id='word_1_738' title='bbox 2653 4822 2704 4878; x_wconf 90' lang='lat'><strong>7.</strong></span> <span class='ocrx_word' id='word_1_739' title='bbox 2730 4820 2957 4887; x_wconf 83' lang='lat' dir='ltr'><strong>Kalend.</strong></span> <span class='ocrx_word' id='word_1_740' title='bbox 2996 4818 3159 4873; x_wconf 89' lang='lat' dir='ltr'><strong>Febr.</strong></span> <span class='ocrx_word' id='word_1_741' title='bbox 3193 4815 3482 4878; x_wconf 58' lang='lat' dir='ltr'><strong>defuncte,</strong></span> <span class='ocrx_word' id='word_1_742' title='bbox 3502 4822 3603 4882; x_wconf 71' lang='lat' dir='ltr'><strong>qua:</strong></span> <span class='ocrx_word' id='word_1_743' title='bbox 3626 4814 3745 4858; x_wconf 78' lang='lat' dir='ltr'><strong>nata</strong></span> 
     </span>
    </p>
   </div>
   <div class='ocr_carea' id='block_1_102' title="bbox 2195 4897 3745 4994">
    <p class='ocr_par' dir='ltr' id='par_1_102' title="bbox 2195 4897 3745 4994">
     <span class='ocr_line' id='line_1_102' title="bbox 2195 4897 3745 4994; baseline -0.014 -20"><span class='ocrx_word' id='word_1_744' title='bbox 2195 4936 2260 4974; x_wconf 77' lang='lat' dir='ltr'><strong>ex</strong></span> <span class='ocrx_word' id='word_1_745' title='bbox 2315 4926 2472 4991; x_wconf 88' lang='lat' dir='ltr'><strong>gente</strong></span> <span class='ocrx_word' id='word_1_746' title='bbox 2521 4916 2843 4988; x_wconf 84' lang='lat' dir='ltr'><strong>Anglorum,</strong></span> <span class='ocrx_word' id='word_1_747' title='bbox 2885 4928 2995 4967; x_wconf 88' lang='lat' dir='ltr'><strong>non</strong></span> <span class='ocrx_word' id='word_1_748' title='bbox 3044 4910 3233 4965; x_wconf 78' lang='lat' dir='ltr'><strong>minus</strong></span> <span class='ocrx_word' id='word_1_749' title='bbox 3275 4914 3462 4963; x_wconf 86' lang='lat' dir='ltr'><strong>sancta</strong></span> <span class='ocrx_word' id='word_1_750' title='bbox 3512 4897 3745 4994; x_wconf 32' lang='lat' dir='ltr'><strong>religio?</strong></span> 
     </span>
    </p>
   </div>
   <div class='ocr_carea' id='block_1_103' title="bbox 2189 4994 3743 5080">
    <p class='ocr_par' dir='ltr' id='par_1_103' title="bbox 2189 4994 3743 5080">
     <span class='ocr_line' id='line_1_103' title="bbox 2189 4994 3743 5080; baseline -0.012 -17"><span class='ocrx_word' id='word_1_751' title='bbox 2189 5024 2354 5080; x_wconf 75' lang='lat' dir='ltr'><strong>quam</strong></span> <span class='ocrx_word' id='word_1_752' title='bbox 2385 4998 2576 5079; x_wconf 84' lang='lat' dir='ltr'><strong>regali</strong></span> <span class='ocrx_word' id='word_1_753' title='bbox 2623 5005 2866 5078; x_wconf 88' lang='lat' dir='ltr'><strong>potentia</strong></span> <span class='ocrx_word' id='word_1_754' title='bbox 2905 5002 3121 5059; x_wconf 88' lang='lat' dir='ltr'><strong>claruit.</strong></span> <span class='ocrx_word' id='word_1_755' title='bbox 3174 4999 3376 5055; x_wconf 79' lang='lat' dir='ltr'><strong>Decem</strong></span> <span class='ocrx_word' id='word_1_756' title='bbox 3428 4994 3565 5051; x_wconf 87' lang='lat' dir='ltr'><strong>annis</strong></span> <span class='ocrx_word' id='word_1_757' title='bbox 3592 5002 3743 5056; x_wconf 58' lang='lat' dir='ltr'><strong>res!!!</strong></span> 
     </span>
    </p>
   </div>
   <div class='ocr_carea' id='block_1_104' title="bbox 2188 5088 3741 5177">
    <p class='ocr_par' dir='ltr' id='par_1_104' title="bbox 2188 5088 3741 5177">
     <span class='ocr_line' id='line_1_104' title="bbox 2188 5088 3741 5177; baseline -0.012 -18"><span class='ocrx_word' id='word_1_758' title='bbox 2188 5101 2467 5160; x_wconf 90' lang='lat' dir='ltr'><strong>consortia</strong></span> <span class='ocrx_word' id='word_1_759' title='bbox 2524 5101 2719 5168; x_wconf 89' lang='lat' dir='ltr'><strong>tenuit,</strong></span> <span class='ocrx_word' id='word_1_760' title='bbox 2768 5097 3058 5154; x_wconf 87' lang='lat' dir='ltr'><strong>undecimo</strong></span> <span class='ocrx_word' id='word_1_761' title='bbox 3093 5093 3253 5161; x_wconf 81' lang='lat' dir='ltr'><strong>obiit,</strong></span> <span class='ocrx_word' id='word_1_762' title='bbox 3308 5088 3573 5146; x_wconf 83' lang='lat' dir='ltr'><strong>Saxoniam</strong></span> 
     </span>
    </p>
   </div>
   <div class='ocr_carea' id='block_1_105' title="bbox 2192 5169 3743 5258">
    <p class='ocr_par' dir='ltr' id='par_1_105' title="bbox 2192 5169 3743 5258">
     <span class='ocr_line' id='line_1_105' title="bbox 2192 5169 3743 5258; baseline -0.014 -8"><span class='ocrx_word' id='word_1_763' title='bbox 2192 5196 2258 5252; x_wconf 76' lang='grc'><strong>19</strong></span> <span class='ocrx_word' id='word_1_764' title='bbox 2288 5195 2450 5251; x_wconf 90' lang='lat' dir='ltr'><strong>annis</strong></span> <span class='ocrx_word' id='word_1_765' title='bbox 2498 5176 2842 5248; x_wconf 80' lang='lat' dir='ltr'><strong>inhabitavit.</strong></span> <span class='ocrx_word' id='word_1_766' title='bbox 2890 5187 3133 5258; x_wconf 76' lang='lat' dir='ltr'><strong>Reliquit</strong></span> <span class='ocrx_word' id='word_1_767' title='bbox 3185 5185 3359 5240; x_wconf 88' lang='lat' dir='ltr'><strong>ﬁlium</strong></span> <span class='ocrx_word' id='word_1_768' title='bbox 3403 5169 3743 5237; x_wconf 52' lang='lat' dir='ltr'><strong>nomineL!!!&quot;</strong></span> 
     </span>
    </p>
   </div>
   <div class='ocr_carea' id='block_1_106' title="bbox 2191 5274 3739 5352">
    <p class='ocr_par' dir='ltr' id='par_1_106' title="bbox 2191 5274 3739 5352">
     <span class='ocr_line' id='line_1_106' title="bbox 2191 5274 3739 5352; baseline -0.01 -13"><span class='ocrx_word' id='word_1_769' title='bbox 2191 5283 2404 5352; x_wconf 81' lang='lat' dir='ltr'><strong>tolfum,</strong></span> <span class='ocrx_word' id='word_1_770' title='bbox 2459 5284 2610 5338; x_wconf 90' lang='lat' dir='ltr'><strong>omni</strong></span> <span class='ocrx_word' id='word_1_771' title='bbox 2652 5282 2852 5337; x_wconf 88' lang='lat' dir='ltr'><strong>virtute</strong></span> <span class='ocrx_word' id='word_1_772' title='bbox 2905 5280 3075 5334; x_wconf 89' lang='lat' dir='ltr'><strong>animi</strong></span> <span class='ocrx_word' id='word_1_773' title='bbox 3123 5287 3179 5333; x_wconf 89' lang='lat' dir='ltr'><strong>et</strong></span> <span class='ocrx_word' id='word_1_774' title='bbox 3226 5276 3468 5348; x_wconf 89' lang='lat' dir='ltr'><strong>corporis</strong></span> <span class='ocrx_word' id='word_1_775' title='bbox 3500 5285 3551 5326; x_wconf 76' lang='lat' dir='ltr'><strong>ea</strong></span> <span class='ocrx_word' id='word_1_776' title='bbox 3580 5274 3739 5319; x_wconf 60' lang='grc' dir='ltr'><strong>νοω</strong></span> 
     </span>
    </p>
   </div>
   <div class='ocr_carea' id='block_1_107' title="bbox 2189 5357 3831 5445">
    <p class='ocr_par' dir='ltr' id='par_1_107' title="bbox 2189 5357 3831 5445">
     <span class='ocr_line' id='line_1_107' title="bbox 2189 5357 3831 5445; baseline 0.003 -14"><span class='ocrx_word' id='word_1_777' title='bbox 2189 5378 2324 5432; x_wconf 86' lang='lat' dir='ltr'><strong>nulli</strong></span> <span class='ocrx_word' id='word_1_778' title='bbox 2351 5377 2675 5443; x_wconf 88' lang='lat' dir='ltr'><strong>secundum,</strong></span> <span class='ocrx_word' id='word_1_779' title='bbox 2698 5375 2866 5431; x_wconf 86' lang='lat' dir='ltr'><strong>ﬁliam</strong></span> <span class='ocrx_word' id='word_1_780' title='bbox 2896 5387 3116 5445; x_wconf 83' lang='lat' dir='ltr'><strong>quoque</strong></span> <span class='ocrx_word' id='word_1_781' title='bbox 3137 5370 3363 5426; x_wconf 83' lang='lat' dir='ltr'><strong>nomine</strong></span> <span class='ocrx_word' id='word_1_782' title='bbox 3403 5357 3737 5433; x_wconf 67' lang='lat' dir='ltr'><strong>Litth</strong></span> 
     </span>
    </p>
   </div>
   <div class='ocr_carea' id='block_1_108' title="bbox 1779 5540 2466 5599">
    <p class='ocr_par' dir='ltr' id='par_1_108' title="bbox 1779 5540 2466 5599">
     <span class='ocr_line' id='line_1_108' title="bbox 1779 5540 2466 5599; baseline -0.003 -4"><span class='ocrx_word' id='word_1_783' title='bbox 1779 5540 2018 5597; x_wconf 77' lang='lat' dir='ltr'><strong>VARle</strong></span> <span class='ocrx_word' id='word_1_784' title='bbox 2058 5541 2466 5599; x_wconf 83' lang='lat' dir='ltr'><strong>LECTIONES.</strong></span> 
     </span>
    </p>
   </div>
   <div class='ocr_carea' id='block_1_109' title="bbox 1101 5630 3831 5724">
    <p class='ocr_par' dir='ltr' id='par_1_109' title="bbox 1101 5630 3831 5724">
     <span class='ocr_line' id='line_1_109' title="bbox 1101 5630 3831 5724; baseline 0.003 -18"><span class='ocrx_word' id='word_1_785' title='bbox 1101 5653 1190 5684; x_wconf 56' lang='grc' dir='ltr'><strong>’δίο</strong></span> <span class='ocrx_word' id='word_1_786' title='bbox 1215 5652 1471 5709; x_wconf 79' lang='lat' dir='ltr'><strong>infundas</strong></span> <span class='ocrx_word' id='word_1_787' title='bbox 1492 5655 1546 5708; x_wconf 68' lang='lat'><strong>2.</strong></span> <span class='ocrx_word' id='word_1_788' title='bbox 1627 5654 1715 5686; x_wconf 74' lang='lat'>““</span> <span class='ocrx_word' id='word_1_789' title='bbox 1746 5661 1798 5708; x_wconf 83' lang='lat' dir='ltr'><strong>te</strong></span> <span class='ocrx_word' id='word_1_790' title='bbox 1822 5653 1980 5709; x_wconf 85' lang='lat' dir='ltr'><strong>video</strong></span> <span class='ocrx_word' id='word_1_791' title='bbox 2002 5653 2099 5709; x_wconf 90' lang='lat' dir='ltr'><strong>Dl.</strong></span> <span class='ocrx_word' id='word_1_792' title='bbox 2182 5652 2273 5686; x_wconf 71' lang='grc'><strong>¹⁸¹⁹</strong></span> <span class='ocrx_word' id='word_1_793' title='bbox 2301 5650 2524 5724; x_wconf 83' lang='lat' dir='ltr'><strong>paulum</strong></span> <span class='ocrx_word' id='word_1_794' title='bbox 2587 5653 2671 5724; x_wconf 72' lang='lat' dir='ltr'><strong>9f.</strong></span> <span class='ocrx_word' id='word_1_795' title='bbox 2724 5650 2991 5724; x_wconf 10' lang='lat' dir='ltr'><strong>_&quot;&quot;&#39;B_.gfl.</strong></span> <span class='ocrx_word' id='word_1_796' title='bbox 3032 5630 3327 5724; x_wconf 62' lang='lat' dir='ltr'><strong>Bf‘lllloldo</strong></span> <span class='ocrx_word' id='word_1_797' title='bbox 3347 5647 3436 5724; x_wconf 62' lang='lat'><strong>[3|-</strong></span> <span class='ocrx_word' id='word_1_798' title='bbox 3470 5638 3729 5724; x_wconf 43' lang='lat' dir='ltr'><strong>n&#39;fPf‘T:</strong></span> <span class='ocrx_word' id='word_1_799' title='bbox 3830 5630 3831 5687; x_wconf 38' lang='lat'>1</span> 
     </span>
    </p>
   </div>
   <div class='ocr_carea' id='block_1_110' title="bbox 499 5706 3729 5794">
    <p class='ocr_par' dir='ltr' id='par_1_110' title="bbox 499 5706 3729 5794">
     <span class='ocr_line' id='line_1_110' title="bbox 499 5706 3729 5794; baseline -0 -20"><span class='ocrx_word' id='word_1_800' title='bbox 499 5706 839 5794; x_wconf 65' lang='lat' dir='ltr'><strong>gn</strong></span> <span class='ocrx_word' id='word_1_801' title='bbox 879 5706 1020 5777; x_wconf 51' lang='lat' dir='ltr'><strong>rem</strong></span> <span class='ocrx_word' id='word_1_802' title='bbox 1218 5706 1628 5794; x_wconf 45' lang='lat' dir='ltr'><strong>auderi-im.</strong></span> <span class='ocrx_word' id='word_1_803' title='bbox 1737 5706 2018 5779; x_wconf 51' lang='lat' dir='ltr'><strong>ara...</strong></span> <span class='ocrx_word' id='word_1_804' title='bbox 2056 5706 2110 5779; x_wconf 62' lang='grc' dir='ltr'><strong>ξ.</strong></span> <span class='ocrx_word' id='word_1_805' title='bbox 2208 5706 2681 5794; x_wconf 51' lang='grc' dir='ltr'><strong>ιιιετιῑῖῖίμιτξι).</strong></span> <span class='ocrx_word' id='word_1_806' title='bbox 2724 5721 2794 5794; x_wconf 55' lang='lat' dir='ltr'><strong>E,</strong></span> <span class='ocrx_word' id='word_1_807' title='bbox 2863 5721 3031 5794; x_wconf 88' lang='lat' dir='ltr'><strong>r.</strong></span> <span class='ocrx_word' id='word_1_808' title='bbox 3068 5719 3402 5794; x_wconf 62' lang='lat' dir='ltr'><strong>ﬁderitth</strong></span> <span class='ocrx_word' id='word_1_809' title='bbox 3460 5706 3729 5794; x_wconf 45' lang='grc' dir='ltr'><strong>,ειιςέαει</strong></span> 
     </span>
    </p>
   </div>
   <div class='ocr_carea' id='block_1_111' title="bbox 494 5781 3555 5864">
    <p class='ocr_par' dir='ltr' id='par_1_111' title="bbox 494 5781 3555 5864">
     <span class='ocr_line' id='line_1_111' title="bbox 494 5781 3555 5864; baseline -0.001 -16"><span class='ocrx_word' id='word_1_810' title='bbox 494 5781 585 5848; x_wconf 58' lang='lat' dir='ltr'><strong>il&quot;.</strong></span> <span class='ocrx_word' id='word_1_811' title='bbox 668 5792 754 5824; x_wconf 68' lang='lat' dir='ltr'><strong>’m</strong></span> <span class='ocrx_word' id='word_1_812' title='bbox 808 5794 1022 5848; x_wconf 81' lang='lat' dir='ltr'><strong>incasse</strong></span> <span class='ocrx_word' id='word_1_813' title='bbox 1078 5792 1176 5846; x_wconf 72' lang='grc' dir='ltr'><strong>ΠΙ.</strong></span> <span class='ocrx_word' id='word_1_814' title='bbox 1234 5793 1774 5864; x_wconf 79' lang='lat' dir='ltr'><strong>iucassumsuperscr.</strong></span> <span class='ocrx_word' id='word_1_815' title='bbox 1816 5796 1899 5852; x_wconf 79' lang='lat' dir='ltr'><strong>vel</strong></span> <span class='ocrx_word' id='word_1_816' title='bbox 1929 5796 2143 5852; x_wconf 79' lang='lat' dir='ltr'><strong>incassc</strong></span> <span class='ocrx_word' id='word_1_817' title='bbox 2196 5795 2290 5849; x_wconf 80' lang='lat' dir='ltr'><strong>El.</strong></span> <span class='ocrx_word' id='word_1_818' title='bbox 2373 5781 2465 5828; x_wconf 51' lang='grc' dir='ltr'><strong>’δέ</strong></span> <span class='ocrx_word' id='word_1_819' title='bbox 2499 5804 2551 5851; x_wconf 86' lang='lat' dir='ltr'><strong>et</strong></span> <span class='ocrx_word' id='word_1_820' title='bbox 2582 5795 2748 5849; x_wconf 83' lang='lat' dir='ltr'><strong>abbas</strong></span> <span class='ocrx_word' id='word_1_821' title='bbox 2776 5793 2871 5848; x_wconf 80' lang='grc' dir='ltr'><strong>ω.</strong></span> <span class='ocrx_word' id='word_1_822' title='bbox 2920 5792 3019 5847; x_wconf 79' lang='grc' dir='ltr'><strong>ΕΙ,</strong></span> <span class='ocrx_word' id='word_1_823' title='bbox 3099 5792 3299 5845; x_wconf 59' lang='lat' dir='ltr'><strong>“mhi:</strong></span> <span class='ocrx_word' id='word_1_824' title='bbox 3343 5787 3486 5858; x_wconf 59' lang='lat' dir='ltr'><strong>pergil</strong></span> <span class='ocrx_word' id='word_1_825' title='bbox 3519 5781 3555 5833; x_wconf 75' lang='grc' dir='ltr'><strong>Ι-</strong></span> 
     </span>
    </p>
   </div>
   <div class='ocr_carea' id='block_1_112' title="bbox 570 5651 1021 5707">
    <p class='ocr_par' dir='ltr' id='par_1_112' title="bbox 570 5651 1021 5707">
     <span class='ocr_line' id='line_1_112' title="bbox 570 5651 1021 5707; baseline 0 0"><span class='ocrx_word' id='word_1_826' title='bbox 570 5651 662 5683; x_wconf 66' lang='grc'><strong>¹⁸⁰⁹</strong></span> <span class='ocrx_word' id='word_1_827' title='bbox 697 5652 790 5707; x_wconf 82' lang='lat' dir='ltr'><strong>sed</strong></span> <span class='ocrx_word' id='word_1_828' title='bbox 824 5654 875 5707; x_wconf 68' lang='grc'><strong>4.</strong></span> <span class='ocrx_word' id='word_1_829' title='bbox 902 5652 948 5705; x_wconf 90' lang='lat' dir='ltr'><strong>D</strong></span> <span class='ocrx_word' id='word_1_830' title='bbox 972 5654 1021 5707; x_wconf 82' lang='lat' dir='ltr'><strong>l.</strong></span> 
     </span>
    </p>
   </div>
  </div>
