3862 6306
98 333 180 396 91,7
947 329 1317 389 CHRONICA.
1356 364 1427 372 —
1462 328 1860 387 CHBONICON
1898 329 2360 389 UNIVERSALE.

3210 342 3315 399 918

97 464 191 524 quae
220 453 452 519 nupserat
479 445 812 504 Chuonrado
850 446 1009 510 duci.,
1033 447 1256 519 Sepulta
1305 456 1391 505 est
1435 455 1617 505 autem
1646 454 1696 514 Α
1723 444 1940 510 Italiam
1964 447 2191 514 ducens,
2224 448 2520 520 aliquantis
2556 449 2631 507 ibi
2660 448 2891 509 urbibus
2933 452 3108 535 captis
3136 463 3191 511 et
3214 456 3321 517 sub

95 545 134 598 in
156 541 342 599 civitate
388 538 888 613 Magade‘burgensi.
937 540 1072 597 Post
1118 542 1278 613 cujus
1331 554 1619 597 excessum

93 654 166 693 rex
193 651 334 700 omne
368 633 599 689 studium
634 633 898 711 transfert
930 633 987 690 in
1026 634 1222 702 lilium,
1251 633 1505 704 factoque
1533 641 1619 692 tc-

91 739 330 796 stamento,
369 727 565 785 creavit
610 743 742 785 eum
763 744 947 801 regem
998 737 1125 800 post
1163 743 1242 785 se.
1279 726 1399 798 Ipse
1434 734 1619 781 autem

91 822 388 879 tenet-adhuc
416 830 529 878 erat
571 822 893 879 adolescens
931 838 1206 885 annorum
1239 820 1325 876 16.
1364 821 1479 876 Rex
1515 834 1617 875 au-

86 928 169 970 tem
192 915 238 971 in
261 913 511 975 Gallicam
541 916 898 985 proﬁciscens
932 914 1356 986 expeditionem,
1396 910 1620 968 festinat

86 1008 252 1062 intrare
277 1022 494 1078 regnum
533 1005 740 1078 Karoli,
790 1024 959 1067 causa
1003 1006 1347 1065 vindicanda:
1402 1003 1618 1076 injuria:

82 1098 209 1169 :lllliCl
236 1099 312 1156 sui
359 1098 649 1161 Ludenzici.
682 1101 841 1169 Quod
872 1101 1102 1159 audiens
1135 1099 1311 1172 Hngo,
1346 1097 1618 1170 legatione

83 1191 232 1258 missa,
253 1190 393 1262 jurat
423 1208 519 1263 per
546 1195 789 1255 animam
817 1197 991 1268 patris
1021 1196 1129 1263 sui,
1159 1193 1306 1267 quod
1334 1199 1493 1250 tanta.
1511 1189 1616 1255 sibi

79 1297 312 1339 armorum
361 1285 512 1356 copia
556 1295 722 1356 esset,
752 1296 1016 1362 quantam
1051 1303 1149 1343 rex
1194 1298 1479 1359 nunquam
1528 1282 1614 1338 vi-

78 1375 228 1444 disset,
254 1377 555 1451 addiditque
581 1391 955 1456 contemptum
983 1381 1259 1455 loquendo
1289 1395 1425 1436 vane
1457 1378 1619 1436 tumie

76 1466 215 1537 deque
251 1484 408 1542 super
461 1470 793 1546 Saxonibus,
842 1477 972 1551 quia
1019 1476 1268 1532 imbelles
1311 1482 1517 1541 essent,
1563 1480 1618 1528 et

75 1560 176 1628 quia
197 1558 340 1618 facile
370 1574 555 1635 posset
582 1584 693 1625 una
719 1571 944 1642 potione
980 1578 1190 1642 septem
1215 1567 1487 1624 Saxonica
1511 1566 1623 1621 tela

74 1652 339 1711 absorbere.
366 1657 447 1715 Ad
474 1662 624 1731 quod
653 1679 748 1721 rex
795 1664 1071 1722 famosum
1112 1664 1248 1721 satis
1274 1660 1510 1719 reddidit
1529 1675 1621 1715 rew.

73 1746 313 1819 Silonsum,
342 1752 443 1809 sibi
478 1753 599 1812 fore
631 1766 840 1815 tantam
872 1758 1278 1816 multitudinem
1324 1755 1615 1827 pilleorum

1723 539 2030 597 custodiam
2067 541 2302 610 traditis,
2332 543 2474 599 redit
2499 543 2553 598 in
2578 542 2889 604 Franciam.

1792 628 1872 686 Eo
1896 640 2140 703 tempore
2173 642 2446 705 usurpato
2472 635 2712 706 imperio
2733 636 2984 709 regnavit
3010 636 3066 694 in
3094 637 3317 712 Longo-.-

1722 720 1911 778 bardia
1954 724 2121 780 homo
2161 723 2387 783 feruset
2423 742 2646 797 avarus,
2676 736 2732 784 et
2781 729 2879 800 qui
2907 745 3128 791 omnem
3175 732 3317 787 usti-

1721 812 1864 869 ciam
1887 816 2117 885 pecunia
2141 817 2418 887 venderet,
2444 817 2829 893 Berengarius,
2858 822 2953 893 qui
2985 823 3052 879 ad
3081 824 3316 881 eundem

1720 922 1905 980 regem
1948 907 2203 966 Ottonem
2253 912 2533 982 quondam
2576 913 2748 982 venit,
2798 913 3084 988 Hugonem
3125 923 3317 989 regem

1720 998 1889 1057 Italiae
1935 1000 2171 1075 fugiens,
2226 1004 2569 1078 benigneque
2614 1007 2685 1065 ab
2739 1023 2807 1066 eo
2852 1017 3153 1080 tractatus,
3189 1027 3319 1068 cum

1720 1094 1947 1151 multam
1974 1097 2266 1168 pecuniam
2295 1097 2452 1171 Hugo
2480 1115 2583 1172 pro
2610 1116 2677 1158 eo
2714 1102 2848 1160 dare
2874 1104 3058 1174 vellet,
3092 1120 3205 1162 non
3232 1113 3323 1162 est

1720 1190 1984 1248 redditus.
2025 1191 2120 1266 (cf.
2154 1191 2381 1255 Lmnrs.
2431 1213 2485 1265 v,
2533 1196 2622 1267 12,
2656 1198 2769 1273 15.)
2800 1198 2970 1270 (Win.
2997 1217 3085 1270 tu,
3111 1200 3187 1274 7.)
3219 1199 3321 1258 Hic

1720 1296 1845 1339 cum
1880 1293 2069 1357 postea
2098 1285 2327 1358 depulso
2361 1285 2589 1361 Hugone
2615 1300 2897 1363 regnaret,
2908 1293 3117 1350 veritus
3145 1294 3319 1349 virtu-

1718 1383 1828 1431 tem
1868 1378 2162 1451 singularis
2195 1379 2502 1451 prudentiae
2541 1382 2745 1455 reginas
2776 1383 3115 1454 Adelbeidis,
3147 1401 3180 1441 a
3204 1383 3285 1441 Lo
3304 1414 3317 1423 -

1721 1466 1902 1524 tliario
1931 1467 2177 1542 Hugonis
2210 1471 2322 1528 ﬁlio
2363 1472 2589 1541 relictae,
2635 1474 2691 1529 in
2719 1475 2907 1533 multis
2933 1492 3056 1533 eam
3106 1477 3316 1533 aIIlixit'

1719 1574 1830 1630 quo
1859 1560 1996 1622 tanti
2026 1562 2193 1625 decus
2223 1562 2532 1634 splendoris
2559 1574 2656 1621 aut
2682 1565 3026 1639 extingueret
3051 1577 3147 1624 aut
3169 1578 3318 1627 certe

1679 1727 1701 1742 ἡ,
1720 1654 2059 1717 obscuraret.
2092 1653 2220 1712 Haec
2250 1666 2433 1713 autem
2459 1657 2570 1714 ﬁlia
2596 1657 2704 1714 fuit
2730 1658 2985 1717 Ruodolti
3016 1662 3163 1734 regis
3179 1661 3318 1719 Bur-

1683 1763 1685 1766 ‘
1721 1746 2080 1818 gundionum,
2135 1750 2230 1820 qui
2281 1758 2337 1806 et
2389 1749 2445 1805 in
2488 1749 2644 1807 Italia
2683 1752 2955 1824 regnavit,
3006 1763 3061 1809 et
3105 1753 3321 1811 domnae

72 1836 363 1913 lenium-amt
381 1861 523 1917 quos
547 1849 602 1906 ei
631 1852 1001 1923 representari
1027 1857 1322 1923 oporteret,
1354 1856 1618 1921 quamam
1648 1853 1699 1917 Β
1724 1835 1938 1894 Berhtze
1963 1839 2185 1912 reginae,
2210 1841 2514 1898 Burchardi
2541 1843 2977 1901 Alamannorum
2996 1845 3155 1902 ducis
3174 1845 3319 1914 filiae,

72 1944 149 1985 uec
170 1931 273 2004 ipse
304 1951 404 1999 nec
427 1948 586 2010 pater
615 1958 751 2001 suus
792 1961 1037 2016 unquam
1074 1944 1281 2001 videret
1303 1985 1318 2012 ,
1347 1950 1403 1998 et
1426 1957 1620 1999 revera

69 2038 166 2080 cum
204 2040 339 2113 esset
362 2049 597 2107 magnus
632 2040 791 2097 valde
829 2041 1126 2109 exercitus,
1153 2038 1224 2095 30
1247 2038 1458 2095 scilicet
1478 2036 1627 2094 dua-.

67 2130 260 2189 rumque
277 2120 581 2197 legionum,
613 2145 723 2186 non
752 2139 837 2188 est
877 2132 1133 2188 inventus
1162 2130 1257 2202 qui
1293 2128 1481 2185 fenino
1507 2141 1620 2183 non

68 2218 274 2269 uteretur
292 2217 474 2286 pilleo,
506 2222 616 2280 nisi
646 2224 816 2284 abbas
848 2225 1117 2283 Corbeius
1146 2240 1273 2282 cum
1297 2222 1474 2279 tribus
1502 2221 1620 2279 suis

64 2306 368 2373 sequacibus.
426 2312 706 2373 Dimissus
761 2319 930 2391 igitur
993 2317 1321 2374 Ludewicus
1379 2314 1623 2373 occurrit

65 2396 169 2466 ηδε,
202 2398 557 2476 jungiturque
603 2424 730 2465 cum
776 2412 894 2469 suis
925 2411 1046 2484 ejus
1094 2409 1382 2468 exercitui.
1435 2406 1615 2479 (thn.

63 2500 109 2576 '7"
149 2488 249 2562 54ο)
297 2493 561 2573 Occurrit,
601 2500 685 2558 eis
733 2517 860 2560 cum
924 2518 1125 2576 magna
1170 2500 1519 2573 expeditione
1565 2507 1622 2556 et

61 2575 382 2671 Cbuonradus
440 2606 544 2648 rex
591 2592 983 2671 Genaunorum
1008 2575 1038 2664 ,ί
1073 2610 1238 2667 quem
1292 2592 1620 2651 Ludewicus

60 2669 192 2726 etiam
225 2679 440 2736 vocavit
468 2681 529 2738 in
559 2685 848 2742 auxilium.
882 2669 1066 2743 Juncti
1093 2701 1225 2758 ergo
1244 2686 1451 2758 pariter
1473 2685 1620 2758 Lug-

59 2761 230 2822 dunum
251 2769 468 2842 adeunt,
499 2776 601 2832 sed
642 2792 764 2835 eam
810 2779 1056 2840 locorum
1106 2780 1400 2852 asperitate
1423 2794 1620 2851 capere

58 2868 143 2912 non
183 2854 436 2933 valentes,
492 2865 826 2927 Remenscm
869 2871 1148 2928 civitatem
1193 2880 1473 2943 expetunt,
1522 2872 1619 2928 ubi

59 2960 197 3018 nepos
223 2951 467 3030 Hugonis
487 2960 650 3019 ducis
690 2962 848 3037 Hugo
877 2975 1070 3023 contra
1105 2966 1198 3036 jus
1224 2975 1280 3023 et
1307 2966 1392 3023 fas
1420 2967 1619 3025 subro-

56 3052 185 3105 gatus
214 3056 326 3103 erat
357 3050 679 3124 episcopus,
720 3054 964 3127 legitimo
1008 3057 1265 3129 pontiﬁce
1311 3058 1492 3115 adhuc
1518 3075 1619 3117 su-

55 3135 263 3233 perstite.
298 3138 468 3212 (Win.
504 3161 591 3212 ιιι,
618 3145 698 3219 3.)
727 3145 933 3209 Urbem
959 3166 1093 3208 vero
1118 3152 1290 3210 armis
1315 3154 1615 3225 capientes,

54 3236 286 3295 Iniustum
326 3236 676 3295 sacerdotem
718 3242 998 3313 expellunt
1037 3243 1453 3318 legitimumque
1500 3246 1617 3305 sedi

54 3319 255 3407 propria
297 3326 622 3387 restituunt.
675 3329 807 3388 Post
855 3342 968 3390 tres
1021 3335 1208 3407 itaque
1249 3352 1470 3394 menses
1521 3353 1619 3395 rex

54 3400 314 3475 Samnium
345 3430 476 3473 cum
524 3419 786 3477 incolomi
832 3425 1075 3482 exercitu
1105 3400 1268 3484 rediit
1318 3428 1410 3462 ¹⁸¹⁸
1440 3430 1621 3485 omni-

56 3500 136 3594 bus
159 3518 272 3594 quae
302 3510 477 3567 armis
518 3513 800 3585 exquisita
830 3526 960 3573 sunt
999 3518 1291 3576 Ludevvico
1342 3521 1456 3594 regi
1486 3522 1619 3593 reli-

52 3589 149 3647 etis.
192 3592 342 3670 lIugo
387 3612 579 3660 autem
623 3615 883 3677 expertus
908 3610 1213 3680 potentiam
1257 3589 1429 3684 regis-
1445 3589 1620 3669 Saxo-

52 3697 259 3758 Immque
283 3693 570 3765 virtutem,
603 3713 711 3754 non
731 3716 930 3772 passus
949 3712 1034 3759 est
1060 3718 1157 3759 eos
1185 3702 1332 3761 ultra
1354 3705 1623 3762 terminos

51 3789 157 3831 M108
180 3779 448 3842 hostiliter
471 3786 705 3857 intrare,
738 3790 833 3847 sed
857 3805 1003 3847 anno
1031 3793 1281 3864 sequenti
1309 3794 1365 3849 in
1389 3795 1618 3851 eandem

51 3872 416 3937 l“Deditionem
456 3881 578 3953 regi
622 3882 870 3954 pergenti
914 3885 1157 3941 occurrit
1192 3885 1351 3958 juxta
1391 3886 1624 3944 ﬂuvium.

51 3962 168 4054 ψῃ»ιί
197 3966 396 4026 dicitur
423 3971 561 4040 Kar,
596 3974 823 4046 etjuxta
862 3976 1152 4048 imperium
1188 3980 1335 4054 regis
1369 3997 1494 4043 cum
1521 3981 1620 4038 do-

51 4051 174 4109 mino
197 4073 294 4115 suo
328 4060 631 4122 Ludevvico
659 4075 881 4137 pactum
910 4069 1052 4137 iniit,
1086 4051 1284 4130 manus
1314 4073 1481 4141 dedit,
1506 4073 1620 4129 uti-

51 4144 195 4218 lisque
223 4157 449 4225 perinde
478 4161 709 4223 mansit.
743 4161 991 4232 (Lwnrn.
1030 4182 1082 4234 v,
1121 4165 1199 4238 1.)
1229 4168 1621 4228 Coneurrenti—

51 4237 130 4331 lius
156 4256 333 4305 autem
376 4253 630 4325 undique
663 4254 732 4311 ad
772 4271 957 4328 regem
990 4261 1331 4331 proceribus,
1374 4265 1525 4320 venit
1566 4274 1622 4322 et

51 4330 111 4384 Vir
133 4334 435 4399 ditissimus
460 4341 773 4400 Suevorum
804 4346 917 4403 dux
951 4330 1344 4421 Herimannus,
1371 4353 1465 4424 qui
1495 4364 1621 4425 post

51 4429 511 4496 Lonigratulationis
579 4433 953 4503 aﬁ‘abilitatem
1013 4440 1236 4512 talibqu
1277 4452 1361 4504 est
1434 4460 1628 4519 regem

52 4528 303 4589 Iggressus
343 4528 733 4587 sermonibus:
787 4529 912 4587 Non
957 4532 1097 4589 clam
1143 4536 1357 4595 domino
1378 4554 1492 4595 meo
1515 4548 1615 4609 est,

1721 1944 1910 2001 quam,
1938 1928 2198 1988 defuncto
2245 1931 2540 2001 Ruodolfo,
2564 1949 2661 1990 rex
2700 1933 2859 2007 Hugo
2905 1935 2962 1991 in
3002 1936 3325 2008 conjugium

1719 2022 1895 2091 duxit,
1931 2023 2211 2096 ﬁliamque
2252 2025 2399 2081 illius
2435 2025 2549 2082 ﬁlio
2594 2041 2695 2083 suo
2738 2012 3001 2082 Letliario
3041 2027 3322 2098 copulavit

1721 2113 1815 2188 (cf.
1844 2115 2069 2174 LIUDPR.
2102 2117 2313 2190 ιν,12.)
2350 2117 2519 2191 (WID.
2549 2135 2633 2187 tu,
2661 2118 2695 2174 8
2724 2118 2898 2192 sqq.).
2939 2117 3039 2176 Illo
3084 2120 3142 2175 in
3181 2130 3322 2176 tem—

1718 2222 1853 2279 pore
1880 2209 2251 2281 proﬁciscitur
2276 2226 2373 2268 rex
2406 2211 2465 2267 in
2487 2210 2740 2268 militiam
2767 2221 2959 2269 contra
2984 2212 3323 2282 Bolizlayum

1718 2317 1904 2376 regem
1932 2302 2305 2373 Boemiorum,
2328 2311 2384 2361 et
2419 2320 2547 2362 cum
2567 2304 2834 2377 capienda
2866 2313 3015 2363 esset
3044 2305 3177 2363 urbs
3200 2321 3325 2376 quas

1719 2395 2005 2452 dicebatur
2030 2394 2204 2466 Nova,
2236 2397 2294 2459 in
2321 2412 2433 2469 qua
2461 2398 2685 2455 clausus
2710 2398 3068 2457 obsidebatur
3090 2396 3320 2456 Bolizlai

1718 2485 1888 2556 filius,
1918 2488 2177 2559 prudenti
2196 2504 2294 2545 rex
2313 2488 2548 2545 consilio
2569 2489 2790 2547 diremit
2817 2491 3089 2561 praelium,
3122 2506 3192 2546 ne
3218 2491 3325 2546 mi—.

1718 2579 1801 2636 les
1830 2579 1888 2636 in
1943 2580 2224 2652 capiendis
2269 2580 2517 2638 hostium
2559 2581 2751 2655 spoliis
2791 2582 3013 2655 aliquod
3059 2582 3326 2641 incideret

1717 2672 2044 2745 periculum.
2077 2673 2439 2731 Considerata
2462 2662 2649 2746 itaque
2671 2674 2873 2730 virtute
2902 2675 3048 2747 regis
3075 2684 3133 2731 et
3157 2674 3325 2731 innu-

1718 2781 1870 2822 mera
1928 2767 2204 2824 exercitus
2246 2766 2628 2837 multitudine,
2687 2766 2999 2835 Bolizlaus,
3063 2784 3323 2841 egressus

1717 2858 1873 2926 urbe,
1905 2858 2098 2914 maluit
2126 2866 2291 2915 tantae
2334 2859 2609 2931 majestati
2639 2859 2857 2932 subjici,
2874 2875 3041 2931 quam
3071 2860 3322 2916 ultimam

1717 2950 2016 3022 perniciem
2037 2951 2171 3022 pati.
2205 2948 2321 3007 Sub
2354 2951 2528 3023 signis
2555 2951 2722 3025 igitur
2750 2961 2909 3008 stans
2933 2961 2990 3009 et
3024 2967 3207 3024 regem
3230 2968 3325 3008 au-

1718 3040 1875 3100 diens
1912 3058 2287 3115 responsaque
2322 3043 2576 3112 reddens,
2606 3044 2821 3100 veniam
2857 3044 3076 3101 tandem
3104 3058 3323 3115 prome-

1719 3135 1851 3191 ruit.
1875 3132 2005 3191 Inde
2030 3150 2128 3192 rex
2156 3135 2316 3207 plena
2336 3135 2567 3192 victoria
2595 3135 2869 3208 gloriosus
2898 3135 3098 3204 factus,
3129 3136 3187 3203 in
3216 3132 3324 3203 Sa-.;

1644 3227 1690 3291 C
1720 3230 1944 3286 xouiam
1961 3238 2046 3287 est
2068 3229 2652 3302 regressus.,Cumque
2675 3228 2849 3286 virtus
2868 3227 3093 3311 prefata:
3118 3229 3327 3301 regina:

1721 3322 1875 3378 illum
1900 3337 2009 3378 non
2032 3314 2247 3390 lateret,
2280 3321 2541 3379 simulato
2569 3321 2766 3386 itinere
2787 3319 3017 3383 Romam
3041 3320 3322 3398 proﬁcisci

1721 3412 1929 3486 statuit.
1955 3411 2023 3468 Et
2041 3413 2135 3469 ubi
2149 3411 2587 3485 Longobardiam
2605 3413 2850 3482 intravit,
2862 3428 3107 3479 amorem
3120 3413 3325 3486 regina:

1719 3485 1976 3581 predictze
2023 3503 2361 3569 muneribus,
2400 3519 2570 3576 super
2610 3519 2672 3563 se
2729 3504 2964 3576 probare
3013 3485 3331 3577 temptavit.

1720 3591 1841 3669 Quo
1864 3593 2094 3650 ﬁdeliter
2116 3602 2364 3666 experto,
2407 3594 2466 3650 in
2493 3593 2812 3667 conjugium
2853 3594 2960 3651 sibi
2987 3610 3109 3651 eam
3137 3595 3323 3663 socia:

1719 3688 1817 3756 vit,
1843 3697 1897 3744 et
1932 3704 2059 3746 cum
2087 3704 2153 3745 ea
2173 3688 2367 3745 urbem
2413 3686 2664 3761 Papiam,
2699 3703 2824 3761 quae
2852 3687 3010 3745 sedes
3034 3696 3120 3745 est
3145 3689 3325 3760 regni,

1721 3777 1977 3834 obtinuit.
2011 3776 2171 3845 Quod
2203 3778 2396 3835 videns
2421 3778 2568 3836 ﬁlius
2609 3779 2731 3850 ejus
2764 3776 3040 3834 Liutolfus
3080 3776 3195 3847 “",
3221 3778 3322 3834 tri-

1722 3871 1824 3927 stis
1845 3871 1915 3927 ab
1941 3887 2008 3927 eo
2038 3871 2331 3940 discessit;
2363 3870 2753 3943 profectusque
2779 3872 2835 3929 in
2873 3871 3196 3939 Saxoniam,
3221 3870 3329 3939 ali-,

1721 3965 1985 4039 quamdiu
2017 3974 2265 4023 moratus
2290 3974 2374 4023 est
2402 3965 2457 4021 in
2482 3966 2605 4022 loco
2634 3965 2879 4032 consiliis
2911 3965 3135 4021 funesto
3164 3964 3325 4037 Sala:

1720 4061 1938 4121 veldon.
1970 4058 2087 4125 Rex
2124 4074 2256 4116 vero
2291 4059 2349 4114 in
2380 4057 2533 4115 Italia
2572 4057 2861 4115 celebratis
2885 4057 3045 4129 juxta
3083 4059 3325 4130 regalem

1721 4153 2185 4227 magniﬁcentiam
2213 4151 2442 4223 nuptiis,
2482 4149 2851 4223 proﬁciscitur
2875 4150 3003 4215 inde
3036 4166 3164 4233 cum
3194 4149 3327 4206 novi

1722 4247 2061 4321 matrimonii
2108 4246 2386 4314 claritate,
2411 4252 2635 4305 acturus
2680 4243 2993 4315 proximum
3030 4242 3238 4315 pascha
3266 4242 3325 4298 in

1724 4324 1987 4399 Saxbnia.
2047 4340 2355 4405 Persuasus
2418 4352 2640 4410 quoque
2707 4353 2804 4394 rex
2864 4335 3230 4409 Berengarius
3290 4353 3325 4393 a

1721 4434 2055 4507 Chuonrado
2101 4434 2262 4502 duce,
2304 4432 2395 4489 cui
2436 4430 2606 4502 Papia
2648 4445 2775 4487 cum
2807 4429 3050 4501 presidio
3096 4429 3325 4486 militari

1722 4528 1914 4585 relicta
1949 4537 2069 4585 erat
2106 4525 2485 4593 custodienda,
2536 4538 2719 4596 regem
2774 4522 3106 4580 subsecutus
3139 4531 3224 4579 est
3265 4523 3324 4579 in

52 4623 105 4661 ne
133 4616 435 4679 prediorum
458 4619 751 4676 latitudine
775 4640 839 4677 ac
875 4626 1222 4693 pecuniarum
1262 4607 1619 4688 immensitate
1648 4607 1697 4667 ί)
1723 4619 2098 4687 Germaniam,
2119 4632 2310 4689 pacem
2351 4631 2480 4673 cum
2511 4629 2578 4671 eo
2602 4612 2851 4671 facturus
2894 4622 2949 4670 et
2994 4629 3092 4686 per
3136 4613 3324 4669 omnia

52 4704 317 4763 vrcdivitem
344 4711 552 4783 absque
577 4712 757 4770 liberis
778 4731 933 4783 esse;
970 4734 1064 4773 nec
1090 4728 1168 4774 est
1195 4730 1370 4791 preter
1406 4724 1618 4779 unicam

51 4793 184 4851 illam
212 4818 387 4857 meum
410 4805 699 4875 parvulam
729 4809 819 4879 qui
841 4825 1081 4865 mearum
1121 4829 1297 4868 rerum
1330 4814 1477 4871 heres
1504 4818 1619 4872 exi-

52 4895 141 4955 tat,
178 4908 257 4948 me
273 4892 585 4953 decedente.
622 4897 847 4956 Placeat
878 4902 1059 4974 itaque
1095 4904 1211 4973 tibi,
1255 4907 1469 4963 domino
1505 4925 1618 4964 meo

52 4982 145 5050 egi,
173 4985 349 5053 ﬁlium
372 4998 532 5044 tuum
553 4988 854 5064 Luitolfum
876 4995 1037 5050 michi
1059 4997 1314 5069 adoptare
1343 5001 1399 5055 in
1418 5000 1615 5072 ﬁlium,

51 5076 261 5132 matinus
284 5081 466 5136 unicae
490 5081 626 5153 ﬁliae
646 5100 774 5140 mete
793 5086 1037 5159 conjugio
1056 5088 1355 5159 copulatus,
1379 5108 1617 5148 mearum

52 5182 187 5223 crum
220 5171 320 5242 ﬁat
341 5174 650 5231 hereditate
678 5179 1013 5250 magniﬁcus.
1047 5179 1260 5237 Placuit
1286 5181 1402 5253 regi
1431 5184 1617 5242 consi-

51 5257 145 5316 ium
180 5263 361 5337 ducis,
387 5277 447 5324 et
486 5270 641 5340 quod
667 5271 920 5342 poposcit
950 5272 1070 5328 sine
1092 5273 1352 5329 dilatione
1378 5276 1620 5347 comple-

58 5354 111 5409 it.
147 5358 314 5430 (Win.
349 5380 437 5431 ιιι,
467 5363 526 5418 6.
556 5380 638 5431 m,
667 5364 743 5435 7.)
774 5363 831 5419 In
856 5366 1007 5421 brevi
1034 5375 1157 5435 post
1186 5367 1302 5423 haec
1319 5382 1476 5423 socer
1501 5384 1621 5425 mo-

54 5446 170 5519 itur,
196 5468 322 5509 cum
366 5455 584 5512 ducatu
631 5457 779 5512 omni
827 5458 1174 5528 possessione
1233 5458 1491 5517 derelicta
1528 5476 1620 5532 ge-

51 5559 165 5602 ICI'O.
195 5546 302 5616 Qui
330 5556 568 5621 accepta
620 5557 912 5619 potestate,
964 5550 1211 5607 animum
1262 5553 1616 5624 tranquillum

51 5649 173 5711 quem
197 5638 256 5694 in
284 5655 465 5711 puero
492 5640 665 5713 gessit
691 5641 864 5703 exuit.
894 5649 1275 5715 armatumque
1297 5645 1523 5724 militem
1561 5647 1617 5701 in

1716 4714 1894 4788 jussis
1920 4714 2042 4785 ejus
2069 4712 2568 4783 obtemperaturus.
2618 4705 2725 4775 Qui
2755 4708 2962 4780 regiam
2999 4707 3224 4763 veniens
3253 4706 3326 4774 ad

1723 4806 1939 4874 urbem,
1964 4804 2157 4876 jussus
2202 4810 2287 4859 est
2325 4802 2380 4857 in
2426 4799 2671 4872 hospitio
2693 4799 2796 4855 sibi
2822 4806 3015 4870 parato
3055 4813 3320 4866 manere;

1722 4886 1902 4972 neque
1945 4896 2093 4955 enim
2145 4894 2339 4951 faciem
2384 4893 2530 4967 regis
2580 4908 2678 4964 per
2729 4891 2973 4947 triduum
3016 4889 3324 4961 promeruit

1720 4993 1927 5051 videre.
1952 4988 2109 5058 Quod
2135 5003 2261 5060 egre
2281 4987 2409 5044 tulit
2444 4982 2834 5052 Chuonradus,
2879 4982 2975 5053 qui
2996 4997 3123 5050 eum
3145 4982 3322 5039 addu-

1723 5095 1897 5155 xerat,
1927 5084 2240 5158 pariterque
2281 5080 2594 5150 Luitolfus,
2616 5078 2764 5134 ﬁlius
2800 5076 2967 5148 regis,
3005 5074 3101 5147 qui
3152 5091 3322 5130 unum

1722 5186 1849 5239 cum
1875 5196 1942 5237 eo
1974 5178 2258 5236 sentiebat.
2287 5176 2421 5234 Post
2448 5178 2566 5233 haec
2591 5188 2687 5231 rex
2711 5185 2893 5243 regem
2922 5168 3240 5240 alloquitur,
3269 5176 3327 5223 et

1724 5277 1779 5331 in
1834 5276 2066 5349 gratiam
2113 5274 2259 5346 regis
2299 5288 2365 5343 ac
2412 5271 2616 5343 regina:
2667 5274 2991 5338 susceptus,
3032 5262 3324 5320 deditionis

1724 5368 2077 5440 sponsionem
2104 5368 2197 5427 dat
2244 5366 2578 5438 fmderisque
2602 5361 2892 5437 spontanei
2921 5355 3072 5417 diem'
3106 5357 3322 5411 locum-

1725 5476 1833 5533 que
1863 5461 2054 5519 urbem
2090 5461 2394 5534 Augustam
2421 5459 2689 5532 designat.
2728 5454 2833 5514 Ubi
2860 5469 2988 5512 cum
3022 5456 3324 5508 conventus

1729 5553 1903 5623 ﬁeret,
1932 5553 2295 5625 Berengarius
2340 5568 2539 5609 manus
2571 5550 2667 5607 ﬁlii
2710 5549 2793 5606 sui
2824 5543 3099 5603 Adelberti
3140 5540 3323 5597 mani-

1725 5645 1832 5716 bus
1858 5647 1974 5704 suis
2002 5646 2310 5718 implicans,
2349 5659 2534 5701 coram
2583 5641 2733 5700 orrmi
2761 5638 3005 5696 exercitu
3036 5627 3319 5690 famulatui

1333 5733 1568 5793 γΑωΑ]
1608 5734 2013 5793 LECTIONES.

96 5821 178 5852 ’πῖ
224 5840 501 5895 superscr.
534 5826 581 5880 1.
661 5829 750 5861 ¹”²⁸
780 5811 874 5901 ἶίια
913 5827 963 5883 Ιι·
1000 5828 1037 5883 Ι·
1078 5830 1123 5885 1-
