3862 6306
517 367 622 426 919

1675 365 2079 424 EKKEHARDI

2197 365 2575 423 LAUGIENSIS
3678 374 3758 430 θξο

516 485 659 556 regis
679 500 803 538 cum
841 483 951 537 lilio
993 497 1050 537 se
1092 481 1421 552 subjugavit,
1469 489 1523 536 et
1555 481 1630 536 ita
1679 481 1946 542 dimissus
1974 495 2098 535 eum
2131 481 2173 539 Α
2204 484 2317 533 tam
2355 480 2530 547 urbis,
2558 494 2705 550 equo
2746 480 2997 547 cadente,
3030 496 3289 538 aseeusor
3336 482 3597 540 Arnolfas
3622 489 3759 542 armis

514 576 690 645 gratia
727 586 781 631 ct
802 592 934 647 pace
964 575 1018 630 in
1044 574 1252 629 italiam
1286 574 1566 629 remeavit.
1606 572 1684 629 lbi
1710 574 1867 655 miras.
1892 572 2104 642 magni-

514 667 719 722 tudinis
744 668 883 736 lapis
926 668 1130 723 tonitru
1167 684 1232 722 ac
1263 675 1581 739 tempestate
1623 666 1803 737 jactus
1834 666 1905 720 de
1946 663 2101 733 cmlo,

512 762 707 829 ingens
724 760 1049 815 miraculum
1079 761 1265 816 multis
1287 760 1590 815 visentibus
1620 758 1855 830 prebuit.

583 849 751 923 (Win.
788 867 871 917 ιιι,
904 850 995 918 12,
1030 851 1096 906 18
1137 852 1284 923 sqq.)
1317 850 1439 911 Nati
1477 860 1607 907 sunt
1660 859 1843 905 autem
1867 849 1982 922 regi
2006 850 2099 905 filii

506 960 572 998 ex
599 945 952 1000 serenissima
981 946 1186 1016 regina,
1241 945 1637 1017 primogenitus
1671 943 1980 1011 Hcinricus,
2010 960 2097 1000 se-

507 1035 721 1090 cundus
767 1034 947 1104 Brun,
1015 1036 1216 1092 tercius
1254 1037 1468 1106 paterni
1522 1036 1767 1092 nominis
1813 1037 2100 1110 majestate

505 1126 853 1201 designatus,
889 1144 1051 1200 quem
1081 1129 1197 1199 jam
1232 1138 1351 1185 tum
1396 1142 1522 1201 post
1555 1139 1764 1200 patrem
1810 1131 2096 1187 dominum

506 1233 573 1274 ac
597 1224 805 1289 patrem
844 1222 1098 1292 sperabat
1145 1223 1296 1287 orbis
1327 1223 1640 1292 universus,
1681 1222 1848 1279 ﬁliam
1876 1239 2099 1296 quoque

505 1321 708 1369 sancta:
750 1315 941 1369 matris
968 1315 1091 1385 ejus
1133 1316 1401 1371 vocabulo
1441 1317 1779 1388 insignitum.
1826 1304 2097 1373 Luitolfus

505 1412 710 1473 autem,
738 1406 883 1477 filius
914 1409 1082 1480 regis,
1103 1419 1157 1464 et
1183 1406 1549 1464 Cbuonradus
1578 1409 1690 1477 “",
1717 1424 1882 1482 gener
1901 1409 2094 1480 ipsius,

502 1512 645 1552 nova
684 1500 932 1568 quaedam
974 1500 1278 1568 moliuntur
1325 1509 1516 1555 contra
1542 1517 1743 1572 regem.
1781 1499 1938 1569 Quod
1969 1517 2093 1559 cum

503 1604 630 1643 eum
658 1605 766 1644 non
795 1591 1007 1658 lateret,
1032 1591 1179 1646 circa
1215 1589 1490 1649 Kalendas
1526 1591 1654 1648 Julii
1680 1602 1831 1648 moto
1851 1594 2097 1649 exercitu

503 1689 698 1736 contra
733 1699 849 1750 eos,
882 1683 1071 1740 obvias
1114 1684 1277 1740 urbes
1306 1685 1477 1755 partis
1516 1685 1755 1741 adversae
1804 1694 1900 1741 aut
1926 1686 2095 1742 armis

504 1782 599 1829 aut
637 1774 911 1830 deditione
953 1777 1095 1847 cepit
1122 1820 1139 1844 ,
1173 1792 1458 1850 quousque
1488 1777 1819 1851 Mogontiam
1842 1781 2094 1851 pervcni-

2203 580 2401 627 exutus
2444 571 2681 642 ilicoque
2729 573 2853 630 telis
2900 572 3185 644 perfossus
3227 576 3514 631 occubuit.
3544 576 3661 633 Post
3692 581 3760 635 bi-

2202 662 2373 717 duum
2400 680 2430 718 a
2452 663 2704 732 muliere,
2730 663 2931 722 fantem
2972 666 3126 722 urbis
3167 664 3435 739 fugiente,
3473 685 3621 726 mors
3643 672 3764 727 illius

2202 756 2548 825 notificatur,
2609 758 2741 814 dum
2797 767 2961 823 antea
3011 759 3342 817 nesciretur.
3401 760 3579 832 Cujus
3621 778 3763 820 nocte

2202 849 2398 905 urbani
2429 850 2569 906 satis
2613 851 2972 918 consternati,
3012 851 3126 921 jam
3173 852 3243 908 de
3281 868 3419 923 pace
3468 855 3760 909 tractabant.

2199 940 2436 997 Proinde
2457 942 2767 999 interventu
2810 944 3120 1016 principum
3165 944 3447 1003 Luitolfus
3488 947 3675 1001 iterum
3712 950 3764 1003 de

2203 1035 2336 1091 urbe
2382 1050 2734 1107 progressus,
2788 1036 2921 1092 dum
2969 1053 3159 1094 mense
3196 1038 3413 1110 integro
3468 1048 3531 1093 et
3576 1040 3767 1099 dimidio

2201 1127 2566 1197 obsideretur,
2620 1144 2811 1200 pacem
2860 1129 3098 1185 obtinuit
3142 1146 3317 1201 usque
3368 1131 3441 1186 ad
3488 1132 3765 1187 condiam

2199 1219 2367 1287 diem,
2397 1221 2528 1284 dum
2574 1221 2643 1276 de
2686 1221 2772 1277 bis
2801 1221 2986 1277 causis
3044 1221 3491 1293 dijudicaretur;
3545 1223 3768 1295 locusque
3860 1276 3862 1279 .

2198 1312 2417 1368 concilii
2477 1314 2621 1384 apud
2675 1313 2959 1370 Friteslari
3012 1315 3333 1371 notabatur.
3386 1316 3514 1373 Rex
3573 1318 3684 1374 inde
3724 1321 3768 1374 in

2199 1404 2431 1475 patriam
2456 1421 2713 1462 reversus
2743 1414 2850 1473 est,
2878 1405 3171 1465 Heinrieus
3209 1422 3344 1463 vero
3368 1406 3589 1464 Novam
3612 1410 3767 1464 urbem
3860 1390 3862 1413 ¹

2199 1496 2437 1551 obtinuit
2461 1514 2477 1559 ;
2504 1495 2805 1568 Ratispona
2826 1498 3079 1568 proxima
3108 1509 3270 1555 nocte
3296 1515 3445 1570 pene
3474 1510 3591 1571 tota
3611 1512 3769 1557 causa
3860 1560 3862 1567 ,

2198 1596 2301 1641 est.
2330 1585 2464 1642 Post
2480 1587 2598 1643 haec
2620 1587 2957 1645 exercitandi
2976 1589 3153 1659 gratia
3173 1605 3300 1645 cum
3327 1606 3428 1645 rex
3458 1592 3769 1646 venationem

2199 1687 2386 1749 ageret
2414 1679 2470 1733 in
2501 1678 2624 1735 loco
2654 1680 2750 1751 qui
2789 1679 2989 1735 dicitur
3028 1679 3306 1749 Sweldon,
3358 1683 3518 1738 ﬁlius
3538 1683 3669 1753 patri
3693 1700 3773 1738 na-

2199 1770 2341 1826 datis
2371 1771 2576 1842 plantis
2599 1772 2993 1842 prosternitur,
3021 1772 3213 1829 intima
3248 1782 3441 1830 tactus
3463 1776 3772 1846 petiiteatia,
3860 1768 3862 1846 Ξ

506 1874 607 1934 ret,
640 1883 804 1938 quam
829 1868 973 1924 filius
1003 1869 1116 1940 jam
1146 1885 1270 1924 cum
1301 1870 1545 1926 exercitu
1589 1871 1832 1939 intravit,
1857 1881 2097 1944 patrem—
2130 1862 2169 1920 Β
2198 1863 2373 1933 patris
2402 1862 2664 1933 primum.
2699 1863 2899 1919 deinde
2938 1865 3186 1921 omnium
3230 1867 3587 1936 presenti“!!!
3618 1883 3771 1922 morr-

504 1974 643 2034 que,
664 1960 817 2033 dictu
839 1961 1147 2017 miserabile
1173 1964 1185 2016 !
1216 1972 1461 2018 armatus
1489 1964 1844 2034 exspectavit.
1875 1964 1953 2020 lbi
1973 1965 2098 2036 plus

504 2069 671 2127 quam
720 2055 881 2118 civile
930 2054 1188 2127 omnique
1235 2055 1547 2126 calamitate
1594 2056 1846 2112 acerbius
1893 2057 2094 2113 bellum

503 2156 740 2217 emptum
769 2157 875 2216 est,
905 2148 1173 2204 machinae
1200 2149 1388 2204 multae
1436 2148 1610 2205 muris
1632 2149 1884 2217 admotae,
1907 2151 2001 2206 sed
2027 2152 2097 2208 ab

505 2240 732 2307 urbanis
777 2242 1072 2297 destructa:
1113 2250 1242 2297 sunt
1274 2241 1361 2296 vel
1409 2240 1685 2309 incensae;
1731 2242 1938 2300 crebrm
1971 2252 2097 2299 ante

503 2339 689 2406 portas
711 2347 907 2403 pugna:
930 2352 944 2400 ;
970 2348 1099 2389 raro
1127 2332 1438 2390 forinsecus
1467 2335 1733 2390 stationes
1760 2331 1915 2390 fusae.
1943 2333 2095 2390 Cun-

502 2424 700 2489 ctando
738 2425 884 2499 enim
906 2441 995 2482 res
1013 2426 1321 2493 variabant,
1356 2427 1488 2482 dum
1514 2428 1917 2484 dominatorem
1941 2429 2095 2501 regni

499 2516 663 2591 foris,
696 2521 844 2595 intus
888 2535 1262 2577 successorem
1304 2520 1590 2576 timebant.
1636 2520 1863 2577 Obsidio
1908 2520 2096 2592 itaque

498 2611 637 2681 dum,
678 2613 959 2685 sexaginta
1006 2613 1177 2685 ferme
1205 2613 1323 2669 dies
1365 2614 1670 2684 excederet,
1722 2630 1906 2671 sermo
1942 2615 2004 2670 fit
2027 2615 2095 2670 de
2143 2641 2147 2645 -

497 2722 631 2776 pace
661 2727 674 2775 ;
709 2710 852 2763 unde
885 2710 1044 2764 datur
1067 2710 1230 2773 obses
1258 2708 1311 2763 in
1338 2708 1531 2764 urbem
1557 2709 1923 2766 consobrinus
1951 2708 2094 2781 regis

498 2797 788 2870 Ekbertus,
820 2819 931 2874 quo
964 2804 1102 2858 liber
1135 2803 1192 2857 in
1217 2811 1398 2859 castra
1448 2803 1558 2858 illis
1582 2810 1791 2873 pateret
1814 2817 2092 2858 accessus.

497 2894 668 2969 Filius
693 2913 819 2952 cum
843 2912 1045 2968 genero
1067 2906 1251 2954 castra
1275 2896 1528 2967 ingrcssi,
1554 2897 1829 2968 regalibus
1850 2896 2093 2968 vestigiis

497 2997 940 3059 prosternuntur,
1006 2989 1339 3063 spondentes
1395 3004 1497 3059 pro
1541 2989 1746 3045 scelere
1790 2989 1974 3044 omnia
2034 3004 2094 3044 se

497 3078 783 3151 passuros,
816 3091 877 3138 ut
910 3083 1183 3138 auxiliarii
1209 3089 1423 3138 tantum
1446 3082 1609 3138 amici
1638 3082 1810 3138 nicbil
1840 3082 1969 3139 mali
1996 3098 2093 3153 pa-

2199 1954 2292 2010 bat
2334 1954 2609 2010 lacrimas.
2660 1953 2862 2011 Amore
2888 1955 3072 2027 itaque
3118 1964 3354 2027 paterno
3398 1967 3688 2029 susceptus
3732 1960 3774 2013 ia

2199 2047 2453 2118 gratiam,
2485 2047 2714 2118 spondet
2742 2063 2802 2104 se
2841 2040 3354 2120 obtemperaturum
3382 2052 3545 2107 omni
3574 2060 3776 2122 patrm

2198 2139 2491 2194 voluntati.
2520 2137 2732 2195 Interea
2756 2151 3011 2195 summus
3030 2139 3277 2211 pontifex
3304 2140 3630 2197 Fridericus
3649 2158 3776 2213 qr.)-

2199 2240 2316 2288 tare
2342 2232 2679 2299 nunciatur;
2727 2242 3062 2309 quapropter
3102 2234 3250 2305 regis
3284 2234 3564 2305 placitum
3600 2235 3778 2291 modio:

2197 2325 2467 2381 differtur.
2502 2324 2772 2381 Defuncto
2807 2326 3085 2397 pontifice,
3137 2326 3488 2384 universalis
3510 2337 3777 2384 convenas

2197 2417 2382 2490 Populi
2408 2418 2757 2486 celebratur;
2792 2417 3067 2490 Mogontia
3115 2428 3241 2490 post
3281 2435 3504 2474 annum
3544 2429 3600 2475 et

2197 2512 2356 2567 (lium
2379 2527 2505 2567 cum
2536 2512 2688 2584 omni
2723 2511 2957 2583 Francia
2996 2513 3112 2584 regi
3134 2512 3418 2579 traditur;
3455 2512 3610 2568 illius
3639 2522 3777 2582 etgr-

2198 2618 2298 2658 ner
2321 2603 2379 2658 in
2411 2605 2643 2676 gratiam
2684 2604 2927 2676 suscepti
2953 2614 3104 2673 sunt,
3138 2620 3252 2675 qua
3283 2614 3344 2662 et
3378 2606 3440 2660 in
3473 2604 3639 2661 ﬁnem
3669 2604 3777 2658 tiae-

2195 2695 2320 2751 liter
2341 2696 2429 2751 usi
2462 2705 2613 2751 sunt.

2268 2807 2385 2865 Rex
2433 2810 2718 2881 ingressus
2788 2809 3086 2866 Saxoniam
3149 2810 3301 2865 circa
3370 2807 3652 2867 Kalendas
3687 2805 3775 2863 Jul.

2195 2900 2387 2957 obvios
2410 2901 2603 2957 habuit
2637 2902 2845 2975 legatos
2873 2900 3259 2973 Ungariorum,
3292 2911 3571 2972 tanquam
3611 2901 3676 2955 ob
3700 2916 3777 2953 au-

2197 2993 2403 3064 tiquam
2432 2993 2591 3049 fidem
2625 3002 2679 3049 ct
2709 2993 2941 3066 gratiam
2984 3009 3108 3049 enm
3137 2995 3459 3061 visitantes,
3483 3009 3673 3049 revera
3694 3008 3777 3045 aa-

2194 3095 2326 3154 tem,
2355 3096 2417 3140 ut
2460 3086 2789 3157 quibusdam
2828 3085 3139 3153 videbatur,
3182 3094 3447 3141 eventum
3469 3086 3601 3141 belli
3629 3084 3777 3141 civiis

500 3184 761 3230 terentur.
799 3172 914 3229 Rex
936 3182 1119 3229 autem
1150 3189 1259 3228 non
1293 3173 1579 3229 inveniens
1615 3172 1896 3244 quomodo
1920 3174 2091 3228 meri-
2121 3212 2166 3274 Ο
2197 3181 2630 3237 considerantes.
2666 3179 2817 3248 Quos
2869 3196 2994 3236 cum
3046 3195 3233 3258 secum
3273 3178 3583 3250 aliquantis
3610 3179 3778 3234 diebus

499 3277 580 3339 tas
618 3283 789 3338 penas
836 3266 951 3322 filio
990 3265 1236 3334 inferret,
1272 3265 1516 3321 fautores
1547 3265 1875 3337 insidiarum
1921 3282 2092 3338 expo-

498 3358 788 3427 stulatJlli
861 3366 1044 3417 autem
1106 3359 1432 3429 iuramentis
1486 3358 1711 3418 vicariis
1766 3359 1989 3430 obligati
2039 3369 2093 3415 et

498 3452 906 3523 quodammodo
964 3459 1080 3505 arte
1129 3450 1338 3520 antiqui
1402 3450 1577 3505 hostis
1631 3450 1934 3514 constricti,
1988 3450 2094 3507 hoc

498 3546 724 3621 omnino
754 3544 1046 3615 negabant,
1071 3543 1259 3613 sicque
1289 3542 1490 3599 infecta
1525 3558 1585 3598 re
1611 3545 1666 3596 in
1702 3543 1893 3598 urbem
1918 3543 2093 3598 redie-

497 3637 657 3713 bant.
701 3637 979 3705 Eltbertus
1020 3644 1226 3702 autem,
1288 3635 1382 3705 qui
1436 3637 1599 3691 obses
1659 3636 1821 3691 datus
1866 3642 1985 3691 erat
2036 3637 2089 3691 in

501 3730 721 3805 urbem,
753 3728 1109 3785 suasibilibus
1128 3728 1311 3783 verbis
1335 3728 1447 3800 regi
1475 3728 1537 3783 fit
1574 3727 1856 3796 adversus,
1888 3744 2011 3784 eum
2037 3739 2090 3785 et

498 3832 656 3875 antea
706 3828 928 3890 propter
958 3821 1336 3891 correptiones
1384 3820 1505 3890 ejus
1528 3819 1605 3873 illi
1648 3818 1845 3876 fuisset
1891 3820 2087 3877 iratus.

501 3914 759 3995 Sequenti
784 3915 952 3987 igitur
985 3923 1145 3971 nocte
1174 3915 1413 3986 Bajoarii
1442 3916 1671 3972 comites
1707 3915 1947 3972 Heinrici
1974 3916 2089 3973 fra-

501 4009 600 4063 tris
630 4007 794 4080 regis,
824 4008 1014 4064 relicto
1043 4023 1128 4076 eo,
1162 4008 1339 4077 juncti
1367 4017 1495 4065 sunt
1518 4008 1780 4077 Luitolfo,
1818 4027 1945 4067 cum
1965 4012 2089 4082 qui-

500 4101 602 4161 bus
631 4101 746 4172 ipse
775 4116 1026 4172 pergens,
1067 4101 1260 4159 urbem
1302 4101 1507 4173 regiam
1546 4101 1902 4173 Ratisponam
1945 4103 2088 4174 cepit

496 4208 622 4247 eum
653 4192 849 4248 ceteris
880 4191 933 4246 in
964 4207 1027 4246 ea
1065 4192 1288 4263 regione
1326 4192 1733 4266 munitissimis,
1761 4210 2087 4266 omnemque

496 4285 788 4355 pecuniam
815 4285 972 4341 ducis
998 4283 1240 4342 Heinrici
1267 4286 1383 4341 suis
1423 4258 1688 4340 militﬂius
1709 4286 1915 4351 divisit,
1949 4303 2085 4350 cons-

489 4378 676 4450 jugem
708 4377 827 4448 ejus
854 4394 978 4433 cum
1018 4377 1146 4434 filiis
1176 4386 1229 4433 et
1260 4378 1452 4434 amicis
1481 4394 1589 4434 non
1622 4379 1800 4434 solum
1830 4379 1964 4434 urbe
1992 4382 2085 4437 sed

493 4477 547 4524 et
570 4485 790 4541 regione
821 4471 1085 4527 excedere
1119 4471 1313 4542 coegit.
1353 4470 1479 4527 Hrec
1513 4471 1699 4527 omnia
1728 4471 1931 4527 fiebant
1952 4488 2086 4528 can-

493 4562 617 4618 silio
648 4560 858 4617 Arnolii
904 4562 1141 4634 junioris
1178 4562 1521 4634 fratrumque
1567 4579 1822 4632 suorum,
1848 4580 1914 4620 eo
1939 4566 2084 4635 quod
2120 4576 2163 4630 Ι)
2187 4581 2241 4628 et
2264 4573 2395 4629 dum
2437 4589 2605 4644 eques
2642 4574 2747 4629 iret
2773 4573 2829 4627 in
2859 4572 3096 4639 hostem,
3132 4570 3371 4628 bellator
3410 4567 3763 4643 intolerabilis.

491 4669 609 4726 ipse
653 4653 945 4711 lleinricus
1001 4664 1289 4725 paternum
1353 4655 1577 4711 baberct
1632 4657 1912 4712 ducatum.
1972 4656 2086 4714 Rex

490 4761 622 4803 vero
668 4748 842 4803 filium
894 4749 1259 4820 subsequens,
1312 4749 1503 4804 urbem
1556 4748 1911 4820 [latisponam
1935 4750 2086 4805 obsi-

493 4841 656 4897 dione
706 4841 1110 4909 circumdedit;
1154 4842 1249 4897 sed
1291 4859 1416 4898 eum
1462 4843 1755 4899 multitudo
1801 4845 2088 4907 machinas

494 4935 616 4990 urbi
639 4936 903 5007 applicari
934 4951 1044 4990 non
1082 4935 1308 5003 sineret,
1358 4936 1495 4991 satis
1532 4936 1668 4991 dure
1703 4935 1975 4992 interdum
2017 4938 2089 4992 ab

495 5029 742 5100 utrisque
791 5038 1093 5101 pugnatum
1142 5036 1227 5101 est
1258 5038 1361 5099 pro
1398 5028 1592 5083 muris.
1623 5026 1831 5083 Urbani
1878 5029 2088 5085 crebris

492 5121 661 5176 attriti
704 5122 925 5193 praeliis,
976 5120 1122 5177 fame
1163 5136 1385 5193 quoque
1433 5121 1727 5192 periclitari
1778 5132 2082 5193 coeperunt.

494 5209 649 5270 Unde
694 5213 964 5271 Luitolfus
1016 5215 1152 5270 urbe
1204 5230 1462 5287 egressus
1510 5230 1636 5270 cum
1691 5215 2087 5288 principalibus

490 5307 645 5372 viris,
678 5323 869 5378 pacem
894 5308 1156 5379 postulat,
1191 5307 1286 5363 sed
1328 5323 1438 5362 non
1478 5307 1753 5378 impetrat,
1784 5310 1917 5379 quia
1942 5309 2087 5380 patri

493 5401 884 5457 oboedientiam
911 5410 1092 5473 negat.
1113 5400 1387 5456 Reversus
1410 5415 1540 5455 vero
1558 5400 1611 5479 in
1630 5402 1841 5468 urbem,
1866 5410 2083 5472 portam

494 5488 816 5552 Orientalem
846 5495 1189 5550 obsidentem
1212 5494 1383 5549 armis
1410 5501 1640 5564 temptat
1676 5492 1967 5561 Geronem,
2004 5504 2083 5549 tot

491 5590 735 5647 victoriis
764 5600 899 5661 quot
936 5590 1140 5661 praeliis
1162 5591 1392 5646 clarum.
1446 5589 1491 5644 A
1541 5590 1706 5646 tercia
1736 5591 1905 5661 igitur
1946 5589 2082 5643 hora

489 5701 665 5756 usque
706 5685 759 5739 in
806 5700 1007 5739 nonam
1050 5701 1177 5740 cum
1224 5684 1420 5739 acriter
1452 5694 1782 5754 pugnaretur
1807 5692 1932 5738 ante
1958 5696 2085 5752 por-

2198 3274 2515 3329 retinuisset
2538 3283 2591 3329 et
2616 3272 2890 3344 aliquibus
2917 3273 3263 3346 munusculis
3292 3272 3537 3328 donatos
3568 3273 3623 3327 in
3666 3288 3775 3343 [mare

2197 3366 2521 3434 remisisset,
2572 3366 2786 3442 audivit}
2811 3382 2841 3420 a
2885 3364 3106 3421 nunciis
3137 3364 3356 3442 fratris,
3387 3365 3553 3421 ducis
3592 3364 3774 3420 scilicet

2195 3458 2614 3530 Bajoariorum:
2658 3440 2800 3524 Quid
2848 3475 2965 3523 ecce
3019 3455 3243 3528 Uttgarii
3298 3440 3491 3526 (li/fusi
3549 3455 3775 3509 invadunt

2199 3554 2448 3607 tenninos
2473 3561 2612 3619 tuos,
2644 3560 2989 3621 statuamque
3034 3550 3366 3627 tecuntitrire
3409 3566 3664 3627 pugnam.
3698 3545 3775 3599 ms

2197 3660 2291 3706 rex
2319 3645 2541 3713 auditis,
2571 3644 2731 3716 quasi
2761 3643 2933 3700 nichil
2974 3642 3185 3697 laboris
3228 3642 3499 3712 preterito
3540 3656 3684 3696 anno
3710 3649 3777 3693 to—

2194 3738 2442 3804 lerasset,
2477 3737 2643 3809 cmpit
2692 3737 2771 3792 ire
2819 3745 3010 3793 contra
3053 3735 3264 3799 hostes,
3322 3734 3564 3805 sumptis
3611 3747 3773 3787 secuta

2194 3831 2384 3901 paucis
2415 3830 2733 3887 ammodum
2754 3846 2822 3885 cx
2853 3827 3184 3896 Saxonibus,
3200 3842 3269 3882 eo
3295 3827 3449 3898 quod
3464 3827 3579 3897 jam
3596 3825 3775 3881 bellum

2197 3921 2581 3979 Sclavonicum
2612 3930 2851 3994 urgeret.
2906 3920 3117 3978 Castris
3140 3919 3311 3995 igitur
3357 3919 3562 3990 positis
3594 3919 3645 3972 in
3676 3917 3775 3970 Au-

2194 4017 2586 4089 gustae‘urbis
2637 4016 2926 4083 confiniis,
2988 4015 3268 4091 exercitus
3337 4014 3674 4089 Francorum
3728 4020 3775 4065 tl

2192 4111 2574 4182 Bajoariorum
2601 4112 2651 4167 ei
2682 4100 2961 4177 oceurrit;
2997 4126 3124 4166 cum
3164 4108 3354 4167 valido
3401 4124 3618 4180 quoque
3642 4108 3773 4161 venit

2193 4205 2443 4276 equitatu
2488 4204 2542 4258 in
2587 4213 2765 4259 castra
2799 4204 2907 4259 dux
2932 4200 3303 4257 Cbuonradus
3327 4219 3343 4268 ;
3369 4202 3533 4271 cujus
3561 4201 3773 4255 adventu

2191 4299 2395 4354 milites
2420 4298 2609 4365 erecti,
2649 4299 2765 4369 jam
2813 4297 3074 4368 optabant
3106 4311 3217 4350 non
3250 4293 3466 4350 dill'erri
3500 4304 3765 4350 certam.

2190 4390 2322 4447 Erat
2349 4391 2495 4447 enim
2527 4391 2634 4446 dux
2666 4391 2806 4445 idem
2836 4399 3030 4444 natura
3074 4387 3304 4443 audacis
3339 4387 3542 4452 animi,
3572 4381 3767 4456 etquod

2189 4498 2379 4537 rarum
2409 4490 2493 4537 est
2517 4480 2841 4546 audacibus,
2873 4479 3051 4535 bonus
3091 4477 3349 4544 consilio,
3390 4488 3448 4533 et
3477 4479 3599 4533 dum
3620 4475 3767 4546 pedm

2189 4666 2337 4721 domi
2387 4682 2451 4722 ac
2478 4665 2674 4721 militia
2720 4665 2890 4720 karus
2946 4664 3133 4721 sociis.
3178 4663 3352 4736 Igitur
3404 4667 3479 4722 ab
3512 4667 3767 4735 utriusque

2188 4760 2462 4816 exercitus
2524 4759 2984 4815 latrocinantibus
3033 4759 3352 4830 agminibus
3410 4761 3763 4816 notiﬁcabatar
3860 4759 3862 4811 Ι

2190 4868 2301 4907 non
2326 4853 2486 4923 longe
2510 4851 2579 4905 ab
2600 4850 2829 4906 invicem
2862 4849 2978 4905 fore
2997 4858 3227 4919 uterque
3250 4852 3550 4906 exercitus.
3575 4848 3762 4919 Jejuaio

2190 4945 2375 5015 itaque
2404 4944 2457 4998 in
2512 4943 2712 4999 castris
2756 4941 3058 5013 predieato,
3102 4940 3325 5011 jussum
3377 4951 3467 4996 est
3510 4954 3674 4996 omnes
3699 4935 3758 4989 ad

2190 5037 2393 5091 bellum
2445 5044 2668 5106 paratos
2720 5049 2844 5090 esse
2893 5034 2948 5088 in
3004 5032 3272 5089 crastino.
3322 5031 3516 5088 Prim’o
3549 5029 3759 5087 diluculo

2192 5135 2497 5199 surgentes,
2534 5142 2668 5196 pace
2711 5125 2838 5180 data
2868 5132 2923 5180 et
2945 5131 3190 5194 accepta,
3235 5139 3518 5194 operaque
3544 5138 3629 5178 sua
3649 5117 3755 5188 pri-

2191 5236 2341 5274 mum
2370 5218 2517 5285 duci,
2548 5216 2743 5273 deinde
2773 5218 2842 5271 ab
2864 5232 2977 5271 uno
3014 5230 3235 5285 quoque
3266 5214 3428 5269 alteri
3448 5231 3566 5270 cum
3592 5224 3753 5265 εισι»

2191 5321 2375 5367 mento
2414 5310 2704 5382 promissa,
2755 5308 2952 5364 erectis
2978 5306 3172 5378 signis,
3213 5322 3449 5364 numero
3476 5303 3617 5376 quasi
3640 5309 3752 5355 orto

2192 5404 2433 5475 legiones
2460 5402 2763 5474 procedunt
2789 5416 2820 5455 c
2868 5398 3085 5455 castris.
3116 5397 3354 5453 Ducitur
3383 5397 3637 5453 exercitus
3659 5405 3749 5461 per

2194 5511 2385 5565 aspera
2431 5504 2487 5550 et
2516 5492 2922 5557 diiiicilialoca,
2950 5506 3019 5546 ne
3062 5489 3291 5545 daretur
3340 5489 3579 5544 hostibus
3611 5482 3745 5551 copi:

2194 5588 2448 5645 turbandi
2478 5585 2692 5659 sagittis
2718 5584 2958 5655 agmina,
2992 5582 3195 5654 quibus
3234 5590 3466 5637 utuntur
3495 5574 3741 5633 θοι-πίεν.

2195 5680 2434 5735 arbustis
2474 5694 2537 5734 ea
2565 5676 2995 5750 protegentibus.
3032 5672 3275 5729 Primam
3326 5683 3380 5729 ct
3411 5667 3666 5727 secundum
3690 5672 3739 5716 et

1783 5774 2015 5831 VARUE
2054 5771 2456 5831 LECTIONES.

534 5849 655 5934 3".“
680 5867 1032 5926 chuorandus
1071 5868 1117 5921 l.
