3862 6306
72 374 145 432 9-21
916 361 1285 420 CHRONICA.
1325 396 1389 405 —
1432 360 1826 421 CHRONICON
1867 363 2328 422 UNlVERSALE.
3157 364 3263 420 922

73 488 246 547 terciam
269 482 516 556 legionem
535 479 1340 552 direxeruntBajoarii,quibus
1362 478 1579 551 prefuc-
1609 481 1654 537 Δ
1682 489 1932 550 portatur
1963 480 2357 548 Wormaciam,
2385 480 2569 551 ibique
2607 478 2867 550 sepelitur
2903 493 3029 533 cum
3060 475 3186 531 ﬁetu
3210 484 3266 532 ct

72 589 166 636 runt
189 576 386 649 prefeeti
409 575 560 631 ducis
590 572 830 629 lleinrici
857 591 872 641 ;
904 589 1031 652 nam
1064 583 1119 629 ct
1140 574 1255 644 ipse
1282 573 1425 627 bello
1451 572 1577 627 abc-
1681 573 1899 641 planctu
1933 574 2182 629 omnium
2206 574 2564 629 Francorum.
2600 572 2723 644 Ipsa
2753 588 2881 627 vero
2906 571 2994 627 die
3018 570 3145 627 belli
3179 569 3266 624 iii-

72 682 147 738 rat,
168 668 375 740 ecquod
419 666 710 723 valitudine
748 666 994 737 corporis
1035 666 1361 734 laborasset,
1392 681 1500 736 qua
1525 675 1580 720 et
1679 679 1811 720 vasa
1855 676 1983 722 sunt
2015 674 2216 734 castra,
2261 674 2316 723 et
2336 665 2535 737 captivi
2579 680 2771 721 omnes
2797 663 2990 734 erepti,
3022 662 3266 717 secundo

69 772 267 820 mortuus
283 769 377 816 est.
398 757 652 825 Quartam
673 757 941 829 legionem
957 757 1349 813 ordinaverunt
1360 755 1577 823 Franci,
1680 765 1864 812 autem
1890 757 1977 815 die
2007 774 2073 814 ac
2102 760 2271 815 tercio
2300 775 2332 813 a
2358 758 2556 814 vicinis
2587 758 2818 813 urbibus
2845 757 3056 826 reliqua
3078 753 3265 809 multi-

68 869 253 927 quorum
272 861 437 908 rector
471 866 535 907 ac
554 860 878 922 procurator
898 859 1017 906 erat
1057 850 1167 906 dux
1190 848 1578 904 Cliuonradus.
1680 849 1811 905 tudo
1852 849 1908 903 in
1935 857 2146 905 tantum
2183 859 2506 921 consumpta
2533 858 2637 916 est,
2664 858 2725 904 ut
2754 848 2938 903 nullus
2984 856 3079 903 aut
3106 862 3267 901 rarus

69 946 198 1017 (Win.
221 962 291 1012 ιιι,
332 945 397 999 Μ
417 946 595 1015 seqq.)
635 942 693 998 ιιι
714 943 904 1013 quinta
920 984 937 1010 ,
971 958 1095 1014 quae
1113 950 1231 997 erat
1250 941 1511 1007 maxima,
1528 949 1584 994 et
1682 939 1953 995 evaderet.
1993 939 2127 996 Tres
2155 942 2323 997 duces
2346 942 2520 1013 gentis
2544 939 2829 1015 Ungarica':
2851 940 2995 1011 capti
3032 938 3269 1009 ducique

67 1038 415 1108 quaedicebatur
443 1036 608 1107 regia,
631 1036 747 1105 ipse
762 1034 1018 1105 princeps
1027 1032 1412 1098 erat,vallatus
1428 1032 1585 1087 lectis
1684 1030 1939 1089 Heinrico
1958 1036 2292 1103 praesentati,
2310 1035 2452 1090 mala
2465 1044 2659 1102 morte,
2673 1043 2733 1089 ut
2746 1033 2896 1104 digni
2921 1040 3097 1099 erant,
3119 1030 3266 1085 mul-

65 1147 113 1186 ει
148 1129 372 1185 omnibus
410 1126 644 1182 militum
682 1126 908 1181 milibus
950 1125 1229 1196 alacrique
1273 1124 1581 1196 juventute,
1690 1126 1787 1181 tati
1814 1135 1974 1193 sunt;
2001 1126 2302 1197 suspendio
2328 1142 2565 1198 namque
2592 1134 2940 1197 crepuerunt.
2970 1122 3272 1193 Triumpho

66 1234 303 1289 coramque
333 1233 395 1274 co
424 1217 650 1289 angelus
672 1216 844 1273 -—sic
875 1215 1022 1272 enim
1068 1215 1368 1272 vocabatur
1416 1214 1586 1270 vexil-

1743 1224 1886 1281 ilebri
1914 1241 2007 1280 rex
2032 1223 2209 1281 factus
2230 1223 2521 1296 gloriosus,
2545 1223 2615 1278 ab
2637 1222 2881 1277 exercitu
2903 1229 3057 1292 pater
3078 1216 3268 1290 patriae

65 1312 149 1366 lum
169 1311 273 1382 eius
290 1343 356 1352 -
376 1311 547 1371 denso
576 1310 794 1382 “limine
815 1310 1235 1380 είηυωεθριυε-
1276 1306 1498 1364 Senam
1534 1316 1588 1364 θι
1686 1333 1752 1373 ac
1780 1318 2077 1389 imperator
2105 1326 2191 1373 est
2213 1316 2532 1388 appellatus.
2566 1314 2808 1371 Decretis
2836 1311 3063 1385 proinde
3087 1312 3268 1366 hono-

64 1403 294 1473 septimam
320 1403 583 1474 legionem
606 1403 1012 1459 constituerunt
1032 1401 1220 1468 Suevi,
1243 1400 1446 1472 quibus
1465 1414 1589 1471 pre-
1687 1411 1842 1467 ribus
1865 1419 1919 1465 et
1963 1409 2143 1481 dignis
2172 1408 2426 1464 laudibus
2459 1421 2689 1463 summae
2715 1405 2985 1462 divinitati
3016 1419 3113 1475 per
3160 1401 3276 1457 sin—

64 1497 141 1552 fuit
158 1495 499 1562 Burchardus,
544 1494 635 1551 cui
680 1503 943 1567 nupserat
967 1495 1075 1550 filia
1113 1493 1301 1549 fratris
1330 1493 1495 1565 regis.
1527 1491 1587 1548 In

1752 1505 1845 1561 llas
1882 1503 2183 1570 aeeclesias,
2223 1502 2329 1558 hoc
2373 1500 2515 1556 idem
2570 1508 2775 1555 sanctae
2822 1497 2985 1552 matri
3028 1511 3142 1552 suae
3178 1510 3277 1566 per

63 1600 212 1646 octava
229 1598 375 1645 erant
388 1588 596 1645 Boemii
608 1588 765 1645 electi
788 1588 991 1644 milites
1013 1587 1182 1655 mille,
1211 1586 1382 1643 armis
1406 1585 1589 1656 potius
1688 1594 1923 1650 nuncios
1953 1592 2313 1660 demandans,
2342 1606 2467 1647 cum
2490 1588 2732 1659 tripudio
2760 1603 2825 1642 ac
2847 1600 3061 1642 summa
3082 1582 3279 1639 heticia

64 1682 264 1739 instructi
288 1698 447 1753 quam
484 1681 735 1749 fortuna;
761 1680 817 1735 in
837 1696 948 1751 qua
970 1690 1026 1736 et
1054 1679 1287 1736 sarcinae
1310 1692 1503 1733 omnes
1523 1692 1590 1732 ac
1690 1684 1988 1740 Saxoniam
2028 1683 2342 1749 revertitur,
2386 1692 2442 1739 et
2469 1696 2501 1737 a
2547 1678 2752 1752 populo
2783 1692 2887 1734 suo
2919 1674 3283 1730 libentissime

64 1772 392 1842 impedimenta
437 1766 693 1844 (ιιικιιὶιθο
739 1772 900 1843 quasi
951 1772 1072 1842 ipsa
1116 1778 1263 1826 esset
1308 1768 1585 1826 ῑυῑίεείῐηθ
1694 1777 2012 1849 suscipitur.
2043 1774 2229 1847 Neque
2256 1774 2403 1831 enim
2425 1781 2581 1829 tanta
2603 1770 2832 1825 victoria
2864 1768 3158 1839 quisquam
3190 1780 3283 1821 re-

63 1880 155 1934 quie
176 1873 222 1919 et
249 1864 561 1920 novissima.
605 1863 711 1920 Sed
740 1865 900 1919 aliter
926 1878 1015 1919 res
1037 1870 1157 1918 acta
1184 1869 1287 1918 est.
1320 1858 1456 1917 Nam
1475 1858 1592 1916 Un-
1625 1852 1665 1911 Il
1694 1885 1823 1941 gum
1854 1869 1998 1923 imm
2028 1868 2294 1923 ducentos
2324 1881 2500 1922 annos
2529 1873 2655 1919 ante
2682 1878 2808 1919 eum
2841 1861 3058 1917 laetatus
3086 1868 3190 1914 est.

63 1956 346 2026 gariinicliil
375 1957 805 2013 cunctantes‘m
836 1955 1030 2011 Licum
1059 1954 1309 2021 fluvium,
1328 1953 1424 2025 qui
1443 1952 1588 2009 chc

1772 1962 1956 2018 Rebus
2003 1961 2172 2034 igitur
2217 1960 2321 2016 rite
2351 1956 2694 2029 compositis,
2728 1971 2827 2027 per
2855 1968 3077 2009 omnem
3110 1950 3286 2006 Frau-

61 2049 232 2116 dicitur,
271 2050 623 2118 transierunt,
672 2049 1112 2119 circuientesque
1136 2047 1227 2080 ³⁸η
1264 2046 1586 2112 exercitum,

1759 2069 1839 2109 am
1872 2034 2282 2122 Saxoniamque
2302 2058 2358 2105 et
2381 2049 2590 2105 vicinas
2614 2048 3043 2117 circumquaque
3072 2050 3284 2114 gentes,

60 2150 303 2197 extremam
342 2142 606 2213 legionem
646 2141 860 2214 sagittis
885 2141 1157 2197 lacessere
1193 2146 1505 2209 coeperunt.
1537 2146 1594 2193 et
1698 2147 1929 2203 Romam
1957 2143 2231 2217 proﬁcisci
2255 2151 2523 2210 statuens,
2559 2138 2997 2211 Longobardiam
3022 2133 3283 2206 perrexit.

60 2235 220 2304 impetu
243 2251 358 2289 eum
386 2234 595 2308 ingenti
623 2232 1017 2291 vociferatione
1054 2231 1219 2298 facto,
1260 2230 1385 2286 aliis
1425 2230 1590 2297 cesis,
1698 2238 1804 2296 Ubi
1849 2238 2087 2309 qualiter
2134 2250 2319 2306 regem
2348 2231 2834 2304 Langobardorum
2867 2224 3284 2296 Berengarium,

60 2326 150 2381 aliis
170 2328 345 2398 “illis,
373 2325 609 2383 δδτείυίε
636 2325 896 2382 omnibus
922 2325 1102 2396 Ροῑίιίν
1127 2334 1340 2380 οθιεΐοε
1358 2322 1593 2393 legionis
1696 2333 1870 2388 multa
1893 2330 2181 2386 malacum
2205 2327 2318 2383 ﬁlio
2348 2324 2749 2381 squdelberto
2772 2319 3038 2376 mcclesiis
3073 2316 3170 2371 Dei
3195 2316 3287 2369 inm

60 2418 170 2475 illius
190 2430 414 2475 armatos
439 2419 630 2491 fugere
670 2418 1075 2489 compulerunt.
1125 2414 1390 2472 Similiter
1420 2414 1592 2485 septi-
1697 2424 1985 2491 ferentem,
2013 2422 2230 2477 duobus
2264 2418 2425 2475 annis
2454 2414 2748 2481 obsederit,
2790 2421 3121 2482 captumque
3162 2421 3291 2462 cum

59 2525 169 2563 mam
194 2526 250 2567 ac
282 2521 486 2567 sextam
534 2510 802 2583 aggressi,
830 2509 1085 2581 plurimis
1115 2524 1183 2565 ex
1210 2509 1291 2566 eis
1329 2506 1489 2574 fusiS,
1535 2507 1590 2562 in
1698 2515 1927 2585 conjuge
1952 2521 2008 2568 et
2037 2511 2166 2567 ﬁliis
2195 2510 2251 2565 in
2290 2508 2516 2565 exilium
2554 2504 2787 2571 miserit,
2827 2502 3110 2556 Romanos
3144 2497 3288 2553 duo-

58 2600 200 2673 fugam
212 2612 494 2660 verterunt.
522 2603 637 2660 Rex
666 2612 851 2660 autem
869 2618 994 2659 cum
1013 2603 1359 2669 advertisset,
1387 2602 1583 2657 bellum

1758 2624 1802 2663 IS
1833 2606 2035 2678 przeliis
2062 2604 2275 2670 vicerit,
2306 2602 2475 2658 duces
2504 2598 2939 2655 Beneventorum
2965 2589 3283 2663 subjecerit,

56 2709 104 2745 ex
117 2693 313 2751 adverso
335 2696 603 2766 pretendi,
619 2696 712 2751 sed
725 2705 847 2766 post
864 2704 1076 2767 tergum
1102 2695 1405 2750 novissima
1427 2693 1596 2765 agmi-
1698 2697 1902 2754 Grecos
1927 2698 1984 2752 in
2002 2694 2254 2753 Calabria
2283 2701 2338 2749 et
2357 2690 2552 2762 Apulia
2576 2686 2936 2759 superaverit,
2967 2692 3109 2739 terra
3125 2680 3293 2736 Saxo-

57 2798 109 2837 na
139 2786 429 2855 periclitari,
461 2788 616 2845 misit
645 2788 774 2843 illuc
804 2788 1001 2844 ducem
1035 2786 1429 2843 Chuonradum
1465 2802 1591 2842 cum
1701 2790 1827 2845 nica
1866 2804 2037 2844 venas
2072 2784 2296 2859 argenti
2340 2781 2639 2853 aperuerit,
2679 2776 2969 2849 imperium
3013 2790 3139 2829 cum
3178 2772 3291 2826 filio

56 2886 210 2945 quarta
252 2879 492 2951 legione;
525 2880 621 2951 qui
671 2880 895 2936 veniens
924 2879 1168 2951 captivos
1205 2880 1426 2950 eripuit,
1470 2893 1597 2950 pre-
1701 2883 1807 2939 sibi
1835 2881 2117 2952 :equivoco
2155 2893 2322 2949 quam
2363 2872 2650 2946 magnifice
2690 2867 3018 2934 dilataverit,
3061 2863 3290 2934 majoris

57 2970 152 3024 dam
202 2974 448 3041 excussit,
517 2973 1016 3045 latrocinantiaque
1062 2974 1307 3029 hostium
1375 2973 1595 3046 agmina
1702 2982 1788 3031 est
1828 2971 2031 3043 operis,
2084 2969 2314 3038 ideoque
2357 2961 2634 3021 conscribi
2682 2975 2791 3015 non
2834 2958 2981 3014 valet
3030 2970 3062 3011 a
3106 2952 3285 3008 nobis.
3351 2959 3359 2965 '

56 3065 358 3131 perturbavit.
388 3065 556 3123 Fusis
577 3066 1035 3123 latrocinantibus
1061 3066 1308 3138 undique
1334 3067 1594 3123 adversa-
1703 3068 1950 3142 (Liuorn.
1981 3064 2126 3119 Hist.
2156 3061 2295 3133 Ott.)
2317 3058 2433 3115 Hoc
2462 3065 2673 3113 tantum
2704 3052 2943 3109 breviter
2963 3046 3288 3112 notandum,

54 3155 217 3212 riorum
241 3160 572 3232 agminibus,
611 3159 724 3216 dux
764 3159 831 3214 ad
862 3174 1048 3230 regem
1092 3159 1384 3215 revertitur
1423 3159 1597 3231 signis
1621 3203 1669 3263 Γ
1701 3161 1846 3234 quod
1875 3176 1906 3215 a
1939 3158 2189 3213 Johaunc
2219 3169 2358 3225 papa
2402 3149 2598 3206 litteris
2645 3144 2962 3218 suppliciter
3008 3147 3289 3203 exoratus,

82 3246 91 3257 -
123 3256 133 3263 .
166 3250 176 3261 .
210 3252 239 3263 ..
444 3253 456 3263 .
735 3251 747 3263 .
929 3253 945 3263 .
1236 3260 1243 3263 .
1646 3245 1671 3263 Α
1824 3254 1852 3263 ν.
2342 3245 2434 3263 ns!
2467 3249 2890 3263 _-_._.-..-...........
2920 3231 3289 3263 ...ιηοιηιηνιηη

54 3246 343 3320 victricibus,
384 3253 705 3323 mirumque
732 3251 788 3306 in
820 3253 1043 3307 modum
1085 3253 1472 3310 cunctantibus
1498 3268 1595 3309 ve-
1621 3231 1671 3266 ’³
1703 3231 1965 3326 quatinus
1987 3265 2088 3322 pro
2123 3262 2312 3304 amore
2342 3245 2438 3299 Dei
2463 3249 2890 3308 sanctorumque
2920 3231 3290 3305 apostolorum

55 3340 218 3396 tcrauis
237 3342 522 3408 militibus,
554 3341 725 3415 gloria
750 3342 994 3397 victoria:
1016 3342 1273 3409 assuetis,
1300 3359 1425 3399 cum
1454 3359 1597 3399 novo
1699 3323 1846 3403 Detri
1898 3353 1954 3402 et
2000 3342 2157 3398 Pauli
2207 3346 2453 3397 sanctam
2508 3334 2815 3390 Romanam
2868 3323 3170 3384 iecclesiam
3225 3336 3293 3377 ex

52 3432 187 3489 ωίίίιθ
216 3445 266 3492 ει
302 3433 415 3492 fere
458 3434 702 3493 bellandi
750 3435 943 3507 ignaro
986 3434 1327 3505 triumphum
1367 3435 1595 3507 peregit.
1701 3441 1952 3498 faucibus
1990 3434 2306 3507 Dercngarii
2337 3442 2674 3498 suorumque
2704 3425 2980 3488 liberaret,
3028 3419 3294 3474 aliorum-

54 3521 213 3581 Totum
242 3527 403 3601 igitur
428 3529 652 3601 pondus
681 3529 854 3600 prmlii
874 3528 991 3599 jam
1018 3543 1085 3583 ex
1110 3527 1341 3583 adverso
1362 3544 1484 3584 esse
1504 3542 1599 3582 rex
1701 3547 1808 3603 que
1843 3528 2143 3584 multorum
2191 3523 2573 3595 episcoporum
2619 3514 2954 3583 alteriusque
2984 3507 3195 3564 ordinis
3239 3515 3294 3561 et

51 3600 373 3691 conspiciens,
403 3600 809 3679 exhortationis
833 3621 1009 3693 gratia
1036 3636 1167 3677 suos
1200 3620 1470 3676 allocutus
1492 3623 1596 3687 cst,
1700 3600 1971 3679 laicoruin
2024 3616 2313 3690 questibus
2360 3620 2565 3680 motus,
2618 3608 2790 3664 ﬁlium
2831 3619 2994 3662 suum
3038 3600 3291 3657 Ottoncm

51 3725 244 3771 monens
273 3731 366 3774 eos
393 3717 754 3787 antiquarum
788 3713 1148 3770 victoriarum
1188 3721 1243 3769 et
1288 3728 1474 3769 rerum
1510 3728 1599 3768 se-
1702 3723 1895 3771 contra
1930 3727 2139 3768 morem
2182 3709 2430 3782 priorum
2470 3705 2526 3760 in
2568 3701 2871 3775 puerilibus
2901 3696 3060 3752 annis
3106 3708 3289 3762 regem

51 3803 152 3862 ilqu
173 3810 298 3868 bene
318 3784 624 3885 gestarum,
652 3820 706 3867 et
728 3819 789 3866 ut
814 3809 976 3867 modo
1007 3809 1065 3864 in
1091 3808 1269 3880 patria
1306 3823 1416 3863 non
1442 3807 1601 3863 cede»
1702 3807 2077 3868 constituens,
2126 3804 2183 3859 in
2234 3800 2473 3857 Saxonia
2528 3794 2845 3866 dereliquit,
2889 3791 3005 3862 ipse
3046 3784 3291 3844 collectis

51 3911 165 3969 rent,
194 3906 280 3975 qui
305 3884 494 3977 sepius
518 3914 574 3963 et
601 3905 656 3961 in
686 3904 865 3961 aliena
898 3904 1138 3960 victores
1175 3903 1512 3969 existerent;
1548 3909 1603 3956 et
1702 3900 1877 3970 copiis
1906 3897 2118 3952 Italiam
2137 3896 2376 3965 percitus
2392 3891 2561 3956 venit,
2575 3884 2963 3959 Berengarium
2986 3896 3110 3977 cum
3130 3892 3301 3977 uxore,

50 3970 299 4063 postquam
340 3970 663 4069 h-ujusmodi
696 3996 860 4053 verba
894 3995 1131 4067 plurima
1161 3992 1330 4061 dedit,
1367 3993 1435 4048 ad
1471 3992 1601 4047 ulti-
1707 4007 1809 4049 sua
1838 3990 2004 4046 Willa
2038 3997 2093 4044 et
2123 3987 2236 4042 ﬁlio
2272 3985 2562 4041 Adelbcrto
2597 3978 2844 4050 captivos
2886 3972 3202 4069 Babenberg
3240 3970 3297 4024 in

51 4097 171 4139 mum
199 4088 375 4145 intulit
398 4066 428 4145 ε*
448 4089 624 4145 Plura
655 4088 914 4162 loquerer,
945 4087 1143 4142 milites
1176 4087 1299 4153 mei,
1330 4087 1375 4141 si
1398 4101 1602 4140 nossem
1706 4086 1935 4146 exilium
1960 4083 2133 4150 misit,
2164 4081 2259 4137 ubi
2285 4088 2343 4135 et
2372 4078 2516 4133 idem
2544 4070 2900 4144 Beriugarius
2920 4066 3213 4162 defunctus
3243 4070 3300 4118 ct

51 4174 185 4231 verbis
214 4179 458 4236 virtutem
484 4180 565 4235 vel
602 4156 905 4234 audociamr
934 4177 1131 4231 animis
1166 4177 1352 4231 vestris
1398 4175 1601 4247 augeri,
1707 4180 1956 4253 sepultus
1977 4186 2092 4244 est;
2118 4176 2236 4246 ipse
2262 4186 2393 4228 vero
2414 4168 2647 4224 Romam
2677 4163 2923 4228 veniens,
2947 4156 3179 4253 miriﬁco
3200 4167 3302 4222 ape.

49 4268 176 4322 modo
191 4272 372 4327 melius
395 4274 596 4345 gladiis
624 4287 786 4344 quam
808 4270 1005 4342 linguis
1031 4269 1374 4340 incipiamus.
1400 4267 1499 4324 llis
1520 4267 1605 4323 di-
1704 4247 1898 4346 paratu
1935 4276 2247 4340 susceptus,
2293 4272 2349 4320 et
2385 4262 2454 4318 ab
2481 4258 2675 4316 eodem
2715 4252 3014 4346 apostolico
3046 4247 3296 4346 Iohanne

48 4360 147 4426 “isi
181 4337 418 4437 θττεριο’
442 4337 729 4437 dilicti-ac
778 4337 938 4420 sacra
979 4337 1193 4429 lancea,
1247 4362 1362 4432 ipse
1391 4360 1606 4432 primus
1705 4337 1983 4438 imperiali
2022 4337 2286 4419 unctione
2309 4366 2364 4414 et
2391 4349 2771 4423 benedictione
2812 4344 3161 4438 sublimatus,
3193 4337 3298 4392 im-

46 4466 218 4522 equum
247 4457 410 4512 vertit
437 4457 493 4511 in
523 4456 732 4523 hostes,
763 4454 1049 4512 fortissimi
1088 4454 1283 4520 militis
1306 4470 1370 4509 ac
1408 4454 1571 4525 optim

1764 4436 1923 4515 irator
1956 4465 2012 4512 et
2053 4461 2323 4525 augustus
2349 4457 2436 4506 est
2491 4442 2817 4517 appellatus.
2861 4436 3289 4530 Aliquanto-au-

48 4543 359 4616 imperatoris
406 4548 646 4605 oﬁlcium
690 4564 907 4621 gerens.
976 4546 1227 4603 Hostium
1282 4522 1606 4602 audaciores
1641 4522 1819 4642 Dtem
1848 4557 2092 4618 tempore
2134 4522 2196 4600 in
2239 4541 2490 4615 partibus
2531 4535 2641 4593 illis
2679 4535 3077 4632 commoratus,
3122 4522 3296 4642 ﬁlium

47 4639 249 4704 lii-imum
289 4643 637 4709 restiterunt,
664 4612 859 4698 deinde
904 4649 964 4696 ut
993 4640 1174 4696 socios
1211 4649 1363 4711 terga
1395 4647 1607 4695 vertere
1641 4612 1685 4642 ν
1714 4657 1875 4698 suum
1902 4612 2155 4695 Ottonem
2205 4612 2273 4691 ad
2325 4649 2384 4689 se
2406 4630 2595 4688 venire
2624 4626 2773 4691 fecit;
2805 4620 2900 4693 qui
2934 4626 2990 4674 et
3030 4617 3086 4717 in
3128 4612 3302 4717 natali

46 4730 284 4805 viderunt,
315 4735 686 4807 obstupefacti
718 4734 1032 4805 nostrisque
1071 4704 1394 4801 intermixti,
1429 4733 1609 4788 extin-
1712 4734 1930 4790 Domini
1965 4745 2228 4788 coronam
2262 4726 2416 4798 regni
2446 4724 2515 4779 ab
2543 4717 2844 4792 apostolico
2874 4710 3099 4807 accepit.
3130 4704 3299 4807 Missa

44 4825 102 4877 cli
137 4804 275 4884 sunt.
316 4804 644 4887 Ceterorum
681 4843 815 4883 vero
862 4804 959 4881 alii
987 4826 1144 4896 equis
1180 4824 1422 4897 fatigatis
1450 4824 1610 4880 villas
1710 4825 2162 4897 etiamlcgatione
2181 4812 2737 4885 Constantinopolim,
2760 4808 2928 4864 ﬁliam
2956 4804 3307 4899 imperaloila

46 4919 293 4981 Proximas
314 4922 562 4989 intrant,
596 4919 1028 4990 circumfusique
1046 4917 1295 4985 armatis,
1324 4934 1446 4973 cum
1472 4933 1608 4974 mm-
1717 4918 2057 4989 'l‘heophanu
2098 4913 2321 4970 nomine
2359 4909 2483 4965 inde
2514 4903 2745 4975 accepit,
2775 4912 2987 4990 quam.‘
3014 4890 3303 4990 θίξιίξιιξξιξίε

43 5006 182 5064 nibus
217 5012 421 5081 pariter
460 4979 905 5078 mncrcmantur,
931 4979 1026 5065 alii
1062 5008 1266 5064 ﬂumen
1282 4979 1606 5081 contiguum
1714 5013 1770 5067 in
1802 4979 1957 5065 Ita-lia
1985 5006 2217 5078 nuptiis,
2251 5003 2427 5059 eidem
2458 4999 2570 5055 ﬁlio
2601 5011 2704 5053 suo
2728 4986 3017 5060 conjunxit
3048 4981 3141 5056 (cf.
3168 4979 3295 5037 Chr.

45 5102 444 5172 transnatantes,
485 5106 618 5161 dum
669 5104 787 5173 ripa
836 5102 1063 5158 ulterior
1100 5101 1460 5157 ascendentes
1495 5117 1606 5156 non
1714 5102 1830 5170 W.,
1857 5101 2083 5156 qurn.
2111 5097 2150 5153 ι.
2175 5093 2439 5152 l.—Win.
2474 5106 2557 5157 ιιι,
2586 5085 2803 5156 70-75)·
3058 5168 3075 5176 _
3148 5165 3185 5176 ,Α
3231 5164 3263 5176 η

44 5191 270 5261 sustinet,
299 5164 528 5250 flumine
553 5164 921 5251 obvolvuntur
951 5200 1007 5249 et
1030 5202 1282 5265 pereunt.
1312 5192 1605 5248 Chuonra-
1784 5164 1955 5265 (Win.
1984 5210 2044 5249 Ill
2094 5191 2192 5258 75,
2239 5186 2353 5257 76.)
2390 5184 2527 5240 Post
2570 5181 2689 5235 haec
2719 5186 3005 5247 regressus
3023 5168 3109 5265 de
3148 5164 3302 5220 Italia

45 5280 187 5337 radus
214 5294 395 5340 autem
422 5286 536 5341 dux
559 5284 777 5341 fortiter
800 5262 1075 5356 pugnans,
1100 5283 1269 5339 animi
1292 5281 1508 5340 fervore
1551 5293 1607 5341 et
1713 5262 2011 5359 imperator
2052 5283 2179 5340 Otto
2218 5295 2346 5338 cum
2392 5276 2506 5334 filio
2538 5288 2664 5345 rege
2686 5274 2727 5338 θ,
2755 5267 2985 5359 Calliam
3021 5262 3304 5333 ingressus

45 5371 156 5427 solis
184 5378 396 5446 ardore,
429 5379 528 5449 qui
555 5394 623 5434 eo
647 5377 736 5433 die
767 5377 971 5433 nimius
1006 5383 1145 5443 erat,
1172 5376 1446 5446 :estuavit,
1481 5376 1604 5431 vin-
1712 5357 1817 5448 est,
1832 5379 1957 5434 inde
1969 5376 2319 5433 Germaniam
2347 5369 2680 5427 transiturus
2700 5370 2754 5418 et
2768 5357 3076 5433 proximum
3098 5358 3303 5449 pascha

45 5462 266 5534 uilisque
288 5440 478 5525 loricé
498 5470 712 5536 solutis,
737 5470 865 5526 dum
884 5484 1074 5524 auram
1097 5440 1355 5538 captavit,
1382 5440 1608 5526 vulnere
1717 5440 2159 5542 Quitilingaburg
2201 5466 2599 5523 celebraturus.
2632 5456 2855 5512 Mauens
2893 5457 3074 5505 autem
3102 5443 3175 5544 ibi
3208 5440 3307 5493 ile-

45 5554 233 5624 Sagitta:
267 5559 322 5614 in
368 5561 600 5618 adverso
651 5561 890 5634 gutturis
925 5559 1117 5616 deﬁxae
1166 5558 1381 5615 cecidit.
1434 5560 1608 5633 Cujus
1715 5579 1834 5620 cem
1863 5570 1918 5617 et
1950 5568 2159 5630 septem
2181 5556 2395 5620 diebus,
2425 5547 2708 5608 descendit
2743 5544 2889 5609 inde,
2918 5545 3302 5634 ascensionem

46 5658 221 5716 (οτιηιθ
266 5651 501 5724 imperio
546 5627 690 5727 regis
736 5653 1034 5710 honoriﬁce
1077 5654 1387 5719 collectum,
1430 5627 1608 5710 trans-
1718 5653 1932 5710 Domini
1968 5627 2113 5722 apud
2143 5647 2478 5732 .Mercsburg
2514 5641 2910 5699 celebraturus.
2955 5627 3145 5683 Tercia
3174 5638 3305 5676 vero

1297 5745 1530 5804 VARle
1606 5745 2006 5805 LECTIONES.

110 5832 188 5885 ’.""
207 5834 520 5925 j'uuctautes
549 5840 597 5895 l.
677 5840 765 5874 “‘i
795 5839 1208 5925 circucutcsquc
1240 5838 1286 5893 l.
