3880 6308
578 321 690 381 923

581 432 718 488 feria
746 441 872 490 ante
907 442 1259 505 peutecosten
1305 437 1453 492 venit
1479 439 1546 494 ad
1596 438 1778 494 locum
1817 440 1914 511 qui
1960 441 2163 498 dicitur
2189 444 2237 501 A

579 521 888 578 Mimilewa.
921 523 1176 580 Proxima
1205 535 1363 584 nocte
1391 537 1685 598 transacta,
1710 529 1845 585 hora
1867 532 2161 587 constituta

580 614 723 669 lctus
773 613 842 672 ad
903 630 1153 671 mensam
1204 618 1473 686 consedit,
1504 620 1864 692 venienteque
1918 630 2162 694 tempore

556 705 905 777 _vespertinis
953 707 1209 765 laudibus
1265 709 1531 778 interfuit,
1568 713 1662 769 sed
1713 723 1935 783 peracto
1995 723 2162 774 cantu

575 798 862 868 evangelii,
901 801 1122 855 aestuari
1157 817 1221 858 ac
1255 801 1468 876 fatigari
1485 804 1602 875 jam
1629 806 1814 876 cmpit.
1852 807 2008 874 Quod
2032 825 2160 866 cum

575 889 972 947 intellexissent
998 893 1273 964 principes
1301 896 1742 966 circumstantes,
1782 899 2162 970 imposuerunt

574 996 701 1035 eum
751 982 928 1037 sedili.
981 983 1336 1041 lnclinantem
1371 996 1554 1044 autem
1599 999 1792 1060 caput,
1840 993 2002 1063 quasi
2043 993 2158 1066 jam
2203 1001 2210 1007 '

576 1070 884 1140 defecisset,
927 1074 1346 1135 refocilaverunt
1391 1096 1539 1148 eum,
1580 1084 1926 1155 expetitoque
1973 1100 2158 1144 sacra-

576 1172 761 1218 mento
794 1164 1068 1225 dominico
1085 1177 1139 1225 et
1163 1180 1406 1241 accepto.
1440 1173 1558 1228 sine
1579 1175 1780 1246 gemitu
1807 1193 1931 1232 cum
1960 1195 2157 1251 magna

573 1256 971 1327 tranquillitate
1009 1261 1263 1331 spiritum
1302 1264 1534 1320 reddidit
1563 1266 1816 1334 Domino,
1845 1267 1985 1324 Non.
2022 1269 2153 1338 Mai,

573 1358 769 1418 quarta.
815 1350 950 1407 feria
988 1363 1113 1410 ante
1152 1366 1522 1426 pentecosten.
1574 1358 1702 1414 Inde
1755 1369 2158 1433 transportatur

573 1442 628 1496 in
666 1443 1000 1512 cubiculum,
1033 1455 1234 1506 etcum
1259 1449 1373 1520 jam
1410 1459 1554 1506 esset
1576 1467 1718 1519 sero,
1743 1455 2007 1510 transitus
2035 1456 2154 1526 ejus

573 1535 868 1592 nunciatur
896 1539 1116 1608 populo.
1158 1538 1330 1610 Cujus
1359 1557 1557 1612 corpus
1579 1559 1702 1598 cum
1737 1546 1949 1615 magnis
1975 1547 2157 1617 lugen-

571 1638 689 1684 tum
724 1631 1002 1700 exsequiis
1025 1647 1057 1687 a
1087 1631 1220 1699 ﬁlio,
1255 1650 1379 1704 rege
1410 1635 1523 1705 jam
1555 1634 1700 1692 facto
1727 1639 1796 1704 “,
1826 1639 2152 1702 translatum

573 1729 654 1777 est
683 1721 736 1779 in
767 1720 1038 1777 civitatem
1065 1740 1228 1794 quam
1272 1725 1384 1795 ipse
1414 1728 1720 1782 construxit
1743 1728 2008 1784 vocabulo
2039 1728 2154 1793 Ma—

574 1811 868 1882 gadcburg,
901 1810 1085 1884 ibique
1112 1814 1411 1871 honoriﬁce
1436 1819 1763 1880 tumulatum
1798 1827 1900 1874 est.

715 1903 1162 1988 chimperatore
1182 1905 1244 1960 E.
1271 1924 1322 1988 α.
1353 1907 1478 1988 9ς72.

717 1974 758 1994 “
795 1971 834 2026 ἰ.
864 1971 966 2028 suo
995 1977 1274 2046 sequivoco
1300 1985 1338 2031 t.
1366 1976 1429 2033 E.
1458 1977 1498 2034 ι.
1532 1977 1571 2034 Ι.

572 2063 717 2118 Anni
742 2062 955 2120 Oltonis
981 2065 1180 2139 Magni.

644 2157 695 2210 1.
737 2155 884 2227 (Chr.
912 2157 1025 2230 W.)
1069 2160 1244 2230 llujus
1275 2177 1420 2218 anno
1450 2163 1649 2233 primo,
1681 2163 1775 2235 qui
1797 2172 1883 2220 est
1909 2181 1938 2220 a
1962 2165 2153 2220 Domi-

571 2248 692 2303 nica
723 2248 1098 2305 incarnatione
1128 2251 1318 2318 957“,
1343 2250 1570 2324 Ungarii
1593 2257 1610 2277 ‘
1631 2253 1919 2310 Franciam
1952 2264 2005 2310 et
2029 2257 2154 2310 Ala-

572 2343 852 2398 manniam
902 2352 956 2398 et
991 2344 1218 2400 Galliam
1248 2362 1422 2417 usque
1445 2363 1710 2403 oceanum
1754 2347 2154 2421 Burgundiam-

571 2447 678 2503 que
703 2435 1070 2503 devastantcs,
1114 2455 1208 2509 per
1238 2438 1447 2494 Italiam
1479 2441 1857 2497 redierunt.—
1877 2442 2152 2500 Monaste-

571 2523 652 2576 ria
692 2526 865 2581 sancti
910 2526 1044 2582 Galli
1086 2537 1141 2584 et
1194 2532 1367 2586 sancti
1412 2531 1674 2588 Bonifacii
1726 2545 2153 2591 cremantur.—

574 2614 882 2675 Iluodolfus
911 2637 1006 2675 rex
1034 2620 1361 2694 Burgundiae
1403 2633 1457 2680 et
1501 2625 1759 2682 Arnolfus
1785 2627 1895 2683 dux
1921 2627 2152 2686 Norico-

570 2725 690 2764 rum
717 2711 987 2768 obierunt.

714 2807 732 2828 "
772 2803 995 2876 Ungarii
1022 2838 1093 2847 —
1117 2810 1396 2866 redierunt
1442 2812 1630 2866 desunt
1669 2813 1864 2879 D.'E.,
1904 2815 1994 2872 ubi
2032 2816 2150 2873 Μο-

780 2879 1016 2953 nasteria
1041 2909 1112 2919 ——
1132 2891 1446 2936 cremantur
1497 2893 1612 2953 post
1661 2883 1930 2942 Rudolfus
1956 2918 2030 2928 —
2049 2889 2151 2945 ob-

780 2947 959 3029 ierunt
983 2948 1257 3029 leguntur;
1292 2947 1624 3029 inﬁne'vero
1654 2956 1889 3022 addunt;
1926 2958 2154 3029 Inger—

773 3017 960 3086 jussit.
991 3017 1056 3075 ea:
1079 3017 1252 3092 Sigeb.
1280 3041 1332 3078 a.
1359 3017 1482 3080 956.

636 3108 690 3164 2.
729 3109 793 3182 Α.
823 3109 884 3164 1).
917 3111 1041 3167 958.
1071 3112 1357 3170 Ileinricus
1383 3119 1420 3183 ',
1453 3115 1620 3173 frater
1646 3118 1857 3178 Ottonis
1891 3122 2056 3192 regis,
2082 3122 2150 3177 ab

569 3199 886 3257 Eberhardo
914 3205 1110 3260 comite
1147 3211 1649 3278 comprehenditur.

713 3300 730 3318 θ
960 3297 1188 3354 habent:
1213 3299 1418 3358 Contra
1445 3301 1698 3360 Ottonem
1719 3337 1788 3386 τ-
1810 3307 2057 3363 redeunt.
2083 3325 2148 3364 ea:

822 3384 901 3421 me
941 3409 954 3421 .

822 3384 954 3436 tgeo.

637 3455 688 3509 '5.
731 3456 795 3511 Α.
826 3458 888 3513 1).
917 3459 1040 3516 959.
1083 3460 1209 3518 Otto
1237 3466 1256 3486 ⁶
1287 3480 1402 3532 rex,
1441 3482 1564 3522 cum
1600 3466 1766 3524 fratre
1801 3468 2056 3527 lleinrico
2090 3480 2146 3528 et

570 3549 862 3608 Gisilherto
889 3553 1314 3629 Eberhardoque
1327 3562 1696 3631 pugnantibus
1718 3563 1982 3619 militibus
2004 3565 2141 3634 suis,

570 3641 855 3699 victoriam
880 3658 1138 3717 reportat.

708 3737 726 3759 ‘
760 3736 821 3861 12.
948 3740 1140 3864 hzbent
1162 3758 1181 3796 :
1204 3741 1553 3801 Eberhardus
1575 3747 1880 3805 et—filium
1906 3750 2135 3808 Arnolfl.

801 3826 837 3861 ἐῢ
905 3827 983 3864 me
1023 3852 1036 3864 .

801 3826 837 3861 ας
863 3826 1036 3881 mgea.

635 3897 721 3953 Ab
759 3899 926 3956 inicio
959 3905 1087 3959 anni
1126 3906 1287 3962 4900.

628 3978 681 4033 4.
722 3978 786 4034 Α.
818 3980 879 4035 D.
914 3982 1038 4038 940.
1069 3984 1214 4058 Rege
1238 3987 1291 4041 in
1329 3989 1572 4060 partibus
1599 3992 2134 4054 Alsaciaaeastellum

557 4069 783 4129 Brisahc
822 4075 1132 4146 obsidente,
1157 4081 1398 4153 episcopi
1432 4085 1675 4155 quidam,
1720 4097 1885 4144 noctu
1926 4089 2134 4146 relictis

553 4164 824 4232 tentoriis,
853 4167 1241 4226 subtraxerunt
1265 4188 1342 4227 se.
1371 4172 1718 4233 Eberhardus
1747 4178 1837 4211 “”
1858 4194 2042 4234 comes
2065 4180 2134 4236 ab

553 4253 731 4311 Utone
757 4258 846 4290 “3°
875 4268 930 4314 et
961 4259 1290 4319 Chuonrado
1313 4265 1468 4335 juxta
1497 4266 1748 4324 Rhenum
1781 4271 1998 4326 occisus
2026 4281 2130 4341 est,

551 4345 890 4406 Giselbertus
913 4350 1022 4407 dux
1050 4353 1103 4406 in
1128 4370 1271 4425 aqua
1303 4356 1617 4414 suffocatur.
1648 4364 1665 4384 '
1686 4390 1758 4401 —
1776 4360 2130 4435 Burghardus

555 4435 1010 4510 Wireiburgensis
1036 4444 1324 4514 episcopus
1345 4447 1499 4502 obiit.

1782 327 2180 384 EKKEHABDI
2218 325 2687 385 UBAUGIENSIS
3727 335 3798 392 921

2405 442 2424 464 ⁶
2463 438 2527 494 D.
2559 439 2620 494 E.
2661 458 2673 494 :
2709 437 3020 513 Stephanus
3050 473 3116 484 —
3143 451 3329 499 secuta
3359 452 3464 499 est.
3500 459 3566 498 ex
3589 401 3738 518 Sigei.

2333 532 2386 588 9.
2425 534 2489 587 A.
2524 532 2587 588 D.
2627 533 2752 590 945.
2783 536 2801 558 ¹

2405 630 2425 649 ’
2458 624 2522 680 D.
2557 625 2617 702 [ᾗ.
2648 627 2896 684 addunt':
2925 627 3052 702 Otto
3081 630 3419 702 subjugavit,
3445 641 3506 684 ut
3537 631 3634 684 alii
3655 651 3697 687 α.
3712 635 3797 702 916,

2474 696 2770 772 resistente
2788 729 2860 772 -—_
2895 701 3054 772 annis
3099 696 3199 755 16:
3218 696 3284 755 ei:
3328 701 3512 772 Sigeb.
3531 733 3604 741 —
3623 703 3654 756 5
3671 736 3726 744 —
3741 696 3796 760 ll:

2473 767 2721 842 addunt;
2752 768 2808 822 In
2834 768 2995 842 Italia,
3018 780 3230 842 cometa
3268 767 3428 825 mira:
3465 773 3798 842 magnitudinis

2473 838 2744 963 appgruilt,
2772 841 3104 909 portendens
3135 840 3339 901 famem
3369 857 3499 912 quae
3525 838 3704 901 secuta
3728 860 3797 902 est

2473 924 2535 962 ex
2610 926 2689 963 tae
2728 949 2743 963 .

2471 924 2535 962 ex
2567 924 2743 980 augeo.

2332 995 2419 1052 10.
2462 996 2529 1052 A.
2570 997 2633 1054 Ι).
2668 999 2794 1055 946.
2827 1001 2848 1025 ⁶

2401 1091 2422 1113 ⁶
2460 1091 2519 1169 1).
2654 1092 2903 1169 addunt:
2925 1091 3255 1169 licini-iens,
3299 1095 3481 1169 frater
3515 1097 3676 1168 regis.
3713 1115 3802 1169 pro-

2464 1161 2626 1231 jectis
2649 1193 2721 1201 —
2746 1165 3076 1220 excluditur.
3108 1183 3173 1220 ea:
3197 1164 3377 1231 Sigeb.
3406 1198 3481 1207 —
3500 1168 3538 1222 5
3559 1161 3802 1222 3—1154-

2469 1184 2626 1231 jecus
2649 1193 2721 1201 —
2746 1184 3076 1220 cxcruattut‘.
3108 1184 3173 1220 ea:
3197 1184 3256 1221 at
3294 1184 3377 1221 eo.
3406 1198 3481 1207 —
3500 1184 3538 1222 ἰ)
3559 1197 3629 1207 ——
3651 1184 3718 1222 ιι.
3737 1184 3802 1221 ad-

2469 1232 2599 1286 dunt
2632 1249 2650 1286 :
2681 1232 2808 1289 Otto
2827 1250 2921 1290 rex
2950 1245 3123 1291 totam
3149 1184 3581 1309 Lotgaringiam
3609 1240 3698 1295 sibi
3717 1243 3802 1294 sub-

2463 1322 2691 1394 jugavit.
2733 1341 2800 1379 ea:
2833 1323 3008 1397 Sigeb.

2329 1415 2415 1469 11.
2456 1415 2521 1472 Α.
2554 1415 2617 1472 D.
2649 1417 2773 1472 947.
2799 1417 3108 1475 Bertholfus
3131 1421 3151 1443 ⁴
3173 1420 3286 1475 dux
3315 1420 3801 1492 Bajoariornm,fn—

2254 1512 2340 1560 ter
2362 1505 2571 1562 Amulli
2607 1507 2784 1576 ducis,
2831 1510 3085 1576 moritur,
3124 1520 3180 1567 et
3221 1510 3492 1568 Heinrico
3523 1513 3672 1570 fratri
3699 1516 3801 1588 regi

2254 1593 2487 1651 ducatus
2509 1597 2890 1653 committitur.
2911 1629 2985 1654 -τ
3004 1598 3165 1655 Edith
3193 1601 3285 1634 ⁸⁵³⁸
3313 1604 3514 1674 regina
3547 1605 3687 1660 obiit.

2398 1689 2419 1710 ⁶
2546 1705 2592 1743 r.
2623 1704 2676 1744 ο.
2704 1689 2840 1766 B_.—
2860 1691 3242 1766 committitur.
3275 1693 3354 1766 D.
3378 1693 3474 1759 Ε.,
3503 1699 3598 1766 qui
3624 1698 3797 1753 addat.

2467 1757 2858 1831 Berengarium
2875 1791 2948 1804 --
2966 1763 3181 1834 repetit.
3213 1780 3281 1822 es
3311 1757 3504 1836 Sggeb.

2329 1848 2417 1905 12.
2455 1850 2522 1905 A.
2563 1849 2627 1905 D.
2667 1851 2794 1908 948.
2821 1857 2841 1876 ⁹

2394 1943 2418 1968 *
2450 1941 2515 1997 D.
2551 1941 2611 1997 E.
2649 1943 2896 2000 addunt:
2924 1944 3146 2020 Rege—
3167 1949 3516 2020 tyrannizat.
3548 1969 3613 2007 ex
3641 1953 3778 2025 δίψει.

2327 2033 2415 2089 15.
2452 2032 2518 2090 Α.
2552 2033 2614 2090 1).
2638 2035 2762 2092 949.
2784 2035 3151 2096 Herimannus
3170 2039 3262 2073 ¹⁶³⁸
3277 2042 3390 2098 dux
3415 2043 3800 2102 Alamannorum

2254 2121 2517 2191 moritur;
2544 2140 2644 2196 pro
2671 2141 2782 2196 quo
2810 2124 3105 2197 Luitolfus,
3135 2129 3285 2187 ﬁlius
3315 2133 3474 2204 regis
3498 2132 3800 2202 Ouonis,dux

2254 2213 2627 2274 constituitur.
2652 2221 2673 2242 ⁶

2399 2309 2420 2332 ‘
2451 2306 2514 2363 D.
2553 2308 2615 2363 Ε.
2646 2309 2850 2365 addunt
2879 2326 2900 2365 :
2931 2310 3098 2369 Taxis
3119 2343 3190 2354 —
3211 2315 3440 2386 accipit.
3488 2335 3556 2373 ea:
3585 2317 3735 2390 Sigeb.

2326 2398 2414 2455 14.
2447 2399 2516 2456 Α.
2557 2400 2621 2456 D.
2660 2401 2785 2458 950.
2813 2400 2940 2458 Otto
2961 2405 2981 2426 ⁴
3009 2420 3104 2459 rex
3131 2403 3348 2460 Italiam
3391 2409 3577 2479 petiit,
3619 2427 3796 2480 eamque

2253 2491 2358 2547 sibi
2394 2493 2656 2564 subjecit;
2704 2496 3067 2567 rediensque,
3111 2497 3341 2570 Papiam
3384 2499 3708 2559 Chuonrado
3736 2505 3798 2534 ’“‘

2253 2585 2378 2640 duci
2408 2585 2797 2644 Lothariorum
2820 2590 3080 2646 tuendam
3105 2591 3413 2649 commisit.

2395 2680 2416 2702 "
2451 2677 2516 2734 D.
2547 2678 2610 2734 E.
2638 2680 2829 2735 habent
2853 2697 2872 2736 :
2892 2680 2997 2736 Per
3021 2683 3367 2741 loca—facti
3399 2698 3554 2742 sunt.
3579 2705 3641 2743 cs
3663 2688 3794 2758 Sigc-tv.

2327 2769 2414 2825 15.
2452 2760 2523 2825 Α.
2557 2771 2620 2827 D.
2660 2772 2785 2828 951.
2839 2772 3110 2847 Berenger
3153 2790 3254 2832 rex
3315 2775 3798 2851 Longobardom.

2252 2859 2587 2920 Chuonrado
2617 2865 2900 2934 suadente,
2930 2867 3074 2938 apud
3103 2866 3413 2939 Augustam
3448 2887 3574 2926 cum
3607 2872 3704 2926 tilio
3726 2888 3796 2926 suo

2252 2952 2542 3009 Adelberto
2563 2955 2629 3009 ad
2649 2955 2978 3011 deditionem
3003 2957 3172 3025 venit,
3186 2957 3481 3030 factusque
3498 2961 3651 3017 miles
3669 2963 3793 3031 regis.

2251 3048 2519 3105 remissus
2543 3057 2626 3104 est
2655 3049 2711 3124 ip
2736 3065 2964 3120 regnum
2987 3067 3112 3106 cum
3135 3067 3290 3122 pace.
3322 3055 3343 3078 θ

2394 3142 2413 3163 ⁶
2639 3141 2840 3196 addunt
2865 3157 2887 3199 :
2915 3141 3193 3214 Mogontia
3213 3177 3287 3188 —
3314 3146 3599 3204 relaxatus
3626 3156 3715 3203 est.
3747 3163 3794 3199 es

2505 3227 2584 3265 me
2622 3252 2637 3265 .

2505 3227 2637 3282 rgeo.

2321 3301 2408 3357 16.
2445 3302 2511 3358 Α.
2562 3301 2626 3359 D.
2673 3303 2798 3359 952.
2839 3302 2964 3360 Otto
2999 3320 3097 3361 rex
3130 3304 3345 3362 Italiam
3395 3309 3618 3364 intravit
3664 3324 3792 3364 causa

2245 3393 2556 3452 Adelheidae
2602 3397 2825 3468 reginae,
2867 3398 3096 3470 ipsaque
3122 3409 3346 3473 accepta
3385 3418 3580 3470 uxore,
3617 3404 3792 3473 nuptas

2245 3488 2537 3544 celebravit
2560 3488 2763 3560 Papiae.

2316 3580 2401 3634 17.
2439 3581 2504 3636 A.
2532 3580 2594 3636 Ι).
2637 3581 2765 3642 955.
2799 3580 3074 3639 Luitolfus
3119 3583 3234 3640 dux
3258 3587 3279 3608 ⁹
3322 3587 3469 3658 patri
3519 3587 3783 3643 rcbellalet

2241 3670 2352 3727 dux
2381 3670 2745 3731 Chuonradus
2778 3689 2906 3729 cum
2934 3690 3021 3730 eo.

2382 3763 2404 3786 "
2437 3763 2491 3818 d.
2525 3763 2784 3818 instinctu
2811 3763 3129 3821 Chuonradi
3156 3767 3318 3824 ducis
3345 3784 3402 3825 n.
3429 3786 3476 3825 r.
3501 3769 3690 3824 Bellum
3710 3769 3786 3822 fuit

2449 3863 2520 3872 ——
2546 3834 2852 3890 luculenter
2880 3836 3190 3907 descripsit.
3225 3838 3291 3893 D.
3331 3834 3393 3894 E.
3420 3857 3486 3895 ea:
3510 3839 3672 3910 Sigeb.

2309 3920 2396 3976 18.
2437 3920 2502 3976 Α.
2543 3920 2604 3976 1).
2643 3922 2768 3979 954.
2810 3921 3075 3996 Ungarii‘
3099 3925 3313 3982 Italiam
3343 3939 3551 4000 petunt,
3572 3927 3784 3984 Noricam

2236 4021 2291 4067 et
2318 4011 2627 4070 Franciam.

2377 4105 2398 4129 ⁶
2435 4104 2498 4159 1).
2529 4105 2590 4160 Ε.
2624 4104 2856 4162 habent:
2889 4106 3653 4170 Ratherius—Farabertum.
3680 4111 3782 4167 Lie-

2446 4175 2582 4231 tolfo
2604 4207 2676 4216 —
2711 4180 2958 4234 redeunt.
3019 4179 3314 4238 Ludewico
3335 4214 3409 4224 -—
3447 4201 3568 4241 ann.
3614 4185 3699 4240 52.
3731 4199 3781 4236 τι

2449 4245 2626 4318 Sigeb.
2652 4265 2703 4302 a.
2734 4248 2860 4304 954.
2892 4250 3019 4306 955.

2304 4335 2390 4391 19.
2431 4336 2496 4392 Α.
2533 4337 2596 4393 D.
2634 4339 2760 4396 955.
2800 4338 3024 4413 Ungarii
3054 4345 3073 4365 ⁶
3106 4351 3279 4400 totam
3312 4343 3605 4416 Bajoariam
3640 4347 3779 4414 ἀφ)-

2229 4427 2500 4497 pulantes,
2527 4428 2682 4500 juxta
2711 4431 3014 4503 Augustam
3038 4432 3384 4492 Alamannia:
3415 4438 3590 4491 urbem
3612 4437 3678 4490 ab
3697 4435 3774 4488 0t-

693 4532 707 4553 .
746 4529 808 4583 Do
845 4529 906 4585 Eo
941 4532 1129 4588 habent
1155 4551 1173 4588 ε
1208 4533 1334 4592 (m0
1364 4553 1458 4593 rex
1501 4540 1554 4593 in
1578 4571 1648 4581 __
1668 4557 1851 4613 regem
1880 4541 2038 4615 fugit.
2062 4561 2127 4600 ex
2157 4548 2205 4607 υ
2231 4525 2360 4574 tone
2383 4536 2508 4592 rege
2521 4537 2718 4615 pugna
2746 4524 3195 4615 victi,immensa
3222 4527 3360 4583 cede
3389 4539 3654 4584 necantur.

765 4599 942 4656 Siaeb.

765 4618 824 4655 ω
862 4618 942 4656 ea.

613 4692 667 4748 5.
709 4692 776 4745 A.
912 4693 1034 4748 941.
1075 4692 1202 4751 Otto
1224 4699 1244 4719 θ
1268 4714 1363 4753 rex
1385 4698 1590 4757 Gallias
1620 4702 1792 4772 petiit.

687 4786 705 4805 ‘
952 4802 966 4839 :
1002 4784 1327 4846 Ludewicus
1357 4789 1445 4822 ¹⁴³¹
1489 4807 1585 4846 rex
1605 4823 1677 4833 —
1703 4809 1798 4850 eos
1841 4793 2010 4867 fugat.
2059 4812 2124 4852 ea:

807 4872 886 4909 me
925 4895 938 4909 .

807 4872 938 4924 rgeo.

613 4933 665 4987 6.
706 4932 770 4987 Α.
821 4934 883 4988 1).
925 4935 1050 4991 942.
1094 4933 1342 4995 Οιῑοόι
1381 4939 1703 4999 Ludewicus
1745 4959 1901 5016 reges
1938 4944 2125 5016 pacifl-

545 5036 758 5081 Cﬂllllll‘.

687 5121 706 5140 ⁶
740 5118 802 5173 1).
835 5119 896 5176 Ε.
927 5141 939 5177 :
973 5121 1310 5181 Giselbertus
1329 5133 1462 5181 et—
1480 5127 1785 5185 vulnerato.
1809 5146 1876 5186 ea:
1902 5128 2079 5204 Sigeb.

619 5206 668 5261 7.
710 5208 774 5263 Δ.
809 5210 872 5266 Ι).
906 5213 1032 5269 945.
1059 5217 1080 5239 ¹
1110 5225 1118 5230 “

687 5303 704 5321 ⁸
742 5301 804 5356 1).
947 5306 1042 5388 hoc
1081 5323 1218 5362 anno
1262 5323 1380 5380 qua:
1411 5327 1572 5381 supra
1601 5329 1654 5367 a.
1700 5313 1844 5370 940:
1881 5314 2057 5388 Rege-
2087 5347 2099 5356 -

751 5374 1070 5432 sutlocatur.

613 5463 668 5520 8.
705 5465 770 5520 A.
803 5465 867 5524 Ι).
899 5465 1026 5524 944.
1064 5468 1292 5543 Ungarii
1312 5474 1330 5496 ⁶
1360 5489 1484 5530 cum
1513 5471 1775 5545 Bajoariis
1798 5485 2044 5549 pugnant
2061 5486 2118 5538 et

537 5556 852 5614 vincuntur.

2373 4615 2393 4634 '
2424 4611 2486 4667 D.
2507 4611 2582 4690 .E.
2615 4613 2808 4690 habent
2826 4630 2846 4668 :
2880 4614 3166 4690 Friderico
3185 4649 3259 4658 —
3288 4619 3566 4690 episcopus
3592 4619 3772 4673 substi-

2440 4682 2633 4752 tuitur,
2661 4701 2726 4738 επ
2749 4684 2923 4756 Sigeb.
2951 4703 3004 4740 α.
3032 4687 3159 4742 956.

2300 4773 2390 4829 20.
2428 4773 2494 4828 Α.
2534 4773 2598 4830 D.
2632 4775 2758 4832 956.
2799 4775 3071 4834 Luitolqu
3098 4783 3118 4801 ⁹
3149 4779 3262 4834 dux
3292 4778 3503 4836 Italiam
3539 4779 3769 4835 hostiliter

2229 4859 2475 4917 intravit.

2371 4956 2390 4977 ⁶
2523 4952 2585 5008 Ε.
2620 4972 2633 5009 :
2669 4953 2731 5031 Ι..
2762 4955 2824 5031 d._
2851 4956 2998 5031 filius
3028 4960 3172 5031 regis
3202 4959 3245 5016 l.
3278 4961 3340 5020 h.
3376 4962 3532 5017 intrat
3560 4967 3602 5014 et
3630 4958 3768 5012 Adel-

2436 5023 2661 5102 bgmurn
2681 5026 2872 5102 vincit,
2902 5023 3128 5098 ipseque
3155 5032 3350 5086 eodem
3367 5048 3520 5102 anno
3545 5031 3761 5102 mor-inn.

2439 5092 2695 5165 Ungariis
2734 5092 2938 5152 iterunf
2955 5092 3328 5155 ——'occubuit.
3363 5101 3502 5156 Brun
3537 5099 3764 5164 archiepi-

2437 5180 2640 5290 gggpus
2668 5167 2958 5222 cenobium
2981 5199 3050 5208 —
3077 5171 3408 5226 construxit.
3450 5188 3510 5226 ex
3536 5168 3690 5238 Sigcb.
3716 5184 3758 5219 ε.

2293 5323 2384 5379 21.
2420 5323 2485 5380 A.
2528 5324 2591 5381 D.
2630 5325 2755 5382 957.
2797 5325 3070 5387 Luitolqu
3093 5332 3112 5354 ‘
3143 5330 3489 5388 Adelbertum
3516 5328 3681 5390 vincit,
3712 5334 3757 5378 et

2220 5411 2341 5485 ipse
2367 5415 2555 5472 eodem
2581 5431 2726 5471 anno
2753 5416 3007 5475 moritur.

2365 5509 2385 5533 ⁶
2523 5506 2610 5576 Ε.,
2650 5509 2742 5582 qui
2789 5511 2904 5582 [uec
2933 5510 3160 5582 c.7956.
3200 5492 3412 5582 habent,
3455 5513 3538 5566 hoc
3570 5522 3698 5562 anno
3731 5519 3748 5555 -'

2434 5577 2582 5632 Brun
2605 5577 2675 5618 -—'
2697 5578 2846 5635 fecit.
2874 5595 2941 5635 cx-
2961 5577 3137 5654 St'geb.
3171 5599 3224 5638 a.
3259 5583 3382 5639 958.

1917 5662 2150 5721 VARUE
2193 5667 2596 5727 LECTIONES.

610 5723 701 5816 ις’
732 5725 1068 5816 Giselbertus
1091 5727 1199 5816 dux
1223 5736 1277 5816 et
1297 5737 1419 5816 ante
1441 5728 1975 5816 [Eberharduserasa
2001 5736 2050 5791 1.
2125 5740 2214 5772 “3°
2236 5723 2530 5799 ubné'nii
2550 5723 2696 5775 vm‘
2733 5741 3088 5803 Luodewieus
3111 5743 3208 5801 E1.
3249 5745 3446 5816 sa'pt'us.
3515 5741 3585 5773 “”
3617 5737 3672 5790 Ε.
3701 5751 3737 5788 r.

536 5811 588 5849 ς.
617 5797 805 5850 desunt
837 5798 887 5852 4.
971 5799 1060 5832 ⁸³³³
1087 5799 1194 5854 ha'c
1234 5799 1419 5854 desunt
1447 5800 1497 5854 7.
1577 5803 1665 5836 ⁸⁵⁸⁵
1701 5801 1932 5860 chiirado
1959 5807 1980 5861 1
