3862 6306
49 280 140 340 929

953 264 1322 329 CliRONlCA.
1364 293 1437 305 —
1471 258 1868 319 CHRONICON
1907 257 2368 315 UNIVERSALE.

3207 250 3315 308 930

50 395 237 458 redem,
268 396 534 459 sextoque
566 383 717 457 regni
751 382 839 439 sui
871 398 1018 437 anno
1060 375 1293 451 sapienti
1321 378 1412 411 ⁸⁸³³
1441 377 1620 433 consi-
1647 381 1693 438 Α
1716 376 1959 448 henherg
1989 376 2045 431 in
2069 374 2363 447 epyscopio
2388 387 2418 426 a
2448 386 2509 427 se
2530 369 2693 438 facto,
2723 370 2777 425 in
2809 369 2984 427 sancti
3007 368 3152 425 Petri
3170 384 3303 440 apo-

49 487 115 542 lio
161 483 536 554 episcopatum
575 475 894 546 Babenbcrg
929 474 984 527 in
1025 475 1234 528 honore
1268 470 1443 528 sancti
1475 468 1622 524 Petri

52 578 318 646 sanctique
344 572 565 644 Georgii
596 569 913 635 constituit,
960 568 1256 637 locumque
1287 566 1467 636 ipsum
1496 579 1625 646 pre-

49 644 251 724 diorum
284 663 494 721 divitiis
538 671 596 717 et
638 660 789 716 omni
824 668 1055 715 ornatus
1091 657 1319 723 decore,
1350 664 1413 711 ut
1441 644 1624 724 inpre-

51 760 338 817 sentiarum
386 755 661 821 cernitur,
713 751 1095 824 copiosissime
1129 748 1324 804 ditavit
1354 746 1527 819 (257).
1563 744 1621 800 ln

50 849 334 906 meridiana
364 860 586 917 quoque
627 852 782 915 parte
829 842 1070 898 civitatis
1123 838 1516 895 monasterium
1566 836 1621 891 in

50 944 241 998 honore
284 938 463 995 sancti
497 935 762 1008 Stephani
797 932 1215 1007 protomartyris
1280 932 1384 988 sub
1432 929 1623 986 ordine

50 1037 301 1095 canonico
341 1042 696 1099 construens,
724 1046 791 1086 ex
817 1031 987 1086 altera
1019 1043 1172 1095 vero,
1203 1027 1310 1083 hoc
1345 1032 1430 1081 est
1464 1024 1623 1095 aqui-

49 1128 231 1194 lonari,
255 1124 406 1182 aliud
441 1121 839 1180 monasterium
872 1119 978 1175 sub
1006 1116 1301 1174 monachili
1336 1114 1524 1187 regula
1564 1114 1620 1169 in

51 1222 242 1276 honore
264 1217 441 1275 sancti
461 1215 784 1272 Michahelis
804 1210 1121 1282 archangeli
1143 1208 1429 1279 sanctique
1449 1206 1622 1264 Bene-

48 1314 163 1369 dicti
189 1312 411 1367 abbatis
442 1308 806 1372 constituens,
830 1304 935 1361 sibi
963 1317 1187 1374 sumque
1211 1300 1419 1357 civitati
1455 1315 1621 1370 supra

47 1414 243 1476 petram
270 1402 587 1475 apostolicae
633 1397 910 1454 ﬁrmitatis
955 1395 1216 1461 fundatae,
1268 1407 1538 1463 muroque
1568 1401 1623 1447 et

47 1495 462 1569 propugnaculis
490 1493 813 1549 meritorum
843 1486 1019 1546 sancti
1043 1486 1262 1558 Georgii
1285 1494 1623 1543 ceterorum-

48 1606 140 1661 quc
163 1597 485 1645 sanctorum
513 1584 739 1640 munitae
757 1598 823 1639 ac
844 1588 1142 1649 exornatae,
1174 1587 1366 1635 contra
1388 1576 1624 1633 incenti-

46 1698 132 1738 vos
168 1681 431 1737 vitiorum
480 1679 722 1750 jactatus
779 1674 976 1730 turrim
1015 1670 1354 1728 fortitudinis
1388 1670 1443 1725 in
1496 1668 1621 1724 Ste-

47 1775 237 1844 phano,
259 1782 316 1829 et
343 1781 532 1829 contra
571 1769 961 1841 refrigerantes
1010 1765 1176 1821 flatus
1206 1756 1356 1820 illius
1374 1805 1390 1830 ,
1419 1762 1516 1834 qui
1566 1762 1621 1818 in

47 1866 311 1936 aquilone,
340 1863 486 1921 unde
527 1862 733 1918 malum
777 1874 943 1916 omne
971 1859 1271 1929 pandetur,
1307 1856 1493 1936 sedem
1524 1870 1624 1926 po-

48 1931 161 2016 nere
179 1931 476 2030 disposuit,
511 1956 787 2028 refugium
809 1962 1023 2011 certum
1052 1952 1109 2007 in
1149 1950 1397 2023 angelico
1422 1931 1621 2021 prepa—

48 2053 171 2107 ravit
198 2051 442 2123 presidio
471 2049 646 2120 (258),
687 2056 749 2103 ut
769 2063 802 2102 a
828 2044 1037 2103 dextris
1056 2053 1112 2100 et
1130 2059 1162 2098 a
1192 2041 1436 2099 sinistris
1459 2040 1625 2111 justi-

48 2146 135 2201 πίω
156 2145 333 2200 amis
355 2143 568 2199 rallatze
597 2142 655 2197 in
681 2141 834 2197 nullo
856 2138 1089 2197 suﬁiciat
1116 2135 1402 2192 insidiator
1430 2148 1626 2205 preva-

49 2236 161 2291 lere.
200 2235 341 2291 Aliis
366 2248 584 2307 quoque
611 2240 933 2289 sanctorum
963 2228 1101 2285 locis
1132 2242 1230 2298 per
1258 2225 1410 2297 regni
1433 2223 1624 2279 latitu-

48 2329 220 2385 dinem
263 2344 374 2384 non
402 2328 607 2393 minus,
644 2333 809 2399 prout
856 2340 995 2395 opus
1047 2330 1198 2378 erat.
1238 2306 1627 2375 muniﬁcentia;

50 2436 151 2476 sua:
178 2419 481 2491 impertivit
522 2418 852 2490 largitatem,
880 2416 1131 2488 quaedam
1159 2415 1370 2485 dilapsa
1408 2412 1523 2483 jam
1568 2413 1625 2466 in

52 2512 236 2568 melius
268 2512 585 2579 restituens,
611 2509 942 2580 quibusdam
968 2522 1093 2578 qua:
1134 2506 1319 2560 minus
1367 2503 1624 2575 subpete-

52 2605 172 2660 bant
201 2604 487 2675 adjiciens.
519 2601 685 2674 Regis
716 2608 899 2656 autem
922 2598 1092 2655 frater
1115 2606 1235 2653 erat
1262 2594 1628 2665 Brun,Augu-

52 2697 246 2754 stensis
267 2696 417 2754 sedis
440 2695 754 2766 episcopus,
777 2693 874 2764 qui
900 2690 1152 2748 felicibus
1191 2688 1379 2743 fratris
1412 2687 1626 2746 actibus

51 2790 323 2857 invidens,
345 2788 549 2844 multas
573 2787 624 2843 ei
654 2785 1046 2842 adversitatum
1084 2782 1315 2854 injurias
1348 2780 1405 2835 in
1447 2791 1627 2849 quan-

53 2892 156 2937 tum
184 2881 366 2953 potuit
389 2880 678 2947 inferebat,
703 2888 757 2935 et
792 2881 810 2902 θ
834 2877 930 2934 ubi
974 2891 1072 2947 per
1120 2891 1180 2931 se
1229 2889 1341 2929 non
1391 2880 1625 2943 poterat,

52 2973 403 3030 inferentibus
436 2986 496 3028 se
525 2969 876 3042 adjungehat,
909 2966 996 3024 vel
1031 2966 1170 3021 alios
1211 2964 1277 3019 ad
1314 2960 1628 3017 inferendas

51 3065 400 3131 exhortando,
423 3064 679 3121 stimulos
706 3063 788 3118 eis
826 3058 1169 3116 incitationis
1196 3054 1499 3127 subigebat.
1524 3052 1626 3107 Cui

52 3158 208 3214 frater
232 3172 342 3213 non
374 3155 553 3212 solum
571 3153 830 3209 talionem
858 3164 968 3205 non
988 3146 1436 3213 reddidit,verum
1460 3142 1625 3197 etiam

52 3251 286 3306 fraterna
311 3253 351 3272 "
378 3248 683 3303 instructus
712 3242 1023 3307 dilectione,
1061 3238 1247 3294 omnia
1273 3234 1627 3293 dissimulan-

54 3345 120 3399 do
150 3351 205 3399 et
242 3341 516 3414 patienter
555 3335 901 3401 sustinendo,
927 3333 1081 3388 illum
1114 3331 1261 3386 bono
1289 3327 1511 3388 vincere
1537 3341 1628 3381 sa-

53 3437 285 3509 tagebat.
326 3432 538 3488 Horum
567 3444 836 3495 sororem,
856 3428 1014 3483 bona:
1035 3420 1318 3480 memoria:
1343 3418 1628 3484 feminam,

52 3530 283 3587 Giselam
307 3528 419 3595 Μ’,
440 3542 539 3582 rex
565 3523 932 3596 Ungartorum
959 3517 1456 3591 qui“‘Stephanus
1482 3513 1629 3568 dice-

52 3625 209 3679 batur
238 3622 295 3678 in
325 3618 645 3692 coniugium
680 3614 965 3688 expetivit,
1005 3611 1101 3667 sed
1136 3625 1258 3666 eam
1293 3606 1387 3641 ¹“⁸
1432 3606 1630 3661 ducere

53 3730 156 3771 non
198 3713 541 3786 promeruit,
579 3711 757 3767 donec
788 3723 848 3765 se
883 3704 1199 3777 christiana:
1224 3698 1505 3772 religionis
1536 3713 1631 3751 ru-

52 3808 284 3863 dimenta
307 3814 363 3862 et
394 3802 540 3861 sacri
560 3800 909 3873 baptismatis
937 3803 1284 3854 sacramenta
1321 3805 1449 3847 cum
1479 3788 1630 3844 omni

54 3909 210 3973 gente
236 3914 333 3956 sua
357 3905 743 3968 suscepturum
772 3890 1048 3965 promisit.
1082 3887 1259 3957 Quam
1290 3882 1634 3956 pollicitatio-

52 4009 180 4050 nem
208 3993 298 4048 uhi
334 3991 502 4048 rebus
539 3986 789 4061 perfecit,
819 3983 1113 4056 religiosus
1143 3980 1365 4050 Dcoque
1404 3976 1633 4031 devotus

53 4093 239 4155 postea
262 4084 319 4139 in
346 4080 702 4139 exsecutione
726 4080 1000 4135 bonorum
1042 4088 1270 4145 operum
1299 4066 1631 4142 permansit;

53 4178 201 4249 quod
240 4177 424 4233 divina
464 4174 640 4246 pietas
666 4179 795 4244 post
826 4177 1064 4225 mortem
1116 4166 1237 4237 eius
1292 4160 1635 4219 evidentibus

56 4270 290 4335 indiciis,
317 4269 386 4325 ad
417 4266 756 4339 sepulturam
803 4263 923 4334 ejus
972 4260 1133 4317 factis
1160 4258 1442 4330 signorum
1469 4252 1636 4307 mira—

54 4363 217 4430 culis,
241 4360 662 4419 demonstravit.
713 4384 787 4397 --
829 4355 944 4411 Rex
974 4357 1060 4377 ἠ’
1097 4358 1277 4407 autem
1324 4345 1634 4411 Hcinricus,

55 4461 339 4524 postquam
389 4453 550 4508 home
593 4448 869 4521 opinionis
917 4447 1142 4502 odorem
1208 4443 1371 4514 longe
1419 4440 1636 4509 lateque
1666 4457 1717 4518 ι)

57 4546 297 4602 redolere
324 4544 530 4602 fecerat
551 4544 844 4613 locumque
866 4539 972 4596 sibi
1001 4536 1258 4592 dilectum
1289 4549 1413 4591 etim
1443 4531 1644 4587 ceteris

58 4639 408 4695 monasteriis
430 4637 655 4694 ditando
676 4645 730 4691 et
756 4632 1006 4690 ornando
1026 4639 1080 4686 et
1101 4626 1403 4685 excolendo
1431 4625 1499 4680 ad
1525 4638 1643 4694 per-

61 4728 257 4785 fectum
280 4730 604 4795 adduxerat,
652 4725 838 4782 divina
871 4721 1160 4779 vocatione
1192 4719 1339 4774 viam
1372 4716 1644 4771 universae

61 4824 241 4879 carnis
300 4824 614 4895 ingressus,
654 4818 767 4875 Deo
821 4815 1058 4873 reddidit
1105 4812 1346 4867 animam
1389 4807 1640 4873 feliciter,

70 4924 131 4969 ut
158 4916 453 4982 credimus,
484 4915 538 4969 5.
565 4912 693 4969 ldus
715 4909 867 4978 Julii,
898 4922 1044 4964 anno
1081 4905 1234 4977 regni
1261 4902 1347 4960 sui
1378 4901 1494 4969 24°,
1538 4899 1641 4955 im-

64 5013 196 5083 perii
218 5022 401 5069 autem
426 5013 517 5067 11°
534 5054 553 5078 ,
574 5011 703 5066 vita:
729 5024 861 5065 vero
887 5006 1004 5074 52°,
1044 5002 1400 5075 sepultusque
1437 5005 1523 5055 est
1545 4997 1644 5053 Ba-

1726 470 1852 526 stoli
1877 468 2235 524 monasterio.

1938 570 2037 645 ἴςι
2058 594 2128 645 έ-
2162 561 2449 645 subigebat
2484 560 2677 645 ἀρεαιιε
2713 558 2775 645 t9:

1910 640 1952 660 “
1981 634 2239 690 fraternae
2260 629 2566 688 dilectionis
2593 640 2648 701 et
2666 629 2952 701 patienciae
2978 629 3125 684 bono
3157 629 3310 685 illum

2001 705 2222 761 vincere
2245 703 2471 760 studuit.
2512 701 2577 756 D.
2609 700 2671 755 E.

1888 776 1949 801 “‘
1981 776 2075 847 qui
2120 783 2309 847 postea
2363 772 2675 844 Stephanus
2717 771 2772 827 in
2829 771 3105 827 baptismo
3133 770 3315 827 dictus

1866 921 1951 941 ““
1983 844 2551 971 1133.3.mbhnasterio
2570 912 2757 967 desunt
2785 912 2882 966 hoc
2905 912 3021 967 loco
3051 910 3111 967 E.
3132 913 3200 985 (υ.
3234 912 3315 967 in-

2008 988 2095 1058 fra
2133 1004 2185 1041 a.
2217 985 2402 1054 1021.)

1792 1082 1848 1137 2.
1893 1080 2043 1152 (Chr.
2072 1078 2187 1136 ιν.)
2228 1078 2293 1133 Α.
2336 1076 2400 1132 D.
2450 1075 2609 1131 1002.
2650 1075 2937 1131 Hcinricus
2968 1092 3062 1131 rex
3094 1073 3310 1129 licinric

1722 1190 1849 1233 cum
1908 1172 2285 1228 marchionem
2334 1178 2390 1225 ct
2442 1169 2578 1225 alios
2629 1168 2733 1224 sibi
2796 1167 3114 1223 resistentes
3183 1182 3311 1222 cum

1721 1267 1963 1323 exercitu
2003 1265 2157 1337 petit.
2658 1258 2666 1269 '

1792 1360 1845 1415 5.
1887 1359 1952 1413 A.
1980 1357 2045 1412 D.
2077 1356 2239 1411 1005.
2280 1352 2571 1412 Heinricus
2611 1367 2705 1407 rex
2736 1351 2967 1418 Italiam,
3009 1351 3315 1415 Boemiam,

1722 1450 2022 1507 Bolizlaum
2054 1448 2247 1505 ducem
2282 1461 2407 1502 cum
2443 1443 2594 1498 omni
2624 1441 2943 1498 Sclavorum
2980 1449 3136 1513 gente
3176 1441 3311 1496 sub-

1717 1543 1950 1616 iugavit.

1793 1636 1847 1689 4.
1888 1632 1954 1687 Α.
1986 1631 2047 1686 D.
2083 1627 2238 1685 1004.
2281 1628 2480 1683 Fames
2505 1628 2522 1649 ⁴
2548 1640 2741 1696 magna
2776 1622 2865 1655 ηδ’
2888 1622 3026 1678 facta
3049 1632 3133 1678 est
3159 1625 3218 1677 “.

1868 1728 1887 1748 ‘
1915 1722 1979 1777 D.
2004 1721 2067 1776 E.
2099 1740 2111 1775 :
2138 1720 2389 1775 Cometes
2411 1719 2575 1788 longo
2598 1724 2842 1788 tempore
2878 1724 3136 1788 apparet,
3154 1720 3208 1767 et
3232 1711 3316 1788 fa-

1936 1809 2054 1849 mes
2090 1791 2267 1847 valida
2298 1782 2671 1858 subsequitur.
2710 1782 3003 1858 Heinricus
3041 1782 3319 1858 Valentia—

1942 1880 2043 1919 nas
2065 1893 2136 1902 —
2158 1862 2451 1916 invaserat.
2484 1853 2597 1925 Ὠιιί
2628 1857 2858 1927 gratiam
2884 1855 3037 1927 regis
3059 1862 3119 1927 et
3138 1853 3317 1923 ipsum

1937 1944 2178 1992 castrum
2202 1933 2257 1987 in
2286 1929 2612 1987 beneﬁcium
2635 1925 2751 1983 _sibi
2777 1926 2893 1981 dari
2928 1925 3158 1995 pecunia
3189 1939 3319 1994 pro-

1935 2005 2153 2062 meruit.
2183 2006 2198 2024 ⁶
2226 2003 2252 2057 1
2286 2018 2351 2056 ex
2380 1999 2556 2072 Sigeb.
2597 2016 2649 2052 a.
2684 1997 2842 2063 1006,
2869 1995 3027 2050 1007.

1868 2101 1908 2121 “
1936 2099 1971 2154 5
1989 2128 2061 2137 —
2086 2097 2142 2150 11
2170 2094 2373 2150 addunt
2401 2109 2419 2147 :
2447 2092 2700 2151 Cometes
2733 2090 2901 2160 longo
2941 2087 3032 2119 "'°
3073 2095 3321 2156 tempore

1938 2167 2208 2240 apparuit.
2233 2182 2297 2220 ea;
2322 2164 2498 2236 Sigeb.
2698 2164 2703 2169 '

1757 2234 1761 2241 .
1797 2225 1801 2230 ⁸
1871 2225 2269 2331 ’1)ιέ1.ῌ(αιὶα
2314 2225 2498 2331 mgna)
2552 2263 2603 2331 et
2642 2253 2679 2309 2
2722 2253 2929 2331 addunt
2957 2266 2976 2304 :
3013 2248 3319 2306 Gisilhcrus

1943 2330 2045 2386 llu'
2085 2322 2295 2401 Magad.
2334 2327 2782 2396 archiepiscopus
2802 2322 2959 2379 obiit.

1797 2426 1851 2481 5.
1890 2423 1955 2478 A.
1984 2422 2050 2477 D.
2075 2421 2214 2477 1005
2245 2425 2283 2475 '.

1870 2518 1889 2540 ’⁵
1919 2514 1983 2569 D.
2022 2513 2086 2640 lg.
2125 2512 2329 2637 agitant
2352 2527 2370 2566 :
2396 2509 2805 2581 Helpericus—
2825 2505 3066 2577 compoti
3100 2503 3322 2573 scripsit

1940 2602 2005 2640 ea:
2069 2601 2149 2640 tae
2189 2625 2203 2638 .
2930 2597 2934 2602 ·

1940 2602 2005 2640 ea:
2028 2597 2203 2656 Sigeo.
2930 2597 2934 2602 -

1799 2677 1853 2733 6.
1889 2676 1955 2730 Α.
1999 2674 2064 2730 D.
2116 2672 2273 2729 1006.
2331 2675 2350 2695 ‘
2381 2669 2743 2743 EpyscOpium
2785 2666 3103 2736 Bahenberg
3132 2679 3163 2719 a
3191 2678 3318 2733 rege

1730 2769 1986 2826 Heinrico
2015 2766 2389 2833 constituitur,
2429 2772 2485 2820 et
2524 2760 2875 2818 Eherhardus
2914 2756 2991 2814 ibi
3028 2757 3323 2827 episcopus

1729 2863 2027 2936 proﬁcitur.

1874 2959 1893 2978 ‘
1930 2954 1994 3009 D.
2042 2952 2106 3007 E.
2143 2949 2350 3006 addunt
2380 2964 2400 3004 :
2437 2944 2789 3022 Burchardus
2835 2941 3120 2998 ordinatur
3149 2936 3323 3022 “Wor-

1943 3022 2459 3149 mafdaagpiscopus,
2488 3015 3026 3089 quid-deﬂoratum,
3053 3027 3120 3066 ει
3142 3008 3319 3080 δὲῃιίὺ.

1944 3115 1997 3151 a.
2173 3133 2189 3150 ν

1803 3191 1858 3247 7.
1896 3190 1961 3245 Α.
1995 3187 2063 3243 Ῑ).
2098 3184 2236 3242 1007
2261 3186 2303 3239 ⁸.

2094 3237 2301 3334 addunt
2322 3291 2341 3331 :
2364 3237 2611 3346 Eclypsis
2639 3266 3093 3332 m"—-sccunda,
3136 3281 3200 3319 ea:
3238 3262 3326 3319 Si-

1942 3351 2054 3425 geb.
2080 3368 2131 3405 a.
2164 3349 2322 3404 1009.

1799 3444 1853 3502 8.
1893 3445 1959 3499 A.
1987 3439 2053 3498 D.
2090 3440 2246 3497 1008.
2287 3437 2455 3505 Brun,
2495 3436 2786 3509 episcopus
2825 3449 2894 3490 ex
2941 3430 3237 3497 monacho,
3293 3445 3326 3484 a

1731 3535 1928 3591 Prucis
1959 3532 2147 3589 multis
2178 3529 2460 3601 suppliciis
2490 3526 2745 3593 amictus,
2790 3531 2846 3580 et
2891 3522 3146 3578 manibus
3177 3518 3331 3590 pedi-

1732 3630 1945 3701 busque
1986 3623 2242 3691 abscisis,
2269 3630 2549 3694 postremo
2581 3619 2758 3690 capite
2790 3616 3004 3689 plexus,
3038 3613 3208 3670 caelos
3246 3627 3335 3683 pe-

1732 3723 1838 3779 tiit.
1868 3751 1940 3762 -——
1959 3716 2313 3775 Eherhardus
2343 3718 2360 3737 ⁶
2386 3712 2679 3785 episcopus
2708 3710 3015 3766 ordinatur.

1879 3813 1897 3833 ⁶
1927 3808 1989 3864 Ε.
2017 3824 2068 3865 e.
2092 3821 2146 3863 0.
2173 3808 2363 3860 desunt
2387 3802 2451 3857 D.
2481 3801 2547 3857 E.

1809 3924 1898 3979 10.
1937 3924 2003 3977 Α.
2027 3921 2090 3976 Ι).
2123 3918 2263 3974 1010
2289 3921 2327 3972 ⁸.

1880 4021 1896 4039 ⁴
1927 4016 1991 4070 D.
2034 4012 2098 4068 E.
2143 4011 2347 4066 addunt
2370 4007 2786 4063 :Tbeodericus
2824 4003 3169 4060 Mettensinm
3217 4002 3334 4071 epi-

1958 4098 2184 4166 scapus,
2220 4083 2403 4138 detem
2437 4087 2493 4134 et
2519 4076 2911 4166 patrimonium
2946 4074 3150 4166 reginae
3177 4071 3332 4166 Ogu-

1949 4140 2232 4234 ni’gu’ndis,
2274 4166 2399 4234 qua:
2432 4140 2746 4234 sor-onerat
2776 4161 2919 4234 span
2937 4140 3200 4234 a‘acclesirc
3231 4140 3333 4196 Ba-

1950 4216 2375 4297 be‘nberge’nsia
2414 4235 2544 4294 rege
2583 4217 2845 4289 delegari,
2889 4216 3102 4280 dolens,
3141 4220 3335 4268 contra

1951 4300 2133 4370 ipsum
2164 4294 2414 4351 rebellat.

1815 4414 1900 4468 11.
1939 4409 2003 4464 A.
2034 4408 2098 4464 D.
2131 4406 2261 4463 1011
2294 4409 2332 4461 '.

1882 4505 1904 4527 '
1935 4501 1997 4556 D.
2023 4500 2089 4556 Ε.
2116 4497 2313 4556 5-11
2339 4494 2544 4550 addunt
2567 4509 2586 4548 :
2605 4489 3001 4549 Heinricusrex
3015 4487 3221 4545 Mettim
3241 4487 3336 4519 *ιδ’

1959 4573 2151 4627 urbem
2187 4568 2421 4634 obsidet,
2456 4566 2629 4621 donec
2658 4564 2932 4634 mediante
2962 4560 3207 4634 justicia_
3226 4573 3335 4634 pa}
3428 4612 3433 4615 .

1957 4644 2100 4699 inter
2130 4655 2228 4697 eos
2266 4627 2538 4695 convenit.
2578 4637 2651 4706 cf.
2688 4632 2864 4706 Sigeb.
2902 4627 3146 4706 a_.'_1000.
3173 4627 3239 4683 D.

1956 4721 2233 4787 pergunt:
2272 4709 2416 4765 Inter
2456 4700 2657 4762 milites
2700 4700 2951 4787 pinnis
2983 4700 3341 4787 Leodigensis

1957 4772 2213 4856 episcopi
2231 4797 2298 4837 eo
2330 4787 2582 4856 presente
2616 4786 2672 4833 et
2700 4772 3197 4856 Lambertumn’m
3241 4784 3337 4856 co-

1962 4840 2162 4911 mitem.
2194 4840 2588 4906 Lova'niensem
2637 4848 2781 4917 apud
2832 4846 3016 4900 villam
3066 4840 3344 4917 llugardis

1959 4927 2161 4981 dictam
2184 4922 2372 4993 prmlio
2403 4914 2689 4993 conserto,
2704 4919 2994 4989 episcopus
3014 4944 3086 4955 —
3103 4914 3342 4969 infortuo

1960 4998 2078 5062 nio,
2104 4991 2372 5065 πείθεὸ.
2402 5009 2459 5046 a.
2484 4991 2641 5044 1015.

1334 5170 1570 5227 VARUS
1627 5124 2041 5228 LECTIONES.

140 5300 231 5333 "“
268 5316 315 5355 s.
359 5313 494 5354 usus
524 5294 586 5349 E.
698 5293 787 5325 “‘7
820 5294 877 5346 in
901 5291 1144 5362 margine
1172 5290 1221 5343 1.
1249 5287 1398 5362 “1‘”
1439 5302 1565 5343 eum
1596 5287 1645 5340 1.

68 5379 277 5441 tempus
310 5370 396 5424 10.
444 5368 529 5421 11.
610 5364 698 5397 Ml
738 5361 1034 5436 Eclypsis’
1062 5361 1162 5416 ω,

1245 5360 1336 5392 ⁸⁸⁸³
1395 5367 1721 5414 mettensem
1768 5358 1823 5412 5.
1866 5364 2074 5410 metum
2119 5355 2205 5409 10.
2268 5355 2354 5408 11.

2403 5281 2490 5313 ‘W’
2527 5282 2670 5336 deest
2698 5279 2783 5335 10.
2819 5280 2907 5335 11.
2989 5279 3080 5312 “‘°
3113 5278 3343 5349 longum

2469 5352 2559 5384 “‘3
2596 5354 2923 5423 lampertum
2958 5349 3055 5406 E1.

1762 5287 1815 5340 5.
1848 5302 1988 5339 corr.
2040 5299 2161 5339 eam
2197 5282 2285 5337 10.

1603 5510 1840 5569 NOTAE.

144 5637 285 5708 (257)
315 5636 400 5694 Cf.
428 5635 623 5708 Vitam
644 5632 887 5708 Heinrici
936 5630 1057 5708 Y0].
1093 5629 1180 5708 _lV
1208 5629 1432 5708 editam,
1489 5626 1649 5708 cujus

75 5698 410 5766 auctor'baec
448 5706 756 5778 exscripsit,
788 5705 884 5762 sed
932 5703 1139 5760 chartis
1191 5702 1424 5772 aliisque
1474 5698 1645 5755 docu-

1758 5624 1959 5681 mentis
1983 5623 2296 5680 illustravit.

1828 5695 1978 5768 (258)
2006 5696 2043 5752 i.
2079 5711 2133 5754 e.
2165 5695 2344 5754 sancti
2364 5693 2661 5752 Michaelis.
