3862 6306
92 287 181 342 933

91 396 212 453 Anni
245 393 334 429 ’⁸⁸⁸
368 391 689 450 Chuonardi
721 390 809 461 [Lf

148 489 291 542 Anno
316 485 619 541 Dominicaa
644 485 1037 542 incarnationis
1064 485 1223 552 1025,
1258 485 1327 540 ab
1358 482 1504 540 Urbe
1528 497 1655 538 con-

89 581 180 635 dita
211 576 360 641 1776,
403 573 789 640 Chuonradus,
825 592 892 630 ex
935 576 1087 647 regni
1112 575 1442 645 primoribus
1486 588 1649 638 unus,

90 668 167 723 sed
202 680 362 737 regno
392 675 556 719 antea
578 677 690 734 'per
724 665 1129 719 rebellationem
1175 665 1460 728 adversus,
1498 663 1652 732 prin-

89 761 275 829 cipibus
322 773 424 829 pro
464 757 585 827 ejus
634 757 896 812 electione
937 756 1360 821 dissidentibus,
1412 754 1651 809 Aribone

89 861 243 907 autem
262 848 577 921 MOgontino
602 848 1012 920 archiepiscopo
1033 847 1411 902 etEberhardo
1436 847 1650 901 Babcn-

88 943 308 1014 bcrgensi
332 942 552 1013 presule
574 941 677 996 sibi
704 939 1035 1005 faventibus,
1060 939 1151 994 85°
1180 940 1270 971 ίδδο
1296 940 1417 994 loco
1443 939 1512 993 ab
1537 938 1651 991 Au-

88 1044 242 1108 gusto,
272 1049 504 1105 regnum
533 1033 790 1103 suscepit,
829 1040 884 1088 et
929 1031 1090 1087 annis
1132 1031 1200 1086 15
1230 1031 1493 1102 regnavit.
1546 1030 1650 1084 Su-

89 1130 317 1184 blimatus
366 1135 551 1182 autem
600 1126 656 1180 in
704 1124 858 1196 regni
902 1125 1048 1191 sede,
1088 1123 1320 1178 consilio
1375 1122 1649 1177 Brunonis

87 1216 298 1289 episcopi
338 1215 728 1287 Augustensis,
772 1213 958 1269 fratris
1003 1213 1239 1269 lleinrici
1280 1213 1646 1283 imperatoris,

88 1309 165 1378 qui
186 1323 410 1377 semper,
439 1316 502 1362 ut
528 1324 694 1377 supra
722 1307 929 1362 dictum
951 1315 1054 1373 est,
1085 1305 1336 1361 felicibus
1365 1305 1486 1375 ejus
1510 1305 1649 1359 invi-

87 1403 224 1457 debat
249 1400 484 1466 actibus,
515 1400 1020 1471 Babenbergensem
1054 1408 1443 1470 epyscopatum
1470 1398 1646 1453 medi-

90 1493 276 1548 tabatur
296 1493 602 1561 destruere,
626 1494 752 1562 quia
779 1493 920 1548 idem
945 1492 1093 1546 Brun
1116 1492 1406 1561 episcopus
1437 1491 1646 1562 promi-

90 1584 146 1640 sit
165 1584 350 1655 reginae
375 1583 593 1651 Giselae,
631 1585 816 1640 omnia
846 1585 1033 1654 predia
1060 1583 1391 1639 hereditario
1413 1583 1539 1654 jure
1577 1584 1646 1640 ad

89 1693 137 1732 se
161 1677 476 1746 pertinentia
511 1677 623 1732 lilio
647 1676 766 1748 ejus
787 1675 1044 1732 Heinrico
1072 1677 1410 1732 contradere.
1467 1675 1644 1732 Locus

987 276 1352 336 CHRONICA.
1393 305 1462 315 —
1498 271 1893 332 CHRONICON
1935 271 2397 329 UNlVERSALE.

1679 395 1725 452 Α
1750 387 1974 442 omnino
1995 387 2288 454 abdicavit,
2325 400 2491 457 seque
2519 384 2574 440 in
2607 385 2777 442 Deum
2802 397 2858 443 et
2883 386 2938 443 in
2977 398 3197 446 sanctos
3215 391 3337 461 ejus

3229 277 3337 333 954

1753 488 1807 534 et
1837 479 1891 532 in
1924 477 2148 533 fratrem
2191 493 2351 533 suum
2396 493 2672 548 peccasse,
2726 480 2892 535 libera
2946 482 3165 536 tandem
3203 498 3337 540 voce

1753 571 2127 641 proclamavit.
2181 569 2271 626 Sic
2291 571 2474 641 itaque
2494 572 2675 626 divina
2705 573 2878 642 pictas
2907 589 3004 644 per
3031 576 3224 649 merita
3249 575 3334 632 fa-

1752 663 1886 717 muli
1915 663 2019 730 sui,
2048 679 2116 718 ne
2154 679 2269 734 spe,
2306 681 2468 734 quam
2508 665 2564 720 in
2611 682 2668 722 se
2718 668 2917 736 posuit,
2966 668 3333 738 fraudaretur,

1751 756 1934 810 omnia
1960 756 2108 810 illius
2141 772 2321 825 pravte
2344 758 2764 828 conspirationis
2784 761 3221 816 machinamenta
3249 779 3336 817 rc-

1751 847 1970 918 prcssit,
1997 849 2159 919 idque
2189 850 2333 919 quod
2365 851 2434 905 ab
2467 866 2533 906 eo
2562 852 2698 907 bene
2727 860 2964 922 coeptum
3008 863 3089 908 est
3130 854 3334 909 confir—

1751 939 1972 1005 mando,
1997 954 2209 1008 semper
2234 940 2430 995 exinde
2457 940 2526 996 ad
2556 940 2782 996 meliora
2806 944 3051 1013 provexit
3077 948 3114 997 ‘.
3142 974 3213 984 -—-
3236 943 3334 998 Se-

1751 1034 1930 1089 cundo
1967 1034 2132 1106 igitur
2165 1035 2316 1106 regni
2347 1035 2432 1089 sui
2459 1050 2602 1090 anno
2626 1035 2990 1090 Chuonradus
3021 1051 3114 1089 rex
3157 1034 3329 1090 ﬁlium

1751 1140 1914 1180 suum
1945 1123 2261 1180 Heinricum
2286 1141 2465 1197 regem
2493 1125 2637 1192 fecit,
2677 1135 2732 1181 et
2764 1127 2879 1196 ipse
2923 1127 3154 1182 Romam
3203 1143 3331 1197 per-

1751 1230 1904 1285 gens,
1936 1215 2268 1285 imperialem
2304 1216 2735 1272 benedictionem
2770 1219 2994 1288 accepit.
3049 1217 3178 1272 Post
3217 1218 3334 1273 lizec

1750 1303 1956 1372 Knulh,
1983 1307 2126 1377 regis
2150 1305 2444 1374 Danorum,
2471 1308 2658 1374 filiam,
2685 1310 2903 1364 nomine
2926 1310 3331 1380 Cunigundam,

1748 1395 1860 1452 filio
1886 1412 1987 1451 suo
2018 1398 2322 1468 conjunxit,
2357 1414 2521 1469 seque
2552 1400 2617 1453 ad
2646 1400 2782 1455 bene
2817 1402 3081 1471 agendum
3125 1403 3334 1458 studio-

1747 1489 1865 1544 sius
1899 1490 2153 1544 accinxit.
2209 1489 2268 1544 ln
2308 1493 2527 1561 proprio
2567 1492 2764 1562 quippe
2804 1496 3025 1550 castello
3069 1495 3333 1568 Lintburg

1724 1579 1912 1647 dicto,
1961 1581 2028 1635 ad
2069 1580 2205 1635 alios
2249 1597 2384 1638 usus
2415 1583 2694 1652 quondam
2725 1583 2830 1637 sibi
2854 1592 3027 1654 grato,
3056 1597 3334 1641 monaste—

1746 1669 1890 1727 rium
1935 1674 2262 1740 construxit,
2299 1675 2724 1745 prediorumque
2773 1676 2926 1745 copia
2964 1676 3094 1731 illud
3132 1679 3330 1745 ditans,

90 1769 228 1839 igitur
252 1778 304 1824 ει
336 1777 557 1840 tempus
585 1746 876 1826 ροιίγθηιυί
896 1770 1173 1837 statuitur,
1207 1769 1300 1824 ubi
1323 1770 1438 1826 meo
1461 1785 1550 1826 res
1577 1769 1646 1824 ad
1680 1746 1721 1804 Β
1749 1764 2146 1818 monachorum
2169 1765 2647 1836 congregationem
2670 1765 2772 1821 sub
2793 1765 3004 1821 abbatis
3027 1768 3334 1836 provisione

90 1869 269 1916 certum
301 1861 654 1931 perducatur.
708 1859 878 1917 Nocte
909 1877 1060 1929 vero,
1092 1877 1214 1933 quae
1257 1862 1399 1917 diem
1430 1876 1647 1932 preces-

91 1964 211 2008 serat
235 1952 287 2007 in
310 1969 416 2024 qua
443 1953 565 2009 haec
592 1954 902 2009 ventilanda
940 1963 1117 2022 erant,
1148 1953 1496 2009 Eberhardus
1532 1953 1648 2025 epi-

90 2061 260 2116 scopus
288 2046 353 2100 ad
384 2047 683 2102 tentorium
713 2045 941 2118 predicti
968 2045 1240 2103 Brunonis
1275 2049 1415 2102 clam
1455 2061 1644 2102 acces-

91 2137 164 2202 sit,
203 2138 442 2208 lcctoque
486 2137 609 2208 ejus
659 2139 926 2206 assidens,
970 2140 1142 2194 multa
1183 2155 1349 2210 super
1392 2141 1494 2196 hac
1528 2154 1648 2194 mo-

93 2228 260 2294 nendo,
290 2229 652 2296 obsecrando,
683 2232 1006 2285 memoriam
1030 2230 1216 2288 fratris
1250 2232 1435 2287 animo
1466 2231 1646 2288 incul-

93 2317 260 2386 cando,
319 2335 444 2374 cum
503 2319 697 2376 eodem
749 2321 1014 2377 sollicitus
1065 2322 1192 2394 egit.
1239 2321 1343 2389 Qui
1394 2321 1488 2376 ubi
1530 2321 1647 2392 jam

94 2409 233 2464 multa
254 2410 424 2466 noctis
447 2411 589 2466 hora
613 2419 886 2466 transacta
911 2421 1229 2480 recesserat,
1254 2421 1308 2468 et
1330 2413 1647 2484 episcopum

94 2515 173 2569 pro
201 2502 390 2556 auditis
417 2502 772 2558 sollicitatum
814 2518 1044 2558 somnus
1085 2503 1449 2573 obpresserat,
1496 2503 1646 2559 visus

94 2602 162 2648 est
177 2593 221 2648 ei
253 2592 412 2649 frater
438 2610 578 2650 suus
600 2595 897 2666 imperator
941 2595 1229 2651 Heinricus
1262 2596 1400 2650 lecto
1429 2610 1530 2650 suo
1558 2610 1649 2651 as-

94 2694 231 2752 starc,
257 2684 559 2758 faciemque
586 2702 744 2742 suam
777 2687 944 2742 barba
980 2704 1045 2743 ex
1078 2703 1186 2742 una
1216 2695 1370 2758 parte
1414 2687 1648 2756 depilata

96 2785 333 2848 turpatam
381 2780 680 2850 objectare.
729 2778 831 2834 Cui
874 2796 1038 2850 super
1084 2781 1188 2835 hac
1232 2796 1291 2836 re
1335 2778 1552 2849 stupido
1594 2787 1650 2836 et

95 2870 390 2940 ammiranti,
419 2887 486 2926 ac
514 2872 640 2942 quis
683 2882 791 2927 tam
834 2872 1152 2928 temerarios
1201 2889 1370 2928 ausus
1418 2872 1472 2926 in
1521 2888 1648 2928 eum

96 2972 394 3029 presumeret
417 2963 779 3036 interroganti
809 2984 822 3020 :
851 2965 949 3032 Ta,
973 2964 1070 3032 ait,
1095 2964 1205 3020 Itwc
1229 2966 1423 3036 fecisti,
1451 2966 1541 3036 qui
1569 2981 1648 3019 me

95 3060 134 3103 et
153 3062 338 3108 sanctos
368 3054 490 3124 Dei,
526 3072 654 3126 quos
684 3055 832 3110 rebus
862 3074 894 3110 a
930 3057 1038 3109 Deo
1068 3056 1227 3109 michi
1263 3056 1519 3110 concessis
1554 3054 1648 3108 (lo-

97 3143 200 3210 tavi,
223 3143 510 3214 despoliare
554 3146 885 3215 disposuisti.
930 3144 1065 3201 Cave
1084 3145 1204 3215 jam
1234 3144 1454 3199 ulterius
1491 3162 1648 3216 super

97 3231 175 3285 hac
198 3237 492 3306 temeritate,
519 3252 581 3291 ne
607 3238 812 3307 incepta
837 3235 955 3290 luas
987 3252 1180 3308 magna
1200 3236 1533 3307 infelicitate.
1562 3235 1645 3291 Ad

97 3323 189 3380 haec
229 3327 310 3383 ille
352 3329 787 3401 expergefactus,
831 3345 896 3384 ac
945 3328 1013 3384 de
1058 3329 1269 3385 visione
1305 3344 1416 3384 non
1451 3345 1644 3400 parum

98 3421 397 3490 perterritus,
419 3423 791 3478 membrorum
807 3439 1027 3494 quoque
1055 3423 1285 3479 horrore
1309 3440 1375 3482 ac
1409 3433 1645 3479 tremore

98 3521 184 3562 non
203 3508 382 3566 leniter
405 3521 490 3568 est
513 3521 770 3569 attactus.
808 3512 964 3568 Mane
987 3522 1168 3569 autem
1201 3512 1364 3581 facto,
1398 3530 1522 3570 cum
1549 3515 1643 3570 diu

98 3611 402 3670 exspectatus
443 3605 515 3661 ad
549 3613 877 3661 conventum
932 3622 1222 3676 procerum
1269 3622 1378 3663 non
1420 3606 1644 3674 veniret,

100 3693 252 3762 regina
272 3713 366 3767 pro
387 3698 502 3754 lilio
532 3698 783 3767 sollicita,
805 3699 1024 3755 nunciis
1048 3699 1235 3756 missis
1266 3699 1466 3754 obnixe
1495 3715 1648 3770 roga-

99 3782 175 3849 vit,
198 3796 250 3842 ut
268 3790 558 3847 adveniens
587 3792 858 3862 promissa
882 3791 1185 3863 perliceret.
1233 3790 1326 3847 Ille
1347 3807 1476 3846 vero
1497 3791 1644 3846 allir-

99 3877 266 3945 mabat,
296 3897 352 3937 se
379 3891 530 3939 tanta
563 3885 881 3939 infirmitate
918 3884 1154 3955 gravari,
1201 3891 1261 3939 ut
1304 3897 1406 3938 nec
1451 3883 1518 3938 de
1568 3883 1646 3937 lc-

100 3976 168 4024 cto
206 3989 412 4046 surgere
455 3992 560 4032 nec
603 3977 793 4048 pedem
841 3985 1027 4048 posset
1077 3991 1356 4048 quoquam
1401 3991 1641 4032 movere.

99 4055 308 4134 Cumque
338 4075 646 4138 rogaretur,
677 4076 737 4123 ut
757 4083 815 4124 se
840 4067 897 4122 in
918 4069 1060 4125 lecto
1088 4069 1156 4124 ad
1185 4078 1514 4124 conventum
1550 4070 1645 4126 de-

100 4157 269 4213 portari
289 4169 582 4231 pateretur,
605 4177 714 4233 quo
735 4162 820 4218 vel
846 4163 925 4218 sic
949 4163 1245 4234 promissio
1273 4165 1643 4234 perficeretur,

1748 1853 1877 1909 illuc
1905 1854 2208 1910 introduxit
2242 1855 2426 1927 (240);
2461 1854 2718 1927 Spirense
2741 1873 2959 1927 quoque
2986 1859 3332 1930 cpyscopium

1746 1947 2046 2016 provehere
2067 1955 2336 2014 statuens,
2362 1947 2456 2003 sed
2479 1949 2693 2003 vivendi
2722 1957 2864 2004 meta
2895 1967 2960 2005 eo
3007 1966 3180 2021 usque
3225 1967 3334 2007 nou

1747 2039 2080 2110 pertingens,
2121 2039 2231 2095 filio
2281 2056 2382 2095 suo
2431 2039 2688 2096 Heinrico
2718 2057 2832 2096 sua:
2879 2043 3176 2098 voluntatis
3209 2043 3334 2100 eﬂ‘e-

1747 2138 1894 2186 ctum
1916 2130 2210 2197 commisit,
2235 2146 2397 2201 quem
2424 2131 2538 2202 ipse
2559 2132 2842 2203 magnifice
2864 2134 3047 2203 cci-pit,
3074 2133 3166 2189 sed
3191 2133 3334 2190 filius

1747 2221 1867 2293 ejus
1897 2221 2025 2276 item
2055 2220 2343 2278 Heinricus
2369 2223 2806 2295 magnificentius
2835 2223 3078 2295 perfecit.

1891 2315 1910 2336 ‘
1952 2311 2014 2367 E.
2074 2316 2241 2385 pergit
2289 2330 2308 2369 :
2356 2314 2542 2370 Primo
2597 2315 2780 2386 itaque
2844 2317 2997 2388 regni
3049 2317 3134 2371 sui
3190 2332 3334 2372 anno

1961 2404 2328 2463 Chuonradus
2354 2424 2448 2463 rex
2476 2408 2529 2462 in
2563 2409 2786 2479 proprio
2819 2411 3043 2465 castello
3072 2409 3334 2480 Lintburg
3435 2395 3438 2398 i

1986 2528 2032 2538 —
2082 2499 2324 2568 perfecit.
2380 2499 2662 2554 Dissensio
2703 2517 2900 2572 magna
2932 2503 3050 2572 ipso
3091 2512 3334 2571 tempore

1964 2599 2152 2644 contra
2188 2590 2574 2645 Cbuonradum
2598 2592 2653 2645 in
2693 2608 2860 2663 regno
2887 2601 2924 2647 t.
2951 2609 2996 2648 s.
3024 2594 3078 2647 d.
3117 2610 3166 2648 c.
3194 2609 3239 2648 s.

1822 2679 1873 2735 1.
1907 2681 2057 2752 (Chr.
2091 2682 2203 2754 W.)
2237 2683 2421 2737 Primo
2445 2683 2638 2753 itaque
2667 2684 2985 2739 Chuonradi
3007 2687 3154 2756 regis
3187 2701 3332 2741 anno

1749 2771 2021 2828 dissensio
2051 2790 2247 2846 magna
2281 2783 2470 2829 contra
2501 2791 2629 2830 eum
2668 2775 2723 2829 in
2761 2792 2928 2848 regno
2951 2778 3332 2848 tumultuatur,

1751 2876 1844 2930 sed
1868 2875 2130 2932 divinitus
2155 2877 2263 2932 cito
2293 2878 2533 2934 sedatur.

1819 2969 1874 3023 2.
1903 2968 1968 3024 Α.
2004 2968 2066 3024 D.
2093 2969 2253 3024 1026.
2292 2969 2606 3038 Heinricus,
2635 2971 2948 3028 Chuonradi
2979 2974 3123 3045 regis
3152 2974 3294 3030 filius
3314 3016 3331 3042 ,

1675 3091 1718 3154 C
1750 3075 1847 3116 rex
1874 3060 2130 3128 edicitur;
2153 3061 2519 3118 Chuonradus
2541 3079 2670 3118 vero
2695 3063 2923 3119 Romam
2947 3067 3174 3124 tendens
3190 3110 3204 3136 ,
3228 3069 3331 3124 im~

1752 3153 1940 3223 periali
1970 3153 2347 3210 benedictione
2385 3155 2720 3224 provehitur.

1821 3271 1874 3325 ὅ.
1915 3269 1980 3325 Α.
2023 3269 2088 3325 D.
2133 3269 2290 3324 1027.
2342 3268 2490 3325 Brun
2528 3269 2892 3341 Augustensis
2933 3271 3222 3344 episcopus
3279 3282 3332 3331 et

1751 3361 1963 3419 Welefo
2020 3379 2206 3420 comes
2251 3365 2448 3435 predas
2493 3371 2548 3420 et
2595 3364 2846 3420 incendia
2883 3364 3026 3422 inter
3066 3382 3124 3424 se
3164 3366 3332 3424 eonﬁ-

1751 3454 1924 3510 ciunt.

1825 3572 1879 3626 4.
1936 3571 2001 3626 Α.
2057 3570 2120 3626 D.
2181 3571 2338 3626 1028.
2386 3571 2584 3628 Ernest
2627 3573 2739 3628 dux
2794 3573 3222 3629 Alamannorum
3280 3579 3331 3629 et

1750 3662 1960 3718 Welefo
1987 3679 2173 3720 comes
2197 3652 2528 3720 Chuonrado
2565 3665 2881 3736 imperatori
2909 3667 2974 3721 ad
2998 3665 3330 3722 deditionem

1749 3755 1994 3810 veniunt.

1821 3869 1872 3923 5.
1902 3867 1967 3921 Α.
1997 3867 2058 3922 D.
2096 3868 2255 3924 1029.
2279 3869 2429 3925 Brun
2459 3870 2824 3942 Augustensis
2851 3870 3138 3942 episcopus
3163 3869 3331 3938 obiit,

1747 3960 1838 4016 cui
1862 3960 2213 4018 Eberhardus
2241 3964 2524 4019 successit.
3295 3985 3300 3988 ·

1819 4074 1872 4129 6.
1901 4073 1969 4130 Α.
2003 4073 2066 4130 D.
2095 4075 2253 4132 1030.
2279 4067 2645 4131 Chuonradus
2671 4075 2969 4144 imperator
2996 4074 3330 4144 Stephanum

1748 4166 2044 4224 Pannonia:
2070 4185 2253 4242 regem
2276 4185 2401 4225 cum
2428 4169 2669 4225 exercitu
2697 4169 2849 4240 petit.
2878 4167 3088 4224 interea
3113 4169 3169 4223 in
3205 4167 3330 4224 Ala-

1350 4275 1590 4333 VARle
1631 4275 2038 4335 LECTIONES.

159 4361 235 4396 ιη’
261 4367 439 4424 desunt
469 4371 520 4425 1.
553 4370 616 4426 ι).
645 4370 707 4427 E.
787 4372 876 4405 mo
906 4369 1210 4426 Lxxvun.
1240 4369 1301 4425 ι).
1328 4369 1390 4426 E.

1565 4501 1799 4560 NOTAE.

103 4554 129 4608 6
146 4588 204 4598 -
223 4561 277 4617 9α
308 4576 626 4637 receperunt
650 4586 669 4646 :j

838 4659 1164 4740 §axonicum
1186 4672 1408 4740 stemma
1432 4667 1635 4737 confert
1657 4669 1734 4738 (a)
1766 4667 2123 4740 Ottonicar(b)
2149 4684 2309 4738 regna
2338 4666 2433 4738 (c),

838 4731 1282 4810 Tenet__augustos
1310 4731 1693 4810 ccelttmgmar'e
1717 4731 1963 4810 terraque
1987 4731 2230 4793 chrietos'.

989 4802 1228 4876 Undique
1251 4807 1482 4861 nobilior
1504 4802 1849 4864 Heinriciane
1873 4802 2048 4865 decor.

157 4899 206 4956 In
228 4902 318 4961 El.
345 4924 508 4986 super
530 4921 816 4970 stemmate
853 4915 1065 4986 primus
1108 4917 1305 4974 leaitur
1346 4919 1803 4978 versus—Idem
1847 4923 1941 4994 qui
1986 4931 2217 4978 stemma
2257 4920 2584 4977 Karolorum
2629 4917 2928 4992 praemittit,
2961 4903 3194 4976 'ter‘ctun‘.
3239 4922 3331 4977 ad-

106 4990 169 5049 dit
201 4996 295 5055 hoc
320 5019 334 5058 :

1370 5103 1686 5160 Counradus
1733 5107 2024 5178 imperator

1369 5197 1426 5271 +
1471 5199 1758 5258 Heinricus
1794 5203 2105 5272 imperator.

1372 5291 1657 5349 Heinrieus
1690 5296 1996 5366 imperator.

555 5376 869 5434 Counradut
907 5395 1017 5436 rex.
1131 5380 1419 5438 Heinricus
1451 5401 1559 5442 rex.

164 5497 292 5572 (210)
323 5504 402 5562 Cf.
430 5509 664 5582 diploma
689 5512 746 5569 in
765 5514 916 5577 Actis
940 5517 1106 5587 palat.
1133 5517 1233 5588 Vl,
1258 5536 1312 5591 p.
1345 5521 1470 5578 271.

164 5633 230 5713 (ᾳ)
257 5643 483 5702 conferat
517 5648 570 5705 8.
604 5652 689 5710 9°.
729 5668 867 5711 corr.
895 5652 1108 5712 confert
1144 5654 1193 5710 7.
1233 5655 1317 5713 98.

168 5703 232 5775 (θ)
253 5716 476 5775 attonica
499 5719 548 5778 8.

1752 5386 1809 5460 +
1844 5385 2091 5441 Adelheit
2127 5400 2266 5440 uxor
2300 5383 2554 5455 Liupoldi
2587 5384 2930 5442 marchionis.

1836 5657 1887 5729 c)
1917 5656 2106 5730 regina
2161 5672 2323 5726 corr.,
2382 5665 2441 5711 ut
2464 5657 2676 5714 videtur
2742 5674 2910 5737 regna
2940 5660 3023 5716 θα.
