3862 6306
583 271 692 329 955
1758 266 2159 325 EKKEHARDI
2196 265 2663 325 URAUGIENSIS
2954 275 2973 289 '
3693 282 3765 337 93:,

580 383 807 439 mannia
865 382 1066 441 Ernest
1123 384 1236 440 dux
1279 392 1335 439 et
1398 382 1758 440 Werinherus
1823 398 2012 440 comes
2046 398 2174 439 cum
2204 390 2251 450 Α
2281 382 2403 437 tuit.
2428 414 2499 423 ——
2525 381 2722 439 Petrus
2755 398 2976 454 quoque
3004 380 3368 455 Ungariorum
3397 400 3486 442 rex
3518 388 3663 445 eidem
3682 393 3769 449 duci

587 476 713 535 aliis
746 479 935 535 multis
965 479 1309 546 occiduntur,
1337 478 1404 533 16
1427 477 1546 533 Kal.
1574 476 1723 548 Sept.
2280 484 2468 530 contra
2505 491 2686 548 regem
2707 476 2910 531 auxilia
2944 475 3117 533 misit.

658 590 711 645 7.
752 592 815 644 A.
853 588 916 647 ι).
957 588 1115 644 1051.
1140 587 1474 659 "Stephanus
1524 603 1621 644 rex
1658 602 1757 660 per
1800 587 2011 660 legatos
2047 600 2165 643 cum

2349 567 2404 622 5.
2432 563 2498 621 Α.
2527 565 2592 621 D.
2633 567 2790 622 1012.
2826 566 3055 640 Ungarii
3086 568 3358 638 quendam
3377 566 3598 627 Ovonem
3618 574 3774 632 sibin-

596 680 924 753 imperatore
946 657 1287 750 paciﬁcatur.
1659 657 1679 660 —
1861 657 1882 660 ⁷

2278 674 2399 730 gem
2438 657 2715 726 fecerunt,
2747 667 2802 715 et
2836 659 3060 715 Petrum
3096 676 3281 732 regem
3320 677 3479 718 suum
3510 667 3771 736 expulsi-nm.

654 748 708 827 ἑ.
750 772 815 827 Α.
857 748 1125 827 R1032.
1168 774 1188 794 ί
1213 769 1520 827 Ruodolfus
1559 784 1659 825 rex
1689 768 2020 841 nui-gumiae
2051 783 2174 824 mo-
2277 748 2384 816 Qui
2422 749 2688 822 profusus
2717 760 2773 806 et
2805 748 2993 819 exsul;
3032 751 3276 809 Heinrici
3325 753 3497 826 regis.
3546 758 3624 811 cui
3654 760 3773 829 Mori

582 866 735 921 riens
760 907 775 931 ,
806 864 1056 920 diadema
1089 880 1255 920 suum
1282 863 1616 920 Cbuonrado
1652 863 1971 933 imperatori
2000 861 2165 919 misit.

2276 859 2423 899 anno
2450 844 2761 911 rebellavit,
2784 844 3018 918 gratiam
3052 847 3234 918 querit
3257 858 3313 905 et
3347 847 3560 905 invenit.
3583 880 3643 889 —
3662 850 3777 907 licia-

726 959 747 981 ‘
767 956 831 1011 D.
868 956 931 1011 E.
961 956 1168 1013 addunt
1192 972 1211 1010 :
1240 955 1538 1028 Rutpettus
1564 954 1737 997 mh“
1752 953 2123 1011 etRichardus
2142 972 2165 1009 ει

2276 938 2426 994 ricus
2446 954 2539 994 rex
2567 938 2848 996 Boemiam
2870 940 3184 1013 ingressus,
3213 942 3339 1014 igne
3366 944 3620 1014 predaqae
3639 957 3774 1000 cuncta

795 1046 1135 1106 Normannia
1191 1049 1454 1120 digressi,
1512 1047 1768 1119 Apuliam
1815 1057 2077 1119 expetunt
2121 1054 2176 1103 ει
2274 1029 2550 1095 devastat,
2574 1039 2630 1086 et
2652 1031 2908 1088 rebellem
2937 1034 3133 1089 ducem
3158 1034 3379 1091 obsides
3405 1035 3532 1091 dare
3564 1038 3776 1109 ipsumqus

796 1142 1062 1214 patriotas
1093 1140 1308 1197 fortiter
1345 1142 1637 1198 debellaut.
1668 1157 1733 1196 ex
1762 1138 1938 1212 Sigeb.

2274 1130 2401 1192 post
2428 1139 2487 1178 se
2521 1121 2876 1194 Ratisponam
2908 1125 2975 1181 ad
3001 1125 3333 1183 deditionem
3372 1128 3694 1184 humillimam
3716 1148 3776 1186 ve-

650 1234 707 1292 9.
754 1211 821 1291 Al
863 1236 926 1290 Β.
976 1234 1135 1291 1055.
1189 1235 1578 1306 Meginhardus
1632 1211 1923 1306 episcopus
1968 1233 2173 1290 Wimi_
2275 1211 2405 1306 nire
2441 1212 2658 1283 sibique
2695 1214 3055 1306 jurejurando
3100 1214 3418 1271 ﬁdelitatem
3462 1233 3525 1272 ac
3560 1219 3776 1273 servitium

579 1329 871 1400 burgensis
918 1328 1073 1384 obiit.
1114 1304 1480 1384 Chuonradus
1537 1304 1837 1398 imperator
1883 1328 1938 1382 in
1988 1328 2165 1385 hieme

2273 1304 2599 1360 conﬁrmare
2619 1314 2849 1361 coartat.
2875 1338 2944 1347 —
2971 1305 3087 1364 Ovo
3115 1325 3213 1364 rex
3243 1307 3624 1381 Ungariorum,
3645 1311 3777 1367 obsa-

525 1438 533 1445 -
580 1399 951 1490 Burgundiam
977 1407 1127 1488 petit.
1163 1417 1409 1490 Eclypsis
1446 1419 1579 1475 solis
1601 1417 1743 1474 facta
1770 1426 1857 1475 est
1879 1419 1914 1474 5
1939 1418 2167 1476 Kalend.
2273 1406 2522 1468 scopum
2554 1415 2587 1454 a
2614 1416 2741 1472 ι’θεθ
2771 1399 3028 1457 Ηθίιπίθο
3056 1401 3280 1460 Petrum
3303 1419 3338 1459 ³
3365 1419 3427 1459 se
3455 1404 3778 1474 θηηδυωνίλ·

578 1509 709 1566 Julii
730 1554 745 1578 ,
785 1512 923 1566 hom
949 1511 1040 1543 Im
1073 1520 1247 1567 sexta,
2272 1507 2371 1549 nes
2400 1493 2668 1565 Bajoariae
2693 1496 2878 1566 predis
2917 1494 3312 1568 depopulatur;
3348 1499 3447 1555 sed
3487 1512 3659 1571 magna
3695 1518 3780 1572 part
3840 1540 3841 1579 ἶ

653 1624 739 1678 10.
774 1628 839 1678 Α.
879 1624 941 1679 D.
984 1625 1142 1680 1054.
1172 1624 1472 1696 imperator
1492 1625 1782 1682 Franciam
1813 1627 1947 1698 petit
1980 1634 2165 1684 contra

2271 1585 2548 1643 exercitus
2572 1586 2693 1657 ejus
2714 1587 2785 1642 ab
2811 1587 3153 1645 Adelberone
3179 1591 3504 1647 marehione
3519 1591 3707 1646 deletur.

579 1715 874 1771 Outoncm.
909 1715 1041 1771 Item
1067 1717 1157 1749 ¹¹⁵⁶⁶
1185 1716 1557 1789 Burgundiam
1580 1727 1778 1773 vastat.
1820 1738 1825 1743 ·

2343 1699 2398 1754 1.
2424 1699 2489 1754 A.
2528 1699 2592 1755 D.
2628 1699 2767 1755 1013
2821 1700 3113 1759 Heinricus
3140 1719 3235 1758 rex
3264 1702 3601 1760 Pannoniam
3628 1706 3778 1775 ingres-

656 1807 1114 1863 11.A.D.1035.
1147 1808 1453 1864 Wirbiuam
1483 1811 1808 1876 castellum,
1844 1810 1899 1865 in
1930 1812 2168 1867 confinio
2206 1792 2247 1803 “’
2273 1807 2397 1857 δυεν
2443 1792 2583 1848 duas
2636 1794 3091 1864 populosissimas
3129 1796 3384 1852 civitates
3418 1796 3624 1861 evenit.
3654 1799 3779 1866 vim
3840 1850 3841 1855 γ

585 1899 837 1955 Saxoniae
864 1900 1101 1970 positum
1129 1943 1143 1968 ,
1172 1902 1369 1973 pagani
1394 1902 1489 1972 qui
1518 1900 1716 1958 Liutici
1743 1901 2003 1959 dicuntur
2023 1903 2166 1959 obti-
2268 1883 2543 1941 deditione
2587 1885 2691 1942 Sibi
2730 1885 2984 1958 subice“;
3021 1917 3093 1926 -·
3121 1885 3304 1943 θίδθιε
3355 1888 3651 1959 imperari!
3691 1889 3781 1941 οδέίί
3840 1946 3841 1949 η

579 1998 744 2055 nent,
782 1990 967 2046 multis
999 2007 1065 2047 ex
1108 1992 1425 2048 christianis
1466 1993 1666 2049 occisis
1698 2003 1752 2049 et
1780 1986 1974 2064 captis.
2017 1995 2165 2062 Quos

2270 1976 2339 2031 16
2370 1976 2489 2032 Kal.
2520 1976 2679 2033 Mart.
2711 1988 2765 2034 et
2790 1979 3054 2049 sepelitur
3076 1978 3270 2051 Spirae.
3840 2016 3841 2065 ἐ

501 2107 509 2116 -
577 2080 877 2152 imperator
914 2099 1041 2138 cum
1066 2085 1309 2140 exercitu
1341 2085 1494 2155 petit.
2341 2091 2394 2147 5.
2426 2092 2492 2147 A.
2530 2090 2595 2148 Ι).
2635 2072 2794 2148 1044.
2828 2090 3119 2150 Heinricus
3148 2109 3244 2149 rex
3277 2094 3483 2150 iterum
3522 2093 3781 2149 Pannonia
3840 2072 3841 2115 λ

651 2204 741 2258 12.
774 2206 838 2258 Α.
881 2205 943 2260 D.
978 2206 1138 2261 1056.
1169 2206 1524 2264 Gcbehardus
1546 2209 1819 2266 secundus
1855 2208 2165 2282 Ratisponm

2271 2182 2564 2250 invadens,
2597 2182 3027 2241 satisfactionem
3055 2193 3110 2241 et
3148 2186 3374 2242 obsides
3407 2202 3474 2242 ac
3505 2202 3699 2241 munera
3718 2201 3781 2256 μ·
3840 2216 3841 2249 ἢ

574 2294 871 2366 episcOpus
911 2298 1074 2365 obiit;
1123 2314 1224 2369 pro
1262 2314 1373 2369 quo
1414 2299 1543 2355 item
1584 2299 1937 2358 Gebehardus
1965 2274 2165 2361 tercius

2269 2274 2459 2346 eisque
2497 2276 2967 2332 conﬁrmationem
3010 2292 3106 2349 per
3130 2277 3527 2349 jusjurandum
3551 2280 3781 2349 accipiens,

578 2365 868 2443 succesSit.
897 2419 969 2429 —
995 2365 1297 2457 Heiu—rica,-
1321 2389 1667 2461 imperatoris
1696 2392 1835 2459 ﬁlio,
1862 2393 2045 2449 Knuth
2077 2410 2167 2450 re—
2268 2365 2555 2474 δξξθξεδείιξ
2579 2460 2591 2472 ⁹
2610 2366 2843 2472 ίηάθίιυξδ
2879 2384 3175 2474 ξθνθΐειξετ.
3205 2368 3780 2474 synodo.Constaatica:i
3840 2368 3841 2429 ἰ

579 2478 665 2547 gis
715 2477 996 2534 Danorum
1044 2480 1155 2536 ﬁlia
1190 2457 1865 2554 conjungitur.—-Luitici
1895 2487 2168 2542 tributarii
2270 2457 2461 2559 “iuit.
2501 2460 2945 2559 “bi__¢““c“8_il_l
2983 2461 3527 2559 lie-(ifflinfluentibus
3563 2462 3785 2559 debita-dio
3840 2518 3841 2559 ξ

575 2568 704 2627 facti
741 2581 871 2628 sunt
891 2572 1230 2644 imperatori.
1260 2550 1332 2615 έ-
1360 2550 1656 2648 Piligrinus
1703 2577 2048 2635 Coloniensis
2079 2595 2165 2634 ar-

2271 2550 2440 2617 misit,
2456 2550 2823 2623 omnibusque
2853 2552 3167 2609 inimieiciis
3195 2553 3525 2620 destructis,
3548 2568 3704 2624 pacem
3722 2552 3784 2604 lu-
3840 2550 3841 2621 ξ

574 2662 958 2745 chiepiscopus
992 2667 1268 2736 moritur;
1303 2682 1404 2740 pro
1459 2644 1573 2741 quo
1614 2669 1983 2729 Herimannus
2014 2674 2168 2730 ordi-
2270 2653 2462 2750 Clem.”
2508 2645 2948 2751 if‘audifanffam
2978 2646 3034 2701 in
3215 2644 3425 2752 suavia
3460 2663 3614 2717 quam
3634 2648 3677 2700 ί¹¹
3705 2646 3785 2698 ams

574 2762 761 2811 nam“
904 2742 911 2745 '
1304 2737 1322 2740 '
1478 2737 1497 2741 ’
2271 2737 2423 2810 regni
2453 2739 2537 2793 sui
2567 2738 2863 2809 provinciis
2888 2754 2987 2810 per
3008 2738 3246 2795 edictum
3267 2740 3441 2812 regia:
3465 2753 3785 2795 censuram-

2271 2831 2524 2887 firmavit.
2582 2831 2718 2888 Dein
2767 2831 3060 2905 Agnctem,
3122 2832 3455 2889 Willihelmi
3506 2831 3785 2888 Pictaviersis
3840 2880 3841 2883 η

2270 2923 2533 2995 principis
2562 2924 2767 2993 ﬁliam,
2805 2926 2949 2996 apud
2989 2925 3328 2998 Mogontiam
3370 2928 3504 2999 ungi
3541 2925 3712 2981 faciens
3749 2923 3783 2975 in

2271 3015 2547 3086 reginam,
2600 3016 2875 3088 regalibus
2915 3018 3017 3073 sibi
3056 3018 3264 3089 nuptiis
3309 3019 3461 3089 apud
3495 3016 3785 3090 lngeleahtim

2194 3107 2238 3169 C
2270 3107 2567 3177 c0pulavit;
2596 3107 2739 3164 unde
2769 3108 3035 3165 inﬁnitam
3061 3110 3400 3166 histrionum
3425 3121 3477 3167 et
3493 3110 3784 3182 joeulammn

2270 3199 2675 3255 multitudinem
2706 3216 2814 3256 non
2847 3202 3024 3257 solum
3048 3203 3403 3269 muneribus,
3431 3204 3527 3260 sed
3546 3203 3685 3258 etiam
3704 3199 3787 3255 cibo

2267 3302 2507 3364 potuque
2560 3309 2791 3349 vacuam
2849 3303 2905 3350 et
2946 3304 3245 3350 merentem
3287 3296 3452 3352 abire
3483 3295 3714 3368 permisit.
3740 3320 3785 3329 —

2268 3387 2589 3459 Luitpoldus
2618 3388 2868 3444 marchio
2887 3431 2902 3454 ,
2931 3389 3204 3443 Adelherti
3240 3388 3427 3455 ﬁlius,
3467 3389 3682 3444 maxima
3705 3383 3785 3439 Uir

2265 3480 2542 3552 gariorum
2572 3480 2751 3536 clades
2770 3523 2783 3547 ,
2810 3481 3099 3536 immature
3124 3481 3559 3537 ohiit.—Pestis
3582 3479 3782 3551 pecudum

2266 3573 2537 3641 maxima,
2572 3573 2749 3629 hiems
2771 3572 2909 3628 dura
2939 3570 3043 3628 fuit
3062 3582 3117 3628 et
3145 3574 3360 3629 nivosa.

648 2866 735 2926 15.
779 2871 844 2926 Α.
878 2871 944 2927 Ι).
993 2872 1152 2930 1057.
1208 2873 1573 2933 Chuonradus
1621 2877 1920 2949 imperator
1958 2878 2169 2935 Italiam

577 2973 707 3018 eum
743 2964 986 3021 exercitu
1029 2967 1195 3038 petit,
1241 2977 1299 3025 et
1342 2968 1803 3027 Mediolanensem
1849 2973 2166 3044 episcopum

572 3055 632 3110 in
659 3058 967 3116 custodiam
997 3061 1198 3130 mittit;
1231 3063 1326 3134 qui
1358 3062 1483 3135 fuga
1518 3065 1707 3135 lapsus
1735 3066 2051 3137 imperatori
2077 3083 2165 3123 re-

572 3145 759 3204 bellat.
784 3180 857 3190 —
884 3148 1027 3207 Outo
1067 3153 1324 3225 princeps
1367 3153 1788 3227 Karolingorum
1824 3174 1856 3213 a
1896 3159 2168 3216 Gozclone

573 3237 961 3298 Lothariorum
991 3244 1129 3301 duce
1150 3261 1333 3317 pugna
1361 3246 1568 3316 victus,
1608 3247 1936 3321 fugiensque
1968 3267 1997 3305 a
2022 3268 2165 3323 que-

572 3333 700 3389 dam
731 3335 903 3391 milite
926 3336 1216 3392 occiditur.

646 3425 734 3480 11.
771 3426 837 3482 A.
872 3427 937 3483 D.
978 3428 1136 3485 1058.
1177 3428 1488 3501 Stephanus
1523 3430 1890 3505 Ungariorum
1915 3452 2011 3493 rex
2037 3438 2163 3493 reli-

571 3514 764 3588 giosus
801 3519 956 3574 obiit.

646 3607 736 3663 15.
788 3608 854 3664 A.
908 3609 972 3665 D.
1027 3610 1185 3667 1059.
1233 3612 1551 3685 Chunigunt
1591 3614 1938 3686 imperatrix,
1988 3628 2163 3676 mater

570 3715 895 3771 pauperum,
923 3701 1077 3758 dives
1099 3703 1236 3774 ipsa,
1267 3704 1489 3760 divitem
1511 3707 1763 3777 migravit
1788 3708 1853 3762 ad
1878 3707 2160 3764 Christum

2334 3689 2385 3744 6.
2420 3689 2486 3744 Α.
2528 3688 2591 3744 Β.
2636 3688 2796 3745 1015.
2846 3688 2996 3744 Brun
3034 3687 3512 3759 Wirciburgensis
3559 3687 3784 3758 episcost

571 3790 606 3844 5
639 3789 779 3847 Non.
823 3791 1023 3848 Martii.
1047 3824 1121 3834 —
1147 3793 1511 3853 Herimannus
1540 3797 1651 3853 dux
1695 3798 2156 3868 Alamannorum,

2261 3782 2396 3837 obiit
2417 3782 2449 3836 6
2481 3781 2599 3836 Kal.
2632 3780 2802 3837 Junii.
2832 3781 2939 3836 Pro
2980 3798 3091 3853 quo
3133 3780 3408 3837 Adelbero
3439 3782 3716 3837 oniinatur.
3740 3806 3783 3814 ——

572 3882 719 3940 ﬁlius
757 3884 940 3943 Gisilaa
964 3886 1360 3958 imperatricis,
1391 3889 1545 3945 obiit.
1664 3889 2157 3947 Chuonradusim-

2260 3873 2548 3931 Heinricus
2588 3890 2683 3930 rex
2715 3874 2883 3930 tercio
2920 3873 3257 3930 Pannoniam
3290 3875 3611 3946 ingressus,
3636 3870 3785 3938 Deique

558 3974 792 4047 'perator
819 3978 1005 4034 obiit2
1025 3978 1165 4035 Non.
1202 3979 1379 4048 Junii,
1407 3991 1462 4037 et
1488 3983 1734 4054 sepultus
1757 3990 1843 4038 est
1869 3983 2062 4054 Spirae.
2114 4015 2123 4023 -

2259 3966 2475 4022 favente
2532 3967 2822 4022 clementia
2871 3967 3045 4023 vietor
3095 3966 3358 4034 etfectus,
3422 3965 3654 4022 Ovonem
3697 3975 3785 4061 cura

568 4066 940 4141 Reginboldus
965 4069 1242 4143 Spirensis
1261 4052 1707 4145 episcopus‘obiit
1728 4075 1762 4130 5
1783 4052 2149 4133 ldusVOctobr.

2259 4075 2428 4116 uxore
2471 4068 2526 4115 et
2556 4059 2683 4115 ﬁliis
2724 4075 2790 4114 ac
2824 4060 3101 4132 cognatis,
3145 4058 3349 4130 quibus
3400 4060 3558 4115 locus
3604 4052 3784 4152 fugiendi

563 4191 639 4205 _
670 4161 920 4235 Eclypsis
955 4164 1090 4220 solis
1114 4164 1258 4222 facta
1283 4174 1370 4223 εει
1397 4168 1458 4221 η
1497 4166 1618 4222 Kal,
1650 4166 2008 4238 Septembris.
2254 4160 2373 4208 erat
2392 4194 2407 4219 ,
2440 4152 2738 4225 eﬂ'ugabat,
2764 4151 2989 4207 Petrum
3020 4151 3258 4208 restituit
3284 4151 3341 4206 in
3364 4166 3594 4223 regnum
3611 4192 3626 4215 ,
3648 4145 3783 4204 subii-

637 4255 781 4309 Anni
812 4256 881 4311 ab
915 4256 1074 4312 initio
1097 4257 1258 4313 5000,
2255 4251 2421 4314 toque
2456 4242 2560 4298 sibi
2591 4239 2958 4314 Ungariorum
2992 4242 3160 4313 regno
3182 4283 3197 4306 ,
3228 4257 3358 4297 cum
3392 4242 3599 4296 honore
3622 4249 3785 4293 summ

566 4345 713 4400 Anni
741 4343 983 4402 Heinrici
1011 4349 1184 4404 tercii,
2252 4334 2563 4391 revertitur.
2592 4333 2993 4391 —-Gotefridus
3018 4334 3129 4389 dux
3156 4333 3552 4390 Lothariorum
3588 4329 3784 4386 Heian’cn
3840 4326 3841 4333 “

639 4438 691 4493 1.
729 4438 890 4494 Anno
914 4439 1214 4497 Dominicte
1251 4441 1646 4499 incarnationis
1681 4443 1972 4499 millesimo
2006 4460 2147 4515 qua-

2259 4427 2368 4499 regi
2402 4428 2701 4494 rebellans,
2747 4428 2815 4482 ad
2851 4427 3183 4483 deditionem
3229 4434 3458 4483 coactus
3480 4468 3499 4494 ,
3530 4425 3584 4479 in
3611 4419 3782 4478 castello

563 4530 908 4603 dragesimo,
938 4532 1008 4588 ab
1043 4532 1189 4589 Urbe
1211 4544 1392 4590 autem
1419 4535 1638 4590 condita
1669 4535 1799 4592 179i
1821 4578 1835 4601 ,
1861 4535 2149 4594 iieinricus
2251 4517 2662 4576 Gibichensteiu
2691 4534 2868 4590 usque
2903 4520 2971 4575 ad
2999 4519 3221 4590 dignam
3266 4518 3684 4573 satisfach
3714 4523 3782 4563 α’

563 4622 803 4691 tercius,
840 4623 1160 4682 Chuonradi
1198 4626 1546 4696 imperatoris
1586 4626 1762 4694 ﬁlius,
1789 4628 1905 4698 jam
1936 4628 2143 4684 dudum
2255 4612 2449 4668 εῑοάίῖθ
2482 4612 2846 4683 manCiPam"-
2872 4612 2916 4665 ’ί

564 4723 720 4785 patre
751 4716 966 4772 vivente
996 4733 1093 4772 rex
1130 4718 1495 4785 constitutus,
1531 4717 1622 4789 86f
1644 4719 1732 4752 “6"
1766 4720 1890 4777 loco
1929 4721 1998 4776 ab
2026 4721 2142 4777 Au-
2394 4724 2443 4779 '1
2479 4724 2678 4802 10._11.
2706 4723 2910 4802 a_d_dunt
2931 4739 2948 4777 :
2967 4721 3095 4780 Otto
3111 4723 3224 4780 dux
3248 4722 3557 4802 $uevorum
3581 4715 3779 4774 efﬁcim-

562 4815 754 4877 gusto,
791 4807 933 4878 patri
966 4808 1260 4875 successit,
1290 4817 1345 4864 et
1377 4808 1439 4862 17
1473 4810 1633 4866 annis
1672 4812 1935 4883 regnavit.
1972 4811 2144 4869 Eher-
2464 4811 2529 4850 επ
2555 4794 2841 4849 Βενηοίάο·

563 4896 771 4955 hardus
794 4899 885 4933 “°'
917 4900 1128 4973 primus
1156 4900 1625 4973 Babenbergensis
1658 4902 1947 4975 episcopus
1987 4906 2141 4962 obiit.
2325 4908 2375 4962 7.
2410 4907 2473 4962 A.
2507 4907 2570 4963 Ι).
2610 4906 2767 4963 1046.
2818 4902 3107 4964 licinricus
3145 4924 3241 4964 rex
3281 4906 3489 4962 italiam
3524 4905 3781 4973 ingressus.

632 4991 687 5045 2.
723 4992 871 5064 (Chr.
919 4992 1033 5065 W.)
1061 4991 1126 5048 Α.
1160 4992 1224 5048 Ι).
1264 4992 1422 5049 1041.
1467 4992 1758 5051 Heinricus
1807 5014 1904 5052 rex
1949 4998 2143 5054 ducem
2251 5017 2283 5056 a
2312 5000 2574 5056 Romanis
2601 4999 2826 5070 paciﬁce
2855 4998 3183 5070 suscipitur;
3207 5014 3378 5070 papas
3401 5008 3512 5051 tres
3542 5010 3643 5049 non
3661 4991 3780 5058 digni

561 5077 799 5137 Poemiae
827 5080 1154 5139 Fratizlaum
1189 5084 1332 5140 bello
1354 5085 1541 5155 petiit;
1573 5085 1669 5141 sed
1690 5087 1877 5144 multis
1904 5090 2147 5160 proceri-
2250 5091 2579 5148 constitutos
2600 5092 2933 5163 synodalitcr
2950 5091 3220 5162 deposuit,
3248 5099 3305 5147 et
3334 5078 3760 5157 Suidcgcmth

563 5171 669 5227 bus
686 5180 741 5227 et
769 5173 1031 5230 militibus
1053 5176 1110 5231 in
1139 5177 1536 5247 prestruetione
1561 5178 1711 5234 silvae
1736 5179 1872 5235 citra
1893 5182 2145 5252 ultraque
2250 5184 2641 5256 benbergcnsis
2668 5184 2914 5240 ecclesiae
2936 5183 3238 5240 secundum
3260 5182 3592 5252 episcopum,
3628 5182 3778 5266 Pal“?

563 5263 766 5321 occisis
788 5266 870 5323 vel
895 5268 1104 5338 captis,
1130 5269 1207 5324 nil
1235 5270 1500 5326 memoria
1524 5270 1750 5342 dignum
1793 5271 2004 5349 eﬁicere
2033 5290 2136 5346 po-
2243 5278 2559 5345 constituit;
2618 5293 2649 5332 a
2687 5291 2798 5348 quo
2843 5276 2961 5348 ipse
3004 5282 3062 5332 et
3111 5274 3357 5345 conjunx
3405 5272 3524 5343 ejus
3560 5263 3775 5337 Agnes“!

1845 5468 2075 5527 VARizE
2116 5471 2516 5531 LECTlONES.

633 5616 801 5660 ηδ’-⁸⁸
823 5618 1130 5676 Radbertus
1157 5619 1221 5675 E.
1301 5620 1389 5652 Μ’
1408 5620 1465 5675 h.
1498 5635 1544 5676 s.
1571 5619 1761 5674 desunt
1783 5620 1833 5677 7.
1914 5624 2003 5656 ““
2023 5623 2431 5682 ltem—-vastat
2454 5626 2642 5681 desunt
2664 5627 2700 5683 1
2718 5628 2891 5683 --11.
2969 5628 3062 5663 “ﬁ
3084 5627 3301 5685 LXXX.
3332 5628 3390 5683 D.
3416 5624 3478 5682 Ε.
3536 5619 3749 5675 ""553

561 5688 767 5748 bardus
787 5722 859 5732 —
886 5690 1021 5748 obiit
1044 5692 1099 5746 in
1124 5692 1360 5763 margine
1386 5691 1409 5745 1
1440 5690 1628 5745 desunt
1649 5690 1699 5745 1.
