3862 6306
106 358 184 415 «δέ,
600 330 605 337 ’
976 340 1342 401 annosum.
1385 372 1449 380 —
1485 339 1878 397 cuncmcou
1910 338 2370 400 UNIVERSALE.
3207 347 3316 403 sta

107 466 305 529 lleinrici
344 464 689 536 imperatoris
733 465 904 534 ﬁlius,
948 468 1241 523 admodum
1290 483 1445 538 puer,
1498 467 1639 538 patri
1669 469 1714 525 Α
1740 465 1842 521 dus
1867 480 2064 537 genere
2091 465 2304 519 Suevus
2328 476 2359 516 a
2388 458 2652 517 militibus
2680 459 2824 531 regis
2861 459 3184 516 interﬁcitur
3205 461 3316 531 (an.

98 560 360 623 Succedens
385 570 606 627 regnare
650 561 907 628 empti“;
967 569 1023 614 et
1071 560 1291 631 quando
1342 561 1456 615 meo
1481 546 1635 616 'con-
1740 556 1921 626 1070),
1946 569 1998 610 et
2025 556 2183 625 quasi
2214 569 2246 608 a
2270 568 2394 625 rege
2409 553 2627 623 jussum
2649 552 2740 618 sit,
2764 551 2868 622 ipsi
2891 550 3100 607 crimen
3122 551 3320 607 indicis

102 653 287 725 scriptio
304 649 438 705 facta
460 657 566 715 est,
594 664 740 705 anno
773 650 843 706 42
870 651 963 684 ‘m
986 656 1005 676 ⁶
1023 653 1074 675 “
1097 653 1360 724 regnavit,
1387 652 1477 707 87°
1513 652 1635 707 loco
1737 656 1844 703 tur.
1874 646 2165 715 Conspirat
2190 646 2354 719 igitur
2401 643 2526 700 Otto
2572 645 2630 700 in
2684 644 2945 725 Saxonis,
2992 643 3320 703 Berhtoldus

101 748 154 804 ab
168 719 404 816 ﬁngusw.
434 772 505 781 —
532 742 680 812 (Chr.
708 741 822 815 W.)
857 743 1040 816 Agnes
1076 719 1414 817 imperatrix,
1462 756 1637 802 mater
1738 739 1796 794 in
1827 736 2059 806 Suevia;
2096 738 2233 794 ﬁunt
2255 745 2442 794 motus
2483 745 2537 793 et
2573 719 2876 792 convenius
2924 736 3235 807 utrobique,
3266 737 3323 792 in

101 833 260 907 ipsius,
280 835 529 889 ducatum
562 829 826 905 Bajoarize
863 829 1125 907 suscepit.
1159 867 1229 877 -
1260 837 1631 906 sentiamus,
1738 829 1938 901 quibus
1963 829 2088 885 odia
2110 829 2166 884 in
2192 844 2373 900 regem
2417 828 2752 885 suscitantur
2775 835 2830 883 et
2856 828 3106 896 invidiae;
3151 830 3323 884 multa

98 905 174 999 qui
208 937 257 982 et
296 923 496 992 Victor,
532 924 777 996 pontifex
820 905 1121 994 Romanus,
1169 928 1355 984 multis
1406 929 1545 985 bene
1577 930 1631 984 in

1771 936 1958 992 '_uoque
1978 921 2182 977 interea
2216 920 2272 976 in
2307 935 2475 992 regno
2500 920 2735 987 ﬁebant;
2766 934 2889 991 quae
2907 929 3171 991 utrosque
3217 934 3321 992 po-

98 1016 347 1075 Germania
374 1016 605 1088 aliisque
625 1018 775 1088 regni
803 1017 1034 1073 Ramani
1055 1020 1299 1089 partibus
1318 1020 1641 1090 pontiﬁcum
1741 1014 1901 1086 pulos
1936 1012 2101 1083 iustis
2144 1018 2199 1067 el
2232 1010 2558 1068 necessariis
2589 1020 2649 1067 ιιι
2690 1011 2976 1067 videbalm
3015 1013 3223 1080 causiS,
3254 1027 3325 1067 ne

98 1111 165 1166 vel
199 1109 487 1180 principum
538 1110 865 1166 secularium
917 1112 1148 1168 consilio
1182 1112 1481 1182 dispositis,
1524 1111 1634 1168 Ro-

1771 1103 1855 1176 egi
1877 1104 2222 1170 adhererent,
2247 1103 2591 1171 avertebant;
2639 1116 2815 1175 eoque
2837 1107 2855 1127 ⁶
2870 1109 2888 1129 ·
2905 1109 2923 1129 ¹’
2938 1109 2955 1129 ⁵
2976 1108 3028 1174 ⁶;
3064 1120 3153 1162 res
3196 1119 3325 1176 pcr-

99 1217 216 1257 mam
237 1211 350 1257 cum
375 1217 510 1272 pace
534 1202 711 1270 rediit,
740 1202 1032 1273 incipiente
1057 1204 1188 1259 anni
1216 1205 1364 1260 illius
1401 1205 1639 1275 quadra-

1771 1203 1904 1251 iucta
1924 1203 2032 1263 est,
2078 1202 2139 1250 ut
2174 1192 2477 1250 Ruodolfus
2500 1194 2556 1249 in
2606 1194 3049 1266 dampnationem
3102 1195 3189 1251 sui
3238 1208 3327 1251 re-

1742 1299 1908 1359 gnum
1939 1287 2219 1343 invaderet
2243 1286 2635 1357 dominumque
2656 1304 2817 1343 suum
2839 1303 3017 1359 regem
3054 1287 3326 1358 deponere

1740 1388 1838 1435 aut
1859 1378 2163 1435 interﬁcere
2176 1386 2428 1448 quareret
2450 1377 2544 1447 (an
2584 1377 2763 1449 1076).
2790 1377 2894 1434 Sed
2917 1379 3033 1434 haec
3054 1395 3142 1435 res
3159 1388 3323 1450 quem

1741 1470 1992 1527 effectum
2019 1470 2265 1537 haberet,
2304 1484 2404 1525 nec
2431 1468 2668 1525 rusticos
2694 1468 2851 1566 latet.‘

98 1292 403 1364 gesima.ﬂic
433 1294 597 1349 etiam
651 1296 841 1350 eodem
883 1312 1030 1353 anno
1081 1296 1255 1351 ﬁnivit
1295 1297 1491 1365 vitam;
1537 1307 1636 1368 pro

97 1398 185 1453 quo
212 1383 531 1453 Fridericus,
568 1384 832 1441 Gotefridi
862 1387 1020 1443 ducis
1067 1387 1257 1455 frater,
1289 1388 1402 1459 jam
1447 1400 1641 1445 mena-

96 1476 208 1531 chus
232 1474 419 1545 factus,
451 1491 483 1531 a
512 1476 776 1534 Romanis
806 1478 1049 1548 pontifex
1079 1479 1381 1547 ordinatur,
1422 1489 1477 1537 et
1520 1478 1641 1537 Ste-

97 1567 278 1635 phanus
299 1568 621 1638 appellatur.
636 1601 707 1611 ——
728 1568 996 1655 Saxones,
1024 1584 1353 1644 congregato
1373 1574 1637 1642 exercitu,

95 1668 273 1728 gentem
306 1659 527 1716 efferam
575 1660 934 1717 Luiticiorum
985 1662 1073 1697 ³⁵⁷⁷
1120 1665 1388 1721 hostiliter
1421 1665 1639 1722 invase-

95 1760 217 1817 runt,
262 1752 597 1824 diversisque
633 1753 794 1810 malis
830 1768 953 1810 eam
1006 1755 1322 1828 aﬁligentes,
1382 1756 1643 1813 Romanas
1675 1768 1717 1828 Β
1750 1734 1761 1739 ’

94 1842 253 1897 ditioni
274 1843 647 1912 subdiderunt,
665 1853 719 1902 et
739 1847 978 1918 acceptis
1006 1847 1291 1905 obsidibus
1313 1864 1378 1904 ac
1400 1849 1640 1918 tributis,

94 1936 148 1989 ad
182 1937 381 2007 propria
436 1935 738 1994 redierunt.
766 1967 838 1978 —
861 1938 1063 1994 Eodem
1112 1947 1358 2010 tempore
1419 1939 1643 2010 quidam

94 2024 366 2084 Fridericus
384 2036 441 2084 et
465 2026 663 2086 fratres
690 2029 811 2099 ejus
856 2028 913 2084 in
944 2027 1248 2085 Germaniae
1276 2030 1522 2100 partibus
1555 2037 1641 2102 ty-

93 2117 340 2176 rannidem
365 2129 688 2178 exercentes
732 2131 922 2178 contra
975 2123 1265 2194 imperium
1308 2122 1640 2193 Romanum,

92 2211 147 2265 ab
171 2211 357 2283 Agnete
384 2213 733 2285 imperatrice
756 2224 810 2270 et
844 2215 1182 2286 principibus
1212 2216 1363 2289 regni
1390 2216 1541 2285 victi,
1575 2218 1645 2273 ad

90 2301 386 2360 deditionem
407 2316 700 2362 venerunt.
724 2339 795 2347 —
816 2304 943 2364 Otto
971 2308 1038 2365 de
1062 2307 1343 2365 Suinfurte
1364 2310 1474 2365 dux
1502 2308 1641 2365 Sue-

93 2406 253 2449 vorum
291 2397 321 2451 4
351 2397 582 2454 Kalend.
632 2397 854 2455 Octobr.
907 2400 1063 2467 obiit,
1112 2408 1168 2456 et
1218 2400 1526 2457 Ruodolfus
1577 2403 1643 2458 de

92 2478 374 2556 Rinveldon,
409 2490 508 2561 qui
536 2500 723 2562 postea
753 2495 907 2548 rex”
928 2494 980 2515 “
1000 2508 1121 2548 esse
1148 2494 1447 2561 contendit,
1475 2494 1644 2549 duca-

91 2587 185 2634 tum
212 2583 440 2653 accepit;
474 2584 620 2654 quod
644 2599 901 2656 magnum
926 2583 1028 2642 fuit
1060 2585 1149 2620 “'3
1171 2588 1528 2643 seminarium
1551 2604 1644 2644 ea-

89 2687 190 2726 rum
229 2676 427 2745 quibus
484 2692 716 2749 regnum
771 2679 1122 2748 perturbatur
1186 2681 1638 2737 commotionum.

90 2759 302 2821 Eundem
356 2782 601 2840 namque
640 2769 928 2839 ducatum,
964 2772 1176 2829 vivente
1224 2774 1403 2830 adhuc
1447 2771 1643 2831 Ottone

86 2852 218 2925 duce,
248 2854 538 2916 Hcinricus
559 2860 858 2932 imperator
888 2860 1182 2919 Berhtoldo
1226 2864 1413 2920 comiti
1468 2865 1639 2937 (212),

86 2946 164 3013 qui
187 2957 297 3016 post
315 2949 729 3006 Carinthiorum
754 2953 964 3024 accepit
992 2953 1271 3022 ducatum,
1293 2955 1641 3027 promiserat,

85 3034 219 3105 eique
236 3039 464 3094 anulum
495 3056 659 3096 suum
682 3042 828 3099 velut
850 3044 1013 3115 hujus
1038 3046 1117 3101 rei
1159 3048 1642 3105 commonitorium

84 3125 303 3198 dederat;
333 3147 503 3202 quem
532 3132 621 3188 ille
642 3132 929 3205 diligenter
950 3152 1195 3205 servans,
1210 3147 1334 3208 post
1358 3140 1644 3196 amborum

82 3216 285 3290 obitum,
335 3223 691 3294 imperatoris
754 3227 962 3283 scilicet
1009 3237 1062 3284 et
1091 3230 1267 3298 ducis,
1313 3230 1644 3303 imperatrici

83 3308 250 3379 Agneti
300 3314 597 3387 imperium
653 3324 785 3374 tunc
816 3319 1124 3391 disponenti
1157 3323 1373 3391 obtulit,
1415 3340 1646 3399 eamque

80 3402 278 3459 anulum
309 3416 700 3478 agnoscentem
723 3425 823 3480 pro
843 3411 1041 3468 ducatu
1077 3413 1181 3469 sibi
1197 3416 1468 3485 promisso
1490 3433 1645 3474 com-

82 3497 286 3552 monuit.
315 3497 427 3555 Sed
451 3500 579 3570 quia
601 3502 878 3571 predictus
914 3502 1218 3563 Ruodolfus
1245 3524 1371 3564 mox
1396 3518 1521 3580 post
1551 3510 1648 3566 im-

80 3599 323 3657 peratoris
349 3596 566 3651 obitum
596 3596 763 3654 ﬁliam
785 3600 924 3671 ejus,
942 3601 1213 3660 Rumoldo
1237 3604 1647 3665 Constantiensi

78 3682 308 3755 episcopo
329 3689 771 3746 commendatam
792 3723 865 3732 —
885 3701 1067 3749 utrum
1092 3697 1321 3753 consilio
1343 3708 1552 3770 raptam
1576 3718 1647 3757 an

77 3770 186 3864 dolo
205 3781 541 3835 nescitur—
568 3796 794 3839 uxorem
825 3785 1000 3853 duxit,
1029 3798 1245 3860 recepto
1269 3791 1382 3861 jam
1429 3791 1482 3847 in
1524 3809 1649 3864 gra-

75 3863 192 3920 tiam
212 3870 453 3927 eundem
474 3871 736 3929 ducatum
769 3874 859 3909 “7"
881 3877 958 3931 illi
987 3894 1155 3935 causa
1178 3879 1299 3936 ﬁliae
1332 3863 1648 3952 imperatrix

76 3953 232 4027 dedit;
260 3964 413 4033 quod
464 3966 708 4021 animum
751 3966 1025 4027 Berhtoldi
1052 3989 1160 4027 non
1183 3989 1378 4045 parum
1405 3990 1651 4032 commoc~

75 4050 158 4105 vit.
173 4051 276 4109 Pro
298 4072 414 4127 qua
441 4060 809 4116 commotione
831 4062 1080 4120 lenienda
1101 4065 1332 4123 ducatus
1342 4067 1654 4125 Karinthio—

75 4155 181 4198 rum
232 4146 281 4202 ei
305 4149 674 4207 committitur
706 4152 816 4224 (an.
849 4155 1030 4227 1061),
1093 4174 1254 4228 quem
1301 4170 1489 4230 postea
1537 4163 1652 4219 ﬁlio

73 4252 161 4289 suo
181 4242 471 4309 aequivoco
491 4242 666 4314 ipsius
690 4255 883 4317 rogatu
913 4263 1007 4302 rex
1035 4248 1321 4309 Heinricus
1343 4255 1647 4323 commisit;

73 4328 152 4379 sed
175 4333 535 4398 postmodum
563 4337 911 4404 quorundam
941 4338 1198 4396 instinctu
1225 4344 1458 4399 eundem
1484 4345 1649 4401 duca-

70 4426 170 4473 tum
199 4420 451 4479 Luitolfo
486 4424 575 4457 “3°
631 4430 1042 4501 consanguineo
1094 4448 1196 4489 suo
1249 4434 1417 4503 dedit,
1465 4436 1652 4508 sicque
1685 4465 1729 4518 ι)

70 4517 265 4573 Patrem
294 4524 352 4570 et
375 4526 570 4572 natum
594 4520 1017 4591 parvipendens,
1045 4524 1289 4582 oﬁ‘endit.
1315 4526 1469 4585 Unde
1496 4531 1655 4601 quasi

70 4613 319 4662 renovata
342 4608 531 4678 priore
560 4609 759 4679 injuria
788 4627 913 4667 cum
945 4613 1269 4674 Berhtoldus
1297 4620 1408 4676 dux
1438 4636 1657 4692 permo-

69 4704 277 4752 veretur
307 4703 499 4757 omnia
550 4704 908 4773 consiliorum
957 4708 1414 4781 machinamenta,
1450 4716 1655 4786 quibus

68 4786 195 4882 setis
225 4790 318 4822 ³⁸⁸⁸
349 4792 612 4862 pollebat,
642 4796 711 4851 ad
741 4797 848 4853 hoc
896 4800 1157 4868 vertebat,
1186 4810 1248 4858 ut
1277 4804 1348 4859 ab
1396 4813 1653 4879 utroque,

72 4872 117 4925 id
140 4886 223 4932 est
251 4896 385 4952 rege
403 4891 458 4938 et
478 4884 770 4955 Ruodolfo,
796 4904 855 4944 se
885 4890 1260 4961 ulcisceretur,
1311 4896 1380 4951 ab
1413 4898 1517 4954 hoc
1541 4872 1654 4955 sci;

70 4961 205 5059 licet,
228 4975 500 5059 quoniam
530 4991 561 5030 a
584 4975 784 5033 ducatu
807 4980 910 5035 sibi
939 4983 1213 5051 promisso
1240 5001 1299 5042 se
1339 4987 1657 5059 subplanta-

68 5055 160 5148 vit,
184 5056 376 5119 abillo
401 5080 533 5122 vero
561 5066 673 5135 Μ’,
709 5070 835 5140 quia
861 5087 919 5127 se
942 5082 1166 5144 accepto
1186 5055 1654 5148 privavit.-Multte

70 5145 281 5207 interim
312 5170 502 5213 causa:
530 5174 652 5230 qua:
672 5160 978 5218 inconsulte
1008 5175 1140 5222 tunc
1181 5145 1510 5238 gerebantur
1549 5175 1653 5231 sibi

69 5246 473 5332 concurrebant
499 5257 553 5303 et
574 5249 703 5305 huic
731 5252 1125 5310 machinationi
1170 5259 1486 5317 occasiones
1530 5278 1653 5332 pre-

70 5326 265 5390 hebant
290 5355 304 5390 ε
334 5337 467 5394 Otto
491 5340 601 5395 dux
641 5339 1016 5414 Bajoariorum
1042 5346 1326 5420 dejicitur;
1362 5326 1651 5412 Chuonra-

1887 1586 1907 1606 ‘
1957 1582 2019 1639 C.
2058 1584 2136 1637 ita
2158 1600 2193 1654 :7
2214 1581 2515 1654 Heinricus
2544 1591 2794 1652 quartus,
2827 1580 3065 1638 Heinricr
3091 1579 3328 1654 impera-

1963 1654 2101 1708 toris
2124 1653 2290 1719 illius,
2322 1653 2615 1708 admodum
2653 1668 2807 1723 puer,
2845 1653 2987 1723 patri
3010 1653 3327 1723 succedens,

1957 1739 2186 1794 regnare
2211 1724 2372 1794 cepit,
2387 1723 2492 1794 787°
2518 1724 2641 1794 loco
2670 1724 2739 1778 ab
2759 1723 3026 1794 Augusto,
3050 1732 3105 1779 et
3132 1740 3330 1794 regna-

1955 1788 2220 1849 vit'annis
2248 1788 2549 1865 5,-0.1Agnes
2571 1788 2909 1865 imperatri},
2938 1788 3111 1849 mater
3134 1788 3329 1864 ipsius,

1956 1863 2517 1935 ducatumgBajoar’iae
2544 1863 2800 1935 suscepit.
2818 1863 3037 1935 Victore
3057 1876 3196 1935 papa
3215 1879 3333 1935 me-

1955 1935 2169 2001 diante,
2220 1932 2565 1988 Baldewinus
2615 1943 2670 1989 et
2705 1932 3030 1990 'Gotefridus
3058 1932 3144 1989 'ad
3188 1934 3336 2005 regis

1955 2006 2190 2077 gratiam
2219 2005 2574 2077 reducuntur,
2598 2012 2652 2077 et
2678 2020 2882 2077 omlnes
2916 2006 3332 2077 bcllorum‘mm

1954 2073 2044 2132 tus
2073 2076 2334 2131 sedantur
2378 2074 2472 2144 (cf.
2502 2073 2724 2145 Sigeb.).
2758 2074 3333 2145 Fridericusiquidam

1954 2155 2010 2202 et
2037 2146 2232 2201 fratres
2255 2177 2327 2186 —
2347 2144 2631 2215 venerunt.
2666 2144 2727 2215 ut
2761 2162 2943 2215 supra.
2970 2144 3029 2201 In
3059 2144 3334 2215 Fresia-—

1956 2216 2416 2287 refrenantur._ea'
2438 2212 2613 2287 Sigeb.
2664 2212 2868 2271 Eodem
2902 2228 3047 2271 anno
3089 2214 3335 2287 prefatus

1956 2286 2291 2359 apostolicus
2319 2285 2552 2359 Romam
2570 2298 2819 2342 reversus
2840 2295 3149 2359 presentem
3166 2286 3331 2359 vitam

1958 2355 2152 2412 finivit.
2185 2356 2310 2412 Otto
2338 2356 2449 2411 dux
2474 2355 2778 2411 Suevorum
2804 2355 2960 2424 obiit,
2990 2364 3045 2411 et
3087 2355 3331 2411 Ruodol-

1956 2427 2067 2494 fus,
2099 2428 2193 2497 qui
2221 2435 2411 2498 postea
2443 2442 2538 2482 rex
2586 2427 2919 2484 constitutus
2943 2437 3046 2495 est,
3075 2426 3335 2482 ducatum

1887 2594 1928 2615 “
1954 2508 2393 2660 ggiflilxxxr
2423 2588 2523 2660 (ita
2570 2589 2713 2659 infra
2750 2587 3056 2660 etiqmiib.)
3095 2588 3219 2644 loco
3263 2587 3334 2643 ab

1960 2658 2226 2732 Augusto,
2262 2670 2316 2714 et
2343 2658 2591 2730 regnavit
2611 2658 2771 2731 annis
2797 2658 2884 2714 50.
2914 2659 2971 2712 E.

1854 2756 1917 2778 “'
1956 2753 2045 2809 50.
2081 2752 2144 2809 D.

1956 2754 2045 2810 50.
2081 2754 2144 2809 D.

1827 2848 1913 2870 ““
1950 2845 2065 2903 Rex
2091 2846 2426 2902 constitutus
2453 2854 2537 2901 est
2556 2843 2611 2900 (ι.
2638 2844 2702 2899 Ι).
2732 2843 2774 2898 Ε

1796 2937 1917 2979 η““¹’
1954 2935 2141 3007 quue
2163 2965 2235 2975 —
2258 2936 2391 2991 latet
2416 2934 2604 2989 desunt
2638 2934 2701 2989 Ι).
2736 2933 2780 2988 Ε

1814 3024 1871 3081 2.
1895 3024 1960 3080 Α.
1990 3025 2053 3080 Ι).
2081 3024 2240 3081 1058.
2268 3023 2631 3091 Fridericus‘,
2651 3024 2745 3095 qui
2769 3032 2823 3078 et
2847 3022 3177 3094 Stephanus,
3199 3039 3309 3097 pen

1673 3111 1718 3175 C
1748 3116 1881 3174 tifex
1908 3117 2211 3183 Romanus,
2235 3116 2403 3172 vitam
2434 3115 2631 3185 ﬁnivit,
2659 3124 2714 3171 et
2738 3116 3044 3172 Alexander
3068 3116 3335 3177 Lucensis

1749 3210 2040 3281 episcopus
2060 3209 2111 3265 ei
2133 3208 2419 3264 successit.
2447 3206 2621 3279 Hujus
2660 3216 2904 3278 tempore
2935 3207 3332 3278 Hiltibrandus,

1746 3312 1934 3373 postea
1976 3300 2240 3373 pontifex,
2273 3300 2752 3358 archidiaconatus
2798 3299 2975 3357 cilicio
3005 3300 3225 3359 functus
3251 3311 3336 3359 est

1749 3392 1959 3449 Romae.

1909 3488 1925 3508 ’
1965 3482 2026 3540 C.
2054 3487 2133 3538 ita
2160 3500 2178 3539 :
2210 3480 2544 3551 Fridericus,
2585 3482 2730 3540 ﬁlius
2784 3482 3102 3541 Gothelonis
3154 3483 3333 3553 ducis,

1959 3555 2196 3611 clericus
2222 3556 2396 3627 sancti
2420 3554 2701 3627 Lantperti
2732 3552 3117 3627 ,Leodicensis,
3168 3552 3333 3627 quem

1966 3641 2197 3681 exosum
2252 3626 2593 3696 imperatori
2645 3625 2909 3696 Heinrico
2957 3635 3012 3682 et
3062 3625 3341 3684 extorrem

1970 3713 2068 3767 pro
2095 3697 2222 3751 odio
2238 3694 2426 3767 fratris
2449 3698 2533 3752 sui
2557 3695 2843 3767 Gotefridi,
2890 3695 3002 3752 Leo
3048 3712 3188 3767 papa
3236 3699 3341 3754 sibi

1962 3766 2213 3838 ascitumg
2225 3766 2427 3823 fecerat
2447 3767 2739 3838 septimum
2762 3766 2982 3822 levitam
3020 3766 3076 3822 et
3118 3766 3342 3824 cancel-

1968 3838 2166 3908 larium
2185 3836 2446 3891 Romanae
2460 3836 2742 3903 aecclesiae,
2756 3838 2990 3908 quipost
3010 3837 3342 3908 legationem

1961 3906 2628 3977 Constantinopolitanam
2663 3906 3171 3977 apudCasinenses
3227 3924 3341 3963 mo-

1964 3977 2175 4032 nachus
2196 3976 2394 4048 factus,
2414 3978 2579 4048 etiam
2601 3976 2773 4048 abbas
2798 3976 3185 4041 Casinensium
3216 3992 3343 4048 pro-

1963 4055 2147 4103 motus
2194 4047 2393 4113 fuerat,
2449 4062 2481 4117 a
2526 4046 2790 4102 Romanis
2832 4062 2971 4117 papa
3016 4046 3253 4117 electus,
3291 4054 3343 4101 et

1962 4125 2174 4191 mutato
2198 4117 2418 4191 nomine
2442 4116 2750 4191 Stephanus
2781 4116 3039 4174 acéclesiae
3061 4116 3342 4189 prasidet.

1964 4204 2030 4242 ea:
2066 4186 2240 4260 Sigeb.
2272 4187 2454 4242 Annus
2477 4186 2628 4242 vacat
2649 4187 2712 4242 E.

1825 4283 1878 4337 ὃ.
1917 4281 1981 4335 Α.
2010 4281 2070 4336 D.
2103 4280 2261 4337 1059.

1898 4372 1998 4426 ‘C.
2040 4370 2192 4443 ΠΕ.
2223 4389 2236 4427 :
2266 4369 2578 4443 Stephanus
2622 4383 2761 4442 papa
2802 4369 2966 4436 obiit;
3017 4367 3105 4443 cui
3137 4368 3337 4443 Qerar-

1964 4443 2069 4498 dus
2093 4442 2206 4509 ⁸⁸⁸⁸,
2258 4440 2451 4513 qui—et
2483 4440 2800 4509 Nicholaus,
2839 4442 3130 4513 successit.
3169 4440 3321 4513 Heiu-

1970 4513 2121 4583 ricus
2167 4511 2501 4569 rex'Gallite
2522 4512 2677 4579 obiit,
2721 4521 2775 4583 e_t
2834 4511 3156 4583 Phillippus,
3194 4511 3338 4569 ﬁlius

1963 4582 2106 4653 ejus,
2133 4584 2377 4654 regnavit
2398 4596 2499 4653 pro
2521 4596 2606 4638 eo.
2635 4600 2699 4637 ea:
2728 4581 2903 4657 Sigeb.

1825 4674 1879 4729 4.
1909 4672 1972 4730 A.
2019 4671 2083 4729 D.
2129 4673 2287 4729 1060.
2350 4673 2676 4745 Luitpoldus
2723 4675 3166 4744 archiepiscopus
3219 4672 3337 4730 Mo-

1755 4766 2016 4839 gontinus
2041 4768 2058 4788 ¹
2090 4764 2228 4822 obiit
2246 4768 2319 4834 “;
2380 4765 2470 4821 cui
2526 4764 2819 4838 Sigifridus
2850 4765 3138 4822 Fuldensis
3169 4766 3337 4823 abbas

1750 4846 2045 4926 successit;
2084 4858 2178 4928 qui
2228 4867 2418 4928 postea
2460 4872 2585 4914 cum
2641 4857 2766 4915 aliis
2808 4866 3000 4913 contra
3050 4857 3335 4915 dominum

1753 4963 1916 5004 suum
1938 4963 2119 5021 regem
2141 4946 2442 5004 consensit.

1897 5041 1918 5062 ⁴
1946 5038 2025 5110 M.
2045 5039 2337 5110 episcopus
2372 5038 2435 5093 C.

1895 5110 1937 5131 “
1980 5103 2142 5174 obiit;
2148 5103 2280 5232 Eprio
2308 5123 2418 5179 quo
2448 5105 2737 5178 Sigifridus
2758 5103 2818 5167 Ε.
2858 5121 2909 5162 a.
2960 5109 3331 5166 constituitur.

1962 5177 2026 5232 C.
2063 5178 2127 5232 D.
2197 5214 2210 5232 .
2236 5180 2326 5232 ubi
2360 5176 2563 5232 relicua
2597 5177 2805 5231 desunt.

1962 5177 2026 5233 C.
2063 5178 2127 5233 D.
2148 5176 2210 5233 E.
2236 5176 2563 5249 ubi'reliqu'a
2597 5177 2805 5231 desunt.

1866 5309 1879 5324 .
1904 5270 1968 5324 A.
2010 5269 2074 5326 D.
2110 5269 2270 5325 1062.
2301 5273 2319 5293 ’

1866 5309 1879 5324 .
1955 5310 1968 5324 .
2010 5269 2074 5326 D.
2256 5311 2270 5325 .
2301 5273 2319 5293 ’

1826 5269 1859 5324 6
1896 5270 2003 5418 C.
2025 5269 2353 5418 adtigﬁtzno
2375 5358 2816 5431 archiepiscopus
2832 5356 3178 5418 Coloniensis
3201 5373 3335 5419 con-

1362 5483 1443 5541 VA
1453 5480 1591 5542 Rl/E
1631 5488 2034 5550 LECTIONES.

209 5577 463 5662 1‘"_L“‘:-
509 5581 572 5662 ιλ
622 5583 730 5662 1‘"
767 5585 897 5646 lem.
956 5589 1021 5648 Α.
1103 5592 1328 5651 ¹¹⁵⁷⁸ε.1”.
1378 5598 1442 5651 Α.
1523 5598 1615 5632 ιντο
1645 5602 1879 5658 άεεδιΑ.
1959 5599 2304 5662 “"liutoldo
2330 5599 2392 5659 Α.
2475 5602 2564 5636 ἰοί
2601 5604 2693 5661 ille
2729 5603 2863 5662 satis
2881 5604 2947 5661 Α.
2989 5604 3243 5660 “"deeu

1603 5751 1830 5815 NOTAE.

75 5645 165 5678 "”
189 5648 514 5707 Gerhardus
533 5651 596 5708 D.
622 5653 685 5712 E.

140 5833 293 5903 (λη)
334 5833 416 5889 De
438 5835 719 5912 Zaringen.
