  <div class='ocr_page' id='page_1' title='image "/cluster/home/n/w/nwhite01/storage/ocr_20150623/154/hvd.32044015473820/478.png"; bbox 0 0 3862 6306; ppageno 0'>
   <div class='ocr_carea' id='block_1_1' title="bbox 124 328 1637 414">
    <p class='ocr_par' dir='ltr' id='par_1_1' title="bbox 124 342 1637 414">
     <span class='ocr_line' id='line_1_1' title="bbox 124 342 1637 414; baseline -0.011 0"><span class='ocrx_word' id='word_1_1' title='bbox 124 357 206 414; x_wconf 75' lang='grc'><strong>915</strong></span> <span class='ocrx_word' id='word_1_2' title='bbox 988 343 1357 401; x_wconf 73' lang='grc' dir='ltr'><strong>ωηιοΝιαΑ.</strong></span> <span class='ocrx_word' id='word_1_3' title='bbox 1398 373 1468 384; x_wconf 84' lang='grc'><strong>-·</strong></span> <span class='ocrx_word' id='word_1_4' title='bbox 1502 342 1637 398; x_wconf 69' lang='lat' dir='ltr'><strong>(lilii</strong></span> 
     </span>
    </p>
   </div>
   <div class='ocr_carea' id='block_1_2' title="bbox 1748 328 2376 414">
    <p class='ocr_par' dir='ltr' id='par_1_2' title="bbox 1748 328 2376 405">
     <span class='ocr_line' id='line_1_2' title="bbox 1748 328 2376 405; baseline 0.006 -6"><span class='ocrx_word' id='word_1_5' title='bbox 1748 342 1899 400; x_wconf 69' lang='lat' dir='ltr'><strong>[con</strong></span> <span class='ocrx_word' id='word_1_6' title='bbox 1936 328 2376 405; x_wconf 71' lang='lat' dir='ltr'><strong>UNIVERSALE</strong></span> 
     </span>
    </p>
   </div>
   <div class='ocr_carea' id='block_1_3' title="bbox 3216 361 3340 435">
    <p class='ocr_par' dir='ltr' id='par_1_3' title="bbox 3216 361 3340 435">
     <span class='ocr_line' id='line_1_3' title="bbox 3216 361 3340 435; baseline -0.008 -22"><span class='ocrx_word' id='word_1_7' title='bbox 3216 361 3340 435; x_wconf 53' lang='lat' dir='ltr'><strong>aut</strong></span> 
     </span>
    </p>
   </div>
   <div class='ocr_carea' id='block_1_4' title="bbox 126 447 3312 539">
    <p class='ocr_par' dir='ltr' id='par_1_4' title="bbox 126 447 3312 539">
     <span class='ocr_line' id='line_1_4' title="bbox 126 447 3312 539; baseline 0.003 -23"><span class='ocrx_word' id='word_1_8' title='bbox 126 464 265 539; x_wconf 81' lang='lat' dir='ltr'><strong>quise</strong></span> <span class='ocrx_word' id='word_1_9' title='bbox 289 471 552 528; x_wconf 89' lang='lat' dir='ltr'><strong>nunquam</strong></span> <span class='ocrx_word' id='word_1_10' title='bbox 579 464 825 522; x_wconf 79' lang='lat' dir='ltr'><strong>noverat,</strong></span> <span class='ocrx_word' id='word_1_11' title='bbox 883 471 1068 516; x_wconf 86' lang='lat' dir='ltr'><strong>secum</strong></span> <span class='ocrx_word' id='word_1_12' title='bbox 1093 460 1161 513; x_wconf 88' lang='lat' dir='ltr'><strong>de</strong></span> <span class='ocrx_word' id='word_1_13' title='bbox 1216 476 1358 531; x_wconf 81' lang='lat' dir='ltr'><strong>regis</strong></span> <span class='ocrx_word' id='word_1_14' title='bbox 1386 475 1516 516; x_wconf 90' lang='lat' dir='ltr'><strong>nece</strong></span> <span class='ocrx_word' id='word_1_15' title='bbox 1540 469 1653 516; x_wconf 87' lang='lat' dir='ltr'><strong>tra-</strong></span> <span class='ocrx_word' id='word_1_16' title='bbox 1685 463 1729 522; x_wconf 75' lang='grc' dir='ltr'><strong>Α</strong></span> <span class='ocrx_word' id='word_1_17' title='bbox 1757 459 1825 515; x_wconf 85' lang='lat' dir='ltr'><strong>lis</strong></span> <span class='ocrx_word' id='word_1_18' title='bbox 1852 463 2229 518; x_wconf 82' lang='lat' dir='ltr'><strong>emendatione</strong></span> <span class='ocrx_word' id='word_1_19' title='bbox 2258 463 2458 534; x_wconf 83' lang='lat' dir='ltr'><strong>dignis,</strong></span> <span class='ocrx_word' id='word_1_20' title='bbox 2508 478 2632 534; x_wconf 79' lang='lat' dir='ltr'><strong>quae</strong></span> <span class='ocrx_word' id='word_1_21' title='bbox 2655 465 2722 529; x_wconf 86' lang='lat' dir='ltr'><strong>dc</strong></span> <span class='ocrx_word' id='word_1_22' title='bbox 2756 466 2873 537; x_wconf 91' lang='lat' dir='ltr'><strong>ipso</strong></span> <span class='ocrx_word' id='word_1_23' title='bbox 2898 467 3086 528; x_wconf 72' lang='lat' dir='ltr'><strong>Romae</strong></span> <span class='ocrx_word' id='word_1_24' title='bbox 3112 472 3199 505; x_wconf 52' lang='grc' dir='ltr'><strong>’θ’</strong></span> <span class='ocrx_word' id='word_1_25' title='bbox 3220 447 3312 531; x_wconf 75' lang='lat' dir='ltr'><strong>fue</strong></span> 
     </span>
    </p>
   </div>
   <div class='ocr_carea' id='block_1_5' title="bbox 108 542 1647 622">
    <p class='ocr_par' dir='ltr' id='par_1_5' title="bbox 108 542 1647 622">
     <span class='ocr_line' id='line_1_5' title="bbox 108 542 1647 622; baseline 0.001 -12"><span class='ocrx_word' id='word_1_26' title='bbox 108 564 267 610; x_wconf 75' lang='lat' dir='ltr'><strong>‘ctasse</strong></span> <span class='ocrx_word' id='word_1_27' title='bbox 292 558 618 606; x_wconf 87' lang='lat' dir='ltr'><strong>commentus</strong></span> <span class='ocrx_word' id='word_1_28' title='bbox 662 558 774 616; x_wconf 82' lang='lat' dir='ltr'><strong>est;</strong></span> <span class='ocrx_word' id='word_1_29' title='bbox 800 565 858 604; x_wconf 90' lang='lat' dir='ltr'><strong>se</strong></span> <span class='ocrx_word' id='word_1_30' title='bbox 882 548 1061 619; x_wconf 87' lang='lat' dir='ltr'><strong>ipsum</strong></span> <span class='ocrx_word' id='word_1_31' title='bbox 1085 552 1248 608; x_wconf 86' lang='lat' dir='ltr'><strong>etiam</strong></span> <span class='ocrx_word' id='word_1_32' title='bbox 1283 562 1343 608; x_wconf 90' lang='lat' dir='ltr'><strong>ut</strong></span> <span class='ocrx_word' id='word_1_33' title='bbox 1393 542 1514 610; x_wconf 68' lang='lat' dir='ltr'><strong>mo&#39;s</strong></span> <span class='ocrx_word' id='word_1_34' title='bbox 1545 563 1647 622; x_wconf 87' lang='lat' dir='ltr'><strong>est,</strong></span> 
     </span>
    </p>
   </div>
   <div class='ocr_carea' id='block_1_6' title="bbox 119 642 1650 719">
    <p class='ocr_par' dir='ltr' id='par_1_6' title="bbox 119 642 1650 719">
     <span class='ocr_line' id='line_1_6' title="bbox 119 642 1650 719; baseline 0.003 -20"><span class='ocrx_word' id='word_1_35' title='bbox 119 642 334 716; x_wconf 71' lang='lat' dir='ltr'><strong>potestati</strong></span> <span class='ocrx_word' id='word_1_36' title='bbox 356 642 508 713; x_wconf 71' lang='lat' dir='ltr'><strong>regis:</strong></span> <span class='ocrx_word' id='word_1_37' title='bbox 535 642 726 697; x_wconf 88' lang='lat' dir='ltr'><strong>vadem</strong></span> <span class='ocrx_word' id='word_1_38' title='bbox 775 642 990 710; x_wconf 78' lang='lat' dir='ltr'><strong>obtulit,</strong></span> <span class='ocrx_word' id='word_1_39' title='bbox 1036 659 1324 716; x_wconf 85' lang='lat' dir='ltr'><strong>quousque</strong></span> <span class='ocrx_word' id='word_1_40' title='bbox 1348 648 1650 719; x_wconf 84' lang='lat' dir='ltr'><strong>campionis</strong></span> 
     </span>
    </p>
   </div>
   <div class='ocr_carea' id='block_1_7' title="bbox 116 734 1651 812">
    <p class='ocr_par' dir='ltr' id='par_1_7' title="bbox 116 734 1651 812">
     <span class='ocr_line' id='line_1_7' title="bbox 116 734 1651 812; baseline 0.004 -18"><span class='ocrx_word' id='word_1_41' title='bbox 116 737 264 794; x_wconf 87' lang='lat' dir='ltr'><strong>duello</strong></span> <span class='ocrx_word' id='word_1_42' title='bbox 287 751 402 791; x_wconf 91' lang='lat' dir='ltr'><strong>cum</strong></span> <span class='ocrx_word' id='word_1_43' title='bbox 424 734 559 790; x_wconf 91' lang='lat' dir='ltr'><strong>duce</strong></span> <span class='ocrx_word' id='word_1_44' title='bbox 585 734 904 808; x_wconf 83' lang='lat' dir='ltr'><strong>conﬂigens,</strong></span> <span class='ocrx_word' id='word_1_45' title='bbox 941 751 1068 792; x_wconf 88' lang='lat' dir='ltr'><strong>vera</strong></span> <span class='ocrx_word' id='word_1_46' title='bbox 1112 741 1494 811; x_wconf 88' lang='lat' dir='ltr'><strong>comprobaret</strong></span> <span class='ocrx_word' id='word_1_47' title='bbox 1528 757 1651 812; x_wconf 75' lang='lat' dir='ltr'><strong>qua:</strong></span> 
     </span>
    </p>
   </div>
   <div class='ocr_carea' id='block_1_8' title="bbox 117 827 1647 905">
    <p class='ocr_par' dir='ltr' id='par_1_8' title="bbox 117 827 1647 905">
     <span class='ocr_line' id='line_1_8' title="bbox 117 827 1647 905; baseline 0.003 -20"><span class='ocrx_word' id='word_1_48' title='bbox 117 829 284 885; x_wconf 89' lang='lat' dir='ltr'><strong>retulit.</strong></span> <span class='ocrx_word' id='word_1_49' title='bbox 313 827 444 894; x_wconf 84' lang='lat' dir='ltr'><strong>Quid</strong></span> <span class='ocrx_word' id='word_1_50' title='bbox 482 828 695 883; x_wconf 87' lang='lat' dir='ltr'><strong>multa?</strong></span> <span class='ocrx_word' id='word_1_51' title='bbox 731 827 953 885; x_wconf 86' lang='lat' dir='ltr'><strong>Placitis</strong></span> <span class='ocrx_word' id='word_1_52' title='bbox 997 829 1083 884; x_wconf 87' lang='lat' dir='ltr'><strong>vel</strong></span> <span class='ocrx_word' id='word_1_53' title='bbox 1124 830 1413 903; x_wconf 76' lang='lat' dir='ltr'><strong>colloquiis</strong></span> <span class='ocrx_word' id='word_1_54' title='bbox 1447 834 1647 905; x_wconf 81' lang='lat' dir='ltr'><strong>regali-</strong></span> 
     </span>
    </p>
   </div>
   <div class='ocr_carea' id='block_1_9' title="bbox 113 919 1650 994">
    <p class='ocr_par' dir='ltr' id='par_1_9' title="bbox 113 919 1650 994">
     <span class='ocr_line' id='line_1_9' title="bbox 113 919 1650 994; baseline 0.005 -19"><span class='ocrx_word' id='word_1_55' title='bbox 113 922 211 987; x_wconf 86' lang='lat' dir='ltr'><strong>bus,</strong></span> <span class='ocrx_word' id='word_1_56' title='bbox 238 936 339 994; x_wconf 83' lang='lat' dir='ltr'><strong>uno</strong></span> <span class='ocrx_word' id='word_1_57' title='bbox 371 919 673 991; x_wconf 68' lang='lat' dir='ltr'><strong>Mogontim,</strong></span> <span class='ocrx_word' id='word_1_58' title='bbox 713 920 883 976; x_wconf 87' lang='lat' dir='ltr'><strong>altero</strong></span> <span class='ocrx_word' id='word_1_59' title='bbox 911 920 1175 979; x_wconf 63' lang='lat' dir='ltr'><strong>Gestaris:</strong></span> <span class='ocrx_word' id='word_1_60' title='bbox 1202 926 1490 994; x_wconf 80' lang='lat' dir='ltr'><strong>con-dictis,</strong></span> <span class='ocrx_word' id='word_1_61' title='bbox 1524 925 1650 982; x_wconf 88' lang='lat' dir='ltr'><strong>Otto</strong></span> 
     </span>
    </p>
   </div>
   <div class='ocr_carea' id='block_1_10' title="bbox 111 1010 1647 1086">
    <p class='ocr_par' dir='ltr' id='par_1_10' title="bbox 111 1010 1647 1086">
     <span class='ocr_line' id='line_1_10' title="bbox 111 1010 1647 1086; baseline 0.004 -20"><span class='ocrx_word' id='word_1_62' title='bbox 111 1027 211 1066; x_wconf 81' lang='lat' dir='ltr'><strong>cum</strong></span> <span class='ocrx_word' id='word_1_63' title='bbox 234 1010 474 1081; x_wconf 78' lang='lat' dir='ltr'><strong>Eginoae,</strong></span> <span class='ocrx_word' id='word_1_64' title='bbox 502 1019 687 1081; x_wconf 80' lang='lat' dir='ltr'><strong>utpote</strong></span> <span class='ocrx_word' id='word_1_65' title='bbox 710 1011 820 1066; x_wconf 77' lang='lat' dir='ltr'><strong>dux</strong></span> <span class='ocrx_word' id='word_1_66' title='bbox 844 1027 968 1066; x_wconf 88' lang='lat' dir='ltr'><strong>cum</strong></span> <span class='ocrx_word' id='word_1_67' title='bbox 1006 1012 1238 1081; x_wconf 64' lang='lat' dir='ltr'><strong>latrone,</strong></span> <span class='ocrx_word' id='word_1_68' title='bbox 1283 1016 1490 1086; x_wconf 87' lang='lat' dir='ltr'><strong>primas</strong></span> <span class='ocrx_word' id='word_1_69' title='bbox 1521 1033 1647 1072; x_wconf 89' lang='lat' dir='ltr'><strong>cum</strong></span> 
     </span>
    </p>
   </div>
   <div class='ocr_carea' id='block_1_11' title="bbox 108 1102 1647 1174">
    <p class='ocr_par' dir='ltr' id='par_1_11' title="bbox 108 1102 1647 1174">
     <span class='ocr_line' id='line_1_11' title="bbox 108 1102 1647 1174; baseline 0.005 -18"><span class='ocrx_word' id='word_1_70' title='bbox 108 1102 315 1172; x_wconf 81' lang='lat' dir='ltr'><strong>ignobili,</strong></span> <span class='ocrx_word' id='word_1_71' title='bbox 345 1102 594 1173; x_wconf 82' lang='lat' dir='ltr'><strong>congredi</strong></span> <span class='ocrx_word' id='word_1_72' title='bbox 622 1103 967 1174; x_wconf 84' lang='lat' dir='ltr'><strong>contempsit.</strong></span> <span class='ocrx_word' id='word_1_73' title='bbox 994 1120 1089 1159; x_wconf 88' lang='lat' dir='ltr'><strong>sua</strong></span> <span class='ocrx_word' id='word_1_74' title='bbox 1117 1115 1296 1161; x_wconf 89' lang='lat' dir='ltr'><strong>tamen</strong></span> <span class='ocrx_word' id='word_1_75' title='bbox 1335 1108 1647 1164; x_wconf 88' lang='lat' dir='ltr'><strong>innocentia</strong></span> 
     </span>
    </p>
   </div>
   <div class='ocr_carea' id='block_1_12' title="bbox 106 1192 1647 1265">
    <p class='ocr_par' dir='ltr' id='par_1_12' title="bbox 106 1192 1647 1265">
     <span class='ocr_line' id='line_1_12' title="bbox 106 1192 1647 1265; baseline 0.006 -18"><span class='ocrx_word' id='word_1_76' title='bbox 106 1194 173 1248; x_wconf 78' lang='lat' dir='ltr'><strong>vel</strong></span> <span class='ocrx_word' id='word_1_77' title='bbox 201 1192 440 1264; x_wconf 79' lang='lat' dir='ltr'><strong>Eginonis</strong></span> <span class='ocrx_word' id='word_1_78' title='bbox 476 1194 796 1265; x_wconf 67' lang='lat' dir='ltr'><strong>improbitas</strong></span> <span class='ocrx_word' id='word_1_79' title='bbox 833 1196 1058 1253; x_wconf 87' lang='lat' dir='ltr'><strong>minime</strong></span> <span class='ocrx_word' id='word_1_80' title='bbox 1090 1202 1128 1221; x_wconf 83' lang='lat'>“</span> <span class='ocrx_word' id='word_1_81' title='bbox 1150 1199 1328 1254; x_wconf 83' lang='lat' dir='ltr'><strong>latuit.</strong></span> <span class='ocrx_word' id='word_1_82' title='bbox 1364 1199 1455 1256; x_wconf 89' lang='lat' dir='ltr'><strong>Sic</strong></span> <span class='ocrx_word' id='word_1_83' title='bbox 1477 1201 1647 1257; x_wconf 83' lang='lat' dir='ltr'><strong>duca-</strong></span> 
     </span>
    </p>
   </div>
   <div class='ocr_carea' id='block_1_13' title="bbox 100 1285 1642 1361">
    <p class='ocr_par' dir='ltr' id='par_1_13' title="bbox 100 1285 1642 1361">
     <span class='ocr_line' id='line_1_13' title="bbox 100 1285 1642 1361; baseline 0.006 -22"><span class='ocrx_word' id='word_1_84' title='bbox 100 1294 197 1344; x_wconf 85' lang='lat' dir='ltr'><strong>tum</strong></span> <span class='ocrx_word' id='word_1_85' title='bbox 236 1285 483 1355; x_wconf 73' lang='lat' dir='ltr'><strong>Bajoaria:</strong></span> <span class='ocrx_word' id='word_1_86' title='bbox 518 1285 644 1343; x_wconf 90' lang='lat' dir='ltr'><strong>Otto</strong></span> <span class='ocrx_word' id='word_1_87' title='bbox 688 1286 779 1318; x_wconf 65' lang='lat'><strong>“3°</strong></span> <span class='ocrx_word' id='word_1_88' title='bbox 811 1295 870 1341; x_wconf 92' lang='lat' dir='ltr'><strong>ut</strong></span> <span class='ocrx_word' id='word_1_89' title='bbox 909 1304 1035 1344; x_wconf 90' lang='lat' dir='ltr'><strong>reus</strong></span> <span class='ocrx_word' id='word_1_90' title='bbox 1092 1290 1392 1361; x_wconf 90' lang='lat' dir='ltr'><strong>majestatis</strong></span> <span class='ocrx_word' id='word_1_91' title='bbox 1435 1294 1642 1361; x_wconf 89' lang='lat' dir='ltr'><strong>amisit,</strong></span> 
     </span>
    </p>
   </div>
   <div class='ocr_carea' id='block_1_14' title="bbox 103 1375 1646 1453">
    <p class='ocr_par' dir='ltr' id='par_1_14' title="bbox 103 1375 1646 1453">
     <span class='ocr_line' id='line_1_14' title="bbox 103 1375 1646 1453; baseline 0.006 -24"><span class='ocrx_word' id='word_1_92' title='bbox 103 1392 235 1446; x_wconf 85' lang='lat' dir='ltr'><strong>quem</strong></span> <span class='ocrx_word' id='word_1_93' title='bbox 263 1375 460 1431; x_wconf 63' lang='lat' dir='ltr'><strong>Wel-xfo</strong></span> <span class='ocrx_word' id='word_1_94' title='bbox 498 1377 721 1447; x_wconf 88' lang='lat' dir='ltr'><strong>quidam</strong></span> <span class='ocrx_word' id='word_1_95' title='bbox 760 1377 989 1433; x_wconf 88' lang='lat' dir='ltr'><strong>illustris</strong></span> <span class='ocrx_word' id='word_1_96' title='bbox 1030 1385 1086 1434; x_wconf 90' lang='lat' dir='ltr'><strong>et</strong></span> <span class='ocrx_word' id='word_1_97' title='bbox 1126 1395 1255 1436; x_wconf 88' lang='lat' dir='ltr'><strong>acer</strong></span> <span class='ocrx_word' id='word_1_98' title='bbox 1286 1391 1450 1453; x_wconf 88' lang='lat' dir='ltr'><strong>atque</strong></span> <span class='ocrx_word' id='word_1_99' title='bbox 1491 1383 1646 1438; x_wconf 89' lang='lat' dir='ltr'><strong>belli-</strong></span> 
     </span>
    </p>
   </div>
   <div class='ocr_carea' id='block_1_15' title="bbox 99 1466 1645 1545">
    <p class='ocr_par' dir='ltr' id='par_1_15' title="bbox 99 1466 1645 1545">
     <span class='ocr_line' id='line_1_15' title="bbox 99 1466 1645 1545; baseline 0.006 -23"><span class='ocrx_word' id='word_1_100' title='bbox 99 1482 252 1533; x_wconf 77' lang='lat' dir='ltr'><strong>cosus,</strong></span> <span class='ocrx_word' id='word_1_101' title='bbox 278 1474 400 1521; x_wconf 90' lang='lat' dir='ltr'><strong>natu</strong></span> <span class='ocrx_word' id='word_1_102' title='bbox 443 1466 677 1536; x_wconf 83' lang='lat' dir='ltr'><strong>Suevus,</strong></span> <span class='ocrx_word' id='word_1_103' title='bbox 718 1469 959 1540; x_wconf 88' lang='lat' dir='ltr'><strong>accepit;</strong></span> <span class='ocrx_word' id='word_1_104' title='bbox 997 1470 1161 1541; x_wconf 84' lang='lat' dir='ltr'><strong>idque</strong></span> <span class='ocrx_word' id='word_1_105' title='bbox 1187 1480 1297 1530; x_wconf 88' lang='lat' dir='ltr'><strong>tam</strong></span> <span class='ocrx_word' id='word_1_106' title='bbox 1324 1474 1645 1545; x_wconf 84' lang='lat' dir='ltr'><strong>principalis</strong></span> 
     </span>
    </p>
   </div>
   <div class='ocr_carea' id='block_1_16' title="bbox 100 1557 1645 1635">
    <p class='ocr_par' dir='ltr' id='par_1_16' title="bbox 100 1557 1645 1635">
     <span class='ocr_line' id='line_1_16' title="bbox 100 1557 1645 1635; baseline 0.008 -24"><span class='ocrx_word' id='word_1_107' title='bbox 100 1557 346 1617; x_wconf 69' lang='lat' dir='ltr'><strong>discordia:</strong></span> <span class='ocrx_word' id='word_1_108' title='bbox 389 1575 576 1615; x_wconf 91' lang='lat' dir='ltr'><strong>semen</strong></span> <span class='ocrx_word' id='word_1_109' title='bbox 622 1561 676 1614; x_wconf 91' lang='lat' dir='ltr'><strong>in</strong></span> <span class='ocrx_word' id='word_1_110' title='bbox 720 1570 1011 1632; x_wconf 81' lang='lat' dir='ltr'><strong>perpetuos</strong></span> <span class='ocrx_word' id='word_1_111' title='bbox 1060 1563 1193 1618; x_wconf 88' lang='lat' dir='ltr'><strong>heu!</strong></span> <span class='ocrx_word' id='word_1_112' title='bbox 1250 1566 1559 1635; x_wconf 69' lang='lat' dir='ltr'><strong>praeliorum</strong></span> <span class='ocrx_word' id='word_1_113' title='bbox 1590 1577 1645 1624; x_wconf 91' lang='lat' dir='ltr'><strong>ct</strong></span> 
     </span>
    </p>
   </div>
   <div class='ocr_carea' id='block_1_17' title="bbox 98 1650 1641 1723">
    <p class='ocr_par' dir='ltr' id='par_1_17' title="bbox 98 1650 1641 1723">
     <span class='ocr_line' id='line_1_17' title="bbox 98 1650 1641 1723; baseline 0.009 -20"><span class='ocrx_word' id='word_1_114' title='bbox 98 1650 408 1719; x_wconf 84' lang='lat' dir='ltr'><strong>seditionum,</strong></span> <span class='ocrx_word' id='word_1_115' title='bbox 440 1653 746 1723; x_wconf 72' lang='lat' dir='ltr'><strong>przcdarum</strong></span> <span class='ocrx_word' id='word_1_116' title='bbox 794 1664 847 1709; x_wconf 90' lang='lat' dir='ltr'><strong>et</strong></span> <span class='ocrx_word' id='word_1_117' title='bbox 891 1655 1288 1723; x_wconf 57' lang='lat' dir='ltr'><strong>incendiarum,</strong></span> <span class='ocrx_word' id='word_1_118' title='bbox 1324 1660 1641 1717; x_wconf 83' lang='lat' dir='ltr'><strong>scismatnm</strong></span> 
     </span>
    </p>
   </div>
   <div class='ocr_carea' id='block_1_18' title="bbox 94 1740 1640 1816">
    <p class='ocr_par' dir='ltr' id='par_1_18' title="bbox 94 1740 1640 1816">
     <span class='ocr_line' id='line_1_18' title="bbox 94 1740 1640 1816; baseline 0.01 -24"><span class='ocrx_word' id='word_1_119' title='bbox 94 1740 225 1794; x_wconf 76' lang='lat' dir='ltr'><strong>etiam</strong></span> <span class='ocrx_word' id='word_1_120' title='bbox 279 1751 329 1798; x_wconf 83' lang='lat' dir='ltr'><strong>ct</strong></span> <span class='ocrx_word' id='word_1_121' title='bbox 377 1743 654 1799; x_wconf 83' lang='lat' dir='ltr'><strong>beresium</strong></span> <span class='ocrx_word' id='word_1_122' title='bbox 716 1753 880 1816; x_wconf 89' lang='lat' dir='ltr'><strong>atque</strong></span> <span class='ocrx_word' id='word_1_123' title='bbox 961 1748 1221 1804; x_wconf 88' lang='lat' dir='ltr'><strong>mortium</strong></span> <span class='ocrx_word' id='word_1_124' title='bbox 1266 1751 1640 1810; x_wconf 57' lang='lat' dir='ltr'><strong>lamentabiLs</strong></span> 
     </span>
    </p>
   </div>
   <div class='ocr_carea' id='block_1_19' title="bbox 96 1830 1125 1908">
    <p class='ocr_par' dir='ltr' id='par_1_19' title="bbox 96 1830 1125 1908">
     <span class='ocr_line' id='line_1_19' title="bbox 96 1830 1125 1908; baseline 0.01 -23"><span class='ocrx_word' id='word_1_125' title='bbox 96 1830 274 1889; x_wconf 80' lang='lat' dir='ltr'><strong>fructus</strong></span> <span class='ocrx_word' id='word_1_126' title='bbox 297 1836 617 1906; x_wconf 71' lang='lat' dir='ltr'><strong>germinavit</strong></span> <span class='ocrx_word' id='word_1_127' title='bbox 646 1846 809 1908; x_wconf 66' lang='lat' dir='ltr'><strong>atque</strong></span> <span class='ocrx_word' id='word_1_128' title='bbox 836 1841 1125 1896; x_wconf 84' lang='lat' dir='ltr'><strong>succrevit.</strong></span> 
     </span>
    </p>
   </div>
   <div class='ocr_carea' id='block_1_20' title="bbox 208 1927 1638 2005">
    <p class='ocr_par' dir='ltr' id='par_1_20' title="bbox 208 1927 1638 2005">
     <span class='ocr_line' id='line_1_20' title="bbox 208 1927 1638 2005; baseline 0.007 -25"><span class='ocrx_word' id='word_1_129' title='bbox 208 1927 368 2005; x_wconf 81' lang='lat' dir='ltr'><strong>&#39;si_—</strong></span> <span class='ocrx_word' id='word_1_130' title='bbox 388 1927 822 2005; x_wconf 55' lang='lat' dir='ltr'><strong>cederetjesnnt</strong></span> <span class='ocrx_word' id='word_1_131' title='bbox 865 1930 928 1987; x_wconf 88' lang='lat' dir='ltr'><strong>C.</strong></span> <span class='ocrx_word' id='word_1_132' title='bbox 967 1930 1030 1986; x_wconf 88' lang='grc' dir='ltr'><strong>Ι).</strong></span> <span class='ocrx_word' id='word_1_133' title='bbox 1068 1931 1130 1987; x_wconf 90' lang='grc' dir='ltr'><strong>Ε.</strong></span> <span class='ocrx_word' id='word_1_134' title='bbox 1175 1936 1342 2005; x_wconf 82' lang='lat' dir='ltr'><strong>pergit</strong></span> <span class='ocrx_word' id='word_1_135' title='bbox 1376 1933 1473 1989; x_wconf 87' lang='lat' dir='ltr'><strong>C.:</strong></span> <span class='ocrx_word' id='word_1_136' title='bbox 1507 1935 1638 2002; x_wconf 74' lang='lat' dir='ltr'><strong>Qni-</strong></span> 
     </span>
    </p>
   </div>
   <div class='ocr_carea' id='block_1_21' title="bbox 266 1998 801 2071">
    <p class='ocr_par' dir='ltr' id='par_1_21' title="bbox 266 1998 801 2071">
     <span class='ocr_line' id='line_1_21' title="bbox 266 1998 801 2071; baseline 0.011 -20"><span class='ocrx_word' id='word_1_137' title='bbox 266 1998 383 2051; x_wconf 89' lang='lat' dir='ltr'><strong>dam</strong></span> <span class='ocrx_word' id='word_1_138' title='bbox 414 2001 581 2053; x_wconf 85' lang='lat' dir='ltr'><strong>etiam</strong></span> <span class='ocrx_word' id='word_1_139' title='bbox 610 1998 801 2071; x_wconf 72' lang='lat' dir='ltr'><strong>Egino.</strong></span> 
     </span>
    </p>
   </div>
   <div class='ocr_carea' id='block_1_22' title="bbox 204 2070 657 2137">
    <p class='ocr_par' dir='ltr' id='par_1_22' title="bbox 204 2070 657 2137">
     <span class='ocr_line' id='line_1_22' title="bbox 204 2070 657 2137; baseline 0.009 -15"><span class='ocrx_word' id='word_1_140' title='bbox 204 2070 242 2094; x_wconf 64' lang='grc' dir='ltr'>ν</span> <span class='ocrx_word' id='word_1_141' title='bbox 261 2077 444 2137; x_wconf 82' lang='lat' dir='ltr'><strong>postea</strong></span> <span class='ocrx_word' id='word_1_142' title='bbox 459 2085 570 2125; x_wconf 90' lang='lat' dir='ltr'><strong>non</strong></span> <span class='ocrx_word' id='word_1_143' title='bbox 594 2070 657 2126; x_wconf 74' lang='grc' dir='ltr'><strong>Ο.</strong></span> 
     </span>
    </p>
   </div>
   <div class='ocr_carea' id='block_1_23' title="bbox 146 2158 1640 2242">
    <p class='ocr_par' dir='ltr' id='par_1_23' title="bbox 146 2158 1640 2242">
     <span class='ocr_line' id='line_1_23' title="bbox 146 2158 1640 2242; baseline 0.012 -31"><span class='ocrx_word' id='word_1_144' title='bbox 146 2158 218 2212; x_wconf 76' lang='grc'>15.</span> <span class='ocrx_word' id='word_1_145' title='bbox 243 2160 303 2215; x_wconf 80' lang='grc' dir='ltr'><strong>Α.</strong></span> <span class='ocrx_word' id='word_1_146' title='bbox 326 2159 388 2219; x_wconf 87' lang='grc' dir='ltr'><strong>Ι).</strong></span> <span class='ocrx_word' id='word_1_147' title='bbox 415 2162 577 2218; x_wconf 70' lang='grc'>1072.</span> <span class='ocrx_word' id='word_1_148' title='bbox 608 2163 721 2219; x_wconf 77' lang='lat' dir='ltr'><strong>Rex</strong></span> <span class='ocrx_word' id='word_1_149' title='bbox 740 2163 997 2222; x_wconf 87' lang='lat' dir='ltr'><strong>Ottonem</strong></span> <span class='ocrx_word' id='word_1_150' title='bbox 1025 2183 1419 2240; x_wconf 84' lang='lat' dir='ltr'><strong>usquequaque</strong></span> <span class='ocrx_word' id='word_1_151' title='bbox 1462 2186 1640 2242; x_wconf 83' lang='lat' dir='ltr'><strong>perse-</strong></span> 
     </span>
    </p>
   </div>
   <div class='ocr_carea' id='block_1_24' title="bbox 86 2252 1633 2333">
    <p class='ocr_par' dir='ltr' id='par_1_24' title="bbox 86 2252 1633 2333">
     <span class='ocr_line' id='line_1_24' title="bbox 86 2252 1633 2333; baseline 0.01 -28"><span class='ocrx_word' id='word_1_152' title='bbox 86 2260 223 2307; x_wconf 88' lang='lat' dir='ltr'><strong>cutus</strong></span> <span class='ocrx_word' id='word_1_153' title='bbox 247 2252 412 2326; x_wconf 67' lang='lat' dir='ltr'><strong>(2H),</strong></span> <span class='ocrx_word' id='word_1_154' title='bbox 440 2270 609 2326; x_wconf 90' lang='lat' dir='ltr'><strong>quam</strong></span> <span class='ocrx_word' id='word_1_155' title='bbox 650 2257 837 2328; x_wconf 86' lang='lat' dir='ltr'><strong>plures</strong></span> <span class='ocrx_word' id='word_1_156' title='bbox 871 2260 1212 2320; x_wconf 85' lang='lat' dir='ltr'><strong>munitiones</strong></span> <span class='ocrx_word' id='word_1_157' title='bbox 1238 2263 1359 2333; x_wconf 89' lang='lat' dir='ltr'><strong>ejus</strong></span> <span class='ocrx_word' id='word_1_158' title='bbox 1383 2264 1633 2333; x_wconf 85' lang='lat' dir='ltr'><strong>destruit,</strong></span> 
     </span>
    </p>
   </div>
   <div class='ocr_carea' id='block_1_25' title="bbox 89 2344 1637 2422">
    <p class='ocr_par' dir='ltr' id='par_1_25' title="bbox 89 2344 1637 2422">
     <span class='ocr_line' id='line_1_25' title="bbox 89 2344 1637 2422; baseline 0.012 -26"><span class='ocrx_word' id='word_1_159' title='bbox 89 2344 241 2410; x_wconf 86' lang='lat' dir='ltr'><strong>predia</strong></span> <span class='ocrx_word' id='word_1_160' title='bbox 266 2354 459 2415; x_wconf 80' lang='lat' dir='ltr'><strong>vastat,</strong></span> <span class='ocrx_word' id='word_1_161' title='bbox 481 2357 544 2404; x_wconf 89' lang='lat' dir='ltr'><strong>et</strong></span> <span class='ocrx_word' id='word_1_162' title='bbox 574 2359 633 2404; x_wconf 91' lang='lat' dir='ltr'><strong>ut</strong></span> <span class='ocrx_word' id='word_1_163' title='bbox 656 2366 782 2406; x_wconf 86' lang='lat' dir='ltr'><strong>vere</strong></span> <span class='ocrx_word' id='word_1_164' title='bbox 808 2352 886 2407; x_wconf 89' lang='lat' dir='ltr'><strong>rei</strong></span> <span class='ocrx_word' id='word_1_165' title='bbox 914 2353 1147 2422; x_wconf 79' lang='lat' dir='ltr'><strong>publieae</strong></span> <span class='ocrx_word' id='word_1_166' title='bbox 1176 2355 1389 2410; x_wconf 85' lang='lat' dir='ltr'><strong>hostem</strong></span> <span class='ocrx_word' id='word_1_167' title='bbox 1412 2358 1637 2415; x_wconf 86' lang='lat' dir='ltr'><strong>omnino</strong></span> 
     </span>
    </p>
   </div>
   <div class='ocr_carea' id='block_1_26' title="bbox 86 2437 1637 2511">
    <p class='ocr_par' dir='ltr' id='par_1_26' title="bbox 86 2437 1637 2511">
     <span class='ocr_line' id='line_1_26' title="bbox 86 2437 1637 2511; baseline 0.013 -25"><span class='ocrx_word' id='word_1_168' title='bbox 86 2450 185 2488; x_wconf 86' lang='lat' dir='ltr'><strong>eum</strong></span> <span class='ocrx_word' id='word_1_169' title='bbox 204 2437 369 2495; x_wconf 79' lang='lat' dir='ltr'><strong>delere</strong></span> <span class='ocrx_word' id='word_1_170' title='bbox 392 2449 712 2511; x_wconf 80' lang='lat' dir='ltr'><strong>pertractat.</strong></span> <span class='ocrx_word' id='word_1_171' title='bbox 752 2441 989 2499; x_wconf 88' lang='lat' dir='ltr'><strong>Econtra</strong></span> <span class='ocrx_word' id='word_1_172' title='bbox 1030 2445 1120 2500; x_wconf 90' lang='lat' dir='ltr'><strong>ille</strong></span> <span class='ocrx_word' id='word_1_173' title='bbox 1152 2446 1419 2505; x_wconf 85' lang='lat' dir='ltr'><strong>mihtibus</strong></span> <span class='ocrx_word' id='word_1_174' title='bbox 1450 2449 1637 2506; x_wconf 85' lang='lat' dir='ltr'><strong>electis</strong></span> 
     </span>
    </p>
   </div>
   <div class='ocr_carea' id='block_1_27' title="bbox 85 2525 1637 2606">
    <p class='ocr_par' dir='ltr' id='par_1_27' title="bbox 85 2525 1637 2606">
     <span class='ocr_line' id='line_1_27' title="bbox 85 2525 1637 2606; baseline 0.01 -23"><span class='ocrx_word' id='word_1_175' title='bbox 85 2525 365 2599; x_wconf 82' lang='lat' dir='ltr'><strong>instructus,</strong></span> <span class='ocrx_word' id='word_1_176' title='bbox 401 2532 523 2604; x_wconf 87' lang='lat' dir='ltr'><strong>ipse</strong></span> <span class='ocrx_word' id='word_1_177' title='bbox 546 2550 766 2606; x_wconf 82' lang='lat' dir='ltr'><strong>quoque</strong></span> <span class='ocrx_word' id='word_1_178' title='bbox 796 2552 964 2591; x_wconf 91' lang='lat' dir='ltr'><strong>manu</strong></span> <span class='ocrx_word' id='word_1_179' title='bbox 992 2536 1329 2595; x_wconf 88' lang='lat' dir='ltr'><strong>fortissimus</strong></span> <span class='ocrx_word' id='word_1_180' title='bbox 1359 2550 1414 2595; x_wconf 90' lang='lat' dir='ltr'><strong>et</strong></span> <span class='ocrx_word' id='word_1_181' title='bbox 1451 2543 1637 2598; x_wconf 89' lang='lat' dir='ltr'><strong>animo</strong></span> 
     </span>
    </p>
   </div>
   <div class='ocr_carea' id='block_1_28' title="bbox 83 2618 1637 2702">
    <p class='ocr_par' dir='ltr' id='par_1_28' title="bbox 83 2618 1637 2702">
     <span class='ocr_line' id='line_1_28' title="bbox 83 2618 1637 2702; baseline 0.006 -25"><span class='ocrx_word' id='word_1_182' title='bbox 83 2618 221 2677; x_wconf 81' lang='lat' dir='ltr'><strong>nimis</strong></span> <span class='ocrx_word' id='word_1_183' title='bbox 240 2622 513 2693; x_wconf 83' lang='lat' dir='ltr'><strong>eﬂ&#39;eratus,</strong></span> <span class='ocrx_word' id='word_1_184' title='bbox 540 2626 669 2696; x_wconf 86' lang='lat' dir='ltr'><strong>quia</strong></span> <span class='ocrx_word' id='word_1_185' title='bbox 691 2627 859 2698; x_wconf 84' lang='lat' dir='ltr'><strong>regiis</strong></span> <span class='ocrx_word' id='word_1_186' title='bbox 885 2629 1060 2699; x_wconf 81' lang='lat' dir='ltr'><strong>copiis</strong></span> <span class='ocrx_word' id='word_1_187' title='bbox 1085 2628 1377 2701; x_wconf 83' lang='lat' dir='ltr'><strong>conﬂigere</strong></span> <span class='ocrx_word' id='word_1_188' title='bbox 1397 2647 1507 2688; x_wconf 89' lang='lat' dir='ltr'><strong>non</strong></span> <span class='ocrx_word' id='word_1_189' title='bbox 1539 2648 1637 2702; x_wconf 85' lang='lat' dir='ltr'><strong>po-</strong></span> 
     </span>
    </p>
   </div>
   <div class='ocr_carea' id='block_1_29' title="bbox 82 2715 1634 2792">
    <p class='ocr_par' dir='ltr' id='par_1_29' title="bbox 82 2715 1634 2792">
     <span class='ocr_line' id='line_1_29' title="bbox 82 2715 1634 2792; baseline 0.01 -30"><span class='ocrx_word' id='word_1_190' title='bbox 82 2715 213 2776; x_wconf 79' lang='lat' dir='ltr'><strong>terat,</strong></span> <span class='ocrx_word' id='word_1_191' title='bbox 234 2729 375 2771; x_wconf 85' lang='lat' dir='ltr'><strong>nunc</strong></span> <span class='ocrx_word' id='word_1_192' title='bbox 391 2717 584 2789; x_wconf 69' lang='lat' dir='ltr'><strong>prada,</strong></span> <span class='ocrx_word' id='word_1_193' title='bbox 606 2732 755 2774; x_wconf 87' lang='lat' dir='ltr'><strong>nunc</strong></span> <span class='ocrx_word' id='word_1_194' title='bbox 792 2718 1048 2784; x_wconf 81' lang='lat' dir='ltr'><strong>ﬂammis,</strong></span> <span class='ocrx_word' id='word_1_195' title='bbox 1098 2737 1245 2777; x_wconf 90' lang='lat' dir='ltr'><strong>nunc</strong></span> <span class='ocrx_word' id='word_1_196' title='bbox 1273 2722 1437 2777; x_wconf 84' lang='lat' dir='ltr'><strong>etiam</strong></span> <span class='ocrx_word' id='word_1_197' title='bbox 1469 2721 1634 2792; x_wconf 87' lang='lat' dir='ltr'><strong>ferro,</strong></span> 
     </span>
    </p>
   </div>
   <div class='ocr_carea' id='block_1_30' title="bbox 81 2809 1635 2884">
    <p class='ocr_par' dir='ltr' id='par_1_30' title="bbox 81 2809 1635 2884">
     <span class='ocr_line' id='line_1_30' title="bbox 81 2809 1635 2884; baseline 0.008 -28"><span class='ocrx_word' id='word_1_198' title='bbox 81 2815 391 2879; x_wconf 81' lang='lat' dir='ltr'><strong>quacumque</strong></span> <span class='ocrx_word' id='word_1_199' title='bbox 412 2826 470 2866; x_wconf 89' lang='lat' dir='ltr'><strong>se</strong></span> <span class='ocrx_word' id='word_1_200' title='bbox 512 2810 608 2843; x_wconf 65' lang='lat'><strong>“9°</strong></span> <span class='ocrx_word' id='word_1_201' title='bbox 633 2809 749 2867; x_wconf 86' lang='lat' dir='ltr'><strong>fors</strong></span> <span class='ocrx_word' id='word_1_202' title='bbox 770 2811 858 2844; x_wconf 64' lang='lat' dir='ltr'><strong>m‘</strong></span> <span class='ocrx_word' id='word_1_203' title='bbox 882 2812 1100 2879; x_wconf 84' lang='lat' dir='ltr'><strong>obtulit,</strong></span> <span class='ocrx_word' id='word_1_204' title='bbox 1127 2828 1258 2869; x_wconf 90' lang='lat' dir='ltr'><strong>suas</strong></span> <span class='ocrx_word' id='word_1_205' title='bbox 1293 2814 1523 2884; x_wconf 83' lang='lat' dir='ltr'><strong>injurias</strong></span> <span class='ocrx_word' id='word_1_206' title='bbox 1548 2816 1635 2869; x_wconf 87' lang='lat' dir='ltr'><strong>nl-</strong></span> 
     </span>
    </p>
   </div>
   <div class='ocr_carea' id='block_1_31' title="bbox 76 2894 1633 2975">
    <p class='ocr_par' dir='ltr' id='par_1_31' title="bbox 76 2894 1633 2975">
     <span class='ocr_line' id='line_1_31' title="bbox 76 2894 1633 2975; baseline 0.01 -29"><span class='ocrx_word' id='word_1_207' title='bbox 76 2894 186 2950; x_wconf 67' lang='lat' dir='ltr'><strong>tisci</strong></span> <span class='ocrx_word' id='word_1_208' title='bbox 209 2901 480 2971; x_wconf 81' lang='lat' dir='ltr'><strong>satagebat</strong></span> <span class='ocrx_word' id='word_1_209' title='bbox 524 2902 675 2974; x_wconf 81' lang='lat' dir='ltr'><strong>(ann.</strong></span> <span class='ocrx_word' id='word_1_210' title='bbox 719 2902 901 2974; x_wconf 72' lang='lat' dir='ltr'><strong>i073).</strong></span> <span class='ocrx_word' id='word_1_211' title='bbox 939 2901 1062 2974; x_wconf 83' lang='lat' dir='ltr'><strong>Ipso</strong></span> <span class='ocrx_word' id='word_1_212' title='bbox 1086 2904 1321 2975; x_wconf 89' lang='lat' dir='ltr'><strong>denique</strong></span> <span class='ocrx_word' id='word_1_213' title='bbox 1341 2906 1633 2974; x_wconf 84' lang='lat' dir='ltr'><strong>mediante,</strong></span> 
     </span>
    </p>
   </div>
   <div class='ocr_carea' id='block_1_32' title="bbox 80 2992 1632 3066">
    <p class='ocr_par' dir='ltr' id='par_1_32' title="bbox 80 2992 1632 3066">
     <span class='ocr_line' id='line_1_32' title="bbox 80 2992 1632 3066; baseline 0.009 -28"><span class='ocrx_word' id='word_1_214' title='bbox 80 3000 165 3041; x_wconf 88' lang='lat' dir='ltr'><strong>non</strong></span> <span class='ocrx_word' id='word_1_215' title='bbox 185 3000 351 3046; x_wconf 81' lang='lat' dir='ltr'><strong>cessat</strong></span> <span class='ocrx_word' id='word_1_216' title='bbox 375 3008 516 3063; x_wconf 81' lang='lat' dir='ltr'><strong>gens</strong></span> <span class='ocrx_word' id='word_1_217' title='bbox 550 2992 854 3060; x_wconf 83' lang='lat' dir='ltr'><strong>Saxonum,</strong></span> <span class='ocrx_word' id='word_1_218' title='bbox 893 3003 952 3049; x_wconf 88' lang='lat' dir='ltr'><strong>ut</strong></span> <span class='ocrx_word' id='word_1_219' title='bbox 990 3003 1076 3051; x_wconf 89' lang='lat' dir='ltr'><strong>est</strong></span> <span class='ocrx_word' id='word_1_220' title='bbox 1108 2995 1308 3051; x_wconf 87' lang='lat' dir='ltr'><strong>animis</strong></span> <span class='ocrx_word' id='word_1_221' title='bbox 1342 2999 1632 3066; x_wconf 84' lang='lat' dir='ltr'><strong>acerrima,</strong></span> 
     </span>
    </p>
   </div>
   <div class='ocr_carea' id='block_1_33' title="bbox 77 3078 1635 3156">
    <p class='ocr_par' dir='ltr' id='par_1_33' title="bbox 77 3078 1635 3156">
     <span class='ocr_line' id='line_1_33' title="bbox 77 3078 1635 3156; baseline 0.008 -28"><span class='ocrx_word' id='word_1_222' title='bbox 77 3078 472 3147; x_wconf 86' lang='lat' dir='ltr'><strong>conjurationem</strong></span> <span class='ocrx_word' id='word_1_223' title='bbox 529 3083 795 3140; x_wconf 86' lang='lat' dir='ltr'><strong>adversus</strong></span> <span class='ocrx_word' id='word_1_224' title='bbox 833 3099 1015 3155; x_wconf 82' lang='lat' dir='ltr'><strong>regem</strong></span> <span class='ocrx_word' id='word_1_225' title='bbox 1056 3085 1305 3139; x_wconf 90' lang='lat' dir='ltr'><strong>unanimi</strong></span> <span class='ocrx_word' id='word_1_226' title='bbox 1351 3086 1635 3156; x_wconf 51' lang='lat' dir='ltr'><strong>conspira-</strong></span> 
     </span>
    </p>
   </div>
   <div class='ocr_carea' id='block_1_34' title="bbox 74 3166 1695 3246">
    <p class='ocr_par' dir='ltr' id='par_1_34' title="bbox 74 3166 1695 3246">
     <span class='ocr_line' id='line_1_34' title="bbox 74 3166 1695 3246; baseline 0.006 -21"><span class='ocrx_word' id='word_1_227' title='bbox 74 3167 196 3225; x_wconf 88' lang='lat' dir='ltr'><strong>tione</strong></span> <span class='ocrx_word' id='word_1_228' title='bbox 226 3173 582 3242; x_wconf 81' lang='lat' dir='ltr'><strong>confirmare,</strong></span> <span class='ocrx_word' id='word_1_229' title='bbox 637 3175 1015 3231; x_wconf 88' lang='lat' dir='ltr'><strong>accusationes</strong></span> <span class='ocrx_word' id='word_1_230' title='bbox 1053 3176 1402 3246; x_wconf 84' lang='lat' dir='ltr'><strong>blasphemas</strong></span> <span class='ocrx_word' id='word_1_231' title='bbox 1444 3176 1533 3209; x_wconf 69' lang='lat'><strong>&quot;‘9’</strong></span> <span class='ocrx_word' id='word_1_232' title='bbox 1573 3186 1628 3233; x_wconf 92' lang='lat' dir='ltr'><strong>et</strong></span> <span class='ocrx_word' id='word_1_233' title='bbox 1654 3166 1695 3225; x_wconf 80' lang='lat' dir='ltr'>C</span> 
     </span>
    </p>
   </div>
   <div class='ocr_carea' id='block_1_35' title="bbox 72 3252 1628 3338">
    <p class='ocr_par' dir='ltr' id='par_1_35' title="bbox 72 3252 1628 3338">
     <span class='ocr_line' id='line_1_35' title="bbox 72 3252 1628 3338; baseline 0.008 -26"><span class='ocrx_word' id='word_1_234' title='bbox 72 3252 313 3320; x_wconf 73' lang='lat' dir='ltr'><strong>inauditas</strong></span> <span class='ocrx_word' id='word_1_235' title='bbox 359 3266 428 3320; x_wconf 85' lang='lat' dir='ltr'><strong>ad</strong></span> <span class='ocrx_word' id='word_1_236' title='bbox 470 3267 661 3322; x_wconf 85' lang='lat' dir='ltr'><strong>sedem</strong></span> <span class='ocrx_word' id='word_1_237' title='bbox 708 3267 1065 3338; x_wconf 86' lang='lat' dir='ltr'><strong>apostolicam</strong></span> <span class='ocrx_word' id='word_1_238' title='bbox 1116 3267 1174 3321; x_wconf 90' lang='lat' dir='ltr'><strong>in</strong></span> <span class='ocrx_word' id='word_1_239' title='bbox 1210 3268 1360 3323; x_wconf 88' lang='lat' dir='ltr'><strong>illum</strong></span> <span class='ocrx_word' id='word_1_240' title='bbox 1404 3268 1628 3337; x_wconf 88' lang='lat' dir='ltr'><strong>referre,</strong></span> 
     </span>
    </p>
   </div>
   <div class='ocr_carea' id='block_1_36' title="bbox 72 3353 1634 3430">
    <p class='ocr_par' dir='ltr' id='par_1_36' title="bbox 72 3353 1634 3430">
     <span class='ocr_line' id='line_1_36' title="bbox 72 3353 1634 3430; baseline 0.006 -23"><span class='ocrx_word' id='word_1_241' title='bbox 72 3353 326 3425; x_wconf 82' lang='lat' dir='ltr'><strong>sociosque</strong></span> <span class='ocrx_word' id='word_1_242' title='bbox 348 3357 455 3413; x_wconf 84' lang='lat' dir='ltr'><strong>sibi</strong></span> <span class='ocrx_word' id='word_1_243' title='bbox 498 3374 571 3413; x_wconf 76' lang='lat' dir='ltr'><strong>ex</strong></span> <span class='ocrx_word' id='word_1_244' title='bbox 613 3358 764 3414; x_wconf 89' lang='lat' dir='ltr'><strong>omni</strong></span> <span class='ocrx_word' id='word_1_245' title='bbox 784 3375 954 3430; x_wconf 79' lang='lat' dir='ltr'><strong>regno</strong></span> <span class='ocrx_word' id='word_1_246' title='bbox 1000 3358 1298 3415; x_wconf 90' lang='lat' dir='ltr'><strong>Teutonico</strong></span> <span class='ocrx_word' id='word_1_247' title='bbox 1338 3360 1534 3415; x_wconf 83' lang='lat' dir='ltr'><strong>litteris</strong></span> <span class='ocrx_word' id='word_1_248' title='bbox 1577 3368 1634 3417; x_wconf 90' lang='lat' dir='ltr'><strong>et</strong></span> 
     </span>
    </p>
   </div>
   <div class='ocr_carea' id='block_1_37' title="bbox 69 3448 1633 3524">
    <p class='ocr_par' dir='ltr' id='par_1_37' title="bbox 69 3448 1633 3524">
     <span class='ocr_line' id='line_1_37' title="bbox 69 3448 1633 3524; baseline 0.006 -25"><span class='ocrx_word' id='word_1_249' title='bbox 69 3448 257 3504; x_wconf 83' lang='lat' dir='ltr'><strong>nunciis</strong></span> <span class='ocrx_word' id='word_1_250' title='bbox 287 3451 615 3507; x_wconf 88' lang='lat' dir='ltr'><strong>asscisccre.</strong></span> <span class='ocrx_word' id='word_1_251' title='bbox 660 3450 797 3505; x_wconf 87' lang='lat' dir='ltr'><strong>Nam</strong></span> <span class='ocrx_word' id='word_1_252' title='bbox 844 3452 1024 3522; x_wconf 87' lang='lat' dir='ltr'><strong>primo</strong></span> <span class='ocrx_word' id='word_1_253' title='bbox 1053 3449 1375 3524; x_wconf 81' lang='lat' dir='ltr'><strong>Sigifridum</strong></span> <span class='ocrx_word' id='word_1_254' title='bbox 1409 3450 1633 3524; x_wconf 79' lang='lat' dir='ltr'><strong>Mogon-</strong></span> 
     </span>
    </p>
   </div>
   <div class='ocr_carea' id='block_1_38' title="bbox 70 3537 1631 3614">
    <p class='ocr_par' dir='ltr' id='par_1_38' title="bbox 70 3537 1631 3614">
     <span class='ocr_line' id='line_1_38' title="bbox 70 3537 1631 3614; baseline 0.008 -25"><span class='ocrx_word' id='word_1_255' title='bbox 70 3537 174 3593; x_wconf 77' lang='lat' dir='ltr'><strong>tiiue</strong></span> <span class='ocrx_word' id='word_1_256' title='bbox 224 3542 367 3598; x_wconf 81' lang='lat' dir='ltr'><strong>sedis</strong></span> <span class='ocrx_word' id='word_1_257' title='bbox 412 3544 934 3614; x_wconf 76' lang='lat' dir='ltr'><strong>metropolitanum;</strong></span> <span class='ocrx_word' id='word_1_258' title='bbox 980 3545 1331 3603; x_wconf 85' lang='lat' dir='ltr'><strong>Adelbertum</strong></span> <span class='ocrx_word' id='word_1_259' title='bbox 1377 3544 1631 3602; x_wconf 85' lang='lat' dir='ltr'><strong>Worma-</strong></span> 
     </span>
    </p>
   </div>
   <div class='ocr_carea' id='block_1_39' title="bbox 69 3629 1633 3708">
    <p class='ocr_par' dir='ltr' id='par_1_39' title="bbox 69 3629 1633 3708">
     <span class='ocr_line' id='line_1_39' title="bbox 69 3629 1633 3708; baseline 0.008 -28"><span class='ocrx_word' id='word_1_260' title='bbox 69 3629 299 3699; x_wconf 79' lang='lat' dir='ltr'><strong>eiensem,</strong></span> <span class='ocrx_word' id='word_1_261' title='bbox 343 3634 749 3691; x_wconf 83' lang='lat' dir='ltr'><strong>Adelberonem</strong></span> <span class='ocrx_word' id='word_1_262' title='bbox 795 3636 1321 3708; x_wconf 80' lang='lat' dir='ltr'><strong>Wirciburgensem,</strong></span> <span class='ocrx_word' id='word_1_263' title='bbox 1356 3636 1633 3692; x_wconf 87' lang='lat' dir='ltr'><strong>Gebehar-</strong></span> 
     </span>
    </p>
   </div>
   <div class='ocr_carea' id='block_1_40' title="bbox 71 3720 1631 3798">
    <p class='ocr_par' dir='ltr' id='par_1_40' title="bbox 71 3720 1631 3798">
     <span class='ocr_line' id='line_1_40' title="bbox 71 3720 1631 3798; baseline 0.008 -27"><span class='ocrx_word' id='word_1_264' title='bbox 71 3720 177 3775; x_wconf 85' lang='lat' dir='ltr'><strong>dum</strong></span> <span class='ocrx_word' id='word_1_265' title='bbox 201 3722 654 3798; x_wconf 78' lang='lat' dir='ltr'><strong>Salzburgensem</strong></span> <span class='ocrx_word' id='word_1_266' title='bbox 680 3726 927 3797; x_wconf 89' lang='lat' dir='ltr'><strong>aliosque</strong></span> <span class='ocrx_word' id='word_1_267' title='bbox 945 3742 1112 3797; x_wconf 87' lang='lat' dir='ltr'><strong>quam</strong></span> <span class='ocrx_word' id='word_1_268' title='bbox 1124 3727 1308 3796; x_wconf 88' lang='lat' dir='ltr'><strong>plures</strong></span> <span class='ocrx_word' id='word_1_269' title='bbox 1327 3727 1631 3796; x_wconf 63' lang='lat' dir='ltr'><strong>presulcs‘,</strong></span> 
     </span>
    </p>
   </div>
   <div class='ocr_carea' id='block_1_41' title="bbox 66 3812 1633 3889">
    <p class='ocr_par' dir='ltr' id='par_1_41' title="bbox 66 3812 1633 3889">
     <span class='ocr_line' id='line_1_41' title="bbox 66 3812 1633 3889; baseline 0.008 -24"><span class='ocrx_word' id='word_1_270' title='bbox 66 3812 271 3885; x_wconf 79' lang='lat' dir='ltr'><strong>indeque</strong></span> <span class='ocrx_word' id='word_1_271' title='bbox 324 3833 423 3888; x_wconf 87' lang='lat' dir='ltr'><strong>per</strong></span> <span class='ocrx_word' id='word_1_272' title='bbox 482 3818 639 3889; x_wconf 86' lang='lat' dir='ltr'><strong>ipsos</strong></span> <span class='ocrx_word' id='word_1_273' title='bbox 691 3820 856 3874; x_wconf 88' lang='lat' dir='ltr'><strong>etiam</strong></span> <span class='ocrx_word' id='word_1_274' title='bbox 907 3834 1103 3889; x_wconf 84' lang='lat' dir='ltr'><strong>papam</strong></span> <span class='ocrx_word' id='word_1_275' title='bbox 1160 3819 1531 3876; x_wconf 83' lang='lat' dir='ltr'><strong>Alexandrum</strong></span> <span class='ocrx_word' id='word_1_276' title='bbox 1593 3824 1633 3844; x_wconf 87' lang='lat'>“</span> 
     </span>
    </p>
   </div>
   <div class='ocr_carea' id='block_1_42' title="bbox 66 3903 1635 3982">
    <p class='ocr_par' dir='ltr' id='par_1_42' title="bbox 66 3903 1635 3982">
     <span class='ocr_line' id='line_1_42' title="bbox 66 3903 1635 3982; baseline 0.008 -27"><span class='ocrx_word' id='word_1_277' title='bbox 66 3903 149 3958; x_wconf 83' lang='lat' dir='ltr'><strong>sibi</strong></span> <span class='ocrx_word' id='word_1_278' title='bbox 171 3905 403 3965; x_wconf 86' lang='lat' dir='ltr'><strong>fautores</strong></span> <span class='ocrx_word' id='word_1_279' title='bbox 427 3910 692 3965; x_wconf 66' lang='lat' dir='ltr'><strong>emciunt.</strong></span> <span class='ocrx_word' id='word_1_280' title='bbox 735 3908 970 3976; x_wconf 80' lang='lat' dir='ltr'><strong>Quidam</strong></span> <span class='ocrx_word' id='word_1_281' title='bbox 1012 3924 1231 3982; x_wconf 73' lang='lat' dir='ltr'><strong>quoque</strong></span> <span class='ocrx_word' id='word_1_282' title='bbox 1253 3926 1484 3966; x_wconf 62' lang='lat' dir='ltr'><strong>summae</strong></span> <span class='ocrx_word' id='word_1_283' title='bbox 1505 3926 1635 3967; x_wconf 89' lang='lat' dir='ltr'><strong>san-</strong></span> 
     </span>
    </p>
   </div>
   <div class='ocr_carea' id='block_1_43' title="bbox 61 3996 1636 4075">
    <p class='ocr_par' dir='ltr' id='par_1_43' title="bbox 61 3996 1636 4075">
     <span class='ocr_line' id='line_1_43' title="bbox 61 3996 1636 4075; baseline 0.006 -26"><span class='ocrx_word' id='word_1_284' title='bbox 61 3996 237 4054; x_wconf 84' lang='lat' dir='ltr'><strong>ctitatis</strong></span> <span class='ocrx_word' id='word_1_285' title='bbox 261 3999 442 4055; x_wconf 89' lang='lat' dir='ltr'><strong>virum</strong></span> <span class='ocrx_word' id='word_1_286' title='bbox 472 4002 786 4059; x_wconf 20' lang='lat' dir='ltr'><strong>.Annoncm</strong></span> <span class='ocrx_word' id='word_1_287' title='bbox 817 4000 1291 4072; x_wconf 67' lang='lat' dir='ltr'><strong>archiepiscopum</strong></span> <span class='ocrx_word' id='word_1_288' title='bbox 1341 4001 1636 4075; x_wconf 81' lang='lat' dir='ltr'><strong>Colonien-</strong></span> 
     </span>
    </p>
   </div>
   <div class='ocr_carea' id='block_1_44' title="bbox 62 4092 1635 4163">
    <p class='ocr_par' dir='ltr' id='par_1_44' title="bbox 62 4092 1635 4163">
     <span class='ocr_line' id='line_1_44' title="bbox 62 4092 1635 4163; baseline 0.004 -20"><span class='ocrx_word' id='word_1_289' title='bbox 62 4102 157 4143; x_wconf 84' lang='lat' dir='ltr'><strong>scm</strong></span> <span class='ocrx_word' id='word_1_290' title='bbox 178 4092 576 4162; x_wconf 89' lang='lat' dir='ltr'><strong>conjurationis</strong></span> <span class='ocrx_word' id='word_1_291' title='bbox 602 4093 847 4163; x_wconf 85' lang='lat' dir='ltr'><strong>ejusdem</strong></span> <span class='ocrx_word' id='word_1_292' title='bbox 872 4093 1157 4156; x_wconf 85' lang='lat' dir='ltr'><strong>conscium</strong></span> <span class='ocrx_word' id='word_1_293' title='bbox 1179 4102 1455 4149; x_wconf 88' lang='lat' dir='ltr'><strong>asserunt.</strong></span> <span class='ocrx_word' id='word_1_294' title='bbox 1482 4093 1635 4161; x_wconf 88' lang='lat' dir='ltr'><strong>Quo-</strong></span> 
     </span>
    </p>
   </div>
   <div class='ocr_carea' id='block_1_45' title="bbox 60 4181 1637 4250">
    <p class='ocr_par' dir='ltr' id='par_1_45' title="bbox 60 4181 1637 4250">
     <span class='ocr_line' id='line_1_45' title="bbox 60 4181 1637 4250; baseline 0.004 -18"><span class='ocrx_word' id='word_1_295' title='bbox 60 4193 162 4234; x_wconf 86' lang='lat' dir='ltr'><strong>rum</strong></span> <span class='ocrx_word' id='word_1_296' title='bbox 195 4181 407 4239; x_wconf 89' lang='lat' dir='ltr'><strong>insidiis</strong></span> <span class='ocrx_word' id='word_1_297' title='bbox 442 4199 543 4239; x_wconf 75' lang='lat' dir='ltr'><strong>rex</strong></span> <span class='ocrx_word' id='word_1_298' title='bbox 574 4182 818 4246; x_wconf 86' lang='lat' dir='ltr'><strong>territus.</strong></span> <span class='ocrx_word' id='word_1_299' title='bbox 847 4181 1088 4238; x_wconf 80' lang='lat' dir='ltr'><strong>Saxonia</strong></span> <span class='ocrx_word' id='word_1_300' title='bbox 1127 4182 1317 4250; x_wconf 91' lang='lat' dir='ltr'><strong>cessit,</strong></span> <span class='ocrx_word' id='word_1_301' title='bbox 1348 4191 1404 4238; x_wconf 89' lang='lat' dir='ltr'><strong>et</strong></span> <span class='ocrx_word' id='word_1_302' title='bbox 1426 4182 1481 4237; x_wconf 91' lang='lat' dir='ltr'><strong>in</strong></span> <span class='ocrx_word' id='word_1_303' title='bbox 1513 4182 1637 4239; x_wconf 90' lang='lat' dir='ltr'><strong>aliis</strong></span> 
     </span>
    </p>
   </div>
   <div class='ocr_carea' id='block_1_46' title="bbox 59 4272 1172 4347">
    <p class='ocr_par' dir='ltr' id='par_1_46' title="bbox 59 4272 1172 4347">
     <span class='ocr_line' id='line_1_46' title="bbox 59 4272 1172 4347; baseline 0.005 -24"><span class='ocrx_word' id='word_1_304' title='bbox 59 4272 190 4340; x_wconf 85' lang='lat' dir='ltr'><strong>regni</strong></span> <span class='ocrx_word' id='word_1_305' title='bbox 211 4275 462 4343; x_wconf 85' lang='lat' dir='ltr'><strong>partibus</strong></span> <span class='ocrx_word' id='word_1_306' title='bbox 496 4275 726 4347; x_wconf 81' lang='lat' dir='ltr'><strong>agendis</strong></span> <span class='ocrx_word' id='word_1_307' title='bbox 755 4275 920 4330; x_wconf 91' lang='lat' dir='ltr'><strong>rebus</strong></span> <span class='ocrx_word' id='word_1_308' title='bbox 955 4274 1172 4330; x_wconf 86' lang='lat' dir='ltr'><strong>institit.</strong></span> 
     </span>
    </p>
   </div>
   <div class='ocr_carea' id='block_1_47' title="bbox 175 4364 1381 4437">
    <p class='ocr_par' dir='ltr' id='par_1_47' title="bbox 175 4364 1381 4437">
     <span class='ocr_line' id='line_1_47' title="bbox 175 4364 1381 4437; baseline 0.003 -19"><span class='ocrx_word' id='word_1_309' title='bbox 175 4368 191 4394; x_wconf 69' lang='grc' dir='ltr'><strong>ε</strong></span> <span class='ocrx_word' id='word_1_310' title='bbox 218 4367 466 4435; x_wconf 90' lang='lat' dir='ltr'><strong>presules</strong></span> <span class='ocrx_word' id='word_1_311' title='bbox 488 4367 581 4422; x_wconf 84' lang='lat' dir='ltr'><strong>vel</strong></span> <span class='ocrx_word' id='word_1_312' title='bbox 621 4366 896 4437; x_wconf 89' lang='lat' dir='ltr'><strong>principes</strong></span> <span class='ocrx_word' id='word_1_313' title='bbox 908 4365 1025 4437; x_wconf 68' lang='lat' dir='ltr'><strong>sibi</strong></span> <span class='ocrx_word' id='word_1_314' title='bbox 1050 4364 1292 4437; x_wconf 92' lang='lat' dir='ltr'><strong>fautores</strong></span> <span class='ocrx_word' id='word_1_315' title='bbox 1318 4364 1381 4421; x_wconf 87' lang='lat' dir='ltr'><strong>C.</strong></span> 
     </span>
    </p>
   </div>
   <div class='ocr_carea' id='block_1_48' title="bbox 174 4434 1635 4561">
    <p class='ocr_par' dir='ltr' id='par_1_48' title="bbox 174 4434 1635 4561">
     <span class='ocr_line' id='line_1_48' title="bbox 174 4434 1635 4561; baseline 0.003 -75"><span class='ocrx_word' id='word_1_316' title='bbox 174 4434 303 4517; x_wconf 66' lang='lat' dir='ltr'><strong>&quot;ut</strong></span> <span class='ocrx_word' id='word_1_317' title='bbox 338 4437 523 4561; x_wconf 80' lang='lat' dir='ltr'><strong>laiunt</strong></span> <span class='ocrx_word' id='word_1_318' title='bbox 574 4434 725 4491; x_wconf 83' lang='lat' dir='ltr'><strong>addit</strong></span> <span class='ocrx_word' id='word_1_319' title='bbox 775 4434 840 4490; x_wconf 59' lang='lat' dir='ltr'><strong>A&#39;.</strong></span> <span class='ocrx_word' id='word_1_320' title='bbox 896 4434 1239 4490; x_wconf 78' lang='lat' dir='ltr'><strong>Ekkehardus</strong></span> <span class='ocrx_word' id='word_1_321' title='bbox 1282 4438 1392 4506; x_wconf 84' lang='lat' dir='ltr'><strong>ipse</strong></span> <span class='ocrx_word' id='word_1_322' title='bbox 1446 4436 1635 4492; x_wconf 77' lang='lat' dir='ltr'><strong>delevit</strong></span> 
     </span>
     <span class='ocr_line' id='line_1_49' title="bbox 247 4523 388 4561; baseline 0.021 -3"><span class='ocrx_word' id='word_1_323' title='bbox 247 4523 304 4559; x_wconf 83' lang='grc' dir='ltr'>ιη</span> <span class='ocrx_word' id='word_1_324' title='bbox 373 4547 388 4561; x_wconf 94' lang='grc'>.</span> 
     </span>
    </p>
   </div>
   <div class='ocr_carea' id='block_1_49' title="bbox 247 4523 388 4561">
    <p class='ocr_par' dir='ltr' id='par_1_49' title="bbox 247 4523 388 4561">
     <span class='ocr_line' id='line_1_50' title="bbox 247 4523 388 4561; baseline 0.021 -3"><span class='ocrx_word' id='word_1_325' title='bbox 247 4523 304 4559; x_wconf 83' lang='grc' dir='ltr'>ιη</span> <span class='ocrx_word' id='word_1_326' title='bbox 338 4523 388 4561; x_wconf 92' lang='grc' dir='ltr'><strong>ι.</strong></span> 
     </span>
    </p>
   </div>
   <div class='ocr_carea' id='block_1_50' title="bbox 112 4593 1633 4668">
    <p class='ocr_par' dir='ltr' id='par_1_50' title="bbox 112 4593 1633 4668">
     <span class='ocr_line' id='line_1_51' title="bbox 112 4593 1633 4668; baseline 0.006 -24"><span class='ocrx_word' id='word_1_327' title='bbox 112 4593 186 4648; x_wconf 85' lang='grc'><strong>17.</strong></span> <span class='ocrx_word' id='word_1_328' title='bbox 209 4597 272 4652; x_wconf 77' lang='grc' dir='ltr'><strong>Α.</strong></span> <span class='ocrx_word' id='word_1_329' title='bbox 326 4597 391 4653; x_wconf 90' lang='lat' dir='ltr'><strong>D.</strong></span> <span class='ocrx_word' id='word_1_330' title='bbox 436 4598 601 4654; x_wconf 80' lang='grc'>1075.</span> <span class='ocrx_word' id='word_1_331' title='bbox 632 4597 793 4653; x_wconf 85' lang='lat' dir='ltr'><strong>Anno</strong></span> <span class='ocrx_word' id='word_1_332' title='bbox 830 4601 846 4619; x_wconf 81' lang='grc'>⁶</span> <span class='ocrx_word' id='word_1_333' title='bbox 870 4597 1216 4654; x_wconf 86' lang='lat' dir='ltr'><strong>Coloniensis</strong></span> <span class='ocrx_word' id='word_1_334' title='bbox 1261 4597 1550 4668; x_wconf 82' lang='lat' dir='ltr'><strong>cpiscopus</strong></span> <span class='ocrx_word' id='word_1_335' title='bbox 1579 4607 1633 4653; x_wconf 91' lang='lat' dir='ltr'><strong>et</strong></span> 
     </span>
    </p>
   </div>
   <div class='ocr_carea' id='block_1_51' title="bbox 54 4678 1630 4760">
    <p class='ocr_par' dir='ltr' id='par_1_51' title="bbox 54 4678 1630 4760">
     <span class='ocr_line' id='line_1_52' title="bbox 54 4678 1630 4760; baseline 0.004 -24"><span class='ocrx_word' id='word_1_336' title='bbox 54 4678 399 4755; x_wconf 75' lang='lat' dir='ltr'><strong>llerimannus</strong></span> <span class='ocrx_word' id='word_1_337' title='bbox 462 4688 934 4760; x_wconf 79' lang='lat' dir='ltr'><strong>Babenbergensis</strong></span> <span class='ocrx_word' id='word_1_338' title='bbox 1004 4687 1235 4743; x_wconf 78' lang='lat' dir='ltr'><strong>Romam</strong></span> <span class='ocrx_word' id='word_1_339' title='bbox 1281 4688 1437 4743; x_wconf 78' lang='lat' dir='ltr'><strong>missi</strong></span> <span class='ocrx_word' id='word_1_340' title='bbox 1481 4700 1630 4754; x_wconf 83' lang='lat' dir='ltr'><strong>sunt,</strong></span> 
     </span>
    </p>
   </div>
   <div class='ocr_carea' id='block_1_52' title="bbox 50 4777 1629 4851">
    <p class='ocr_par' dir='ltr' id='par_1_52' title="bbox 50 4777 1629 4851">
     <span class='ocr_line' id='line_1_53' title="bbox 50 4777 1629 4851; baseline 0.001 -23"><span class='ocrx_word' id='word_1_341' title='bbox 50 4779 312 4840; x_wconf 86' lang='lat' dir='ltr'><strong>pecuniam</strong></span> <span class='ocrx_word' id='word_1_342' title='bbox 337 4795 469 4851; x_wconf 60' lang='lat' dir='ltr'><strong>qua).</strong></span> <span class='ocrx_word' id='word_1_343' title='bbox 511 4780 627 4851; x_wconf 81' lang='lat' dir='ltr'><strong>regi</strong></span> <span class='ocrx_word' id='word_1_344' title='bbox 670 4779 970 4835; x_wconf 89' lang='lat' dir='ltr'><strong>debebatur</strong></span> <span class='ocrx_word' id='word_1_345' title='bbox 1021 4778 1385 4848; x_wconf 83' lang='lat' dir='ltr'><strong>congregandi</strong></span> <span class='ocrx_word' id='word_1_346' title='bbox 1433 4777 1629 4848; x_wconf 82' lang='lat' dir='ltr'><strong>gratia.</strong></span> 
     </span>
    </p>
   </div>
   <div class='ocr_carea' id='block_1_53' title="bbox 49 4864 1632 4942">
    <p class='ocr_par' dir='ltr' id='par_1_53' title="bbox 49 4864 1632 4942">
     <span class='ocr_line' id='line_1_54' title="bbox 49 4864 1632 4942; baseline 0.002 -23"><span class='ocrx_word' id='word_1_347' title='bbox 49 4864 138 4928; x_wconf 81' lang='lat' dir='ltr'><strong>Qui</strong></span> <span class='ocrx_word' id='word_1_348' title='bbox 154 4866 425 4940; x_wconf 79' lang='lat' dir='ltr'><strong>legatione</strong></span> <span class='ocrx_word' id='word_1_349' title='bbox 491 4879 712 4942; x_wconf 88' lang='lat' dir='ltr'><strong>peracta</strong></span> <span class='ocrx_word' id='word_1_350' title='bbox 770 4868 996 4935; x_wconf 89' lang='lat' dir='ltr'><strong>reversi,</strong></span> <span class='ocrx_word' id='word_1_351' title='bbox 1060 4868 1270 4924; x_wconf 89' lang='lat' dir='ltr'><strong>litteras</strong></span> <span class='ocrx_word' id='word_1_352' title='bbox 1337 4867 1632 4923; x_wconf 79' lang='lat' dir='ltr'><strong>Alexandri</strong></span> 
     </span>
    </p>
   </div>
   <div class='ocr_carea' id='block_1_54' title="bbox 47 4959 1632 5035">
    <p class='ocr_par' dir='ltr' id='par_1_54' title="bbox 47 4959 1632 5035">
     <span class='ocr_line' id='line_1_55' title="bbox 47 4959 1632 5035; baseline -0.001 -22"><span class='ocrx_word' id='word_1_353' title='bbox 47 4963 311 5027; x_wconf 80' lang='lat' dir='ltr'><strong>apostolici</strong></span> <span class='ocrx_word' id='word_1_354' title='bbox 352 4962 517 5035; x_wconf 66' lang='lat'><strong>(245)</strong></span> <span class='ocrx_word' id='word_1_355' title='bbox 560 4963 888 5028; x_wconf 86' lang='lat' dir='ltr'><strong>detulerunt,</strong></span> <span class='ocrx_word' id='word_1_356' title='bbox 922 4975 1106 5033; x_wconf 84' lang='lat' dir='ltr'><strong>regem</strong></span> <span class='ocrx_word' id='word_1_357' title='bbox 1152 4969 1409 5014; x_wconf 63' lang='lat' dir='ltr'><strong>vocantes</strong></span> <span class='ocrx_word' id='word_1_358' title='bbox 1448 4959 1514 5013; x_wconf 79' lang='lat' dir='ltr'><strong>ad</strong></span> <span class='ocrx_word' id='word_1_359' title='bbox 1544 4974 1632 5013; x_wconf 86' lang='lat' dir='ltr'><strong>sa-</strong></span> 
     </span>
    </p>
   </div>
   <div class='ocr_carea' id='block_1_55' title="bbox 49 5050 1624 5127">
    <p class='ocr_par' dir='ltr' id='par_1_55' title="bbox 49 5050 1624 5127">
     <span class='ocr_line' id='line_1_56' title="bbox 49 5050 1624 5127; baseline 0.001 -25"><span class='ocrx_word' id='word_1_360' title='bbox 49 5051 416 5114; x_wconf 78' lang='lat' dir='ltr'><strong>tisfaciendum</strong></span> <span class='ocrx_word' id='word_1_361' title='bbox 439 5071 547 5126; x_wconf 88' lang='lat' dir='ltr'><strong>pro</strong></span> <span class='ocrx_word' id='word_1_362' title='bbox 569 5055 883 5127; x_wconf 84' lang='lat' dir='ltr'><strong>symoniaca</strong></span> <span class='ocrx_word' id='word_1_363' title='bbox 910 5053 1091 5109; x_wconf 91' lang='lat' dir='ltr'><strong>heresi</strong></span> <span class='ocrx_word' id='word_1_364' title='bbox 1122 5052 1356 5122; x_wconf 89' lang='lat' dir='ltr'><strong>aliisque</strong></span> <span class='ocrx_word' id='word_1_365' title='bbox 1385 5050 1624 5106; x_wconf 88' lang='lat' dir='ltr'><strong>nonnul-</strong></span> 
     </span>
    </p>
   </div>
   <div class='ocr_carea' id='block_1_56' title="bbox 1662 4537 1710 4597">
    <p class='ocr_par' dir='ltr' id='par_1_56' title="bbox 1662 4537 1710 4597">
     <span class='ocr_line' id='line_1_57' title="bbox 1662 4537 1710 4597; baseline 0 0"><span class='ocrx_word' id='word_1_366' title='bbox 1662 4537 1710 4597; x_wconf 90' lang='lat' dir='ltr'><strong>D</strong></span> 
     </span>
    </p>
   </div>
   <div class='ocr_carea' id='block_1_57' title="bbox 1754 556 3324 637">
    <p class='ocr_par' dir='ltr' id='par_1_57' title="bbox 1754 556 3324 637">
     <span class='ocr_line' id='line_1_58' title="bbox 1754 556 3324 637; baseline 0.009 -29"><span class='ocrx_word' id='word_1_367' title='bbox 1754 563 1877 610; x_wconf 90' lang='lat' dir='ltr'><strong>rant</strong></span> <span class='ocrx_word' id='word_1_368' title='bbox 1899 556 2102 612; x_wconf 86' lang='lat' dir='ltr'><strong>audita.</strong></span> <span class='ocrx_word' id='word_1_369' title='bbox 2142 556 2273 612; x_wconf 88' lang='lat' dir='ltr'><strong>Post</strong></span> <span class='ocrx_word' id='word_1_370' title='bbox 2312 558 2427 613; x_wconf 78' lang='lat' dir='ltr'><strong>hch</strong></span> <span class='ocrx_word' id='word_1_371' title='bbox 2471 556 2716 614; x_wconf 81' lang='lat' dir='ltr'><strong>Saxones</strong></span> <span class='ocrx_word' id='word_1_372' title='bbox 2741 561 3003 631; x_wconf 85' lang='lat' dir='ltr'><strong>adjiciunt</strong></span> <span class='ocrx_word' id='word_1_373' title='bbox 3023 565 3186 621; x_wconf 89' lang='lat' dir='ltr'><strong>etiam</strong></span> <span class='ocrx_word' id='word_1_374' title='bbox 3219 582 3324 637; x_wconf 32' lang='lat' dir='ltr'><strong>pre,</strong></span> 
     </span>
    </p>
   </div>
   <div class='ocr_carea' id='block_1_58' title="bbox 1753 648 3316 728">
    <p class='ocr_par' dir='ltr' id='par_1_58' title="bbox 1753 648 3316 728">
     <span class='ocr_line' id='line_1_59' title="bbox 1753 648 3316 728; baseline 0.006 -24"><span class='ocrx_word' id='word_1_375' title='bbox 1753 648 1893 704; x_wconf 86' lang='lat' dir='ltr'><strong>sidia</strong></span> <span class='ocrx_word' id='word_1_376' title='bbox 1930 651 2099 705; x_wconf 88' lang='lat' dir='ltr'><strong>multa</strong></span> <span class='ocrx_word' id='word_1_377' title='bbox 2146 659 2464 707; x_wconf 86' lang='lat' dir='ltr'><strong>construere</strong></span> <span class='ocrx_word' id='word_1_378' title='bbox 2508 680 2579 691; x_wconf 85' lang='lat'><strong>--</strong></span> <span class='ocrx_word' id='word_1_379' title='bbox 2619 651 2850 707; x_wconf 87' lang='lat' dir='ltr'><strong>necdum</strong></span> <span class='ocrx_word' id='word_1_380' title='bbox 2880 655 3025 709; x_wconf 88' lang='lat' dir='ltr'><strong>enim</strong></span> <span class='ocrx_word' id='word_1_381' title='bbox 3083 658 3266 728; x_wconf 77' lang='lat' dir='ltr'><strong>plures</strong></span> <span class='ocrx_word' id='word_1_382' title='bbox 3299 665 3316 683; x_wconf 80' lang='grc'>⁶</span> 
     </span>
    </p>
   </div>
   <div class='ocr_carea' id='block_1_59' title="bbox 1752 740 3326 821">
    <p class='ocr_par' dir='ltr' id='par_1_59' title="bbox 1752 740 3326 821">
     <span class='ocr_line' id='line_1_60' title="bbox 1752 740 3326 821; baseline 0.006 -25"><span class='ocrx_word' id='word_1_383' title='bbox 1752 740 1985 796; x_wconf 86' lang='lat' dir='ltr'><strong>habebat</strong></span> <span class='ocrx_word' id='word_1_384' title='bbox 2031 742 2265 797; x_wconf 77' lang='lat' dir='ltr'><strong>Saxonia</strong></span> <span class='ocrx_word' id='word_1_385' title='bbox 2315 742 2406 774; x_wconf 71' lang='lat'><strong>&quot;9‘</strong></span> <span class='ocrx_word' id='word_1_386' title='bbox 2460 741 2793 801; x_wconf 89' lang='lat' dir='ltr'><strong>munitiones</strong></span> <span class='ocrx_word' id='word_1_387' title='bbox 2829 744 3326 821; x_wconf 59' lang='lat' dir='ltr'><strong>(246)—,insupet</strong></span> 
     </span>
    </p>
   </div>
   <div class='ocr_carea' id='block_1_60' title="bbox 1751 832 3311 904">
    <p class='ocr_par' dir='ltr' id='par_1_60' title="bbox 1751 832 3311 904">
     <span class='ocr_line' id='line_1_61' title="bbox 1751 832 3311 904; baseline 0.005 -15"><span class='ocrx_word' id='word_1_388' title='bbox 1751 832 1993 901; x_wconf 90' lang='lat' dir='ltr'><strong>castella,</strong></span> <span class='ocrx_word' id='word_1_389' title='bbox 2010 849 2132 904; x_wconf 61' lang='lat' dir='ltr'><strong>quae</strong></span> <span class='ocrx_word' id='word_1_390' title='bbox 2152 850 2246 889; x_wconf 83' lang='lat' dir='ltr'><strong>rex</strong></span> <span class='ocrx_word' id='word_1_391' title='bbox 2272 833 2476 889; x_wconf 91' lang='lat' dir='ltr'><strong>dudum</strong></span> <span class='ocrx_word' id='word_1_392' title='bbox 2507 835 2886 903; x_wconf 80' lang='lat' dir='ltr'><strong>:edificaverat,</strong></span> <span class='ocrx_word' id='word_1_393' title='bbox 2915 836 3160 894; x_wconf 71' lang='lat' dir='ltr'><strong>fonditus</strong></span> <span class='ocrx_word' id='word_1_394' title='bbox 3183 858 3311 897; x_wconf 85' lang='lat' dir='ltr'><strong>ever</strong></span> 
     </span>
    </p>
   </div>
   <div class='ocr_carea' id='block_1_61' title="bbox 1752 922 3317 1000">
    <p class='ocr_par' dir='ltr' id='par_1_61' title="bbox 1752 922 3317 1000">
     <span class='ocr_line' id='line_1_62' title="bbox 1752 922 3317 1000; baseline 0.005 -23"><span class='ocrx_word' id='word_1_395' title='bbox 1752 929 1900 988; x_wconf 90' lang='lat' dir='ltr'><strong>tunt;</strong></span> <span class='ocrx_word' id='word_1_396' title='bbox 1926 922 2067 977; x_wconf 88' lang='lat' dir='ltr'><strong>inter</strong></span> <span class='ocrx_word' id='word_1_397' title='bbox 2101 938 2223 993; x_wconf 69' lang='lat' dir='ltr'><strong>qua:</strong></span> <span class='ocrx_word' id='word_1_398' title='bbox 2250 923 2569 994; x_wconf 89' lang='lat' dir='ltr'><strong>precipuum</strong></span> <span class='ocrx_word' id='word_1_399' title='bbox 2593 924 2724 980; x_wconf 88' lang='lat' dir='ltr'><strong>iliud</strong></span> <span class='ocrx_word' id='word_1_400' title='bbox 2746 936 2986 982; x_wconf 90' lang='lat' dir='ltr'><strong>castrum</strong></span> <span class='ocrx_word' id='word_1_401' title='bbox 3018 929 3164 1000; x_wconf 87' lang='lat' dir='ltr'><strong>quod</strong></span> <span class='ocrx_word' id='word_1_402' title='bbox 3198 930 3317 987; x_wconf 82' lang='lat' dir='ltr'><strong>[lar-</strong></span> 
     </span>
    </p>
   </div>
   <div class='ocr_carea' id='block_1_62' title="bbox 1749 1014 3308 1087">
    <p class='ocr_par' dir='ltr' id='par_1_62' title="bbox 1749 1014 3308 1087">
     <span class='ocr_line' id='line_1_63' title="bbox 1749 1014 3308 1087; baseline 0.004 -18"><span class='ocrx_word' id='word_1_403' title='bbox 1749 1015 1980 1087; x_wconf 86' lang='lat' dir='ltr'><strong>cesburg</strong></span> <span class='ocrx_word' id='word_1_404' title='bbox 2005 1014 2095 1047; x_wconf 70' lang='grc'><strong>³⁸⁸⁵</strong></span> <span class='ocrx_word' id='word_1_405' title='bbox 2121 1014 2404 1070; x_wconf 85' lang='lat' dir='ltr'><strong>dicebatur</strong></span> <span class='ocrx_word' id='word_1_406' title='bbox 2423 1015 2665 1084; x_wconf 77' lang='lat' dir='ltr'><strong>diruunt,</strong></span> <span class='ocrx_word' id='word_1_407' title='bbox 2682 1018 3079 1073; x_wconf 84' lang='lat' dir='ltr'><strong>monasterium</strong></span> <span class='ocrx_word' id='word_1_408' title='bbox 3105 1027 3160 1074; x_wconf 91' lang='lat' dir='ltr'><strong>et</strong></span> <span class='ocrx_word' id='word_1_409' title='bbox 3187 1021 3308 1076; x_wconf 87' lang='lat' dir='ltr'><strong>clau</strong></span> 
     </span>
    </p>
   </div>
   <div class='ocr_carea' id='block_1_63' title="bbox 1750 1102 3328 1177">
    <p class='ocr_par' dir='ltr' id='par_1_63' title="bbox 1750 1102 3328 1177">
     <span class='ocr_line' id='line_1_64' title="bbox 1750 1102 3328 1177; baseline 0.003 -15"><span class='ocrx_word' id='word_1_410' title='bbox 1750 1115 1925 1162; x_wconf 86' lang='lat' dir='ltr'><strong>strnm</strong></span> <span class='ocrx_word' id='word_1_411' title='bbox 1957 1106 2349 1164; x_wconf 87' lang='lat' dir='ltr'><strong>canonicorum</strong></span> <span class='ocrx_word' id='word_1_412' title='bbox 2392 1102 2539 1177; x_wconf 85' lang='lat' dir='ltr'><strong>quod</strong></span> <span class='ocrx_word' id='word_1_413' title='bbox 2582 1108 2657 1162; x_wconf 91' lang='lat' dir='ltr'><strong>ibi</strong></span> <span class='ocrx_word' id='word_1_414' title='bbox 2685 1117 2819 1177; x_wconf 87' lang='lat' dir='ltr'><strong>erat,</strong></span> <span class='ocrx_word' id='word_1_415' title='bbox 2872 1110 3039 1165; x_wconf 88' lang='lat' dir='ltr'><strong>multa</strong></span> <span class='ocrx_word' id='word_1_416' title='bbox 3092 1109 3328 1165; x_wconf 52' lang='lat' dir='ltr'><strong>furentes</strong></span> 
     </span>
    </p>
   </div>
   <div class='ocr_carea' id='block_1_64' title="bbox 1749 1198 3334 1271">
    <p class='ocr_par' dir='ltr' id='par_1_64' title="bbox 1749 1198 3334 1271">
     <span class='ocr_line' id='line_1_65' title="bbox 1749 1198 3334 1271; baseline 0 -17"><span class='ocrx_word' id='word_1_417' title='bbox 1749 1198 1997 1266; x_wconf 83' lang='lat' dir='ltr'><strong>audacia,</strong></span> <span class='ocrx_word' id='word_1_418' title='bbox 2022 1199 2140 1255; x_wconf 91' lang='lat' dir='ltr'><strong>solo</strong></span> <span class='ocrx_word' id='word_1_419' title='bbox 2155 1207 2314 1254; x_wconf 89' lang='lat' dir='ltr'><strong>tenus</strong></span> <span class='ocrx_word' id='word_1_420' title='bbox 2337 1199 2628 1269; x_wconf 89' lang='lat' dir='ltr'><strong>dejiciunt;</strong></span> <span class='ocrx_word' id='word_1_421' title='bbox 2654 1209 2707 1255; x_wconf 87' lang='lat' dir='ltr'><strong>et</strong></span> <span class='ocrx_word' id='word_1_422' title='bbox 2731 1202 2877 1271; x_wconf 89' lang='lat' dir='ltr'><strong>quod</strong></span> <span class='ocrx_word' id='word_1_423' title='bbox 2896 1202 3043 1257; x_wconf 90' lang='lat' dir='ltr'><strong>dictu</strong></span> <span class='ocrx_word' id='word_1_424' title='bbox 3060 1201 3212 1257; x_wconf 82' lang='lat' dir='ltr'><strong>nefas</strong></span> <span class='ocrx_word' id='word_1_425' title='bbox 3232 1212 3334 1266; x_wconf 76' lang='lat' dir='ltr'><strong>est,</strong></span> 
     </span>
    </p>
   </div>
   <div class='ocr_carea' id='block_1_65' title="bbox 1748 1290 3333 1362">
    <p class='ocr_par' dir='ltr' id='par_1_65' title="bbox 1748 1290 3333 1362">
     <span class='ocr_line' id='line_1_66' title="bbox 1748 1290 3333 1362; baseline -0.001 -16"><span class='ocrx_word' id='word_1_426' title='bbox 1748 1292 2057 1348; x_wconf 83' lang='lat' dir='ltr'><strong>innocentis</strong></span> <span class='ocrx_word' id='word_1_427' title='bbox 2098 1290 2385 1361; x_wconf 87' lang='lat' dir='ltr'><strong>cujusdam</strong></span> <span class='ocrx_word' id='word_1_428' title='bbox 2433 1290 2529 1345; x_wconf 86' lang='lat' dir='ltr'><strong>tilii</strong></span> <span class='ocrx_word' id='word_1_429' title='bbox 2579 1292 2949 1362; x_wconf 70' lang='lat' dir='ltr'><strong>regis&#39;ibidem</strong></span> <span class='ocrx_word' id='word_1_430' title='bbox 2979 1293 3175 1362; x_wconf 86' lang='lat' dir='ltr'><strong>sepulti</strong></span> <span class='ocrx_word' id='word_1_431' title='bbox 3207 1308 3333 1347; x_wconf 66' lang='lat' dir='ltr'><strong>ossa</strong></span> 
     </span>
    </p>
   </div>
   <div class='ocr_carea' id='block_1_66' title="bbox 1747 1380 3188 1454">
    <p class='ocr_par' dir='ltr' id='par_1_66' title="bbox 1747 1380 3188 1454">
     <span class='ocr_line' id='line_1_67' title="bbox 1747 1380 3188 1454; baseline 0.001 -18"><span class='ocrx_word' id='word_1_432' title='bbox 1747 1381 1802 1436; x_wconf 90' lang='lat' dir='ltr'><strong>in</strong></span> <span class='ocrx_word' id='word_1_433' title='bbox 1830 1381 2214 1438; x_wconf 86' lang='lat' dir='ltr'><strong>contumeliam</strong></span> <span class='ocrx_word' id='word_1_434' title='bbox 2238 1380 2408 1451; x_wconf 83' lang='lat' dir='ltr'><strong>patris</strong></span> <span class='ocrx_word' id='word_1_435' title='bbox 2430 1380 2494 1434; x_wconf 89' lang='lat' dir='ltr'><strong>de</strong></span> <span class='ocrx_word' id='word_1_436' title='bbox 2516 1382 2766 1450; x_wconf 80' lang='lat' dir='ltr'><strong>sepulcro</strong></span> <span class='ocrx_word' id='word_1_437' title='bbox 2794 1383 3107 1454; x_wconf 77' lang='lat' dir='ltr'><strong>projiciunt,</strong></span> <span class='ocrx_word' id='word_1_438' title='bbox 3126 1384 3188 1405; x_wconf 81' lang='lat'><strong>&#39;“</strong></span> 
     </span>
    </p>
   </div>
   <div class='ocr_carea' id='block_1_67' title="bbox 1888 1473 2693 1529">
    <p class='ocr_par' dir='ltr' id='par_1_67' title="bbox 1888 1473 2693 1529">
     <span class='ocr_line' id='line_1_68' title="bbox 1888 1473 2693 1529; baseline -0.001 -2"><span class='ocrx_word' id='word_1_439' title='bbox 1888 1477 1906 1497; x_wconf 80' lang='grc'><em>⁰</em></span> <span class='ocrx_word' id='word_1_440' title='bbox 1935 1473 2095 1529; x_wconf 80' lang='grc' dir='ltr'><strong>Ληιιο</strong></span> <span class='ocrx_word' id='word_1_441' title='bbox 2115 1504 2185 1513; x_wconf 94' lang='grc'><strong><em>-</em></strong></span> <span class='ocrx_word' id='word_1_442' title='bbox 2211 1473 2395 1528; x_wconf 68' lang='lat' dir='ltr'><strong>audita</strong></span> <span class='ocrx_word' id='word_1_443' title='bbox 2415 1473 2603 1527; x_wconf 80' lang='lat' dir='ltr'><strong>desunt</strong></span> <span class='ocrx_word' id='word_1_444' title='bbox 2631 1474 2693 1527; x_wconf 62' lang='grc' dir='ltr'><strong>(ἐ.</strong></span> 
     </span>
    </p>
   </div>
   <div class='ocr_carea' id='block_1_68' title="bbox 1889 1544 2176 1598">
    <p class='ocr_par' dir='ltr' id='par_1_68' title="bbox 1889 1544 2176 1598">
     <span class='ocr_line' id='line_1_69' title="bbox 1889 1544 2176 1598; baseline 0.01 -3"><span class='ocrx_word' id='word_1_445' title='bbox 1889 1548 1929 1571; x_wconf 81' lang='grc'>”</span> <span class='ocrx_word' id='word_1_446' title='bbox 1952 1545 2092 1598; x_wconf 82' lang='lat' dir='ltr'><strong>deest</strong></span> <span class='ocrx_word' id='word_1_447' title='bbox 2114 1544 2176 1598; x_wconf 72' lang='lat'><strong>(2.</strong></span> 
     </span>
    </p>
   </div>
   <div class='ocr_carea' id='block_1_69' title="bbox 1886 1612 3327 1755">
    <p class='ocr_par' dir='ltr' id='par_1_69' title="bbox 1886 1612 3327 1755">
     <span class='ocr_line' id='line_1_70' title="bbox 1886 1612 3327 1739; baseline 0 -71"><span class='ocrx_word' id='word_1_448' title='bbox 1886 1614 2034 1739; x_wconf 85' lang='lat'><strong>&#39;“</strong></span> <span class='ocrx_word' id='word_1_449' title='bbox 2069 1614 2221 1738; x_wconf 42' lang='lat' dir='ltr'><strong>iddit</strong></span> <span class='ocrx_word' id='word_1_450' title='bbox 2243 1628 2261 1667; x_wconf 93' lang='lat'><strong><em>:</em></strong></span> <span class='ocrx_word' id='word_1_451' title='bbox 2287 1613 2512 1669; x_wconf 87' lang='lat' dir='ltr'><strong>Duobus</strong></span> <span class='ocrx_word' id='word_1_452' title='bbox 2552 1612 2813 1669; x_wconf 82' lang='lat' dir='ltr'><strong>fratribus</strong></span> <span class='ocrx_word' id='word_1_453' title='bbox 2842 1646 2911 1656; x_wconf 89' lang='lat'><strong>—</strong></span> <span class='ocrx_word' id='word_1_454' title='bbox 2955 1615 3241 1684; x_wconf 85' lang='lat' dir='ltr'><strong>acquirere</strong></span> <span class='ocrx_word' id='word_1_455' title='bbox 3262 1632 3327 1669; x_wconf 68' lang='lat' dir='ltr'><strong>ea:</strong></span> 
     </span>
     <span class='ocr_line' id='line_1_71' title="bbox 2000 1702 3104 1755; baseline 0.004 -18"><span class='ocrx_word' id='word_1_456' title='bbox 2000 1702 2078 1755; x_wconf 80' lang='lat' dir='ltr'><strong>tge</strong></span> <span class='ocrx_word' id='word_1_457' title='bbox 2117 1724 2132 1739; x_wconf 96' lang='lat'><strong>.</strong></span> <span class='ocrx_word' id='word_1_458' title='bbox 3101 1716 3104 1723; x_wconf 62' lang='grc' dir='ltr'>λ</span> 
     </span>
    </p>
   </div>
   <div class='ocr_carea' id='block_1_70' title="bbox 1673 1781 3328 1863">
    <p class='ocr_par' dir='ltr' id='par_1_70' title="bbox 1673 1781 3328 1863">
     <span class='ocr_line' id='line_1_72' title="bbox 1673 1781 3328 1863; baseline -0.002 -22"><span class='ocrx_word' id='word_1_459' title='bbox 1673 1804 1716 1863; x_wconf 76' lang='grc' dir='ltr'><strong>η</strong></span> <span class='ocrx_word' id='word_1_460' title='bbox 1818 1785 1903 1840; x_wconf 88' lang='grc'>18.</span> <span class='ocrx_word' id='word_1_461' title='bbox 1933 1784 1998 1838; x_wconf 71' lang='grc' dir='ltr'>Α.</span> <span class='ocrx_word' id='word_1_462' title='bbox 2024 1783 2085 1839; x_wconf 88' lang='grc' dir='ltr'><strong>ι).</strong></span> <span class='ocrx_word' id='word_1_463' title='bbox 2115 1783 2271 1838; x_wconf 67' lang='grc'>1074.</span> <span class='ocrx_word' id='word_1_464' title='bbox 2303 1781 2482 1837; x_wconf 73' lang='lat' dir='ltr'><strong>Beata:</strong></span> <span class='ocrx_word' id='word_1_465' title='bbox 2504 1785 2521 1803; x_wconf 78' lang='grc'>⁴</span> <span class='ocrx_word' id='word_1_466' title='bbox 2552 1783 2829 1839; x_wconf 61' lang='lat' dir='ltr'><strong>memoriae</strong></span> <span class='ocrx_word' id='word_1_467' title='bbox 2859 1781 3167 1838; x_wconf 81' lang='lat' dir='ltr'><strong>Alexandro</strong></span> <span class='ocrx_word' id='word_1_468' title='bbox 3192 1800 3328 1854; x_wconf 86' lang='lat' dir='ltr'><strong>papa</strong></span> 
     </span>
    </p>
   </div>
   <div class='ocr_carea' id='block_1_71' title="bbox 1740 1871 3328 1956">
    <p class='ocr_par' dir='ltr' id='par_1_71' title="bbox 1740 1871 3328 1956">
     <span class='ocr_line' id='line_1_73' title="bbox 1740 1871 3328 1956; baseline -0.003 -22"><span class='ocrx_word' id='word_1_469' title='bbox 1740 1877 2001 1935; x_wconf 84' lang='lat' dir='ltr'><strong>defuncto</strong></span> <span class='ocrx_word' id='word_1_470' title='bbox 2023 1876 2194 1949; x_wconf 66' lang='grc'>(247),</span> <span class='ocrx_word' id='word_1_471' title='bbox 2222 1871 2626 1941; x_wconf 71' lang='lat' dir='ltr'><strong>lliltebraudus,</strong></span> <span class='ocrx_word' id='word_1_472' title='bbox 2648 1875 2741 1944; x_wconf 90' lang='lat' dir='ltr'><strong>qui</strong></span> <span class='ocrx_word' id='word_1_473' title='bbox 2763 1884 2949 1944; x_wconf 87' lang='lat' dir='ltr'><strong>postea</strong></span> <span class='ocrx_word' id='word_1_474' title='bbox 2975 1874 3270 1956; x_wconf 63' lang='lat' dir='ltr'><strong>Gregorius</strong></span> <span class='ocrx_word' id='word_1_475' title='bbox 3288 1878 3328 1896; x_wconf 83' lang='lat'><strong>&quot;</strong></span> 
     </span>
    </p>
   </div>
   <div class='ocr_carea' id='block_1_72' title="bbox 1736 1968 3325 2039">
    <p class='ocr_par' dir='ltr' id='par_1_72' title="bbox 1736 1968 3325 2039">
     <span class='ocr_line' id='line_1_74' title="bbox 1736 1968 3325 2039; baseline -0.003 -13"><span class='ocrx_word' id='word_1_476' title='bbox 1736 1971 1918 2026; x_wconf 88' lang='lat' dir='ltr'><strong>dictus</strong></span> <span class='ocrx_word' id='word_1_477' title='bbox 1944 1979 2048 2036; x_wconf 90' lang='lat' dir='ltr'><strong>est,</strong></span> <span class='ocrx_word' id='word_1_478' title='bbox 2094 1968 2433 2039; x_wconf 81' lang='lat' dir='ltr'><strong>professione</strong></span> <span class='ocrx_word' id='word_1_479' title='bbox 2458 1968 2764 2023; x_wconf 86' lang='lat' dir='ltr'><strong>monachus</strong></span> <span class='ocrx_word' id='word_1_480' title='bbox 2797 1975 2852 2022; x_wconf 92' lang='lat' dir='ltr'><strong>et</strong></span> <span class='ocrx_word' id='word_1_481' title='bbox 2886 1968 3325 2033; x_wconf 84' lang='lat' dir='ltr'><strong>archidiaconus,</strong></span> 
     </span>
    </p>
   </div>
   <div class='ocr_carea' id='block_1_73' title="bbox 1736 2061 3328 2133">
    <p class='ocr_par' dir='ltr' id='par_1_73' title="bbox 1736 2061 3328 2133">
     <span class='ocr_line' id='line_1_75' title="bbox 1736 2061 3328 2133; baseline -0.004 -11"><span class='ocrx_word' id='word_1_482' title='bbox 1736 2066 1999 2122; x_wconf 69' lang='lat' dir='ltr'><strong>Romana:</strong></span> <span class='ocrx_word' id='word_1_483' title='bbox 2032 2064 2146 2120; x_wconf 83' lang='lat' dir='ltr'><strong>sedi</strong></span> <span class='ocrx_word' id='word_1_484' title='bbox 2193 2064 2488 2130; x_wconf 87' lang='lat' dir='ltr'><strong>successit;</strong></span> <span class='ocrx_word' id='word_1_485' title='bbox 2521 2064 2625 2118; x_wconf 89' lang='lat' dir='ltr'><strong>sub</strong></span> <span class='ocrx_word' id='word_1_486' title='bbox 2664 2078 2776 2133; x_wconf 91' lang='lat' dir='ltr'><strong>quo</strong></span> <span class='ocrx_word' id='word_1_487' title='bbox 2811 2061 3058 2116; x_wconf 79' lang='lat' dir='ltr'><strong>Romana</strong></span> <span class='ocrx_word' id='word_1_488' title='bbox 3103 2077 3192 2117; x_wconf 89' lang='lat' dir='ltr'><strong>res</strong></span> <span class='ocrx_word' id='word_1_489' title='bbox 3228 2078 3328 2132; x_wconf 90' lang='lat' dir='ltr'><strong>pu-</strong></span> 
     </span>
    </p>
   </div>
   <div class='ocr_carea' id='block_1_74' title="bbox 1736 2146 3322 2218">
    <p class='ocr_par' dir='ltr' id='par_1_74' title="bbox 1736 2146 3322 2218">
     <span class='ocr_line' id='line_1_76' title="bbox 1736 2146 3322 2218; baseline -0.004 -1"><span class='ocrx_word' id='word_1_490' title='bbox 1736 2162 1876 2218; x_wconf 78' lang='lat' dir='ltr'><strong>blica</strong></span> <span class='ocrx_word' id='word_1_491' title='bbox 1902 2169 1956 2215; x_wconf 93' lang='lat' dir='ltr'><strong>et</strong></span> <span class='ocrx_word' id='word_1_492' title='bbox 1978 2161 2160 2216; x_wconf 87' lang='lat' dir='ltr'><strong>omnis</strong></span> <span class='ocrx_word' id='word_1_493' title='bbox 2180 2158 2425 2214; x_wconf 77' lang='lat' dir='ltr'><strong>:ccclesia</strong></span> <span class='ocrx_word' id='word_1_494' title='bbox 2452 2158 2610 2213; x_wconf 90' lang='lat' dir='ltr'><strong>novis</strong></span> <span class='ocrx_word' id='word_1_495' title='bbox 2639 2167 2693 2212; x_wconf 90' lang='lat' dir='ltr'><strong>et</strong></span> <span class='ocrx_word' id='word_1_496' title='bbox 2718 2156 2977 2212; x_wconf 90' lang='lat' dir='ltr'><strong>inauditis</strong></span> <span class='ocrx_word' id='word_1_497' title='bbox 3002 2146 3322 2211; x_wconf 70' lang='lat' dir='ltr'><strong>scismatuni</strong></span> 
     </span>
    </p>
   </div>
   <div class='ocr_carea' id='block_1_75' title="bbox 1735 2248 3325 2323">
    <p class='ocr_par' dir='ltr' id='par_1_75' title="bbox 1735 2248 3325 2323">
     <span class='ocr_line' id='line_1_77' title="bbox 1735 2248 3325 2323; baseline -0.003 -14"><span class='ocrx_word' id='word_1_498' title='bbox 1735 2252 2019 2309; x_wconf 87' lang='lat' dir='ltr'><strong>erroribus</strong></span> <span class='ocrx_word' id='word_1_499' title='bbox 2067 2250 2360 2323; x_wconf 87' lang='lat' dir='ltr'><strong>periclitari</strong></span> <span class='ocrx_word' id='word_1_500' title='bbox 2408 2250 2591 2320; x_wconf 69' lang='lat' dir='ltr'><strong>coepit.</strong></span> <span class='ocrx_word' id='word_1_501' title='bbox 2643 2248 2757 2316; x_wconf 87' lang='lat' dir='ltr'><strong>Qui</strong></span> <span class='ocrx_word' id='word_1_502' title='bbox 2788 2265 2914 2304; x_wconf 90' lang='lat' dir='ltr'><strong>cum</strong></span> <span class='ocrx_word' id='word_1_503' title='bbox 2942 2250 3147 2319; x_wconf 86' lang='lat' dir='ltr'><strong>absque</strong></span> <span class='ocrx_word' id='word_1_504' title='bbox 3182 2250 3325 2320; x_wconf 81' lang='lat' dir='ltr'><strong>regis</strong></span> 
     </span>
    </p>
   </div>
   <div class='ocr_carea' id='block_1_76' title="bbox 1736 2341 3326 2410">
    <p class='ocr_par' dir='ltr' id='par_1_76' title="bbox 1736 2341 3326 2410">
     <span class='ocr_line' id='line_1_78' title="bbox 1736 2341 3326 2410; baseline -0.003 -8"><span class='ocrx_word' id='word_1_505' title='bbox 1736 2360 2042 2410; x_wconf 86' lang='lat' dir='ltr'><strong>consensu,</strong></span> <span class='ocrx_word' id='word_1_506' title='bbox 2073 2345 2207 2399; x_wconf 91' lang='lat' dir='ltr'><strong>solis</strong></span> <span class='ocrx_word' id='word_1_507' title='bbox 2243 2346 2456 2399; x_wconf 66' lang='lat' dir='ltr'><strong>tantum</strong></span> <span class='ocrx_word' id='word_1_508' title='bbox 2497 2341 2762 2398; x_wconf 80' lang='lat' dir='ltr'><strong>Romanis</strong></span> <span class='ocrx_word' id='word_1_509' title='bbox 2793 2341 3135 2409; x_wconf 85' lang='lat' dir='ltr'><strong>faventibus,</strong></span> <span class='ocrx_word' id='word_1_510' title='bbox 3179 2342 3326 2397; x_wconf 85' lang='lat' dir='ltr'><strong>hunc</strong></span> 
     </span>
    </p>
   </div>
   <div class='ocr_carea' id='block_1_77' title="bbox 1736 2434 3321 2507">
    <p class='ocr_par' dir='ltr' id='par_1_77' title="bbox 1736 2434 3321 2507">
     <span class='ocr_line' id='line_1_79' title="bbox 1736 2434 3321 2507; baseline -0.003 -15"><span class='ocrx_word' id='word_1_511' title='bbox 1736 2438 1945 2507; x_wconf 86' lang='lat' dir='ltr'><strong>apicem</strong></span> <span class='ocrx_word' id='word_1_512' title='bbox 1979 2435 2418 2499; x_wconf 88' lang='lat' dir='ltr'><strong>conscendisset,</strong></span> <span class='ocrx_word' id='word_1_513' title='bbox 2446 2444 2575 2490; x_wconf 89' lang='lat' dir='ltr'><strong>sunt</strong></span> <span class='ocrx_word' id='word_1_514' title='bbox 2602 2434 2698 2504; x_wconf 89' lang='lat' dir='ltr'><strong>qui</strong></span> <span class='ocrx_word' id='word_1_515' title='bbox 2739 2434 2891 2488; x_wconf 89' lang='lat' dir='ltr'><strong>illum</strong></span> <span class='ocrx_word' id='word_1_516' title='bbox 2924 2450 3032 2487; x_wconf 90' lang='lat' dir='ltr'><strong>non</strong></span> <span class='ocrx_word' id='word_1_517' title='bbox 3061 2434 3321 2488; x_wconf 85' lang='lat' dir='ltr'><strong>canonice</strong></span> 
     </span>
    </p>
   </div>
   <div class='ocr_carea' id='block_1_78' title="bbox 1736 2528 3324 2599">
    <p class='ocr_par' dir='ltr' id='par_1_78' title="bbox 1736 2528 3324 2599">
     <span class='ocr_line' id='line_1_80' title="bbox 1736 2528 3324 2599; baseline -0.003 -14"><span class='ocrx_word' id='word_1_518' title='bbox 1736 2528 2116 2595; x_wconf 87' lang='lat' dir='ltr'><strong>constitutum,</strong></span> <span class='ocrx_word' id='word_1_519' title='bbox 2149 2528 2243 2583; x_wconf 86' lang='lat' dir='ltr'><strong>sed</strong></span> <span class='ocrx_word' id='word_1_520' title='bbox 2268 2528 2548 2599; x_wconf 88' lang='lat' dir='ltr'><strong>tyrannice</strong></span> <span class='ocrx_word' id='word_1_521' title='bbox 2569 2534 2825 2598; x_wconf 89' lang='lat' dir='ltr'><strong>papatum</strong></span> <span class='ocrx_word' id='word_1_522' title='bbox 2856 2528 3075 2583; x_wconf 86' lang='lat' dir='ltr'><strong>sibimet</strong></span> <span class='ocrx_word' id='word_1_523' title='bbox 3103 2542 3324 2582; x_wconf 83' lang='lat' dir='ltr'><strong>asseve-</strong></span> 
     </span>
    </p>
   </div>
   <div class='ocr_carea' id='block_1_79' title="bbox 1736 2613 3322 2691">
    <p class='ocr_par' dir='ltr' id='par_1_79' title="bbox 1736 2613 3322 2691">
     <span class='ocr_line' id='line_1_81' title="bbox 1736 2613 3322 2691; baseline -0.003 -15"><span class='ocrx_word' id='word_1_524' title='bbox 1736 2629 1861 2676; x_wconf 87' lang='lat' dir='ltr'><strong>reut</strong></span> <span class='ocrx_word' id='word_1_525' title='bbox 1890 2635 2208 2691; x_wconf 87' lang='lat' dir='ltr'><strong>usurpasse.</strong></span> <span class='ocrx_word' id='word_1_526' title='bbox 2237 2618 2342 2673; x_wconf 87' lang='lat' dir='ltr'><strong>Pro</strong></span> <span class='ocrx_word' id='word_1_527' title='bbox 2369 2635 2474 2688; x_wconf 85' lang='lat' dir='ltr'><strong>qua</strong></span> <span class='ocrx_word' id='word_1_528' title='bbox 2499 2635 2557 2674; x_wconf 89' lang='lat' dir='ltr'><strong>re</strong></span> <span class='ocrx_word' id='word_1_529' title='bbox 2590 2629 2644 2673; x_wconf 84' lang='lat' dir='ltr'><strong>et</strong></span> <span class='ocrx_word' id='word_1_530' title='bbox 2679 2635 2708 2673; x_wconf 89' lang='lat' dir='ltr'><strong>a</strong></span> <span class='ocrx_word' id='word_1_531' title='bbox 2741 2618 3023 2673; x_wconf 88' lang='lat' dir='ltr'><strong>nonnullis</strong></span> <span class='ocrx_word' id='word_1_532' title='bbox 3051 2613 3322 2688; x_wconf 83' lang='lat' dir='ltr'><strong>episcopis</strong></span> 
     </span>
    </p>
   </div>
   <div class='ocr_carea' id='block_1_80' title="bbox 1735 2710 3322 2780">
    <p class='ocr_par' dir='ltr' id='par_1_80' title="bbox 1735 2710 3322 2780">
     <span class='ocr_line' id='line_1_82' title="bbox 1735 2710 3322 2780; baseline -0.003 -12"><span class='ocrx_word' id='word_1_533' title='bbox 1735 2712 2019 2768; x_wconf 83' lang='lat' dir='ltr'><strong>abdicatus</strong></span> <span class='ocrx_word' id='word_1_534' title='bbox 2045 2711 2138 2744; x_wconf 71' lang='lat'><strong>&quot;‘“</strong></span> <span class='ocrx_word' id='word_1_535' title='bbox 2154 2721 2255 2766; x_wconf 85' lang='lat' dir='ltr'><strong>est.</strong></span> <span class='ocrx_word' id='word_1_536' title='bbox 2284 2710 2383 2764; x_wconf 80' lang='lat' dir='ltr'><strong>llic</strong></span> <span class='ocrx_word' id='word_1_537' title='bbox 2406 2726 2586 2780; x_wconf 80' lang='lat' dir='ltr'><strong>regem</strong></span> <span class='ocrx_word' id='word_1_538' title='bbox 2614 2710 2927 2766; x_wconf 87' lang='lat' dir='ltr'><strong>lleinricum</strong></span> <span class='ocrx_word' id='word_1_539' title='bbox 2946 2710 3158 2765; x_wconf 81' lang='lat' dir='ltr'><strong>crebris</strong></span> <span class='ocrx_word' id='word_1_540' title='bbox 3180 2725 3322 2764; x_wconf 88' lang='lat' dir='ltr'><strong>nun-</strong></span> 
     </span>
    </p>
   </div>
   <div class='ocr_carea' id='block_1_81' title="bbox 1734 2803 3320 2875">
    <p class='ocr_par' dir='ltr' id='par_1_81' title="bbox 1734 2803 3320 2875">
     <span class='ocr_line' id='line_1_83' title="bbox 1734 2803 3320 2875; baseline -0.004 -13"><span class='ocrx_word' id='word_1_541' title='bbox 1734 2805 1837 2862; x_wconf 90' lang='lat' dir='ltr'><strong>ciis</strong></span> <span class='ocrx_word' id='word_1_542' title='bbox 1864 2814 1918 2860; x_wconf 88' lang='lat' dir='ltr'><strong>et</strong></span> <span class='ocrx_word' id='word_1_543' title='bbox 1945 2805 2191 2875; x_wconf 87' lang='lat' dir='ltr'><strong>epistolis</strong></span> <span class='ocrx_word' id='word_1_544' title='bbox 2233 2803 2413 2859; x_wconf 90' lang='lat' dir='ltr'><strong>denuo</strong></span> <span class='ocrx_word' id='word_1_545' title='bbox 2444 2804 2511 2858; x_wconf 89' lang='lat' dir='ltr'><strong>ad</strong></span> <span class='ocrx_word' id='word_1_546' title='bbox 2542 2803 2828 2875; x_wconf 80' lang='lat' dir='ltr'><strong>synodalia</strong></span> <span class='ocrx_word' id='word_1_547' title='bbox 2859 2814 3125 2873; x_wconf 89' lang='lat' dir='ltr'><strong>responsa</strong></span> <span class='ocrx_word' id='word_1_548' title='bbox 3152 2815 3320 2857; x_wconf 83' lang='lat' dir='ltr'><strong>voca-</strong></span> 
     </span>
    </p>
   </div>
   <div class='ocr_carea' id='block_1_82' title="bbox 1733 2898 2024 2956">
    <p class='ocr_par' dir='ltr' id='par_1_82' title="bbox 1733 2898 2024 2956">
     <span class='ocr_line' id='line_1_84' title="bbox 1733 2898 2024 2956; baseline -0.01 -1"><span class='ocrx_word' id='word_1_549' title='bbox 1733 2901 1830 2956; x_wconf 90' lang='lat' dir='ltr'><strong>vit.</strong></span> <span class='ocrx_word' id='word_1_550' title='bbox 1862 2901 1946 2954; x_wconf 77' lang='lat'><strong>“‘.</strong></span> <span class='ocrx_word' id='word_1_551' title='bbox 1978 2898 2024 2952; x_wconf 73' lang='lat' dir='ltr'><strong>‘I</strong></span> 
     </span>
    </p>
   </div>
   <div class='ocr_carea' id='block_1_83' title="bbox 1879 3003 3227 3080">
    <p class='ocr_par' dir='ltr' id='par_1_83' title="bbox 1879 3003 3227 3080">
     <span class='ocr_line' id='line_1_85' title="bbox 1879 3003 3227 3080; baseline -0.005 -16"><span class='ocrx_word' id='word_1_552' title='bbox 1879 3016 1897 3035; x_wconf 84' lang='lat'><strong><em>‘</em></strong></span> <span class='ocrx_word' id='word_1_553' title='bbox 1935 3012 2067 3075; x_wconf 75' lang='lat' dir='ltr'><strong>Qua:</strong></span> <span class='ocrx_word' id='word_1_554' title='bbox 2093 3017 2381 3080; x_wconf 76' lang='lat' dir='ltr'><strong>sequuntur</strong></span> <span class='ocrx_word' id='word_1_555' title='bbox 2405 3006 2474 3080; x_wconf 87' lang='lat' dir='ltr'><strong>_C.</strong></span> <span class='ocrx_word' id='word_1_556' title='bbox 2505 3005 2570 3060; x_wconf 78' lang='grc' dir='ltr'><strong>ι).</strong></span> <span class='ocrx_word' id='word_1_557' title='bbox 2687 3023 2741 3080; x_wconf 58' lang='grc' dir='ltr'><strong>ς.</strong></span> <span class='ocrx_word' id='word_1_558' title='bbox 2781 3003 2939 3080; x_wconf 58' lang='grc' dir='ltr'><strong>«αξ»</strong></span> <span class='ocrx_word' id='word_1_559' title='bbox 2967 3004 3227 3080; x_wconf 51' lang='lat' dir='ltr'><strong>tribuunt.</strong></span> 
     </span>
    </p>
   </div>
   <div class='ocr_carea' id='block_1_84' title="bbox 1880 3071 3316 3148">
    <p class='ocr_par' dir='ltr' id='par_1_84' title="bbox 1880 3071 3316 3148">
     <span class='ocr_line' id='line_1_86' title="bbox 1880 3071 3316 3148; baseline -0.005 -12"><span class='ocrx_word' id='word_1_560' title='bbox 1880 3071 2060 3147; x_wconf 36' lang='lat' dir='ltr'><strong>“wQui</strong></span> <span class='ocrx_word' id='word_1_561' title='bbox 2093 3071 2358 3148; x_wconf 78' lang='lat' dir='ltr'><strong>septimus</strong></span> <span class='ocrx_word' id='word_1_562' title='bbox 2393 3076 2552 3147; x_wconf 81' lang='lat' dir='ltr'><strong>Greg.</strong></span> <span class='ocrx_word' id='word_1_563' title='bbox 2588 3077 2652 3148; x_wconf 75' lang='lat' dir='ltr'><strong>C.</strong></span> <span class='ocrx_word' id='word_1_564' title='bbox 2688 3074 3122 3148; x_wconf 71' lang='lat' dir='ltr'><strong>Gregorius_Vll.</strong></span> <span class='ocrx_word' id='word_1_565' title='bbox 3163 3073 3225 3127; x_wconf 86' lang='grc' dir='ltr'><strong>ι).</strong></span> <span class='ocrx_word' id='word_1_566' title='bbox 3255 3071 3316 3129; x_wconf 77' lang='grc' dir='ltr'><strong>Ε.</strong></span> 
     </span>
    </p>
   </div>
   <div class='ocr_carea' id='block_1_85' title="bbox 1870 3145 3320 3219">
    <p class='ocr_par' dir='ltr' id='par_1_85' title="bbox 1870 3145 3320 3219">
     <span class='ocr_line' id='line_1_87' title="bbox 1870 3145 3320 3219; baseline -0.007 -12"><span class='ocrx_word' id='word_1_567' title='bbox 1870 3156 1934 3176; x_wconf 78' lang='lat'><strong>“’</strong></span> <span class='ocrx_word' id='word_1_568' title='bbox 1960 3145 2022 3207; x_wconf 88' lang='lat' dir='ltr'><strong>C.</strong></span> <span class='ocrx_word' id='word_1_569' title='bbox 2048 3145 2198 3205; x_wconf 81' lang='lat' dir='ltr'><strong>addit</strong></span> <span class='ocrx_word' id='word_1_570' title='bbox 2219 3166 2236 3203; x_wconf 95' lang='lat'><em>:</em></span> <span class='ocrx_word' id='word_1_571' title='bbox 2257 3164 2356 3219; x_wconf 92' lang='lat' dir='ltr'><strong>pro</strong></span> <span class='ocrx_word' id='word_1_572' title='bbox 2387 3145 2702 3219; x_wconf 78' lang='lat' dir='ltr'><strong>symoniara</strong></span> <span class='ocrx_word' id='word_1_573' title='bbox 2724 3145 3165 3219; x_wconf 17' lang='lat' dir='ltr'><strong>heresiialiisque</strong></span> <span class='ocrx_word' id='word_1_574' title='bbox 3182 3159 3320 3198; x_wconf 89' lang='lat' dir='ltr'><strong>non-</strong></span> 
     </span>
    </p>
   </div>
   <div class='ocr_carea' id='block_1_86' title="bbox 1947 3214 3318 3287">
    <p class='ocr_par' dir='ltr' id='par_1_86' title="bbox 1947 3214 3318 3287">
     <span class='ocr_line' id='line_1_88' title="bbox 1947 3214 3318 3287; baseline -0.006 -11"><span class='ocrx_word' id='word_1_575' title='bbox 1947 3222 2115 3277; x_wconf 90' lang='lat' dir='ltr'><strong>nullis</strong></span> <span class='ocrx_word' id='word_1_576' title='bbox 2132 3214 2512 3275; x_wconf 78' lang='lat' dir='ltr'><strong>emendatione</strong></span> <span class='ocrx_word' id='word_1_577' title='bbox 2538 3218 2717 3287; x_wconf 76' lang='lat' dir='ltr'><strong>dignis</strong></span> <span class='ocrx_word' id='word_1_578' title='bbox 2745 3232 2868 3287; x_wconf 69' lang='lat' dir='ltr'><strong>qum</strong></span> <span class='ocrx_word' id='word_1_579' title='bbox 2895 3218 2960 3271; x_wconf 90' lang='lat' dir='ltr'><strong>de</strong></span> <span class='ocrx_word' id='word_1_580' title='bbox 2983 3214 3101 3286; x_wconf 85' lang='lat' dir='ltr'><strong>ipso</strong></span> <span class='ocrx_word' id='word_1_581' title='bbox 3134 3214 3318 3287; x_wconf 70' lang='lat' dir='ltr'><strong>Romae</strong></span> 
     </span>
    </p>
   </div>
   <div class='ocr_carea' id='block_1_87' title="bbox 1947 3284 3319 3347">
    <p class='ocr_par' dir='ltr' id='par_1_87' title="bbox 1947 3284 3319 3347">
     <span class='ocr_line' id='line_1_89' title="bbox 1947 3284 3319 3347; baseline -0.007 0"><span class='ocrx_word' id='word_1_582' title='bbox 1947 3291 2171 3347; x_wconf 89' lang='lat' dir='ltr'><strong>fuerunt</strong></span> <span class='ocrx_word' id='word_1_583' title='bbox 2198 3290 2400 3346; x_wconf 89' lang='lat' dir='ltr'><strong>audita.</strong></span> <span class='ocrx_word' id='word_1_584' title='bbox 2426 3288 2488 3344; x_wconf 88' lang='lat' dir='ltr'><strong>C.</strong></span> <span class='ocrx_word' id='word_1_585' title='bbox 2522 3284 2680 3342; x_wconf 40' lang='lat' dir='ltr'><strong>DIE.</strong></span> <span class='ocrx_word' id='word_1_586' title='bbox 2708 3284 2954 3340; x_wconf 82' lang='lat' dir='ltr'><strong>addunt:</strong></span> <span class='ocrx_word' id='word_1_587' title='bbox 2990 3284 3144 3340; x_wconf 65' lang='lat'><strong>{074.</strong></span> <span class='ocrx_word' id='word_1_588' title='bbox 3181 3284 3319 3339; x_wconf 88' lang='lat' dir='ltr'><strong>Gre-</strong></span> 
     </span>
    </p>
   </div>
   <div class='ocr_carea' id='block_1_88' title="bbox 1947 3356 3315 3434">
    <p class='ocr_par' dir='ltr' id='par_1_88' title="bbox 1947 3356 3315 3434">
     <span class='ocr_line' id='line_1_90' title="bbox 1947 3356 3315 3434; baseline -0.005 -18"><span class='ocrx_word' id='word_1_589' title='bbox 1947 3362 2134 3434; x_wconf 81' lang='lat' dir='ltr'><strong>gorius</strong></span> <span class='ocrx_word' id='word_1_590' title='bbox 2185 3359 2595 3434; x_wconf 7' lang='lat' dir='ltr'><strong>papa,_ghabita</strong></span> <span class='ocrx_word' id='word_1_591' title='bbox 2649 3357 2892 3428; x_wconf 83' lang='lat' dir='ltr'><strong>synodo,</strong></span> <span class='ocrx_word' id='word_1_592' title='bbox 2934 3356 3315 3434; x_wconf 63' lang='lat' dir='ltr'><strong>symopiacos,</strong></span> 
     </span>
    </p>
   </div>
   <div class='ocr_carea' id='block_1_89' title="bbox 1948 3425 3323 3498">
    <p class='ocr_par' dir='ltr' id='par_1_89' title="bbox 1948 3425 3323 3498">
     <span class='ocr_line' id='line_1_91' title="bbox 1948 3425 3323 3498; baseline -0.007 -10"><span class='ocrx_word' id='word_1_593' title='bbox 1948 3425 2273 3488; x_wconf 71' lang='lat' dir='ltr'><strong>venditores</strong></span> <span class='ocrx_word' id='word_1_594' title='bbox 2290 3431 2498 3486; x_wconf 90' lang='lat' dir='ltr'><strong>scilicet</strong></span> <span class='ocrx_word' id='word_1_595' title='bbox 2531 3438 2587 3481; x_wconf 87' lang='lat' dir='ltr'><strong>et</strong></span> <span class='ocrx_word' id='word_1_596' title='bbox 2614 3425 2889 3498; x_wconf 76' lang='lat' dir='ltr'><strong>emptores</strong></span> <span class='ocrx_word' id='word_1_597' title='bbox 2916 3425 3046 3498; x_wconf 81' lang='lat' dir='ltr'><strong>doni</strong></span> <span class='ocrx_word' id='word_1_598' title='bbox 3084 3425 3323 3495; x_wconf 66' lang='lat' dir='ltr'><strong>Spiritus</strong></span> 
     </span>
    </p>
   </div>
   <div class='ocr_carea' id='block_1_90' title="bbox 1946 3496 3322 3569">
    <p class='ocr_par' dir='ltr' id='par_1_90' title="bbox 1946 3496 3322 3569">
     <span class='ocr_line' id='line_1_92' title="bbox 1946 3496 3322 3569; baseline -0.008 -10"><span class='ocrx_word' id='word_1_599' title='bbox 1946 3504 2144 3569; x_wconf 89' lang='lat' dir='ltr'><strong>sancti,</strong></span> <span class='ocrx_word' id='word_1_600' title='bbox 2175 3499 2683 3563; x_wconf 82' lang='lat' dir='ltr'><strong>anathematizavit,</strong></span> <span class='ocrx_word' id='word_1_601' title='bbox 2707 3496 2766 3553; x_wconf 82' lang='lat' dir='ltr'><strong>et</strong></span> <span class='ocrx_word' id='word_1_602' title='bbox 2792 3496 3149 3569; x_wconf 80' lang='lat' dir='ltr'><strong>Nicholaitas,</strong></span> <span class='ocrx_word' id='word_1_603' title='bbox 3184 3511 3322 3569; x_wconf 80' lang='lat' dir='ltr'><strong>uxo—</strong></span> 
     </span>
    </p>
   </div>
   <div class='ocr_carea' id='block_1_91' title="bbox 1948 3565 3319 3635">
    <p class='ocr_par' dir='ltr' id='par_1_91' title="bbox 1948 3565 3319 3635">
     <span class='ocr_line' id='line_1_93' title="bbox 1948 3565 3319 3635; baseline -0.009 -5"><span class='ocrx_word' id='word_1_604' title='bbox 1948 3584 2100 3629; x_wconf 90' lang='lat' dir='ltr'><strong>ratos</strong></span> <span class='ocrx_word' id='word_1_605' title='bbox 2134 3565 2391 3627; x_wconf 78' lang='lat' dir='ltr'><strong>videlicet</strong></span> <span class='ocrx_word' id='word_1_606' title='bbox 2439 3570 2779 3635; x_wconf 82' lang='lat' dir='ltr'><strong>sacerdotes,</strong></span> <span class='ocrx_word' id='word_1_607' title='bbox 2817 3568 2887 3623; x_wconf 90' lang='lat' dir='ltr'><strong>ab</strong></span> <span class='ocrx_word' id='word_1_608' title='bbox 2933 3567 3121 3624; x_wconf 88' lang='lat' dir='ltr'><strong>altaris</strong></span> <span class='ocrx_word' id='word_1_609' title='bbox 3154 3565 3319 3619; x_wconf 88' lang='lat' dir='ltr'><strong>mini-</strong></span> 
     </span>
    </p>
   </div>
   <div class='ocr_carea' id='block_1_92' title="bbox 1947 3636 3323 3705">
    <p class='ocr_par' dir='ltr' id='par_1_92' title="bbox 1947 3636 3323 3705">
     <span class='ocr_line' id='line_1_94' title="bbox 1947 3636 3323 3705; baseline -0.008 -5"><span class='ocrx_word' id='word_1_610' title='bbox 1947 3645 2115 3701; x_wconf 88' lang='lat' dir='ltr'><strong>sterio</strong></span> <span class='ocrx_word' id='word_1_611' title='bbox 2138 3640 2407 3698; x_wconf 82' lang='lat' dir='ltr'><strong>removeri</strong></span> <span class='ocrx_word' id='word_1_612' title='bbox 2432 3639 2689 3705; x_wconf 85' lang='lat' dir='ltr'><strong>decrevit,</strong></span> <span class='ocrx_word' id='word_1_613' title='bbox 2712 3647 2768 3693; x_wconf 86' lang='lat' dir='ltr'><strong>et</strong></span> <span class='ocrx_word' id='word_1_614' title='bbox 2795 3637 2948 3693; x_wconf 90' lang='lat' dir='ltr'><strong>laicis</strong></span> <span class='ocrx_word' id='word_1_615' title='bbox 2974 3652 3163 3692; x_wconf 84' lang='lat' dir='ltr'><strong>eorum</strong></span> <span class='ocrx_word' id='word_1_616' title='bbox 3190 3636 3323 3690; x_wconf 83' lang='lat' dir='ltr'><strong>mis-</strong></span> 
     </span>
    </p>
   </div>
   <div class='ocr_carea' id='block_1_93' title="bbox 1948 3707 3319 3779">
    <p class='ocr_par' dir='ltr' id='par_1_93' title="bbox 1948 3707 3319 3779">
     <span class='ocr_line' id='line_1_95' title="bbox 1948 3707 3319 3779; baseline -0.008 -8"><span class='ocrx_word' id='word_1_617' title='bbox 1948 3731 2041 3771; x_wconf 87' lang='lat' dir='ltr'><strong>sas</strong></span> <span class='ocrx_word' id='word_1_618' title='bbox 2062 3714 2251 3769; x_wconf 90' lang='lat' dir='ltr'><strong>audire</strong></span> <span class='ocrx_word' id='word_1_619' title='bbox 2272 3710 2570 3766; x_wconf 79' lang='lat' dir='ltr'><strong>interdixit.</strong></span> <span class='ocrx_word' id='word_1_620' title='bbox 2599 3709 2660 3764; x_wconf 89' lang='lat' dir='ltr'><strong>C.</strong></span> <span class='ocrx_word' id='word_1_621' title='bbox 2685 3710 2859 3779; x_wconf 82' lang='lat' dir='ltr'><strong>pergit</strong></span> <span class='ocrx_word' id='word_1_622' title='bbox 2886 3724 2903 3762; x_wconf 92' lang='lat'><strong><em>:</em></strong></span> <span class='ocrx_word' id='word_1_623' title='bbox 2925 3709 3077 3779; x_wconf 83' lang='lat' dir='ltr'><strong>justo</strong></span> <span class='ocrx_word' id='word_1_624' title='bbox 3097 3707 3319 3779; x_wconf 77' lang='lat' dir='ltr'><strong>quidem</strong></span> 
     </span>
    </p>
   </div>
   <div class='ocr_carea' id='block_1_94' title="bbox 1944 3777 3318 3856">
    <p class='ocr_par' dir='ltr' id='par_1_94' title="bbox 1944 3777 3318 3856">
     <span class='ocr_line' id='line_1_96' title="bbox 1944 3777 3318 3856; baseline -0.007 -16"><span class='ocrx_word' id='word_1_625' title='bbox 1944 3785 2153 3856; x_wconf 88' lang='lat' dir='ltr'><strong>judicio</strong></span> <span class='ocrx_word' id='word_1_626' title='bbox 2182 3783 2275 3856; x_wconf 79' lang='lat' dir='ltr'><strong>sed</strong></span> <span class='ocrx_word' id='word_1_627' title='bbox 2297 3798 2441 3856; x_wconf 83' lang='lat' dir='ltr'><strong>novo</strong></span> <span class='ocrx_word' id='word_1_628' title='bbox 2471 3777 2718 3856; x_wconf 76' lang='lat' dir='ltr'><strong>exemplo</strong></span> <span class='ocrx_word' id='word_1_629' title='bbox 2744 3777 2801 3856; x_wconf 80' lang='lat' dir='ltr'><strong>et</strong></span> <span class='ocrx_word' id='word_1_630' title='bbox 2827 3788 2888 3834; x_wconf 92' lang='lat' dir='ltr'><strong>ut</strong></span> <span class='ocrx_word' id='word_1_631' title='bbox 2916 3777 3103 3856; x_wconf 70' lang='lat' dir='ltr'><strong>multis</strong></span> <span class='ocrx_word' id='word_1_632' title='bbox 3141 3777 3318 3833; x_wconf 87' lang='lat' dir='ltr'><strong>visum</strong></span> 
     </span>
    </p>
   </div>
   <div class='ocr_carea' id='block_1_95' title="bbox 1947 3848 3103 3921">
    <p class='ocr_par' dir='ltr' id='par_1_95' title="bbox 1947 3848 3103 3921">
     <span class='ocr_line' id='line_1_97' title="bbox 1947 3848 3103 3921; baseline -0.006 -11"><span class='ocrx_word' id='word_1_633' title='bbox 1947 3848 2031 3910; x_wconf 71' lang='lat' dir='ltr'><strong>est</strong></span> <span class='ocrx_word' id='word_1_634' title='bbox 2064 3853 2467 3908; x_wconf 87' lang='lat' dir='ltr'><strong>inconsiderato</strong></span> <span class='ocrx_word' id='word_1_635' title='bbox 2495 3848 2814 3921; x_wconf 76' lang='lat' dir='ltr'><strong>prejudicio.</strong></span> <span class='ocrx_word' id='word_1_636' title='bbox 2840 3866 2904 3904; x_wconf 62' lang='lat' dir='ltr'><strong>ea;</strong></span> <span class='ocrx_word' id='word_1_637' title='bbox 2930 3848 3103 3920; x_wconf 80' lang='lat' dir='ltr'><strong>Sigeb.</strong></span> 
     </span>
    </p>
   </div>
   <div class='ocr_carea' id='block_1_96' title="bbox 1879 3919 3320 3980">
    <p class='ocr_par' dir='ltr' id='par_1_96' title="bbox 1879 3919 3320 3980">
     <span class='ocr_line' id='line_1_98' title="bbox 1879 3919 3320 3980; baseline -0.006 0"><span class='ocrx_word' id='word_1_638' title='bbox 1879 3927 1928 3980; x_wconf 76' lang='grc'>’1</span> <span class='ocrx_word' id='word_1_639' title='bbox 1973 3926 2026 3979; x_wconf 71' lang='grc'>4.</span> <span class='ocrx_word' id='word_1_640' title='bbox 2067 3924 2220 3978; x_wconf 74' lang='grc' dir='ltr'><strong>θοι-ι.</strong></span> <span class='ocrx_word' id='word_1_641' title='bbox 2250 3922 2450 3975; x_wconf 83' lang='lat' dir='ltr'><strong>addqu</strong></span> <span class='ocrx_word' id='word_1_642' title='bbox 2480 3919 2642 3974; x_wconf 64' lang='lat' dir='ltr'><strong>{Hoc</strong></span> <span class='ocrx_word' id='word_1_643' title='bbox 2677 3922 2840 3974; x_wconf 85' lang='lat' dir='ltr'><strong>etiam</strong></span> <span class='ocrx_word' id='word_1_644' title='bbox 2871 3919 3015 3973; x_wconf 88' lang='lat' dir='ltr'><strong>anno</strong></span> <span class='ocrx_word' id='word_1_645' title='bbox 3045 3924 3320 3972; x_wconf 84' lang='lat' dir='ltr'><strong>monaste-</strong></span> 
     </span>
    </p>
   </div>
   <div class='ocr_carea' id='block_1_97' title="bbox 1946 3987 3319 4049">
    <p class='ocr_par' dir='ltr' id='par_1_97' title="bbox 1946 3987 3319 4049">
     <span class='ocr_line' id='line_1_99' title="bbox 1946 3987 3319 4049; baseline -0.007 0"><span class='ocrx_word' id='word_1_646' title='bbox 1946 3995 2091 4049; x_wconf 91' lang='lat' dir='ltr'><strong>rium</strong></span> <span class='ocrx_word' id='word_1_647' title='bbox 2115 3992 2512 4047; x_wconf 83' lang='lat' dir='ltr'><strong>Swarzahense</strong></span> <span class='ocrx_word' id='word_1_648' title='bbox 2535 3991 2626 4023; x_wconf 69' lang='lat'><strong>“’7</strong></span> <span class='ocrx_word' id='word_1_649' title='bbox 2658 3990 2728 4044; x_wconf 90' lang='lat' dir='ltr'><strong>ab</strong></span> <span class='ocrx_word' id='word_1_650' title='bbox 2752 3989 3090 4043; x_wconf 82' lang='lat' dir='ltr'><strong>Adelberone</strong></span> <span class='ocrx_word' id='word_1_651' title='bbox 3119 3987 3319 4041; x_wconf 38' lang='lat' dir='ltr'><strong>Wirci‘</strong></span> 
     </span>
    </p>
   </div>
   <div class='ocr_carea' id='block_1_98' title="bbox 1947 4058 3318 4134">
    <p class='ocr_par' dir='ltr' id='par_1_98' title="bbox 1947 4058 3318 4134">
     <span class='ocr_line' id='line_1_100' title="bbox 1947 4058 3318 4134; baseline -0.007 -14"><span class='ocrx_word' id='word_1_652' title='bbox 1947 4064 2209 4134; x_wconf 71' lang='lat' dir='ltr'><strong>burgensi</strong></span> <span class='ocrx_word' id='word_1_653' title='bbox 2252 4062 2511 4134; x_wconf 83' lang='lat' dir='ltr'><strong>episcopo</strong></span> <span class='ocrx_word' id='word_1_654' title='bbox 2540 4060 2849 4134; x_wconf 70' lang='lat' dir='ltr'><strong>dedicatum</strong></span> <span class='ocrx_word' id='word_1_655' title='bbox 2890 4066 2975 4113; x_wconf 90' lang='lat' dir='ltr'><strong>est</strong></span> <span class='ocrx_word' id='word_1_656' title='bbox 3008 4058 3066 4112; x_wconf 90' lang='lat' dir='ltr'><strong>in</strong></span> <span class='ocrx_word' id='word_1_657' title='bbox 3110 4059 3318 4134; x_wconf 64' lang='lat' dir='ltr'><strong>honore</strong></span> 
     </span>
    </p>
   </div>
   <div class='ocr_carea' id='block_1_99' title="bbox 1948 4125 3389 4213">
    <p class='ocr_par' dir='ltr' id='par_1_99' title="bbox 1948 4125 3389 4213">
     <span class='ocr_line' id='line_1_101' title="bbox 1948 4125 3389 4213; baseline -0.008 -23"><span class='ocrx_word' id='word_1_658' title='bbox 1948 4125 2151 4213; x_wconf 68' lang='lat' dir='ltr'><strong>saneta:</strong></span> <span class='ocrx_word' id='word_1_659' title='bbox 2182 4132 2273 4185; x_wconf 84' lang='lat' dir='ltr'><strong>Dei</strong></span> <span class='ocrx_word' id='word_1_660' title='bbox 2288 4125 2820 4213; x_wconf 57' lang='lat' dir='ltr'><strong>&#39;genitricismhiarize</strong></span> <span class='ocrx_word' id='word_1_661' title='bbox 2848 4136 2905 4213; x_wconf 81' lang='lat' dir='ltr'><strong>et</strong></span> <span class='ocrx_word' id='word_1_662' title='bbox 2933 4135 3136 4213; x_wconf 44' lang='lat' dir='ltr'><strong>sanet?</strong></span> <span class='ocrx_word' id='word_1_663' title='bbox 3174 4125 3317 4213; x_wconf 68' lang='lat' dir='ltr'><strong>Feli-</strong></span> <span class='ocrx_word' id='word_1_664' title='bbox 3386 4192 3389 4195; x_wconf 15' lang='grc' dir='ltr'>δ</span> 
     </span>
    </p>
   </div>
   <div class='ocr_carea' id='block_1_100' title="bbox 1946 4196 3316 4264">
    <p class='ocr_par' dir='ltr' id='par_1_100' title="bbox 1946 4196 3316 4264">
     <span class='ocr_line' id='line_1_102' title="bbox 1946 4196 3316 4264; baseline -0.008 -4"><span class='ocrx_word' id='word_1_665' title='bbox 1946 4204 2130 4260; x_wconf 90' lang='lat' dir='ltr'><strong>citatis</strong></span> <span class='ocrx_word' id='word_1_666' title='bbox 2178 4196 2421 4256; x_wconf 71' lang='lat' dir='ltr'><strong>martiris</strong></span> <span class='ocrx_word' id='word_1_667' title='bbox 2452 4201 2555 4257; x_wconf 86' lang='lat' dir='ltr'><strong>sub</strong></span> <span class='ocrx_word' id='word_1_668' title='bbox 2596 4198 2900 4253; x_wconf 83' lang='lat' dir='ltr'><strong>Ekkeberto</strong></span> <span class='ocrx_word' id='word_1_669' title='bbox 2935 4197 3028 4230; x_wconf 68' lang='grc'><strong>¹⁸⁹⁸</strong></span> <span class='ocrx_word' id='word_1_670' title='bbox 3069 4196 3316 4264; x_wconf 86' lang='lat' dir='ltr'><strong>ejusdem</strong></span> 
     </span>
    </p>
   </div>
   <div class='ocr_carea' id='block_1_101' title="bbox 1948 4266 3314 4332">
    <p class='ocr_par' dir='ltr' id='par_1_101' title="bbox 1948 4266 3314 4332">
     <span class='ocr_line' id='line_1_103' title="bbox 1948 4266 3314 4332; baseline -0.007 -3"><span class='ocrx_word' id='word_1_671' title='bbox 1948 4273 2268 4330; x_wconf 86' lang='lat' dir='ltr'><strong>monasterii</strong></span> <span class='ocrx_word' id='word_1_672' title='bbox 2316 4270 2616 4326; x_wconf 84' lang='lat' dir='ltr'><strong>venerabili</strong></span> <span class='ocrx_word' id='word_1_673' title='bbox 2662 4269 2878 4324; x_wconf 90' lang='lat' dir='ltr'><strong>abbate.</strong></span> <span class='ocrx_word' id='word_1_674' title='bbox 2905 4299 2977 4309; x_wconf 90' lang='lat'><strong><em>—</em></strong></span> <span class='ocrx_word' id='word_1_675' title='bbox 2997 4266 3199 4332; x_wconf 83' lang='lat' dir='ltr'><strong>Quibus</strong></span> <span class='ocrx_word' id='word_1_676' title='bbox 3228 4266 3314 4320; x_wconf 91' lang='grc'><strong>10.</strong></span> 
     </span>
    </p>
   </div>
   <div class='ocr_carea' id='block_1_102' title="bbox 1952 4336 3319 4414">
    <p class='ocr_par' dir='ltr' id='par_1_102' title="bbox 1952 4336 3319 4414">
     <span class='ocr_line' id='line_1_104' title="bbox 1952 4336 3319 4414; baseline -0.007 -16"><span class='ocrx_word' id='word_1_677' title='bbox 1952 4346 2038 4414; x_wconf 83' lang='grc'><strong>11.</strong></span> <span class='ocrx_word' id='word_1_678' title='bbox 2071 4344 2400 4414; x_wconf 62' lang='lat' dir='ltr'><strong>praemittunt</strong></span> <span class='ocrx_word' id='word_1_679' title='bbox 2439 4340 2849 4414; x_wconf 80' lang='lat' dir='ltr'><strong>:__Her_mannus</strong></span> <span class='ocrx_word' id='word_1_680' title='bbox 2877 4336 3319 4414; x_wconf 77' lang='lat' dir='ltr'><strong>marchio,__tilius</strong></span> 
     </span>
    </p>
   </div>
   <div class='ocr_carea' id='block_1_103' title="bbox 1948 4406 3321 4480">
    <p class='ocr_par' dir='ltr' id='par_1_103' title="bbox 1948 4406 3321 4480">
     <span class='ocr_line' id='line_1_105' title="bbox 1948 4406 3321 4480; baseline -0.008 -10"><span class='ocrx_word' id='word_1_681' title='bbox 1948 4406 2227 4470; x_wconf 61' lang='lat' dir='ltr'><strong>Bert&#39;holdi</strong></span> <span class='ocrx_word' id='word_1_682' title='bbox 2250 4413 2428 4480; x_wconf 86' lang='lat' dir='ltr'><strong>ducis,</strong></span> <span class='ocrx_word' id='word_1_683' title='bbox 2457 4411 2704 4467; x_wconf 88' lang='lat' dir='ltr'><strong>Cluniaci</strong></span> <span class='ocrx_word' id='word_1_684' title='bbox 2738 4410 3044 4465; x_wconf 85' lang='lat' dir='ltr'><strong>monachus</strong></span> <span class='ocrx_word' id='word_1_685' title='bbox 3068 4406 3223 4463; x_wconf 89' lang='lat' dir='ltr'><strong>obiit.</strong></span> <span class='ocrx_word' id='word_1_686' title='bbox 3256 4422 3321 4461; x_wconf 72' lang='lat' dir='ltr'><strong>ex</strong></span> 
     </span>
    </p>
   </div>
   <div class='ocr_carea' id='block_1_104' title="bbox 1959 4485 2245 4540">
    <p class='ocr_par' dir='ltr' id='par_1_104' title="bbox 1959 4485 2245 4540">
     <span class='ocr_line' id='line_1_106' title="bbox 1959 4485 2245 4540; baseline -0.01 0"><span class='ocrx_word' id='word_1_687' title='bbox 1959 4485 2245 4540; x_wconf 79' lang='lat' dir='ltr'><strong>Bemoldo.</strong></span> 
     </span>
    </p>
   </div>
   <div class='ocr_carea' id='block_1_105' title="bbox 1808 4588 3316 4660">
    <p class='ocr_par' dir='ltr' id='par_1_105' title="bbox 1808 4588 3316 4660">
     <span class='ocr_line' id='line_1_107' title="bbox 1808 4588 3316 4660; baseline -0.008 -9"><span class='ocrx_word' id='word_1_688' title='bbox 1808 4597 1895 4653; x_wconf 82' lang='grc'><strong>10.</strong></span> <span class='ocrx_word' id='word_1_689' title='bbox 1926 4597 1992 4651; x_wconf 84' lang='grc' dir='ltr'>Α.</span> <span class='ocrx_word' id='word_1_690' title='bbox 2032 4595 2095 4650; x_wconf 89' lang='lat' dir='ltr'><strong>D.</strong></span> <span class='ocrx_word' id='word_1_691' title='bbox 2137 4594 2295 4650; x_wconf 83' lang='grc'>1075.</span> <span class='ocrx_word' id='word_1_692' title='bbox 2343 4591 2634 4649; x_wconf 82' lang='lat' dir='ltr'><strong>Heinricus</strong></span> <span class='ocrx_word' id='word_1_693' title='bbox 2656 4607 2776 4660; x_wconf 82' lang='lat' dir='ltr'><strong>rex,</strong></span> <span class='ocrx_word' id='word_1_694' title='bbox 2799 4607 2968 4647; x_wconf 87' lang='lat' dir='ltr'><strong>manu</strong></span> <span class='ocrx_word' id='word_1_695' title='bbox 3001 4588 3178 4645; x_wconf 89' lang='lat' dir='ltr'><strong>valida</strong></span> <span class='ocrx_word' id='word_1_696' title='bbox 3208 4595 3316 4641; x_wconf 89' lang='lat' dir='ltr'><strong>tam</strong></span> 
     </span>
    </p>
   </div>
   <div class='ocr_carea' id='block_1_106' title="bbox 1734 4683 3321 4757">
    <p class='ocr_par' dir='ltr' id='par_1_106' title="bbox 1734 4683 3321 4757">
     <span class='ocr_line' id='line_1_108' title="bbox 1734 4683 3321 4757; baseline -0.008 -12"><span class='ocrx_word' id='word_1_697' title='bbox 1734 4705 1799 4745; x_wconf 84' lang='lat' dir='ltr'><strong>ex</strong></span> <span class='ocrx_word' id='word_1_698' title='bbox 1849 4688 2170 4745; x_wconf 86' lang='lat' dir='ltr'><strong>Alemannia</strong></span> <span class='ocrx_word' id='word_1_699' title='bbox 2215 4702 2381 4756; x_wconf 85' lang='lat' dir='ltr'><strong>quam</strong></span> <span class='ocrx_word' id='word_1_700' title='bbox 2430 4683 2682 4757; x_wconf 89' lang='lat' dir='ltr'><strong>Bajoaria</strong></span> <span class='ocrx_word' id='word_1_701' title='bbox 2715 4691 2770 4739; x_wconf 91' lang='lat' dir='ltr'><strong>et</strong></span> <span class='ocrx_word' id='word_1_702' title='bbox 2815 4683 3108 4739; x_wconf 86' lang='lat' dir='ltr'><strong>Germania</strong></span> <span class='ocrx_word' id='word_1_703' title='bbox 3158 4688 3321 4750; x_wconf 88' lang='lat' dir='ltr'><strong>atque</strong></span> 
     </span>
    </p>
   </div>
   <div class='ocr_carea' id='block_1_107' title="bbox 1735 4768 3318 4848">
    <p class='ocr_par' dir='ltr' id='par_1_107' title="bbox 1735 4768 3318 4848">
     <span class='ocr_line' id='line_1_109' title="bbox 1735 4768 3318 4848; baseline -0.006 -15"><span class='ocrx_word' id='word_1_704' title='bbox 1735 4780 1956 4835; x_wconf 90' lang='lat' dir='ltr'><strong>Boemia</strong></span> <span class='ocrx_word' id='word_1_705' title='bbox 1980 4786 2327 4848; x_wconf 83' lang='lat' dir='ltr'><strong>congregata,</strong></span> <span class='ocrx_word' id='word_1_706' title='bbox 2354 4774 2601 4831; x_wconf 80' lang='lat' dir='ltr'><strong>Saxones</strong></span> <span class='ocrx_word' id='word_1_707' title='bbox 2627 4774 2779 4845; x_wconf 89' lang='lat' dir='ltr'><strong>petit,</strong></span> <span class='ocrx_word' id='word_1_708' title='bbox 2806 4774 2995 4843; x_wconf 88' lang='lat' dir='ltr'><strong>eisque</strong></span> <span class='ocrx_word' id='word_1_709' title='bbox 3013 4772 3171 4842; x_wconf 82' lang='lat' dir='ltr'><strong>juxta</strong></span> <span class='ocrx_word' id='word_1_710' title='bbox 3206 4768 3318 4824; x_wconf 78' lang='lat' dir='ltr'><strong>Un-</strong></span> 
     </span>
    </p>
   </div>
   <div class='ocr_carea' id='block_1_108' title="bbox 1735 4863 3319 4940">
    <p class='ocr_par' dir='ltr' id='par_1_108' title="bbox 1735 4863 3319 4940">
     <span class='ocr_line' id='line_1_110' title="bbox 1735 4863 3319 4940; baseline -0.008 -15"><span class='ocrx_word' id='word_1_711' title='bbox 1735 4879 1914 4926; x_wconf 90' lang='lat' dir='ltr'><strong>struot</strong></span> <span class='ocrx_word' id='word_1_712' title='bbox 1942 4869 2163 4923; x_wconf 89' lang='lat' dir='ltr'><strong>ﬂuvium</strong></span> <span class='ocrx_word' id='word_1_713' title='bbox 2213 4866 2596 4940; x_wconf 80' lang='lat' dir='ltr'><strong>congreditur;</strong></span> <span class='ocrx_word' id='word_1_714' title='bbox 2639 4874 2693 4920; x_wconf 89' lang='lat' dir='ltr'><strong>et</strong></span> <span class='ocrx_word' id='word_1_715' title='bbox 2735 4878 2847 4919; x_wconf 87' lang='lat' dir='ltr'><strong>non</strong></span> <span class='ocrx_word' id='word_1_716' title='bbox 2884 4863 3098 4918; x_wconf 80' lang='lat' dir='ltr'><strong>modica</strong></span> <span class='ocrx_word' id='word_1_717' title='bbox 3140 4871 3319 4932; x_wconf 82' lang='lat' dir='ltr'><strong>strage</strong></span> 
     </span>
    </p>
   </div>
   <div class='ocr_carea' id='block_1_109' title="bbox 1735 4952 3315 5029">
    <p class='ocr_par' dir='ltr' id='par_1_109' title="bbox 1735 4952 3315 5029">
     <span class='ocr_line' id='line_1_111' title="bbox 1735 4952 3315 5029; baseline -0.006 -15"><span class='ocrx_word' id='word_1_718' title='bbox 1735 4961 2011 5029; x_wconf 88' lang='lat' dir='ltr'><strong>utrimque</strong></span> <span class='ocrx_word' id='word_1_719' title='bbox 2037 4966 2253 5028; x_wconf 87' lang='lat' dir='ltr'><strong>peracta</strong></span> <span class='ocrx_word' id='word_1_720' title='bbox 2275 4999 2290 5023; x_wconf 91' lang='lat'><strong>,</strong></span> <span class='ocrx_word' id='word_1_721' title='bbox 2326 4958 2544 5012; x_wconf 88' lang='lat' dir='ltr'><strong>tandem</strong></span> <span class='ocrx_word' id='word_1_722' title='bbox 2587 4955 2812 5010; x_wconf 90' lang='lat' dir='ltr'><strong>victoria</strong></span> <span class='ocrx_word' id='word_1_723' title='bbox 2851 4955 3057 5024; x_wconf 91' lang='lat' dir='ltr'><strong>potitus</strong></span> <span class='ocrx_word' id='word_1_724' title='bbox 3085 4952 3315 5007; x_wconf 79' lang='lat' dir='ltr'><strong>reverti~</strong></span> 
     </span>
    </p>
   </div>
   <div class='ocr_carea' id='block_1_110' title="bbox 1734 5036 3315 5117">
    <p class='ocr_par' dir='ltr' id='par_1_110' title="bbox 1734 5036 3315 5117">
     <span class='ocr_line' id='line_1_112' title="bbox 1734 5036 3315 5117; baseline -0.004 -12"><span class='ocrx_word' id='word_1_725' title='bbox 1734 5059 1841 5105; x_wconf 89' lang='lat' dir='ltr'><strong>tur.</strong></span> <span class='ocrx_word' id='word_1_726' title='bbox 1866 5049 1943 5104; x_wconf 90' lang='lat' dir='ltr'><strong>lbi</strong></span> <span class='ocrx_word' id='word_1_727' title='bbox 1969 5036 2270 5104; x_wconf 79' lang='lat' dir='ltr'><strong>Ruodolfus</strong></span> <span class='ocrx_word' id='word_1_728' title='bbox 2290 5048 2398 5104; x_wconf 76' lang='lat' dir='ltr'><strong>dux</strong></span> <span class='ocrx_word' id='word_1_729' title='bbox 2419 5047 2753 5103; x_wconf 72' lang='lat' dir='ltr'><strong>Alemannite</strong></span> <span class='ocrx_word' id='word_1_730' title='bbox 2776 5054 2940 5117; x_wconf 88' lang='lat' dir='ltr'><strong>atque</strong></span> <span class='ocrx_word' id='word_1_731' title='bbox 2963 5043 3315 5115; x_wconf 76' lang='lat' dir='ltr'><strong>Burgundize,</strong></span> 
     </span>
    </p>
   </div>
   <div class='ocr_carea' id='block_1_111' title="bbox 1334 5159 2006 5218">
    <p class='ocr_par' dir='ltr' id='par_1_111' title="bbox 1334 5159 2006 5218">
     <span class='ocr_line' id='line_1_113' title="bbox 1334 5159 2006 5218; baseline -0.003 -2"><span class='ocrx_word' id='word_1_732' title='bbox 1334 5161 1565 5217; x_wconf 72' lang='lat' dir='ltr'><strong>VARl/E</strong></span> <span class='ocrx_word' id='word_1_733' title='bbox 1606 5159 2006 5218; x_wconf 68' lang='lat' dir='ltr'><strong>LECTIONES.</strong></span> 
     </span>
    </p>
   </div>
   <div class='ocr_carea' id='block_1_112' title="bbox 110 5251 495 5312">
    <p class='ocr_par' dir='ltr' id='par_1_112' title="bbox 110 5251 495 5312">
     <span class='ocr_line' id='line_1_114' title="bbox 110 5251 495 5312; baseline 0.008 -3"><span class='ocrx_word' id='word_1_734' title='bbox 110 5251 192 5285; x_wconf 62' lang='grc' dir='ltr'><strong>’δ”</strong></span> <span class='ocrx_word' id='word_1_735' title='bbox 215 5257 359 5312; x_wconf 82' lang='lat' dir='ltr'><strong>deest</strong></span> <span class='ocrx_word' id='word_1_736' title='bbox 425 5259 495 5312; x_wconf 77' lang='grc' dir='ltr'><strong>Α.</strong></span> 
     </span>
    </p>
   </div>
   <div class='ocr_carea' id='block_1_113' title="bbox 48 5317 665 5399">
    <p class='ocr_par' dir='ltr' id='par_1_113' title="bbox 48 5317 665 5399">
     <span class='ocr_line' id='line_1_115' title="bbox 48 5317 665 5399; baseline 0.003 -20"><span class='ocrx_word' id='word_1_737' title='bbox 48 5317 124 5399; x_wconf 55' lang='grc' dir='ltr'>Ψ</span> <span class='ocrx_word' id='word_1_738' title='bbox 160 5395 172 5399; x_wconf 90' lang='lat'><strong><em>_</em></strong></span> <span class='ocrx_word' id='word_1_739' title='bbox 185 5324 543 5399; x_wconf 69' lang='lat' dir='ltr'><strong>Harlesburg</strong></span> <span class='ocrx_word' id='word_1_740' title='bbox 601 5329 665 5382; x_wconf 85' lang='lat' dir='ltr'><strong>A.</strong></span> 
     </span>
    </p>
   </div>
   <div class='ocr_carea' id='block_1_114' title="bbox 44 5395 428 5455">
    <p class='ocr_par' dir='ltr' id='par_1_114' title="bbox 44 5395 428 5455">
     <span class='ocr_line' id='line_1_116' title="bbox 44 5395 428 5455; baseline 0.034 -15"><span class='ocrx_word' id='word_1_741' title='bbox 44 5395 315 5453; x_wconf 77' lang='lat' dir='ltr'><strong>cckebcrto</strong></span> <span class='ocrx_word' id='word_1_742' title='bbox 336 5399 428 5455; x_wconf 74' lang='lat'><strong>9°.</strong></span> 
     </span>
    </p>
   </div>
   <div class='ocr_carea' id='block_1_115' title="bbox 578 5250 1933 5311">
    <p class='ocr_par' dir='ltr' id='par_1_115' title="bbox 578 5250 1933 5311">
     <span class='ocr_line' id='line_1_117' title="bbox 578 5250 1933 5311; baseline -0.003 -1"><span class='ocrx_word' id='word_1_743' title='bbox 578 5257 670 5290; x_wconf 77' lang='lat'><strong>“”</strong></span> <span class='ocrx_word' id='word_1_744' title='bbox 700 5257 839 5310; x_wconf 76' lang='lat' dir='ltr'><strong>deest</strong></span> <span class='ocrx_word' id='word_1_745' title='bbox 883 5258 944 5311; x_wconf 83' lang='lat' dir='ltr'><strong>A.</strong></span> <span class='ocrx_word' id='word_1_746' title='bbox 1021 5256 1107 5289; x_wconf 65' lang='lat'><strong>&quot;’9‘</strong></span> <span class='ocrx_word' id='word_1_747' title='bbox 1158 5256 1236 5309; x_wconf 81' lang='lat' dir='ltr'><strong>ita</strong></span> <span class='ocrx_word' id='word_1_748' title='bbox 1300 5255 1437 5308; x_wconf 76' lang='lat' dir='ltr'><strong>LA.</strong></span> <span class='ocrx_word' id='word_1_749' title='bbox 1494 5253 1556 5307; x_wconf 70' lang='grc' dir='ltr'><strong>(Ξ.</strong></span> <span class='ocrx_word' id='word_1_750' title='bbox 1614 5252 1670 5305; x_wconf 80' lang='lat' dir='ltr'><strong>D.</strong></span> <span class='ocrx_word' id='word_1_751' title='bbox 1705 5250 1765 5306; x_wconf 84' lang='lat' dir='ltr'><strong>E.</strong></span> <span class='ocrx_word' id='word_1_752' title='bbox 1841 5250 1933 5283; x_wconf 76' lang='lat'><strong>&quot;&quot;</strong></span> 
     </span>
    </p>
   </div>
   <div class='ocr_carea' id='block_1_116' title="bbox 749 5317 3306 5398">
    <p class='ocr_par' dir='ltr' id='par_1_116' title="bbox 749 5317 3306 5398">
     <span class='ocr_line' id='line_1_118' title="bbox 749 5317 3306 5398; baseline -0.004 -18"><span class='ocrx_word' id='word_1_753' title='bbox 749 5329 839 5359; x_wconf 66' lang='lat'><strong>&quot;9‘</strong></span> <span class='ocrx_word' id='word_1_754' title='bbox 896 5343 980 5398; x_wconf 85' lang='lat' dir='ltr'><strong>ep.</strong></span> <span class='ocrx_word' id='word_1_755' title='bbox 1031 5341 1081 5381; x_wconf 88' lang='lat' dir='ltr'><strong>a.</strong></span> <span class='ocrx_word' id='word_1_756' title='bbox 1147 5334 1233 5381; x_wconf 89' lang='lat' dir='ltr'><strong>cst</strong></span> <span class='ocrx_word' id='word_1_757' title='bbox 1290 5326 1343 5377; x_wconf 83' lang='lat' dir='ltr'><strong>in</strong></span> <span class='ocrx_word' id='word_1_758' title='bbox 1373 5323 1486 5377; x_wconf 79' lang='lat' dir='ltr'><strong>loco</strong></span> <span class='ocrx_word' id='word_1_759' title='bbox 1518 5340 1636 5376; x_wconf 83' lang='lat' dir='ltr'><strong>raso</strong></span> <span class='ocrx_word' id='word_1_760' title='bbox 1670 5323 1719 5375; x_wconf 91' lang='grc'><strong>1.</strong></span> <span class='ocrx_word' id='word_1_761' title='bbox 1795 5320 1885 5355; x_wconf 73' lang='lat'><strong>“’7</strong></span> <span class='ocrx_word' id='word_1_762' title='bbox 1911 5317 2118 5377; x_wconf 69' lang='lat' dir='ltr'><strong>mm</strong></span> <span class='ocrx_word' id='word_1_763' title='bbox 2149 5320 2200 5374; x_wconf 74' lang='grc'><strong>4.</strong></span> <span class='ocrx_word' id='word_1_764' title='bbox 2279 5318 2374 5351; x_wconf 78' lang='grc'><strong><em>²⁴⁵⁹⁸</em></strong></span> <span class='ocrx_word' id='word_1_765' title='bbox 2400 5317 2684 5373; x_wconf 82' lang='lat' dir='ltr'><strong>erkeberto</strong></span> <span class='ocrx_word' id='word_1_766' title='bbox 2709 5319 2761 5374; x_wconf 88' lang='lat'><strong>7.</strong></span> <span class='ocrx_word' id='word_1_767' title='bbox 2791 5336 2927 5373; x_wconf 85' lang='lat' dir='ltr'><strong>corr.</strong></span> <span class='ocrx_word' id='word_1_768' title='bbox 2958 5319 3217 5375; x_wconf 84' lang='lat' dir='ltr'><strong>ckeberto</strong></span> <span class='ocrx_word' id='word_1_769' title='bbox 3252 5320 3306 5372; x_wconf 68' lang='grc'><strong>4.</strong></span> 
     </span>
    </p>
   </div>
   <div class='ocr_carea' id='block_1_117' title="bbox 1976 5247 3304 5320">
    <p class='ocr_par' dir='ltr' id='par_1_117' title="bbox 1976 5247 3304 5320">
     <span class='ocr_line' id='line_1_119' title="bbox 1976 5247 3304 5320; baseline -0.004 -15"><span class='ocrx_word' id='word_1_770' title='bbox 1976 5247 2435 5320; x_wconf 74' lang='lat' dir='ltr'><strong>plasphetnias_A.</strong></span> <span class='ocrx_word' id='word_1_771' title='bbox 2460 5317 2472 5320; x_wconf 90' lang='lat'>_</span> <span class='ocrx_word' id='word_1_772' title='bbox 2512 5248 2602 5320; x_wconf 53' lang='lat'><strong>‘9’</strong></span> <span class='ocrx_word' id='word_1_773' title='bbox 2638 5247 2676 5303; x_wconf 82' lang='lat' dir='ltr'><strong>f.</strong></span> <span class='ocrx_word' id='word_1_774' title='bbox 2711 5265 2757 5320; x_wconf 82' lang='lat' dir='ltr'><strong>r.</strong></span> <span class='ocrx_word' id='word_1_775' title='bbox 2800 5249 2866 5303; x_wconf 86' lang='lat' dir='ltr'><strong>A.</strong></span> <span class='ocrx_word' id='word_1_776' title='bbox 2942 5250 3038 5320; x_wconf 56' lang='grc' dir='ltr'><strong>ωδ</strong></span> <span class='ocrx_word' id='word_1_777' title='bbox 3062 5250 3207 5304; x_wconf 82' lang='lat' dir='ltr'><strong>deest</strong></span> <span class='ocrx_word' id='word_1_778' title='bbox 3240 5249 3304 5301; x_wconf 88' lang='lat' dir='ltr'><strong>A.</strong></span> 
     </span>
    </p>
   </div>
   <div class='ocr_carea' id='block_1_118' title="bbox 1544 5480 1777 5537">
    <p class='ocr_par' dir='ltr' id='par_1_118' title="bbox 1544 5480 1777 5537">
     <span class='ocr_line' id='line_1_120' title="bbox 1544 5480 1777 5537; baseline 0 -1"><span class='ocrx_word' id='word_1_779' title='bbox 1544 5480 1777 5537; x_wconf 60' lang='lat' dir='ltr'><strong>NOTAE.</strong></span> 
     </span>
    </p>
   </div>
   <div class='ocr_carea' id='block_1_119' title="bbox 105 5577 1066 5650">
    <p class='ocr_par' dir='ltr' id='par_1_119' title="bbox 105 5577 1066 5650">
     <span class='ocr_line' id='line_1_121' title="bbox 105 5577 1066 5650; baseline -0.007 -9"><span class='ocrx_word' id='word_1_780' title='bbox 105 5577 246 5650; x_wconf 67' lang='lat' dir='ltr'><strong>(2M)</strong></span> <span class='ocrx_word' id='word_1_781' title='bbox 272 5580 406 5650; x_wconf 70' lang='lat' dir='ltr'><strong>Hzec</strong></span> <span class='ocrx_word' id='word_1_782' title='bbox 429 5581 502 5637; x_wconf 88' lang='lat' dir='ltr'><strong>ad</strong></span> <span class='ocrx_word' id='word_1_783' title='bbox 529 5598 578 5636; x_wconf 90' lang='lat' dir='ltr'><strong>a.</strong></span> <span class='ocrx_word' id='word_1_784' title='bbox 617 5581 739 5635; x_wconf 82' lang='grc'>1071</span> <span class='ocrx_word' id='word_1_785' title='bbox 774 5582 1066 5650; x_wconf 86' lang='lat' dir='ltr'><strong>pertinent.</strong></span> 
     </span>
    </p>
   </div>
   <div class='ocr_carea' id='block_1_120' title="bbox 76 5646 1621 5724">
    <p class='ocr_par' dir='ltr' id='par_1_120' title="bbox 76 5646 1621 5724">
     <span class='ocr_line' id='line_1_122' title="bbox 76 5646 1621 5724; baseline -0.015 -2"><span class='ocrx_word' id='word_1_786' title='bbox 76 5716 81 5724; x_wconf 90' lang='lat'><strong>.</strong></span> <span class='ocrx_word' id='word_1_787' title='bbox 105 5646 247 5724; x_wconf 51' lang='grc' dir='ltr'><strong>θέε)</strong></span> <span class='ocrx_word' id='word_1_788' title='bbox 269 5649 357 5724; x_wconf 63' lang='lat' dir='ltr'><strong>CL</strong></span> <span class='ocrx_word' id='word_1_789' title='bbox 401 5653 475 5707; x_wconf 84' lang='lat' dir='ltr'><strong>de</strong></span> <span class='ocrx_word' id='word_1_790' title='bbox 507 5652 716 5724; x_wconf 74' lang='lat' dir='ltr'><strong>synodo</strong></span> <span class='ocrx_word' id='word_1_791' title='bbox 738 5646 807 5705; x_wconf 88' lang='lat' dir='ltr'><strong>ab</strong></span> <span class='ocrx_word' id='word_1_792' title='bbox 819 5649 1215 5724; x_wconf 40' lang='lat' dir='ltr'><strong>alexandrob.</strong></span> <span class='ocrx_word' id='word_1_793' title='bbox 1242 5664 1294 5704; x_wconf 88' lang='lat' dir='ltr'><strong>a.</strong></span> <span class='ocrx_word' id='word_1_794' title='bbox 1321 5646 1505 5703; x_wconf 69' lang='lat' dir='ltr'><strong>Roma:</strong></span> <span class='ocrx_word' id='word_1_795' title='bbox 1524 5648 1621 5700; x_wconf 89' lang='lat' dir='ltr'><strong>ha-</strong></span> 
     </span>
    </p>
   </div>
   <div class='ocr_carea' id='block_1_121' title="bbox 44 5713 1191 5792">
    <p class='ocr_par' dir='ltr' id='par_1_121' title="bbox 44 5713 1191 5792">
     <span class='ocr_line' id='line_1_123' title="bbox 44 5713 1191 5792; baseline 0.007 -28"><span class='ocrx_word' id='word_1_796' title='bbox 44 5713 366 5792; x_wconf 59' lang='lat' dir='ltr'><strong>bit-ilionizo</strong></span> <span class='ocrx_word' id='word_1_797' title='bbox 397 5738 492 5792; x_wconf 87' lang='lat' dir='ltr'><strong>ap.</strong></span> <span class='ocrx_word' id='word_1_798' title='bbox 521 5713 788 5792; x_wconf 61' lang='lat' dir='ltr'><strong>(Efclium</strong></span> <span class='ocrx_word' id='word_1_799' title='bbox 818 5721 882 5787; x_wconf 87' lang='lat' dir='ltr'><strong>Il,</strong></span> <span class='ocrx_word' id='word_1_800' title='bbox 916 5737 1035 5791; x_wconf 79' lang='lat' dir='ltr'><strong>pag.</strong></span> <span class='ocrx_word' id='word_1_801' title='bbox 1068 5718 1191 5773; x_wconf 85' lang='grc'>810.</span> 
     </span>
    </p>
   </div>
   <div class='ocr_carea' id='block_1_122' title="bbox 104 5787 1623 5860">
    <p class='ocr_par' dir='ltr' id='par_1_122' title="bbox 104 5787 1623 5860">
     <span class='ocr_line' id='line_1_124' title="bbox 104 5787 1623 5860; baseline -0.005 -12"><span class='ocrx_word' id='word_1_802' title='bbox 104 5789 245 5849; x_wconf 64' lang='grc'>(216)</span> <span class='ocrx_word' id='word_1_803' title='bbox 286 5787 451 5848; x_wconf 72' lang='grc' dir='ltr'><strong>Μειιὶ</strong></span> <span class='ocrx_word' id='word_1_804' title='bbox 500 5792 649 5860; x_wconf 87' lang='lat' dir='ltr'><strong>quod</strong></span> <span class='ocrx_word' id='word_1_805' title='bbox 691 5791 825 5847; x_wconf 64' lang='lat' dir='ltr'><strong>Suec.</strong></span> <span class='ocrx_word' id='word_1_806' title='bbox 880 5787 931 5845; x_wconf 62' lang='lat' dir='ltr'><strong>v~</strong></span> <span class='ocrx_word' id='word_1_807' title='bbox 975 5787 1207 5846; x_wconf 66' lang='lat' dir='ltr'><strong>testatur</strong></span> <span class='ocrx_word' id='word_1_808' title='bbox 1243 5787 1623 5858; x_wconf 87' lang='lat' dir='ltr'><strong>Liudprandus</strong></span> 
     </span>
    </p>
   </div>
   <div class='ocr_carea' id='block_1_123' title="bbox 1733 5572 2804 5713">
    <p class='ocr_par' dir='ltr' id='par_1_123' title="bbox 1733 5572 2804 5713">
     <span class='ocr_line' id='line_1_125' title="bbox 1733 5572 2804 5713; baseline -0.007 -6"><span class='ocrx_word' id='word_1_809' title='bbox 1733 5572 1954 5713; x_wconf 52' lang='grc' dir='ltr'><strong>11’(ἓέἲίῖ)</strong></span> <span class='ocrx_word' id='word_1_810' title='bbox 1995 5642 2217 5697; x_wconf 82' lang='lat' dir='ltr'><strong>Rectius</strong></span> <span class='ocrx_word' id='word_1_811' title='bbox 2262 5640 2804 5713; x_wconf 18' lang='lat' dir='ltr'><strong>baccaltgkkehardus,</strong></span> 
     </span>
    </p>
   </div>
   <div class='ocr_carea' id='block_1_124' title="bbox 2406 5643 3302 5715">
    <p class='ocr_par' dir='ltr' id='par_1_124' title="bbox 2406 5643 3302 5715">
     <span class='ocr_line' id='line_1_126' title="bbox 2406 5643 3302 5715; baseline 0.002 -21"><span class='ocrx_word' id='word_1_812' title='bbox 2406 5643 2804 5715; x_wconf 30' lang='lat' dir='ltr'><strong>‘lglikehardus,</strong></span> <span class='ocrx_word' id='word_1_813' title='bbox 2858 5659 2995 5715; x_wconf 86' lang='lat' dir='ltr'><strong>opus</strong></span> <span class='ocrx_word' id='word_1_814' title='bbox 3049 5643 3302 5700; x_wconf 76' lang='lat' dir='ltr'><strong>secundis</strong></span> 
     </span>
    </p>
   </div>
   <div class='ocr_carea' id='block_1_125' title="bbox 1732 5711 3095 5784">
    <p class='ocr_par' dir='ltr' id='par_1_125' title="bbox 1732 5711 3095 5784">
     <span class='ocr_line' id='line_1_127' title="bbox 1732 5711 3095 5784; baseline -0.002 -14"><span class='ocrx_word' id='word_1_815' title='bbox 1732 5711 1881 5770; x_wconf 84' lang='lat' dir='ltr'><strong>curis</strong></span> <span class='ocrx_word' id='word_1_816' title='bbox 1911 5711 2267 5784; x_wconf 87' lang='lat' dir='ltr'><strong>perlustrans,</strong></span> <span class='ocrx_word' id='word_1_817' title='bbox 2296 5727 2344 5765; x_wconf 88' lang='lat' dir='ltr'><strong>a.</strong></span> <span class='ocrx_word' id='word_1_818' title='bbox 2376 5711 2512 5765; x_wconf 80' lang='grc'>1075</span> <span class='ocrx_word' id='word_1_819' title='bbox 2542 5713 2843 5769; x_wconf 83' lang='lat' dir='ltr'><strong>collocavit.</strong></span> <span class='ocrx_word' id='word_1_820' title='bbox 2894 5711 2911 5715; x_wconf 64' lang='grc'>⁷</span> <span class='ocrx_word' id='word_1_821' title='bbox 3000 5780 3005 5784; x_wconf 23' lang='grc' dir='ltr'><strong>θ</strong></span> <span class='ocrx_word' id='word_1_822' title='bbox 3089 5752 3095 5758; x_wconf 90' lang='grc'><strong><em>-</em></strong></span> 
     </span>
    </p>
   </div>
  </div>
