3862 6306
120 329 199 387 919

289 451 380 494 suo
413 436 661 509 restituit.
708 438 867 494 Prius
918 449 1095 495 tamen
1147 457 1313 495 missa
1361 441 1427 496 ad
1472 444 1641 496 altare
1671 445 1717 502 Α

282 517 605 582 sustentatus
628 519 961 582 percantata,
983 527 1149 582 quam
1177 512 1330 582 prius
1361 513 1637 582 inceperat

284 579 370 635 sed
399 580 631 634 nondum
663 579 891 636 ﬁnierat.
917 582 987 651 cf.
1005 579 1355 635 ’Berno’ldum.

164 697 236 749 21.
276 693 331 747 Α.
363 693 452 726 ¹⁵⁹⁸
474 692 534 747 D.
566 693 723 749 1077.
749 693 1054 751 Buodolfus
1078 698 1093 716 ‘
1124 695 1379 766 indigena
1402 693 1637 763 Suevire,

111 805 208 860 qua:
236 787 316 827 ἠ’
343 785 534 858 regalis
580 787 805 843 omnino
836 787 1145 844 stemmatis
1175 796 1260 843 est
1289 788 1488 853 aliena,
1522 804 1637 844 me-

110 878 337 934 diantibus
389 875 652 947 Sigeirido
717 879 1138 950 metropolitano
1193 887 1248 934 et
1298 877 1638 934 Adelberone

110 968 482 1040 Wirciburgensi
510 969 786 1039 episcopo,
815 969 1093 1026 Berhtolfo
1128 985 1348 1042 quoque
1376 970 1511 1041 duce
1530 968 1636 1024 Ca-

110 1061 283 1115 rinthia:
308 1074 366 1115 ac
396 1060 634 1130 predicto
661 1059 857 1117 Ottone
898 1062 1131 1132 aliisque
1166 1062 1444 1116 nonnullis
1474 1062 1631 1132 prin-

106 1151 298 1221 cipibus,
320 1150 370 1206 in
394 1152 665 1223 presentia
699 1155 1045 1224 quorundam
1098 1154 1358 1209 Romana:
1379 1156 1524 1210 sedis
1550 1155 1629 1208 le.-

104 1254 330 1315 gatornm,
364 1258 467 1299 non
494 1245 800 1301 voluntarie
842 1248 1220 1312 annuentium,
1252 1247 1394 1316 apud
1423 1244 1630 1301 Forbe-

103 1338 217 1391 heim
253 1336 303 1391 in
332 1352 503 1408 regem
546 1338 807 1395 elevatur.
836 1339 880 1392 A
930 1340 1132 1410 quibus
1166 1341 1330 1395 etiam
1364 1341 1630 1396 deductus

102 1428 400 1498 Diligentiam,
424 1429 477 1483 in
500 1431 679 1485 media
698 1431 1116 1503 quadragesima
1140 1431 1205 1486 12
1229 1432 1376 1503 (253)
1401 1431 1625 1487 Kalend.

102 1520 235 1589 April.
264 1535 291 1574 a
329 1519 578 1591 Sigitrido
611 1522 870 1594 episcopo
917 1523 974 1577 in
1010 1538 1195 1595 regem
1235 1524 1481 1595 ungitur.
1526 1522 1632 1580 Ubi

100 1610 250 1664 eadem
278 1610 376 1676 die,
405 1611 643 1682 pessimo
665 1613 933 1684 auspicio,
960 1612 1236 1669 sedicione
1264 1612 1426 1681 facta,
1457 1614 1627 1669 multa

101 1704 224 1757 turba
269 1704 402 1775 vulgi
439 1721 581 1762 caesa
631 1716 716 1763 est
765 1707 836 1763 ab
876 1706 997 1779 ejus
1045 1707 1309 1763 militibus
1353 1710 1431 1776 “;
1482 1707 1631 1763 unde

97 1794 254 1867 vulgus
279 1811 561 1852 accensum
594 1798 648 1852 in
694 1798 843 1869 ipsos
878 1798 1118 1866 exarsit,
1155 1798 1479 1870 magnisque
1510 1798 1629 1852 icti-
1661 1816 1707 1872 Β

96 1884 176 1938 bus
210 1885 391 1941 multos
436 1887 813 1956 obtruncatis,
862 1897 1074 1944 ceteros
1105 1888 1159 1943 in
1188 1898 1397 1944 curtcm
1442 1889 1625 1959 palatii

95 1976 281 2047 fugavit,
309 1979 561 2050 ipsasque
588 1980 769 2053 regias
814 1981 958 2037 aedes
980 1981 1269 2037 incendere
1304 1982 1493 2044 voluit.
1518 1981 1626 2037 nisi

94 2071 208 2136 quod
250 2071 527 2142 cpiscopus
574 2071 866 2145 Sigifridus
920 2090 1021 2145 pro
1069 2074 1245 2130 veloci
1292 2073 1626 2130 discessione

94 2157 297 2216 liuodolli
333 2164 575 2219 obsidem
617 2180 677 2221 se
725 2164 1072 2237 interposuit.
1106 2164 1183 2221 Ita
1227 2165 1531 2221 Ruodoll'us
1569 2173 1627 2221 et

91 2254 236 2307 cuncti
256 2254 339 2324 qui
364 2273 486 2311 cum
517 2272 584 2312 eo
609 2266 880 2313 venerunt
905 2258 1064 2329 ejecti
1092 2266 1246 2326 sunt;
1272 2258 1387 2328 ipse
1406 2271 1626 2327 quoque

91 2342 332 2413 Sigil‘ridus
365 2349 655 2420 episcopus
677 2351 889 2421 magnis
914 2351 1266 2422 blasphemiis
1290 2350 1622 2417 eliminatus,

89 2433 364 2507 Mogontiam
410 2457 523 2496 non
562 2443 783 2498 intravit
803 2444 1058 2514 amplius.
1101 2442 1343 2498 Collecto
1373 2442 1624 2497 dehinca

89 2524 283 2584 Saxonia
307 2533 546 2588 exercitu
572 2535 796 2605 copioso
832 2534 1042 2607 (Aug.),
1077 2533 1380 2589 Ruodoll‘us
1420 2531 1621 2588 Wirci-

88 2615 355 2689 Lurgenses,
382 2620 639 2679 Heinrico
662 2624 777 2696 regi
804 2626 962 2680 iidem
986 2632 1268 2680 servantes
1288 2632 1340 2679 ct
1370 2632 1478 2679 tam
1508 2625 1624 2695 epi—

84 2722 270 2778 scopum
285 2727 438 2769 suum
463 2715 859 2771 Adelberonem
887 2732 1051 2787 quam
1075 2732 1133 2772 se
1155 2724 1619 2786 contempnentcs,

84 2800 286 2872 obsedit;
318 2808 406 2862 sed
432 2808 551 2879 jam
578 2809 812 2867 diversis
854 2811 1125 2867 machinis
1156 2812 1222 2866 ad
1265 2811 1419 2866 urbis
1445 2811 1619 2881 obpu-

84 2894 344 2961 gnationem
360 2900 666 2967 instructis,
690 2910 895 2958 terrore
917 2901 1157 2959 Heinrici
1177 2903 1341 2974 regis,
1362 2902 1508 2958 circa
1530 2902 1619 2935 "‘“

85 2981 267 3044 Kalend.
292 2989 393 3047 Jul.
427 2993 498 3049 ab
529 2992 681 3049 Italia
716 2996 942 3062 reversi,
991 2995 1169 3051 inacte
1193 2995 1518 3067 regreditur.
1549 3025 1622 3037 —-

84 3073 326 3138 lleinricus
370 3094 556 3140 autem
604 3100 701 3140 rex
749 3085 1133 3141 Alamanniam
1185 3101 1311 3142 cum
1376 3085 1620 3141 exercitu

83 3170 192 3236 petit
215 3172 315 3243 (an.
343 3177 528 3249 1078),
560 3177 742 3248 ibique
763 3179 1033 3249 quendam
1058 3194 1124 3233 ex
1147 3177 1414 3249 indigenis
1440 3176 1623 3248 Πυθο-
1649 3165 1694 3229 C

79 3276 177 3316 nexu
205 3264 342 3339 (251)
374 3270 625 3340 aliosque
655 3270 875 3326 sibimet
917 3270 1050 3326 inibi
1081 3270 1333 3338 rebelles,
1367 3285 1475 3324 non
1502 3271 1620 3326 sine

79 3368 241 3427 magna
296 3360 540 3432 ejusdem
612 3363 907 3433 provinciae
956 3362 1260 3418 vastatione
1288 3403 1305 3429 ,
1363 3362 1614 3422 debellat.

76 3444 391 3510 Berbctoldus
418 3455 516 3488 "“
550 3464 730 3510 autem
756 3455 823 3510 de
853 3454 1146 3526 Zaringon,
1180 3456 1292 3511 dux
1335 3456 1615 3527 quondam

77 3535 352 3613 Carinthiaa,
380 3545 435 3601 in
476 3546 722 3618 quodam
765 3546 964 3618 oppido
993 3562 1095 3603 suo
1130 3545 1418 3620 Lintperge
1460 3548 1612 3623 (255)

73 3637 354 3694 naturaliter
375 3640 596 3696 munito
622 3640 854 3711 positus,
886 3640 1015 3696 dum
1061 3640 1268 3696 videret
1294 3657 1361 3697 ex
1388 3642 1618 3699 arbitrio

73 3726 190 3796 regis
214 3729 424 3801 impune
453 3743 655 3790 cuncta
683 3733 907 3801 vastari,
939 3748 1034 3803 pre
1071 3732 1259 3789 dolore
1281 3739 1297 3757 '
1324 3733 1491 3789 animi
1528 3735 1614 3791 di-

70 3816 186 3872 citur
209 3837 271 3877 eo
297 3826 492 3882 morbo
519 3840 684 3896 quem
708 3826 906 3881 medici
939 3824 1180 3899 frenesin
1209 3834 1410 3881 vocant
1452 3841 1618 3882 occu-

68 3916 201 3976 patus
237 3912 402 3973 fuisse
424 3959 441 3986 ,
472 3926 795 3990 septemque
834 3917 1030 3976 diebus
1078 3926 1269 3990 postea
1319 3925 1613 3986 superstes,

68 4005 208 4065 multa
235 4011 483 4066 amantia:
529 4010 693 4066 verba
720 4010 881 4084 quasi
905 4011 1145 4066 delirans
1172 4010 1486 4081 protulisse,
1516 4010 1619 4065 sic-

69 4109 153 4162 que
168 4098 322 4155 vitam
351 4101 561 4159 ﬁnisse.
591 4133 661 4145 -—
688 4101 746 4157 In
771 4119 834 4158 ea
858 4102 1202 4173 expeditione
1226 4101 1333 4160 Uto
1358 4101 1614 4158 Treviro-

65 4201 163 4249 rum
190 4193 631 4266 archiepiscopus
655 4193 946 4252 defunctus
973 4203 1075 4252 est.
1103 4195 1168 4264 ’1,

182 4286 197 4303 ⁶
223 4281 282 4344 C.
310 4285 406 4340 hoc
429 4304 571 4341 anno
589 4288 701 4342 ita:
721 4286 936 4343 Gelu—
956 4302 1131 4358 usque
1153 4287 1221 4343 ad
1241 4286 1613 4358 equinoctium
1650 4306 1654 4311 ‘

244 4358 466 4431 vernale
493 4358 814 4431 permansit.
851 4373 916 4412 ea:
958 4356 1132 4431 Sigei).
1171 4376 1223 4413 a.
1260 4356 1416 4412 1076.
1448 4356 1614 4431 Hein-

243 4426 390 4499 ricus
413 4426 512 4483 rex
541 4428 683 4483 ultra
727 4426 1270 4498 montes'profectus.
1309 4428 1613 4499 apostolico

244 4495 297 4557 in
342 4498 632 4555 Canusino
672 4507 854 4554 castro
896 4495 1099 4568 posito,
1129 4500 1292 4554 nimis
1337 4495 1613 4553 humiliter

244 4568 623 4635 satisfaciens,
652 4569 997 4624 absolutione
1022 4577 1078 4624 et
1120 4569 1506 4624 communione
1527 4585 1613 4623 re-

243 4648 419 4707 cepta,
436 4654 629 4708 pacem
656 4639 811 4706 fecit;
836 4640 928 4694 sed
952 4640 1185 4710 qualiter
1206 4640 1320 4709 ipsa
1341 4654 1447 4709 pax
1476 4638 1617 4695 inter

247 4722 476 4779 regnum
499 4718 553 4764 ct
578 4710 942 4765 sacerdotium
990 4711 1043 4764 in
1072 4711 1222 4764 brevi
1253 4711 1497 4779 disrupta
1522 4711 1615 4775 sit,

244 4786 390 4851 totus
404 4779 778 4851 jammundus
801 4780 924 4851 inde
948 4781 1112 4836 nimis
1133 4787 1620 4851 connuotusagno-

242 4848 338 4902 vit.
369 4848 594 4933 lnte‘r‘im
618 4850 818 4932 quippe
846 4850 976 4905 dum
1000 4851 1117 4931 habe
1141 4860 1410 4933 aguntur,
1442 4848 1618 4933 Saxon

246 4934 342 4974 nes
371 4930 427 4975 et
467 4920 754 4975 Alemanni
814 4936 939 4975 cum
981 4920 1098 4975 suis
1139 4920 1411 4989 episcopis
1455 4929 1620 4989 atquc

240 4990 611 5061 principibus,
628 4991 992 5047 mediantibus
1017 4989 1286 5061 Sigcl'rido
1308 4989 1629 5062 Mogontino

972 326 1339 386 CliRONlCA.
1412 361 1449 371 -
1486 327 1877 389 CllliONlCON
1917 333 2372 392 UNIVERSALE.

3204 322 3308 389 950

1949 458 2004 518 et
2029 449 2364 504 Adelberone
2398 448 2477 503 W.
2502 463 2550 518 e.
2585 446 2643 503 B.
2671 463 2725 518 q.
2760 447 2814 518 d.
2849 444 2911 518 C.
2945 454 2999 500 et
3030 442 3313 518 “idemne

1949 517 2321 587 Bajoariorum
2345 519 2503 582 duce,
2535 513 2861 573 Ruodbll‘um
2881 517 3071 570 ducem
3105 513 3310 587 Suevo-

1948 583 2071 643 ruin
2104 599 2160 644 et
2202 589 2639 659 Burgundiorum
2696 602 2861 657 super
2889 601 2950 639 se
2971 583 3307 659 regem_ele-

1951 667 2100 724 vant,
2135 659 2189 713 in
2234 653 2504 734 presentia
2546 653 3134 734 scilicet—quorundam
3165 653 3310 722 lega-

1954 737 2134 804 torum
2176 726 2320 784 sedis
2361 729 2670 804 apostolicaa
2710 742 2830 804 non
2860 726 3166 804 voluntarie
3195 740 3307 804 .an-

1948 800 2254 869 nuentium,
2302 807 2357 853 et
2381 794 2559 869 ipsum
2604 796 2984 869 apostolicum,
3015 794 3156 850 sicut
3195 794 3309 862 ipse

1946 878 2132 938 postea
2162 868 2341 938 facere
2365 868 2591 935 sciebat,
2616 869 2685 924 ab
2710 868 2813 921 hoc
2839 880 3115 938 consensu
3139 879 3307 917 excu-

1949 934 2209 1007 santium.
2273 934 2585 994 Perductus
2640 939 2822 1007 itaque
2881 934 3312 1006 Mogontiam—
3358 954 3365 961 ι

1947 1006 2185 1063 Heinrici
2224 1009 2458 1064 adventu
2508 1006 3010 1071 territus’recessit,
3044 1013 3103 1059 ut
3148 1020 3312 1073 supra
3357 1038 3365 1073 τ

1948 1078 2129 1150 (paulo
2162 1078 2425 1150 _l_1revius).
2471 1079 2588 1150 Ipse
2641 1077 2784 1134 enim
2829 1076 3044 1147 Alpium
3090 1083 3195 1150 eti.
3227 1088 3310 1150 ἐκ

1944 1095 2129 1203 glauco
2178 1095 2425 1149 oremus).
2472 1095 2588 1150 Ipse
2641 1095 2784 1134 enim
2829 1095 3044 1147 Alpium
3090 1095 3195 1129 ac.
3245 1095 3310 1127 ean

1988 1149 2121 1219 igeb.
2160 1147 2447 1219 Heinricus
2471 1180 2542 1188 —
2564 1150 2813 1205 debellat.
2831 1157 2904 1219 git
2931 1162 3113 1219 supra.
3145 1143 3312 1219 liciu-

1945 1214 2096 1295 riéus
2143 1250 2214 1295 -_-_—
2248 1218 2641 1295 fortitudinem.
2700 1235 2767 1274 ea:
2818 1214 3092 1295 Sigebﬂa.
3123 1214 3307 1295 _10.7.8.

1947 1287 2272 1345 Bertholdus
2312 1298 2496 1344 autem
2542 1291 2653 1345 dux
2701 1285 2977 1358 quondam
3011 1285 3310 1358 Carintltige

1940 1359 2055 1430 jam
2081 1375 2268 1434 senex,
2297 1368 2352 1415 et
2382 1352 2819 1434 sapientissimus
2851 1358 2905 1412 in
2946 1372 3115 1427 regno
3153 1352 3311 1434 bald-

1945 1429 2057 1496 tus,
2090 1429 2249 1500 cujus
2276 1438 2330 1484 et
2368 1430 2598 1485 consilio
2624 1446 2715 1484 rex
2758 1443 3121 1500 supcr_r_egem
3153 1429 3308 1496 pusi-

1943 1508 2031 1570 tus
2061 1497 2172 1565 est,
2222 1500 2276 1553 in
2324 1502 2559 1570 quodam
2592 1500 2886 1570 opidosuo
2920 1497 3172 1570 Lintperg
3202 1504 3302 1548 etc.

1873 1574 1914 1595 "
1939 1569 2034 1641 M.,
2076 1570 2193 1640 ipse
2216 1567 2395 1641 autem
2432 1587 2554 1625 cum
2599 1567 2856 1641 Sigil'rido
2889 1567 3304 1641 metropolitano

1940 1637 2198 1711 episcopo
2221 1640 2489 1710 Mogontia
2519 1637 2793 1711 egressus,
2820 1638 2874 1691 iu
2903 1637 3307 1711 Saxonianrest

1940 1705 2237 1781 profectus,
2254 1705 2345 1781 ubi
2368 1705 2594 1766 collect?)
2616 1710 2856 1765 exercitu
2888 1708 3132 1781 copioso,
3158 1705 3306 1759 Wir-

1942 1780 2295 1852 ciburgenses
2318 1780 2380 1835 D.
2415 1781 2474 1835 E.
2508 1782 2690 1835 celeris
2719 1780 2949 1834 omissis.

1869 1877 1889 1895 ‘
1918 1871 1981 1928 ν.
2017 1873 2185 1929 animi
2220 1874 2409 1929 dolare
2455 1873 2757 1942 morboque
2783 1870 3048 1942 corporis
3066 1882 3303 1938 oecupa-

1940 1953 2048 2011 tus,
2073 1946 2239 2000 vitam
2268 1952 2576 2015 prescntem
2602 1938 2793 1997 lin'ivit.
2820 1938 2975 1998 C5D.
3008 1938 3070 1993 E.
3302 1975 3306 1979 ι

1870 2039 1888 2058 ⁴
1928 2037 1951 2090 1
1996 2035 2083 2092 10.
2114 2038 2200 2092 11.
2231 2036 2437 2090 addunt
2468 2035 2711 2106 :Agnes,
2743 2041 2916 2106 mater
2932 2029 3210 2106 _H._regis.
3234 2029 3304 2082 29

1932 2109 2096 2163 annis
2131 2109 2314 2173 vidua,
2341 2106 2530 2163 Romae
2565 2103 2725 2170 obiit,
2753 2104 2808 2158 in
2835 2103 3067 2159 ecclesia
3097 2107 3303 2156 sanctae

1937 2177 2258 2234 Petronellze
2281 2179 2514 2248 sepulta.
2538 2193 2603 2231 ea:
2628 2175 2915 2231 Bernoldo.

1794 2267 1883 2323 22.
1920 2269 1987 2323 Α.
2024 2268 2087 2324 D.
2126 2268 2282 2324 1078.
2320 2267 2608 2324 Heinricus
2670 2283 2764 2322 rex
2806 2263 3117 2336 properanti
3173 2276 3308 2318 con-

1725 2365 1808 2413 tra
1861 2376 1920 2415 se
1960 2377 2085 2417 cum
2116 2362 2291 2416 multo
2318 2361 2559 2418 exercitu
2604 2357 2877 2414 Ruodoll‘o
2902 2357 3058 2428 juxta
3106 2353 3306 2409 Strowi

1724 2451 1991 2518 occurrit;
2020 2452 2267 2524 initoque
2295 2452 2483 2524 praelio
2516 2451 2676 2524 (Aug.
2702 2450 2778 2524 7),
2808 2465 2919 2505 non
2941 2446 3103 2519 pauci
3125 2462 3194 2502 ex
3217 2445 3305 2499 bis

1723 2552 1886 2612 atque
1934 2544 2043 2599 illis
2091 2552 2537 2615 prosternuntur,
2580 2558 2645 2598 ac
2694 2542 2904 2597 incerta
2946 2540 3006 2594 lit
3049 2536 3302 2600 victoria,

1723 2634 1974 2705 utrisque
1997 2636 2245 2692 certatim
2269 2635 2603 2706 fugientibus
2626 2634 2693 2689 ad
2728 2632 2968 2704 propria.
2998 2629 3102 2685 Ubi
3124 2644 3155 2684 a
3181 2628 3271 2682 vul
3289 2655 3305 2670 ο

1722 2724 1944 2797 garibus
1981 2726 2299 2781 hominibus
2348 2724 2522 2780 Wecil
2572 2720 3085 2795 Magadeburgensis
3118 2717 3302 2773 archi-

1722 2816 2012 2888 episcopus
2034 2818 2088 2873 in
2113 2817 2241 2890 fuga
2270 2818 2559 2883 occiditur,
2591 2816 2726 2885 sive,
2762 2823 2823 2871 ut
2842 2813 3064 2885 quidam
3090 2811 3305 2877 dicunt,

1721 2912 2094 2981 suspenditur,
2129 2911 2358 2984 Magnus
2393 2912 2505 2967 dux
2541 2909 2901 2979 despoliatur,
2933 2905 3302 2961 Herimannus

1721 3016 1927 3071 comes,
1957 3003 2200 3074 ejusdem
2230 3002 2410 3075 Magni
2444 3008 2694 3073 patruus,
2718 3008 2774 3056 et
2792 2998 3118 3057 Adelbertns
3138 2993 3302 3049 Wor-

1722 3095 2017 3151 maciensis
2061 3095 2356 3166 episcopus
2397 3093 2802 3165 comprehensi,
2861 3107 2925 3147 ac
2963 3087 3189 3161 plurimi
3233 3087 3301 3141 de

1725 3185 1989 3243 militibus
2038 3183 2325 3242 Saxonicis
2376 3184 2611 3255 turpiter
2658 3190 2788 3239 sunt
2836 3180 3162 3250 interempti.
3222 3176 3302 3231 Ex

1720 3287 1875 3351 parte
1925 3294 2144 3350 quoque
2192 3279 2337 3350 regis
2378 3277 2470 3310 ¹⁸¹³
2497 3275 2739 3335 Heinrici
2773 3274 2957 3347 Poppo
2996 3272 3170 3344 (256),
3219 3270 3302 3326 vir

1720 3370 1860 3427 mire
1885 3368 2063 3439 fortis,
2086 3369 2364 3427 occubuit.
2395 3369 2452 3424 ‘2

1863 3463 1918 3516 ’2
1955 3463 2007 3517 5.
2040 3461 2192 3515 addit
2219 3480 2237 3517 :
2266 3459 2535 3516 Hildoll‘us
2559 3458 2904 3514 Coloniensis
2929 3454 3299 3527 archiepisco-

1932 3549 2034 3603 pus
2061 3533 2225 3597 obiit;
2257 3533 2348 3588 cui
2375 3529 2682 3603 Sigewinus
2706 3528 2991 3585 successit.

1785 3623 1877 3679 25.
1905 3622 1971 3679 Α.
2005 3622 2067 3678 1).
2096 3622 2254 3678 1079.
2279 3621 2481 3678 Iterum
2506 3621 2708 3677 bellum
2732 3618 2792 3674 lit
2816 3618 2957 3673 inter
2983 3615 3300 3672 Heinricum

1719 3722 1775 3769 et
1799 3710 2130 3769 Ruodolfum
2153 3711 2208 3767 in
2238 3712 2363 3768 loco
2386 3710 2482 3782 qui
2501 3710 2702 3766 dicitur
2726 3705 3109 3764 Fladehcheim
3127 3705 3300 3776 (257),

1717 3805 1899 3861 hieme
1943 3805 2111 3860 nimis
2145 3819 2341 3875 aspera
2397 3803 2510 3875 (an.
2551 3801 2709 3869 1080,
2757 3799 2885 3855 Jan.
2937 3799 3064 3871 27);
3107 3795 3200 3852 ubi
3242 3796 3301 3850 in

1716 3894 1896 3965 primo
1919 3909 2217 3965 congressu
2241 3892 2489 3947 Saxones
2520 3899 2671 3961 terga
2700 3896 2921 3946 vertunt
2946 3886 3058 3941 ινδ.
3084 3884 3161 3939 lbi
3190 3884 3302 3939 dux

1717 3982 1953 4040 Boemia:
1988 3983 2292 4039 Fratizlaus
2320 3984 2555 4053 regalem
2590 3982 2836 4036 lanceam
2866 3978 3115 4033 Ruodolﬁ
3168 3976 3299 4031 ade-

1715 4087 1842 4150 ptus
1893 4085 2005 4146 est;
2042 4092 2166 4146 qua:
2212 4076 2409 4131 exinde
2455 4074 2814 4148 permissione
2862 4071 3009 4142 regis
3061 4066 3302 4123 Heinrici

1716 4184 1931 4238 semper
1976 4167 2228 4239 quemvis
2277 4165 2423 4221 illius
2465 4164 2643 4236 gentis
2677 4163 2876 4219 ducatu
2928 4159 3203 4229 insignem
3240 4157 3298 4211 in

1715 4260 1867 4317 omni
1897 4259 2091 4316 festiva
2117 4258 2471 4330 processione
2491 4255 2753 4329 precedit.
2776 4253 2846 4309 At
2881 4268 2973 4307 rex
3010 4249 3302 4305 Heinricus

1714 4353 1953 4426 propriis
1979 4352 2178 4410 castris
2203 4352 2468 4418 redditus,
2504 4350 2572 4406 de
2596 4346 2885 4419 armigeris
2904 4359 3045 4416 quos
3066 4342 3301 4410 relique-

1713 4453 1802 4500 rat
1829 4460 1968 4516 pene
2001 4445 2213 4499 nullum
2258 4443 2497 4510 invenit;
2521 4456 2632 4496 una
2658 4439 2859 4510 quippe
2887 4451 2955 4492 ex
2990 4433 3300 4518 legionibus

1645 4519 1691 4579 ί)
1718 4537 1995 4594 Saxonum
2016 4538 2071 4591 in
2086 4537 2263 4608 primo
2284 4550 2583 4610 congressu
2600 4547 2837 4605 pugnam
2863 4530 3143 4592 deserens,
3167 4525 3300 4610 quia

1718 4632 1985 4687 obscurus
2013 4638 2131 4685 erat
2158 4646 2272 4697 aer,
2297 4627 2486 4684 furtim
2514 4635 2695 4683 castra
2729 4624 2874 4696 regis
2899 4619 3117 4685 invasit,
3159 4618 3301 4673 mul-

1719 4730 1918 4791 tosque
1966 4737 2168 4791 pueros
2227 4718 2719 4790 comprehendens,
2768 4710 3147 4780 strangulabat
3196 4722 3292 4762 eos

1722 4812 2004 4881 multaque
2048 4810 2318 4865 abradens
2345 4809 2540 4879 spolia,
2570 4805 2752 4875 fugam
2783 4802 2923 4857 iniit.
2956 4800 3065 4854 Rex
3093 4805 3299 4862 autem,

1720 4901 1949 4957 dimisso
1967 4900 2233 4968 exercitu,
2269 4900 2326 4955 in
2353 4898 2673 4957 orientalem
2700 4893 2990 4950 Franciam
3013 4904 3138 4946 cum
3165 4903 3303 4959 pau-

1723 4990 1804 5046 eis
1829 4990 2067 5046 divertit.
2108 4991 2165 5044 ‘5

1360 5120 1584 5177 VARIIE
1622 5120 2023 5180 LECTIONES.

117 5236 205 5311 "'3
225 5230 384 5296 Anno
414 5272 490 5283 -—
518 5243 767 5311 indigena
793 5243 847 5295 in
875 5247 990 5295 loco
1014 5257 1134 5311 raso
1167 5241 1210 5293 Ι,
1265 5239 1381 5311 _““"
1418 5254 1550 5311 qua;
1567 5254 1617 5311 _r.
1651 5246 1800 5311 orst.
1827 5254 1876 5293 c.
1916 5237 2091 5293 aliena
2125 5238 2315 5291 desunt
2358 5235 2589 5311 Διὶ-’ξω
2616 5232 2786 5311 pirca
2813 5262 2884 5270 —
2911 5228 3065 5311 ltali‘a
3094 5246 3149 5281 ιη
3189 5228 3304 5282 loco

57 5319 160 5361 raso
188 5309 232 5366 1.
312 5312 406 5345 "“
447 5300 753 5371 berbtolfus
776 5312 837 5366 A.
920 5300 1113 5365 ³⁵⁸³11.
1166 5309 1308 5380 regis
1348 5308 1413 5362 A.
1437 5300 1453 5311 ’
1492 5308 1583 5339 ¹²⁵¹δ
1618 5325 1668 5363 c.
1709 5308 2004 5380 imperator
2033 5318 2182 5380 terga
2237 5306 2399 5362 vertit
2444 5304 2541 5359 Ε2.
2572 5303 2681 5357 alia
2722 5320 2879 5356 manu
2937 5300 3132 5354 inloco
3163 5316 3281 5352 raso

3288 5348 3329 5391 κ

1572 5438 1803 5496 NOTAE.

93 5620 100 5628 ,
137 5550 263 5628 ’ἔξω
303 5555 452 5625 Lege
484 5574 607 5613 cum
636 5557 893 5612 Brunone
923 5575 938 5610 ς
966 5556 1015 5609 7.
1049 5554 1175 5609 Kal.
1200 5553 1420 5623 Aprilis,
1448 5552 1632 5611 Domi-

57 5622 163 5672 nira
193 5622 422 5682 Laetare.
1249 5622 1257 5623 ί

116 5690 258 5764 (251)
300 5696 376 5750 De
406 5696 723 5764 Tubingen;
762 5714 812 5750 ν.
853 5694 1027 5751 Stélin
1070 5694 1208 5750 Hist.
1245 5694 1530 5749 Wirtcmb.
1576 5694 1627 5761 l,

55 5772 99 5829 Ρ·
129 5762 242 5819 361.
291 5764 417 5822 Haec
456 5777 508 5823 et
540 5762 660 5840 qua:
713 5776 1016 5839 sequuntur
1051 5782 1101 5821 a.
1152 5765 1304 5821 1078.
1342 5766 1629 5822 tribuenda

1734 5562 1951 5693 511235.55)
1987 5619 2162 5693 Ijrnpe
2202 5614 2513 5693 Kirr_hheim
2548 5574 3022 5679 Wertembergica:
3060 5598 3280 5657 ditionis

1805 5686 1954 5757 (9-56)
1992 5690 2067 5744 De
2095 5686 2470 5751 Hennenberg.

1798 5752 1947 5833 (257)
1985 5758 2287 5815 Flarcbeim
2321 5770 2488 5825 prope
2509 5752 2887 5806 Mulilliausen.
