3862 6306
493 308 595 364 931

1700 311 2098 381 EKKEHARDI
2139 313 2606 373 URAUGIENSIS
2663 313 2666 316 ’

3653 326 3737 382 933

731 423 785 505 ζ).
816 424 1015 505 addit:
1057 423 1171 480 Hoc
1203 426 1368 505 etiam
1411 440 1556 505 anno
1605 427 1812 505 civitas
1848 428 2087 505 Erphes-
2119 435 2165 493 Λ
2192 430 2332 501 quod
2369 430 2433 484 de
2465 429 2711 485 Cornelio
2759 431 2973 500 scripsit
3017 430 3203 486 beatus
3252 430 3567 503 Cyprianus,
3600 440 3738 505 factu

718 492 830 570 [nrt
857 505 1056 570 exausta
1098 505 1184 570 est
1232 497 1302 552 ab
1335 498 1578 553 exercitu
1630 497 1868 555 Heinrici
1917 492 2079 570 regis.

716 563 1063 638 Multitudine
1100 567 1288 638 igitur,
1329 580 1391 624 ut
1423 584 1546 629 mos
1576 579 1680 636 est,
1726 570 1779 624 in
1806 563 2084 627 tecclcsias

713 635 1086 707 confugiente,
1116 635 1375 694 tecclesiaa
1423 649 1740 697 sanctorum
1779 641 2085 696 incendun-

714 714 823 771 tur,
847 707 992 780 inter
1025 723 1166 777 quas
1208 711 1607 767 monasterium
1650 712 1827 767 sancti
1874 710 2085 780 Severi,

713 777 858 846 quod
914 778 1097 833 Altum
1149 783 1548 837 monasterium
1596 783 1905 848 dicebatur.
1958 777 2087 837 cuni

634 890 641 895 .
713 849 1063 914 multitudine
1111 852 1296 921 populi
1332 862 1610 919 exustum,
1640 863 1831 921 postea
1863 854 2084 909 destru-

713 927 861 991 ctum
884 927 988 985 est,
1004 930 1065 991 et
1086 922 1233 977 aliud
1258 924 1443 980 minus
1468 924 1525 978 in
1546 922 1739 984 eodem
1761 925 1884 979 loco
1912 924 2089 978 rcedi-

715 990 959 1069 licatum.
994 990 1053 1045 ln
1088 1001 1272 1069 monte
1297 1009 1517 1069 quoque
1546 995 1791 1069 ejusdem
1824 996 2086 1069 loci_mo-

716 1063 1016 1136 nasterium
1071 1065 1246 1136 sancti
1301 1063 1469 1133 Petri,
1498 1063 1644 1136 quod
1675 1067 1881 1121 dudum
1913 1065 2092 1135 Tago-

718 1131 904 1208 hertus
947 1149 1041 1187 rex
1101 1131 1463 1191 Francorum
1489 1131 1872 1205 construxerat
1913 1131 2088 1208 (258),

718 1202 1000 1276 incensum
1025 1213 1126 1270 est,
1158 1208 1305 1276 quod
1336 1208 1530 1262 exinde
1552 1202 1822 1271 vetustate
1850 1202 2010 1263 simul
2037 1202 2093 1261 et

717 1273 969 1348 incendio
997 1273 1267 1346 dilapsum
1299 1278 1622 1346 destruitur,
1656 1290 1709 1334 et
1740 1279 1889 1334 aliud
1924 1277 2093 1348 majo-

723 1343 800 1399 ris
822 1343 1124 1401 ediﬁcatur‘
1135 1349 1337 1418 operis.

578 1434 666 1489 24.
700 1434 765 1489 Α.
799 1436 861 1491 D.
920 1437 1075 1493 1030.
1120 1438 1259 1495 Cum
1315 1436 1474 1512 aqud'
1503 1441 1780 1497 Brixinam
1836 1439 2093 1497 Noricam

508 1528 732 1598 triginta
772 1530 1156 1602 episcoporum
1200 1547 1499 1592 conventus
1543 1553 1756 1592 necnon
1781 1546 1836 1592 et
1856 1522 2093 1607 optima-'-

510 1631 625 1678 tum
657 1626 954 1692 exercitus,
985 1642 1095 1681 non
1145 1630 1323 1683 solum
1350 1627 1535 1698 italiae,
1567 1631 1663 1686 sed
1684 1639 1739 1686 et
1766 1630 2093 1696 Germaniae,

505 1713 666 1782 jussu
696 1713 843 1784 regis
868 1711 1107 1795 Heinrici
1139 1727 1566 1790 congregaretur
1597 1718 1747 1788 (Jun.
1772 1719 1890 1789 25),
1918 1718 2097 1780 factus

2176 531 2266 575 est
2295 522 2568 593 episcopus
2595 521 2659 576 de
2690 520 2788 576 Dei
2814 531 2864 576 et
2896 521 3100 578 Christi
3140 524 3255 593 ejus
3271 523 3506 593 judicio,
3533 528 3593 581 de
3613 530 3738 584 cleri-

2189 629 2371 667 corum
2394 630 2521 685 pene
2545 614 2803 683 omnium,
2841 624 2893 670 et
2926 623 2985 669 ut
3006 617 3179 670 verius
3203 617 3403 684 dicam,
3437 621 3635 674 mnino
3655 639 3744 679 οι-

2189 707 2337 760 nium
2363 706 2683 774 testimonio,
2714 708 2779 762 de
2802 707 2970 779 plebis
2996 726 3114 781 quia
3136 718 3261 779 tunc
3285 711 3478 765 aderat
3503 716 3742 787 “frugis,

2189 795 2255 850 de
2295 796 2631 851 sacerdotum
2660 797 3003 868 antiquorum
3035 807 3085 853 et
3124 800 3379 854 bonorum
3418 802 3639 856 virorum
3663 807 3745 859 cel-

2190 887 2346 959 legio,
2380 906 2500 955 cum
2533 906 2685 944 nemo
2716 897 2839 944 ante
2863 907 2918 945 se
2939 890 3117 959 factus
3150 901 3309 958 esset,
3343 910 3470 947 cum
3495 881 3747 952 Alexandri

2191 982 2359 1048 locus,
2394 982 2450 1036 id
2486 991 2562 1036 est
2600 999 2720 1041 cum
2754 982 2902 1036 locus
2942 982 3093 1037 Petri
3130 993 3183 1038 et
3210 984 3412 1055 gradus
3444 988 3749 1043 sacerdotalis

2191 1073 2462 1131 hathedrte
2506 1083 2734 1129 vacaret.
2788 1074 2907 1140 Quo
2937 1085 3214 1146 occupato,
3261 1087 3313 1131 et
3352 1078 3423 1132 de
3454 1078 3544 1112 ³⁵⁸⁸
3576 1079 3661 1134 Dei
3686 1099 3753 1135 so-

2192 1164 2398 1220 luntate
2438 1176 2593 1238 atque
2644 1167 2885 1221 omnium
2927 1177 3165 1221 nostrum
3220 1185 3486 1224 consensu
3526 1173 3751 1237 ordinata,

2193 1257 2432 1328 quisquis
2472 1257 2591 1326 jam
2633 1259 2908 1328 episcopus
2938 1256 3163 1314 voluerit
3197 1261 3341 1337 fieri,
3377 1246 3541 1331 foras
3569 1264 3655 1332 ﬁat
3686 1282 3752 1319 tte-

2199 1366 2340 1403 cesse
2365 1357 2464 1416 est,
2480 1366 2586 1425 nec
2608 1349 2762 1404 habet
2791 1349 3233 1404 wcclesiasticam
3258 1353 3666 1420 ordinationem,
3686 1360 3753 1425 qui

2196 1440 2451 1497 (ecclesia:
2476 1424 2591 1494 non
2621 1450 2757 1495 tenet
2789 1443 3070 1497 unitatem.
3106 1441 3363 1514 Quisquis
3396 1444 3495 1499 ille
3519 1424 3754 1513 fuerit.“-

2196 1542 2275 1588 cet
2306 1533 2532 1587 multum
2574 1533 2637 1588 de
2664 1550 2719 1589 se
2748 1533 2991 1604 jactuns,
3037 1534 3139 1589 sibi
3170 1535 3482 1606 plurimum
3503 1540 3755 1603 veridicum,

2197 1627 2501 1699 prophanus
2530 1635 2630 1695 est,
2661 1626 2870 1681 alienus
2895 1636 2993 1694 est,
3026 1626 3157 1698 foris
3179 1638 3295 1693 est;
3322 1641 3375 1683 et
3414 1646 3538 1683 cum
3556 1640 3658 1700 post
3674 1635 3759 1701 pri-

2200 1737 2344 1773 mum
2369 1720 2629 1775 secundus
2668 1736 2778 1775 esse
2813 1737 2918 1784 non
2960 1722 3149 1790 possit,
3197 1723 3446 1792 quisquis
3477 1733 3589 1793 post
3615 1741 3758 1785 mn,

514 1813 596 1860 est
628 1806 875 1861 omnium
917 1824 1219 1865 consensus
1251 1811 1515 1868 adversus
1566 1810 1970 1867 Hiltibrandum
1997 1829 2096 1883 pa-
2128 1784 2172 1843 Β
2202 1812 2292 1883 qui
2313 1811 2456 1865 solus
2481 1811 2631 1866 debet
2653 1828 2781 1875 esse,
2806 1812 2982 1882 factus
3010 1822 3109 1880 est,
3134 1813 3255 1883 jam
3290 1831 3400 1869 non
3427 1817 3672 1870 secundus
3693 1817 3761 1870 ille

510 1914 674 1981 pani,
711 1903 1153 1972 cognominatum
1193 1903 1519 1977 Gregorium
1567 1907 1885 1977 septimum,
1937 1921 2100 1977 quem

514 1993 1057 2063 pseudomonachum
1124 1998 1407 2069 totiusque
1455 2000 1695 2059 vesaniae
1782 1997 2103 2069 pestiferum

514 2085 818 2157 principem
842 2098 895 2143 ct
920 2090 1178 2160 precipue
1198 2098 1404 2146 sanetae
1430 2090 1693 2146 Romanae
1717 2092 1864 2146 sedis
1887 2092 2106 2146 invaso-

516 2192 631 2233 rem
673 2179 1031 2255 allirmantes,
1076 2183 1146 2237 ab
1196 2183 1498 2253 apostolica
1536 2184 1663 2239 sede
1705 2183 2103 2254 depellendum,

517 2271 768 2339 quamvis
791 2272 1096 2341 absentem,
1125 2273 1518 2344 dijudicabant,
1544 2283 1597 2330 et
1624 2274 1964 2348 Wigpertum
1993 2273 2106 2351 Rag-

522 2376 850 2426 vennensem
902 2366 1376 2437 archiepiscopum
1427 2367 1532 2437 ipsi
1568 2368 1977 2441 subrogandum
2009 2367 2109 2423 eli-

520 2457 739 2525 gebant.
785 2455 962 2528 Hujus
1001 2459 1204 2522 decreti
1239 2463 1255 2482 ⁶
1293 2459 1442 2532 (259)
1484 2461 1769 2517 conclusio
1813 2462 1930 2517 hate
1969 2469 2054 2516 est
2091 2478 2104 2515 ι

522 2544 685 2615 Quia,
718 2546 993 2621 inquiunt,
1018 2551 1172 2608 illum
1204 2535 1411 2607 constat
1434 2570 1536 2608 non
1561 2571 1592 2607 a
1618 2553 1727 2608 Deo
1750 2554 1993 2621 electum,
2017 2553 2109 2608 sed

520 2656 553 2694 α
578 2657 633 2696 se
666 2642 780 2713 ipso
811 2644 866 2697 in
894 2643 1085 2715 fraude
1112 2661 1176 2698 ac
1203 2645 1426 2715 pecunia
1452 2645 1939 2717 imprudentissime
1967 2647 2110 2716 obje-

520 2744 684 2802 clum,
715 2737 807 2807 qui
835 2736 1273 2796 (ecclesiasticum
1300 2738 1554 2793 subvertit
1571 2738 1830 2806 ordinent,
1859 2740 1949 2810 qui
1975 2738 2111 2792 chrio

521 2829 684 2885 διίαηὶ
719 2828 930 2899 imperii
964 2828 1289 2899 perturbavit
1332 2846 1568 2901 regnum,
1593 2830 1684 2901 qui
1711 2831 1818 2901 regi
1845 2828 2109 2884 katholico

522 2935 585 2983 ac
607 2922 834 2991 paciﬁca
874 2923 1109 2992 corporis
1153 2931 1202 2976 et
1234 2924 1429 2977 animus
1470 2924 1700 2977 intentat
1743 2932 1990 2989 mortem,
2020 2922 2111 2994 qui

523 3015 797 3083 perjurum
828 3014 1064 3085 defendit
1091 3032 1282 3087 regem,
1312 3017 1404 3087 qui
1424 3017 1562 3070 inter
1590 3016 1869 3081 concordes
1891 3000 2114 3070 semina-

2203 1904 2294 1958 sed
2322 1903 2502 1958 nullus
2531 1912 2627 1959 est.
2662 1902 2789 1959 Hinc
2816 1904 2988 1975 priori
3023 1906 3316 1961 sententiae
3338 1908 3502 1963 valde
3530 1910 3758 1964 contraria

2206 1995 2427 2066 scripsit
2474 1995 2809 2052 Anshelmus
2855 1997 3177 2068 episcopus,
3218 1999 3307 2053 vir
3346 2000 3529 2055 literis
3567 2003 3765 2071 apprime

2206 2088 2476 2154 eruditus,
2510 2088 2730 2161 ingenio
2772 2091 3155 2157 acutissimus,
3181 2091 3449 2147 facundia
3495 2095 3761 2163 pracipuos,

2209 2190 2266 2236 et
2299 2180 2445 2252 quod
2468 2182 2727 2237 omnibus
2756 2183 2936 2252 majus
2959 2192 3064 2251 est,
3094 2184 3150 2238 in
3183 2183 3280 2239 Dei
3307 2185 3516 2241 timore
3547 2195 3597 2239 et
3619 2197 3763 2240 sam

2208 2274 2631 2330 conversatione
2656 2274 3158 2343 nominatissimus,
3191 2275 3335 2330 adeo
3370 2285 3435 2330 ut
3471 2285 3580 2331 tam
3610 2277 3659 2329 in
3685 2276 3763 2329 vita

2210 2380 2377 2435 quam
2423 2371 2547 2435 post
2594 2372 2826 2419 mortem
2874 2362 3146 2419 referatur
3188 2364 3486 2420 miraculis
3515 2365 3765 2420 clarus.—

2209 2455 2306 2513 His
2332 2458 2407 2512 ita
2439 2457 2624 2528 gestis,
2651 2474 2848 2513 rursus
2892 2460 3035 2513 inter
3077 2457 3403 2514 Heinricum
3438 2473 3614 2528 τελείῳ
3637 2458 3766 2519 ""et

2214 2549 2550 2605 Ruodoll‘um
2582 2551 2789 2621 geritur
2829 2550 3033 2606 bellum
3055 2550 3215 2622 juxta
3245 2550 3486 2605 ﬂuvium
3526 2549 3764 2605 Ellestru

2214 2642 2361 2712 (Oct.
2389 2643 2475 2716 15)
2507 2644 2561 2697 in
2592 2660 2703 2715 quo
2738 2643 2879 2699 idem
2920 2644 3227 2702 Ruodolfus
3254 2645 3484 2709 cecidit,
3522 2644 3611 2699 sed
3632 2660 3659 2697 ι
3682 2642 3767 2698 suis

2212 2733 2516 2807 Mersiburg
2536 2735 2695 2791 vivus
2724 2736 2817 2768 ¹⁸²⁰
2840 2736 3074 2803 delatus,
3106 2746 3161 2791 et
3200 2737 3257 2790 in
3302 2736 3464 2791 brevi
3504 2735 3763 2793 defunctus.

2222 2828 2522 2883 honoriﬁce
2565 2828 2764 2883 ibidem
2790 2838 2874 2885 est
2909 2829 3170 2885 humatus
3198 2829 3373 2899 (260).
3415 2828 3608 2883 Fertur
3707 2838 3764 2880 ta-

2214 2934 2363 2988 men,
2403 2917 2459 2971 in
2490 2918 2753 2985 extremis
2783 2919 2995 2990 positus
3031 2928 3088 2974 et
3123 2919 3405 2986 abscisam
3439 2919 3673 2979 destram
3708 2916 3766 2968 in-

2213 3010 2406 3083 tuitus,
2439 3010 2507 3066 ad
2541 3011 2826 3082 episcopos
2857 2997 2966 3082 qui'
2994 3011 3133 3067 forte
3160 3012 3397 3067 aderant
3427 3010 3656 3082 graviter
3680 3024 3768 3061 sns-

522 3104 596 3167 eit
619 3102 965 3171 discordiam,
987 3105 1126 3171 inter
1147 3105 1399 3175 pacificos
1421 3105 1560 3177 lites,
1584 3106 1722 3160 inter
1746 3105 1939 3176 fratres
1957 3122 2114 3159 scan-
2140 3139 2184 3201 Ο
2216 3104 2432 3177 spirans
2460 3103 2664 3160 dixisse
2709 3124 2722 3159 :
2766 3104 2902 3160 Ecce
2943 3106 3055 3160 lucc
3093 3115 3170 3160 est
3205 3122 3425 3174 manus,
3465 3123 3569 3177 qua
3601 3104 3768 3157 domin

523 3194 670 3263 dala,
706 3197 846 3252 inter
878 3196 1123 3269 conjuges
1149 3197 1397 3264 divortia,
1430 3208 1482 3253 et
1516 3199 1766 3270 quicquid
1787 3191 1953 3270 quieti
1975 3199 2113 3252 inter
2145 3191 2184 3201 ’⁷
2216 3212 2328 3250 meo
2378 3194 2626 3249 Heinrico
2676 3196 2836 3267 ﬁdem
2887 3206 3223 3252 sacramento
3272 3199 3532 3267 firmavi;
3574 3214 3675 3251 ecce
3701 3211 3769 3265 ιφ

523 3288 608 3357 pie
645 3290 868 3344 virentes
904 3298 1047 3344 stare
1088 3290 1180 3335 ωδ
1212 3291 1488 3357 videbatur
1523 3292 1787 3355 concussit
1821 3307 1838 3344 :
1881 3308 1972 3345 nos
2011 3307 2113 3345 au-
2206 3287 2325 3358 jam
2353 3287 2465 3357 ejus
2489 3289 2580 3321 ¹⁵²¹
2609 3306 2824 3361 regnum
2844 3300 2895 3344 et
2940 3292 3105 3352 ritum
3133 3289 3453 3361 derelinquo
3497 3299 3768 3361 prescntcl;

526 3390 670 3434 ctare
692 3381 801 3434 Deo
826 3383 1130 3452 congregati
1156 3383 1212 3435 in
1237 3397 1422 3449 unum,
1452 3380 1642 3454 legatis
1672 3399 1733 3436 ac
1760 3383 1957 3436 litteris
1991 3383 2116 3453 freti
2216 3378 2406 3446 videte,
2436 3380 2528 3450 qui
2568 3397 2650 3434 me
2693 3380 2888 3435 solium
2928 3382 3044 3453 ejus
3094 3383 3456 3437 conscendere
3506 3383 3706 3453 fecistis,
3731 3390 3769 3431 υ

528 3473 705 3541 decem
740 3482 790 3528 et
817 3490 998 3527 novem
1026 3475 1387 3545 episcoporum
1413 3474 1498 3528 die
1524 3483 1705 3529 sancto
1734 3476 1973 3545 preteriti
1991 3490 2118 3544 pen-.-
2219 3480 2364 3526 recta
2391 3472 2476 3526 via
2500 3489 2579 3527 me
2608 3482 2780 3528 vestra
2820 3475 3021 3528 monita
3057 3484 3359 3545 sequentem
3397 3475 3691 3530 duxissctis.
3718 3500 3769 3511 -—

531 3571 749 3620 reeostes
803 3564 1091 3637 Mogontia:
1136 3576 1606 3638 congregatarum,
1663 3576 1848 3621 contra
1896 3566 2117 3621 eundem
2218 3561 2334 3618 Hoc
2375 3564 2541 3619 etiam
2589 3565 2776 3636 praelia
2805 3582 2870 3621 ex
2908 3575 3064 3637 parte
3105 3566 3253 3638 regis
3287 3565 3541 3623 Heinrici
3587 3566 3772 3635 [talpam

534 3655 939 3711 lliltibrandum
956 3656 1713 3729 procacissimum,sacrilegia
1740 3675 1802 3723 ac
1827 3657 1918 3703 '9“
1940 3658 2119 3715 incon-.-
2219 3670 2404 3716 eomes
2433 3656 2604 3729 (261),
2633 3657 2749 3729 regi
2777 3658 2912 3714 satis
2936 3658 3101 3726 ﬁdus,
3124 3658 3357 3725 interiit.

508 3750 623 3808 ,dia
652 3749 1030 3819 predicantem,
1053 3751 1291 3820 perjuria
1324 3761 1373 3805 et
1410 3749 1700 3805 homicidia
1731 3750 2118 3821 defendentem,

531 3838 862 3898 kntholicam
888 3847 938 3893 et
973 3839 1319 3910 apostolicam
1359 3840 1519 3911 ﬁdem
1557 3840 1622 3894 de
1662 3857 1877 3911 corpore
1918 3849 1967 3895 et
1993 3857 2121 3896 san-

533 3931 688 4001 guine
718 3926 936 3986 Domini
981 3933 1073 3965 ’δι’
1109 3934 1167 3987 in
1201 3934 1524 4004 questionem
1567 3943 1865 4002 ponentem,
1906 3933 2129 3988 heretici

534 4020 847 4094 Berengarii
897 4024 1179 4096 antiquum
1236 4008 1580 4096 discipulum,
1626 4026 2015 4080 divinationum
2061 4042 2124 4088 oc

532 4116 858 4169 somniorum
904 4116 1184 4182 cultorem,
1247 4118 1591 4188 manifestum
1659 4119 2122 4185 nicromanticum,

532 4206 815 4277 phytonico
841 4208 1034 4279 spiritu
1067 4208 1418 4276 laborantem,
1456 4219 1504 4264 et
1542 4210 1742 4265 idcirco
1788 4228 1821 4265 a
1867 4227 1989 4266 vera
2018 4211 2124 4282 ﬁde
2225 4229 2569 4293 pentecostes
2614 4220 2757 4293 (Mai
2803 4222 2918 4292 22),
2967 4221 3260 4277 resistente
3307 4220 3418 4275 sibi
3486 4214 3774 4273 lliltibnndo

532 4298 937 4367 exorbitantcm,
965 4300 1274 4371 judicamus
1309 4304 1559 4373 canonice
1580 4303 1940 4374 deponendum
1961 4312 2011 4370 et
2029 4319 2123 4357 ea:-
2222 4324 2362 4381 papa
2409 4328 2535 4367 cum
2590 4311 2874 4380 Romanis,
2926 4321 3054 4368 ante
3110 4313 3404 4376 castellum
3459 4310 3627 4368 sancti
3665 4307 3772 4360 Peri

533 4389 853 4460 pellendum,
885 4399 935 4447 et
964 4394 1069 4448 nisi
1096 4394 1161 4448 ab
1200 4395 1320 4465 ipsa
1350 4395 1469 4448 sede
1496 4394 1578 4448 his
1605 4394 1806 4450 auditis
1835 4395 2118 4450 descende-
2218 4410 2401 4471 castra
2449 4405 2666 4474 posuit;
2705 4405 2798 4460 ubi
2844 4404 3010 4461 etiam
3043 4404 3255 4461 crebris
3281 4420 3379 4474 per
3424 4403 3684 4458 biennium
3714 4400 3772 4449 in-

536 4484 700 4553 rit,.'n
722 4493 1029 4556 perpetuum
1051 4487 1559 4558 condempnandum.
1585 4486 1760 4542 Facta
1788 4496 1912 4543 sunt
1939 4496 2118 4542 autem
2151 4519 2197 4575 Β
2222 4497 2478 4553 cursibus
2503 4500 2842 4556 urbanorum
2880 4498 3195 4565 infestatus,
3237 4514 3410 4569 parva
3440 4513 3599 4552 rnanu
3642 4493 3771 4548 multa

535 4577 646 4641 lucc
675 4579 727 4644 7,
760 4578 889 4646 Kal.
914 4579 1074 4647 Julii,
1106 4581 1241 4651 feria
1284 4582 1317 4636 5
1350 4582 1540 4636 indict.
1578 4583 1761 4637 tercia.
1791 4614 1864 4623 —
1893 4581 2125 4657 Scripsit

534 4676 657 4750 post
697 4669 814 4725 hinc
845 4669 1177 4729 Anshelmus
1217 4669 1483 4739 Lucensis
1511 4671 1803 4743 episcopus
1835 4671 2123 4741 epistolam

535 4762 603 4830 ad
629 4758 868 4828 eundem
888 4766 926 4783 “
958 4761 1324 4837 Wigpertum,
1357 4762 1413 4819 in
1437 4780 1546 4837 qua
1571 4764 1725 4820 illum
1751 4765 2123 4835 prevaricato-

534 4870 647 4909 rem
690 4871 756 4912 ac
801 4854 1097 4926 superbum
1140 4857 1514 4926 cognominat,
1559 4857 1833 4943 inter.alia
1875 4856 2123 4912 subinl'c-
2226 4863 2541 4929 Franciam,
2569 4882 2680 4921 non
2712 4866 2831 4922 sine
2853 4882 3051 4938 magna
3074 4866 3229 4920 clade
3249 4866 3496 4935 ejusdem
3525 4859 3769 4935 prmium-

534 4963 702 5015 rens:
740 4950 808 5007 Ut
829 4968 953 5033 ergo
992 4951 1058 5015 de
1080 4950 1234 5016 beato
1256 4949 1508 5026 Gregorio
1529 4962 1681 5023 patre
1716 4961 1896 5006 nostra
1919 4952 2119 5019 dicam,
2227 4957 2528 5023 redierunt,
2574 4989 2646 4998 -ο
2695 4958 2910 5019 Bellum
2955 4959 3013 5025 in
3066 4957 3323 5016 orientali
3381 4955 3622 5026 Bajoaria
3665 4952 3769 5004 inid

1755 5064 1989 5121 nam
2023 5049 2427 5126 LECTIONES.

609 5154 700 5195 ⁸⁸³⁸
738 5168 991 5225 constare
1012 5157 1078 5224 Α.
1156 5159 1249 5193 ¹⁵¹⁶
1285 5168 1341 5216 et
1371 5159 1438 5216 A.
1517 5160 1608 5192 “‘7
1653 5161 1798 5231 deest
1836 5159 1901 5229 At.
1982 5160 2074 5191 ⁸⁸⁸⁸
2113 5162 2254 5216 deest
2295 5163 2359 5218 A.

2042 5249 2273 5310 NOTAE.

546 5338 757 5411 :__(258)
796 5338 886 5395 Cf.
908 5341 1092 5396 locum
1121 5341 1177 5396 in
1213 5341 1405 5398 eodem
1432 5340 1556 5396 cod.
1586 5340 1793 5397 editum
1824 5339 1971 5396 Mon.
2020 5339 2119 5396 SS.

536 5408 625 5476 l‘ll,
656 5427 712 5481 p.
738 5408 841 5479 '55,
870 5413 908 5469 Ι.
937 5428 1129 5467 χινιιι.

605 5480 758 5553 (239)
790 5481 1091 5553 integrum.
1119 5499 1172 5537 v.
1206 5481 1353 5537 Mon.
1384 5480 1548 5552 Legg.
1578 5480 1642 5547 ll,
1668 5498 1722 5553 p.
1748 5482 1837 5538 51.

603 5552 753 5623 (260)
786 5552 862 5609 De
887 5554 1141 5624 sepulcro
1164 5554 1284 5622 ejus
1309 5554 1380 5609 ibi
1403 5562 1662 5624 exstante
1689 5570 1748 5624 v.‘
1784 5553 2006 5624 Dethicr
2031 5570 2117 5624 ap.

536 5623 893 5679 Forstcmann
941 5622 1355 5695 Mittheilungcn
1403 5622 1441 5689 I,
1485 5624 1539 5688 2,
1574 5640 1629 5693 p.
1694 5622 1766 5677 22
1807 5640 1928 5694 sqq.
1970 5622 2122 5679 lianc

537 5695 699 5749 habet
734 5695 1147 5765 inscriptionem
1182 5714 1194 5748 :

538 5785 645 5839 Rex
675 5786 770 5841 hoc
799 5756 1130 5856 Rodulphus,
1162 5793 1377 5854 patrum
1406 5799 1498 5837 vro
1534 5756 1640 5854 lege
1671 5795 1988 5854 peremptus,

2365 3781 2383 3800 ⁴
2423 3778 2597 3850 llujus
2626 3780 2831 3837 decreti
2853 3811 2926 3820 ——
2952 3780 3233 3836 miraculis
3257 3780 3450 3837 clarus
3468 3788 3650 3836 desum
3670 3778 3721 3834 (Σ,

2365 3853 2407 3893 τ·
2447 3849 2759 3907 Predictum
2786 3851 2848 3906 D.
2876 3850 2938 3906 E.
3240 3867 3246 3871 '

2367 3923 2432 3943 '“
2467 3921 2664 3976 Fertur
2690 3954 2761 3963 -—-
2786 3922 3085 3978 duxissctis
3107 3922 3303 3987 desunt
3327 3921 3393 3978 C.
3424 3921 3489 3976 D.
3518 3921 3577 3975 Ε.

2299 4033 2390 4089 25.
2443 4034 2507 4089 Α.
2557 4035 2619 4090 ι).
2681 4036 2838 4092 1081.
2872 4039 2891 4058 "
2932 4035 3047 4092 Rex
3083 4034 3379 4091 Heinricus
3436 4034 3640 4099 Italiam
3679 4046 3772 4086 cum

2225 4126 2467 4181 exercitu
2530 4128 2683 4199 petit,
2743 4126 3083 4199 Romamque
3139 4128 3472 4199 perveniens
3528 4128 3583 4181 in
3631 4123 3773 4193 vigiiu

2224 4588 2458 4658 viriliter
2486 4591 2712 4662 peregit.
2750 4594 2791 4613 “
2825 4624 2897 4632 -—
2933 4589 3332 4645 Monasterium
3374 4589 3771 4655 Babcnbergmst

2230 4690 2506 4735 crematur
2536 4682 2592 4743 in
2627 4682 2830 4753 vigiliis
2860 4683 3079 4754 pascha:
3101 4682 3252 4753 (Apr.
3296 4684 3374 4750 3).
3416 4712 3485 4720 —
3509 4679 3770 4734 Saxones“

2224 4770 2517 4827 Alamanni
2573 4774 2641 4828 ad
2685 4774 3023 4844 colloquium
3070 4774 3356 4831 venientes
3401 4775 3454 4827 in
3504 4769 3769 4827 orientalem

2443 5164 2554 5220 "'9.
2581 5166 2725 5220 deest
2776 5166 2841 5219 Α.
2923 5164 3017 5198 ⁸⁵³⁸
3055 5160 3216 5219 cunis
3259 5164 3348 5221 ιδ.
3424 5162 3510 5194 ⁸³⁸⁸
3548 5177 3593 5215 r.
3640 5172 3685 5211 ε.
3718 5154 3763 5204 Α.

2311 5343 2612 5400 Plorandus
2639 5340 2849 5406 merito,
2882 5339 3132 5393 conditur
3156 5340 3213 5392 in
3240 5338 3462 5393 tumulo.

2233 5415 2343 5470 Rex
2373 5416 2458 5469 illi
2479 5413 2697 5476 similis,
2728 5412 2775 5464 si
2815 5420 2992 5479 regnet
3019 5419 3250 5479 tempore
3270 5412 3436 5479 pacis,

2306 5486 2566 5549 Consilio,
2596 5482 2797 5554 gladio,
2828 5481 3059 5554 nonfuit
3099 5498 3131 5532 α
3160 5479 3383 5554 Karolu.

2233 5558 2353 5621 Qua
2381 5547 2683 5614 ricerevs'ui,
2710 5553 2816 5605 ruit
2845 5547 3138 5613 hic,'sacra
3162 5552 3377 5604 rictima
3400 5547 3548 5607 belli:

2308 5628 2450 5680 Mors
2476 5626 2578 5679 sibi
2605 5625 2711 5678 vita
2738 5623 2862 5692 fuit,
2894 5621 3132 5677 ecclesie
3158 5622 3367 5681 cecidit.

2488 5713 2573 5768 (ΖΓ.
2612 5711 2804 5766 Moritz
2834 5708 2895 5764 N.
2930 5708 3067 5764 llist.
3096 5709 3277 5763 Ahhh.
3307 5708 3359 5763 ιι.
3391 5707 3523 5761 Bait.
3551 5700 3689 5756 Acal.
3712 5694 3753 5749 τ.

2229 5804 2281 5856 ιι,
2313 5800 2437 5841 ῡῑδ.
