3862 6306
53 344 141 403 953
937 327 1306 403 CHRONICA.
1346 364 1418 374 —
1454 330 1849 390 CliRONlCON
1892 334 2354 397 UNIVERSALE.
3178 332 3291 410 θεῖ

55 449 423 516 Chuonradum,
470 445 627 504 ducis
656 445 915 522 _Boemi:e
964 448 1213 515 fratrem,
1248 457 1303 504 et
1329 447 1592 518 -Luitpol-
1621 452 1663 508 A
1693 458 1958 507 statutum
1984 462 2202 524 tempus
2222 454 2337 521 ³⁸η,
2376 454 2607 511 Romam
2635 456 2798 515 rediit
2818 458 3039 536 (Nam);
3067 463 3162 520 sed
3190 458 3291 499 “‘7'

55 548 160 602 dum
181 545 262 577 ¹⁸²¹
291 541 656 598 marcbionem
671 541 1030 598 commissum
1055 551 1142 598 est
1160 543 1213 597 4.
1239 540 1366 598 ldus
1391 540 1596 598 Mai.—
1692 556 1832 615 papa
1857 544 1912 599 in
1942 546 2274 616 presentiam
2309 546 2430 618 ejus
2461 564 2569 603 non
2593 550 2760 606 venit.
2793 555 2812 575 θ
2849 551 3003 611 Unde
3049 548 3284 614 Romani

58 643 160 696 item
179 637 314 694 aliud
336 637 477 693 inter
489 637 825 693 Alamannos
847 644 902 692 et
921 634 1205 707 Bajoarios
1219 637 1270 692 '5.
1301 634 1428 693 ldus
1449 635 1589 707 Aug.

53 727 493 804 jurta'Danubium
517 727 663 800 apud
695 727 993 785 Hochstein
1031 727 1211 800 (262),
1236 727 1331 782 ubi
1366 726 1592 798 palatini

57 824 237 883 comitis
277 822 593 878 Chuononis
635 821 781 879 filius
824 820 1057 877 Chuono
1107 821 1326 876 occisus
1360 829 1463 877 est.
1491 823 1508 843 '
1536 820 1588 875 1.

218 916 274 971 D.
307 914 364 971 Ε.
399 916 602 969 addunt
632 931 650 971 :
683 913 914 986 Magnus
944 943 1017 986 -έ-
1055 914 1387 985 portendens
1430 912 1590 986 forte,

228 995 285 1041 ut
307 986 634 1055 quibusdam
660 985 839 1055 visum
864 994 968 1048 est,
994 985 1290 1042 imminens
1317 1015 1388 1025 —
1416 985 1595 1041 doluit

228 1068 277 1113 ct
298 1054 475 1113 adhuc
496 1057 676 1113 dolet.‘
698 1073 764 1113 ea:
798 1054 995 1129 Sigeb:

171 1155 205 1175 “
235 1152 294 1207 C.
323 1151 382 1207 D.
416 1151 477 1207 E.
511 1151 755 1205 addunt:
781 1150 1053 1221 Magontia
1079 1165 1147 1205 ex
1169 1150 1407 1205 maxima
1439 1158 1594 1220 parte

229 1223 476 1278 incendio
518 1221 896 1292 conflagravit,
928 1221 1214 1293 principali
1264 1221 1507 1293 {ecclesia
1539 1228 1594 1276 et

229 1294 398 1420 tgiggus
424 1293 775 1419 mpritasteriis
794 1291 1120 1349 combustis.
1149 1292 1221 1363 cf.
1257 1291 1433 1364 Sigeb.
1462 1302 1512 1347 et
1535 1308 1588 1362 p.

334 1406 348 1420 .
387 1382 441 1420 η.
558 1405 573 1420 .

334 1382 573 1420 .η.“ι.

169 1457 236 1522 ’1)
281 1458 361 1514 ib.
396 1458 448 1514 5.
476 1458 683 1513 addunt
705 1473 722 1512 :
742 1456 1139 1513 Monasterium
1164 1456 1340 1513 sancti
1367 1454 1591 1512 Martini

231 1528 513 1603 hiogontiaa
540 1546 667 1586 cum
691 1530 867 1585 tribus
899 1529 1273 1603 adiacentibus
1311 1538 1589 1603 monaste-

227 1600 594 1657 riis’exustum
623 1610 734 1667 est,
759 1610 814 1656 et
849 1615 986 1670 pene
1011 1600 1192 1654 omnis
1220 1600 1416 1654 civitas
1458 1614 1592 1653 exu-

227 1681 304 1727 sta
346 1682 447 1728 est.
512 1671 799 1728 Heinricus
854 1670 1096 1728 nominis
1130 1671 1295 1741 hujus
1323 1670 1549 1740 quintus
1573 1709 1589 1735 ,

352 1753 564 1868 pgtrem
598 1758 770 1815 regno
809 1741 1062 1814 privavit,
1091 1751 1255 1799 natus
1283 1750 1388 1799 est.
1416 1741 1487 1811 cf.
1517 1742 1587 1795 Α.

300 1831 377 1869 trz
417 1856 430 1869 .

109 1894 181 1948 26.
211 1895 267 1948 Α.
303 1893 363 1949 1).
392 1892 550 1950 1082.
582 1889 950 1950 Herimannus
980 1892 1236 1964 quidam,
1279 1891 1364 1949 vir
1398 1908 1595 1965 prepo-

59 1996 151 2041 lens
175 2002 230 2042 ac
260 1986 457 2042 nobilis
480 2003 545 2041 ex
572 1986 889 2052 Germania,
926 2002 958 2042 a
1005 1984 1316 2043 Saxonibus
1363 1998 1420 2042 et
1462 1986 1595 2043 Ala-

59 2077 237 2133 mannis
262 2092 351 2132 rex
378 2078 742 2134 constituitur
763 2077 937 2149 (263).
967 2076 1069 2132 Cui
1088 2092 1216 2155 cum
1245 2077 1361 2133 suis
1385 2077 1440 2132 in
1469 2093 1597 2149 par-

59 2169 190 2237 tibus,
217 2172 317 2227 hoc
345 2175 364 2194 '
391 2179 476 2229 est
500 2172 557 2227 in
604 2170 959 2245 Lotharingia
994 2171 1081 2228 vel
1131 2171 1424 2229 Germania
1446 2215 1460 2237 ,
1497 2188 1592 2226 nc-

60 2279 128 2316 mo
152 2263 341 2320 bellicis
388 2264 445 2318 iu
488 2264 657 2319 rebus
687 2272 853 2335 atque
894 2263 1105 2319 divitiis
1140 2273 1325 2335 posset
1354 2265 1595 2336 mquipe-

60 2354 163 2419 rari,
190 2364 394 2425 sumpto
444 2354 594 2425 regis
635 2354 858 2411 nomine
893 2364 1003 2409 tam
1036 2355 1152 2411 suis
1183 2370 1349 2426 quam
1401 2353 1596 2410 alienis

59 2446 188 2515 carpit
212 2445 261 2501 in
289 2445 435 2502 brevi
456 2446 751 2516 despectus
780 2445 993 2501 haberi.
1583 2430 1587 2435 ’

168 2540 184 2571 -'
218 2539 315 2593 hoc
341 2548 424 2595 est
445 2539 503 2593 in
531 2537 590 2592 L.
618 2554 672 2592 v.
703 2537 768 2594 G.
793 2538 981 2592 desunt
1006 2534 1070 2592 C.

111 2628 183 2684 ετ.
210 2630 270 2686 Α.
294 2629 353 2688 D.
380 2630 543 2686 1085.
573 2628 945 2686 ilerimannus
970 2645 1097 2685 cum
1131 2630 1322 2701 paucis
1351 2628 1595 2685 orienta-

62 2720 141 2775 lem
163 2721 428 2779 Franciam
459 2723 740 2779 hostiliter
762 2722 991 2790 invadit,
1020 2732 1075 2778 et
1099 2738 1195 2793 per
1222 2722 1451 2778 eandem
1480 2737 1600 2793 par-

63 2820 145 2867 tem
170 2814 304 2871 visus
342 2824 426 2872 est
459 2816 625 2887 quasi
658 2814 906 2886 equitum
950 2814 1271 2871 discurrens
1300 2813 1596 2879 exercitus,

60 2909 443 2976 quorumftameu
464 2908 698 2980 vestigia
725 2908 876 2963 nullo
905 2907 1070 2963 modo
1084 2915 1335 2978 poterant
1352 2907 1594 2978 agnosci.

59 3025 113 3034 —
147 2997 410 3058 Heinricus
436 3017 539 3057 rex
568 3002 775 3072 pascha
809 3001 1104 3058 celebravit
1144 3000 1289 3071 apud
1339 2998 1597 3056 Sanctam

62 3086 292 3161 llulinam,
338 3107 578 3163 moxque
621 3092 854 3147 Romam
897 3091 1147 3157 tendens,
1193 3100 1373 3148 castra
1416 3091 1599 3162 posuit

64 3180 132 3234 ubi
157 3191 203 3237 et
224 3184 388 3254 prius,
415 3185 483 3241 ad
514 3182 908 3241 occidentalem
940 3194 1151 3256 partem
1182 3185 1392 3241 castelli
1419 3186 1594 3242 sancti

63 3270 191 3341 Petri,
215 3283 467 3350 captaque
492 3279 740 3335 esturbs
763 3280 798 3334 4
850 3277 992 3334 Non.
1030 3277 1210 3346 Junii,
1250 3277 1386 3335 feria
1443 3290 1595 3337 sexta

63 3378 158 3423 ante
179 3379 406 3428 octavam
428 3380 800 3444 pentecostes.
845 3371 963 3429 Hoc
998 3382 1244 3443 tempore
1293 3368 1596 3429 liiltibran;

62 3459 141 3515 dus
159 3451 278 3534 papa
306 3466 361 3521 in
391 3466 623 3523 castello
657 3465 991 3536 Crescentii,
1021 3468 1169 3539 quod
1207 3469 1371 3541 vulgo
1399 3468 1598 3527 domus

64 3551 332 3615 Theoderici
374 3559 704 3631 appellatur,
735 3559 1005 3629 inclusus,
1032 3561 1386 3631 exspectabat
1435 3576 1601 3641 evene-

63 3650 149 3697 tum
178 3647 264 3702 rei.
300 3646 410 3705 Rex
438 3664 576 3705 vero
619 3648 675 3703 in
725 3647 975 3705 Palatino
1010 3660 1196 3706 monte
1235 3651 1597 3708 munitionem

63 3732 327 3807 instituens,
376 3756 487 3797 non
536 3756 744 3812 paucos
771 3757 913 3812 quos
952 3740 1007 3796 in
1038 3742 1281 3813 presidio
1312 3753 1596 3814 posuerat,

63 3826 419 3897 ingravescente
442 3850 613 3906 super
633 3849 730 3891 eos
750 3834 957 3891 aestatis
974 3834 1190 3892 insueto
1204 3832 1435 3903 fervore,
1461 3835 1601 3891 ami-

66 3920 147 3985 Sil;
174 3925 254 3979 sed
275 3935 326 3982 et
358 3927 504 3985 alios
530 3927 597 3983 de
621 3926 865 3984 exercitu
890 3927 1095 3983 multos
1121 3926 1312 3983 eadem
1352 3928 1601 3983 mortali—

64 4022 127 4069 tas
157 4019 456 4093 absumpsit.
496 4053 564 4063 -—
591 4010 794 4078 Eodem
822 4032 1069 4094 tempore
1102 4021 1264 4094 legati
1300 4020 1600 4079 Grecorum

63 4114 321 4181 venerunt,
359 4131 592 4172 munera
634 4117 807 4172 multa
841 4125 896 4173 et
921 4131 1119 4188 magna
1158 4115 1213 4170 in
1257 4129 1395 4170 auro
1424 4123 1479 4170 et
1511 4131 1602 4170 ar-

64 4212 191 4267 gento
232 4208 481 4281 vasisque
528 4226 596 4266 ac
652 4209 844 4265 sericis
901 4207 1210 4264 afferentes.
1254 4237 1326 4248 —-
1367 4205 1600 4261 Romani

64 4302 207 4349 autem
230 4299 414 4371 viginti
448 4300 673 4359 obsides
710 4301 824 4371 regi
861 4289 1054 4358 dantes
1088 4301 1182 4333 ’⁸³³
1207 4317 1270 4356 ex
1303 4300 1599 4367 nobilibus,

66 4385 290 4451 petierunt
354 4393 497 4449 diem
554 4392 837 4459 constitui,
892 4384 947 4447 in
997 4408 1108 4463 quo
1153 4409 1290 4464 papa
1326 4403 1380 4448 et
1409 4408 1602 4447 omnes

66 4488 299 4538 senatores
334 4485 388 4539 in
417 4487 513 4518 ¹⁶²⁵
550 4485 879 4554 prcscntiam
915 4485 1036 4555 ejus
1072 4486 1326 4540 venirent
1356 4484 1469 4538 ηπ.
1496 4484 1599 4551 Qui

63 4565 176 4624 diem
196 4584 429 4633 statuens
448 4577 572 4631 Kal.
588 4576 933 4643 Novembris,
957 4578 1074 4648 ipse
1097 4578 1163 4631 ad
1185 4586 1445 4632 montana
1466 4592 1599 4632 eon-

64 4664 234 4720 scendit
263 4668 497 4726 intrante
523 4669 688 4739 Julio,
723 4671 909 4742 ibique
943 4685 1297 4727 commorans
1325 4686 1499 4741 usque
1528 4671 1595 4725 ad

1626 1810 1669 1870 Β

1636 4529 1679 4584 Ι)

1693 637 1975 706 commoti,
2007 653 2207 695 manus
2236 640 2354 711 regi
2396 641 2685 711 dederunt,
2743 643 3148 705 Hiltibraudum
3190 651 3285 683 ¹⁵²⁸

1690 744 1823 784 vero
1852 745 2047 800 papam
2071 733 2411 790 unanimiter
2433 735 2526 769 ¹⁸²⁹
2564 737 2908 796 abdicarunt.
2937 739 3043 809 Qui
3068 726 3286 800 occulte

1693 821 1929 894 fugiens,
1963 823 2247 881 Salernum
2276 828 2525 895 secessit,
2556 820 2745 901 ibique"
2764 831 2857 864 ⁸³³⁸
2871 833 2936 887 ad
2963 834 3109 890 diem
3133 853 3281 893 mor~

1693 915 1764 972 tis
1786 932 1901 972 sua:
1919 918 2244 1003 permansit.
2277 948 2349 960 —
2373 918 2576 977 Eodem
2611 938 2757 978 anno
2793 922 3039 991 Welefo,
3086 926 3282 999 Bajoav

1693 1009 1901 1065 riomm
1929 1019 2090 1067 antea
2114 1014 2153 1034 “
2179 1011 2291 1068 dux
2309 1054 2325 1080 ,
2354 1014 2661 1087 Augustam
2697 1016 2971 1073 civitatem
2998 1020 3088 1052 ¹⁸³¹
3127 1037 3280 1077 sum-

1693 1101 1785 1158 mo
1815 1119 1975 1160 mane
2001 1104 2223 1160 intravit
2256 1105 2431 1178 (26‘),
2464 1100 2725 1179 Sigifrido
2758 1099 3141 1184 “"‘episcopo
3188 1115 3279 1170 vix

1692 1196 1972 1265 evadente,
1999 1195 2311 1269 Wigoldum
2334 1201 2884 1273 quendam,ejusdem
2914 1206 3020 1262 loci
3049 1208 3281 1262 cauoni»

1695 1303 1841 1351 cum,
1870 1288 2247 1348 intronizavit.

1837 1382 2060 1507 LVZnit;
2086 1382 2182 1509 sed
2217 1384 2430 1440 occulte
2454 1384 2516 1441 C.
2544 1385 2606 1441 Ι).
2631 1386 2692 1444 Ε,
2723 1391 2908 1445 ceteris
2937 1392 3169 1448 omissis.

1954 1470 2036 1508 ee:
2114 1488 2149 1509 ι.

1954 1470 2060 1508 εεει
2087 1470 2149 1509 ιλ.

1761 1544 1854 1601 28.
1880 1546 1946 1600 A.
2002 1545 2066 1602 D.
2120 1547 2278 1604 1081.
2326 1546 2615 1606 lieinricus
2677 1551 2772 1584 ’⁵³³
2831 1555 3009 1610 natale
3065 1555 3282 1613 Domini

1693 1636 1881 1695 Romae
1927 1640 2071 1711 apud
2138 1639 2399 1697 Sanctum
2464 1641 2687 1699 Petrum
2760 1646 3079 1716 celebravit,
3139 1649 3287 1704 circa

1694 1732 1965 1791 Kalendas
2023 1749 2153 1792 vero
2218 1732 2501 1793 Februarii
2576 1739 2633 1794 in
2684 1739 3041 1812 Campaniam
3101 1750 3284 1797 trans-

1697 1829 1835 1896 iens,
1897 1828 2074 1900 ipsam
2114 1830 2211 1863 ‘5“
2247 1840 2302 1887 ct
2340 1848 2597 1903 magnam
2637 1832 2851 1904 Apuliae
2888 1843 3096 1905 partem
3122 1833 3285 1903 cepit;

1695 1922 1830 1980 Post
1894 1925 2012 1982 ιιωο
2066 1942 2164 1997 per
2228 1925 2434 1999 legatos
2505 1927 2878 1983 Romanorum
2946 1935 3171 1999 rogatus
3227 1936 3291 1985 ut

1696 2017 1961 2090 pacificus
1989 2019 2211 2088 rediret,
2239 2019 2469 2076 Romam
2501 2021 2700 2086 rediit,
2744 2030 2801 2075 et
2834 2020 2902 2075 ad
2939 2029 3154 2090 portam
3185 2018 3290 2074 La—

1697 2123 2041 2173 terauensem
2070 2109 2250 2172 castra
2275 2132 2508 2189 ponens,
2536 2131 2727 2173 omnes
2753 2117 2842 2149 ⁸⁵³⁸
2879 2115 3167 2172 dediticios
3196 2113 3290 2148 ¹⁸³⁸

1697 2207 1944 2278 accepit,
1989 2207 2238 2279 ipsisque
2266 2210 2284 2230 ⁴
2314 2208 2653 2279 petentibus,
2700 2215 2764 2263 ut
2802 2207 2919 2274 ηδτ,
2960 2206 3089 2277 quia
3126 2205 3290 2259 Ililti-

1698 2298 1944 2355 brandus
1964 2299 2034 2355 ab
2057 2300 2190 2371 ipsis
2211 2301 2499 2356 abdicatus
2526 2292 3179 2372 aufugerat,Wigpertum
3198 2296 3291 2330 ⁸⁵³⁸

1698 2390 2072 2449 Ravennatem
2102 2394 2194 2429 "‘3’
2232 2393 2549 2465 episcopum
2603 2393 2684 2449 eis
2714 2393 3077 2463 apostolicum
3122 2390 3293 2462 preti;

1698 2492 1867 2552 ceret,
1912 2485 1973 2540 11
2005 2484 2209 2542 Kalend
2263 2485 2464 2557 Aprilis
2496 2485 2670 2558 (265),
2717 2484 2855 2540 feria
2901 2485 2935 2540 6
2990 2496 3118 2540 ante
3145 2484 3288 2539 diem

1698 2576 2048 2648 palmarum,
2088 2577 2277 2633 multis
2306 2576 2570 2649 stipatus,
2610 2593 2737 2634 cum
2761 2591 2960 2648 magna
2999 2575 3171 2647 gloria
3205 2573 3291 2631 in-

1699 2669 1869 2726 travit
1893 2709 1909 2737 ,
1948 2670 2158 2726 ducens
2189 2685 2374 2726 secum
2407 2670 2709 2742 predictum
2735 2672 2777 2692 “
2813 2669 3154 2739 episcopum.
3184 2667 3290 2734 Qui

1700 2764 1950 2834 sequenti
1987 2762 2263 2819 dominica
2305 2761 2493 2836 (Mart.
2527 2761 2621 2833 24)
2675 2777 2772 2832 per
2817 2761 3020 2815 multos
3070 2759 3293 2831 pontili-v

1700 2870 1794 2912 ces
1829 2855 1944 2923 'm,
1973 2855 2276 2927 apostolico
2303 2854 2513 2910 nomini
2541 2854 2777 2920 dicatus,
2810 2868 3117 2922 nomenque
3167 2850 3291 2906 Cle-

1701 2949 1903 3006 mentis
1927 2950 2223 3022 accipiens,
2252 2957 2566 3006 reverenter
2591 2950 2656 2971 “‘
2695 2956 2783 3003 est
2816 2945 3198 3025 intronizatus.
3245 2942 3291 2997 A

1700 3059 1812 3115 quo
1842 3058 1938 3099 rex
1965 3059 2090 3098 cum
2119 3043 2307 3114 regina
2358 3041 2555 3098 Bertha
2597 3039 2687 3072 ¹³⁸¹
2726 3040 2782 3095 in
2821 3039 2914 3071 “"
2954 3045 3144 3094 sancta
3187 3037 3288 3091 do-

1702 3136 1902 3193 minica
1955 3136 2174 3207 paschae
2220 3134 2491 3206 imperiali
2543 3133 2922 3191 benedictione
2964 3130 3291 3187 sublimatus

1700 3240 1803 3287 est.
1831 3232 1919 3252 ““
1950 3228 2083 3284 Post
2105 3229 2222 3285 haec
2250 3229 2550 3299 imperator
2581 3225 2876 3282 lieinricus
2916 3223 2983 3279 de
3023 3221 3176 3276 Italia
3205 3219 3289 3275 di-

1701 3320 1986 3397 grediens,
2047 3322 2352 3394 Augustam
2393 3321 2669 3377 civitatem
2718 3318 2811 3351 ³⁸⁸³
2858 3317 2928 3372 ab
2971 3313 3291 3371 Alamannis

1700 3418 1949 3473 invasam
1978 3415 2192 3471 obsedit
2223 3424 2278 3470 et
2305 3414 2450 3485 cepit
2477 3412 2592 3468 ‘5“.
2634 3442 2705 3452 —
2729 3407 3000 3465 Defuncto
3031 3405 3293 3479 Sigifrido

1701 3506 2113 3576 archiepiscopo
2135 3503 2470 3576 Mogontino,
2492 3501 2669 3558 Weeil
2693 3500 2783 3533 ‘W
2808 3498 3096 3556 successit.

1779 3595 1947 3671 [Anni
1976 3596 2190 3669 imperii
2219 3595 2459 3652 Heinrici
2487 3593 2667 3666 quarti
2696 3592 2772 3666 1.]

1843 3716 1864 3738 ⁶
1901 3714 2037 3784 ipsis
2060 3712 2434 3784 —Apreliceret
2460 3712 2712 3766 omittunt
2733 3707 2876 3764 (3.1).
2897 3706 2957 3761 Ε.
2977 3711 3245 3777 pergentes
3272 3720 3289 3757 :

1843 3858 1884 3878 “
1918 3781 2230 3924 ἓξ·ἔὶοὲεῶ
2260 3853 2603 3923 “'igbcrtum
2630 3851 2948 3975 episcopum
2972 3847 3034 3905 C.
3075 3847 3137 3904 ι).
3169 3846 3232 3907 Ε.
3268 3874 3273 3881 ν

1843 3928 1874 3947 "
1921 3941 1973 3975 a.
2005 3925 2279 3975 cathedra:
2302 3924 2447 3975 Petri
2473 3923 2534 3975 C.
2562 3922 2625 3975 D.
2690 3922 2725 3975 ’.

1812 3928 1874 3947 “'
1921 3922 1973 3981 ὁ.
2005 3925 2279 3983 cathedra:
2302 3922 2447 3980 Petri
2473 3923 2534 3977 t1.
2562 3922 2625 3975 D.

1775 3998 1863 4019 ““
1907 3996 1944 4051 i.
1987 3995 2209 4050 nomine
2235 4005 2385 4050 ests.
2413 3994 2475 4048 C.
2509 3993 2566 4046 υ.
2594 3991 2656 4048 Ε.

1772 4111 1863 4167 29.
1890 4111 1944 4166 2.
1983 4111 2049 4167 Α.
2099 4109 2163 4165 D.
2216 4107 2375 4163 1085.
2431 4106 2685 4179 Synodus
2729 4103 3019 4176 Mogontim
3063 4101 3296 4158 habetur

1706 4203 1913 4275 (.1Ῑαί.),
1964 4201 2055 4260 cui
2100 4199 2349 4258 interfuit
2401 4200 2731 4270 imperator;
2800 4196 2896 4251 ubi
2948 4193 3295 4265 prescntibus

1705 4299 1898 4369 legatis
1922 4297 2295 4353 Romanorum
2331 4298 2369 4360 ',
2397 4307 2591 4347 omnes
2609 4290 2852 4361 episcopi
2876 4287 3103 4343 rebelles
3131 4285 3297 4355 impe-

1704 4385 2350 4460 ratorideponendi'“M
2390 4385 2731 4457 judicantur,
2792 4380 2956 4437 ceteri
3016 4378 3106 4410 ""
3163 4392 3294 4445 vero

1707 4484 2073 4547 anathemate,
2107 4491 2167 4537 ut
2193 4480 2287 4512 ¹⁸³⁸
2322 4479 2629 4545 videbatur,
2670 4475 3164 4544 condcmpnantnr.
3216 4468 3295 4541 lbi

1707 4578 1874 4632 etiam
1899 4576 2179 4632 communi
2215 4590 2486 4630 consensu
2516 4582 2681 4643 atque
2721 4567 2955 4627 consilio
2993 4563 3291 4621 constituta

1705 4683 1786 4727 est
1826 4688 1924 4742 pax
1965 4671 2059 4726 Dei
2113 4668 2283 4741 (266).
2320 4666 2441 4724 Non
2491 4667 2662 4723 multo
2700 4656 2822 4736 post
2880 4657 3193 4718 substitutis
3226 4655 3297 4715 ab

1294 4831 1529 4888 VARIAS
1572 4830 1975 4888 LECTIONES.

120 4922 197 5000 "f"
230 4927 548 5000 luitboldum
576 4947 717 4986 corr.
747 4929 1074 5000 luitpoldum
1095 4931 1145 4984 1.
1172 4929 1329 4999 liutp.
1365 4928 1430 4981 Α.
1457 4947 1460 4951 ’
1511 4927 1603 4961 ¹⁸²³
1630 4928 1753 4982 hinc
1775 4928 1963 5000 folium
1987 4927 2185 5000 excidit
2210 4929 2263 5000 in
2291 4927 2340 4981 1.

2424 4925 2517 4958 ¹⁵²⁸
2551 4941 2605 4981 v.
2632 4926 2687 4980 in
2717 4938 2854 4994 p.7e.
2889 4921 2956 4977 A.
3035 4920 3130 4953 ⁸⁸⁸⁸
3159 4933 3294 4994 con-

60 4996 271 5065 [eiurent
287 4999 341 5056 2.
419 5002 512 5034 ¹⁸⁹⁶
531 5003 674 5057 deest
711 5002 775 5056 A.
856 4989 947 5039 ί¹⁵²⁶¹
971 5002 1065 5058 sed
1110 5011 1166 5057 et
1195 5002 1248 5055 4.
1279 4989 1294 4999 ’
1329 5000 1423 5032 ⁸⁵⁸⁸
1463 5000 1681 5054 hiltehr.
1728 4989 1794 5054 Δ.
1874 4998 1967 5031 ¹⁸¹¹⁹
2008 4999 2256 5053 unanimi
2285 5012 2558 5054 consensu
2591 4998 2643 5051 1.
2717 4989 2817 5029 ῖ⁸³⁰
2857 4994 2895 5048 i.
2922 4991 3200 5065 usquead
3239 4989 3292 5043 4.

62 5061 225 5122 ibidem
262 5072 328 5128 ad
362 5071 450 5126 10.
496 5073 584 5128 11.

665 5073 752 5105 ¹¹³²
796 5074 986 5129 urbem
1018 5073 1072 5127 Ιι.
1153 5072 1247 5104 ¹⁸³²
1287 5071 1548 5129 sigefrido
1579 5070 1633 5124 5.
1668 5070 1755 5123 10.
1786 5069 1872 5124 11.

1954 5070 2045 5101 ³³³³
2082 5068 2149 5124 ll.
2179 5086 2271 5123 rex
2301 5068 2362 5122 Ε.
2462 5068 2556 5101 ¹⁶⁸⁸
2591 5067 2881 5138 ipsamque
2902 5065 2957 5119 ι.
3008 5062 3131 5138 ’ξω
3171 5075 3292 5138 om-

63 5148 232 5207 m‘sque
261 5140 323 5196 A.
400 5143 495 5175 ⁸⁸³⁸
533 5144 831 5199 deditiosos
858 5143 1030 5199 ΒΜ.
1073 5143 1320 5198 dedicios
1337 5131 1448 5195 Et.
1494 5141 1548 5195 in
1580 5140 1917 5195 deditionem
1974 5141 2059 5194 11.
2102 5140 2167 5194 Α.
2206 5140 2265 5195 S.
2346 5140 2434 5173 ⁸⁵³⁷
2477 5148 2537 5207 ut
2569 5131 2641 5178 -ἓ
2679 5131 2985 5207 aufugerat
3016 5135 3207 5207 desunt
3237 5131 3294 5207 2.

63 5201 167 5285 ειυῐὰ
196 5239 265 5285 τ,
294 5211 609 5285 episcopum
636 5216 824 5269 desunt
861 5216 914 5269 Δ.
995 5214 1088 5247 ’⁸³⁸
1126 5214 1498 5285 wehcbertum
1525 5212 1580 5267 2.
1660 5212 2186 5285 "Fravennensem
2216 5212 2270 5266 9.
2305 5211 2446 5285 __'f_'“f
2484 5202 2773 5285 episcopos
2795 5201 2880 5285 ff.“
2931 5206 3021 5285 ‘1‘“
3058 5205 3203 5285 deest
3237 5201 3292 5257 4.

63 5271 185 5331 berta
206 5277 293 5337 El.
325 5271 343 5284 ⁸
370 5271 559 5339 ¹⁸⁴⁸’ἰη
599 5285 687 5340 die

724 5302 775 5355 p.
816 5287 869 5340 4.
951 5286 1045 5318 ¹⁸⁴³
1078 5286 1269 5339 urbem
1303 5286 1355 5339 4.
1390 5284 1483 5355 ¹⁸κξ
1522 5283 1735 5352 accepit
1764 5281 1851 5336 10.
1885 5283 1972 5355 11.

62 5352 257 5421 ponendi
299 5354 352 5410 4.
428 5355 523 5389 ⁸⁸⁸⁷
561 5356 653 5411 alii
705 5352 764 5412 ut
791 5372 841 5411 ν.
868 5356 1203 5412 anathemati
1232 5372 1282 5411 c.
1318 5356 1371 5409 ι.
1415 5353 1509 5387 ³⁸³⁸
1550 5366 1608 5408 ιιι
1635 5370 1685 5407 v.

2056 5282 2149 5315 ³⁸³⁸
2186 5280 2342 5348 wczil
2371 5280 2471 5339 Di.
2503 5275 2590 5336 10.
2624 5275 2710 5334 11.
2741 5279 2904 5335 \vicil.
2935 5278 2992 5332 2.
3072 5275 3166 5308 "“
3208 5287 3284 5335 rc:

1720 5355 1909 5408 desunt
1940 5354 2005 5409 A.

1520 5487 1746 5549 NOTAE.

34 5599 245 5726 Jb???)
279 5603 603 5677 “omnem;
657 5608 727 5665 CL
782 5608 923 5664 ΑΜ·
981 5611 1209 5681 Αυειιει.
1259 5620 1309 5666 ct
1350 5609 1597 5667 llcrnold.

270 5747 473 5821 ᾕρηκε.
503 5751 661 5815 1081,
696 5751 833 5821 Aug.
875 5753 928 5809 9.
1027 5782 1031 5787 ο

121 5810 360 5875 (26111311
389 5821 529 5877 Ann.
561 5810 813 5894 August.”
838 5839 889 5878 a.
934 5823 1085 5878 1084.

1714 5606 2172 5748 Ζρρῧὸῃῖιξὲὲιε
2194 5605 2313 5662 dies
2339 5618 2576 5677 sequens
2597 5602 2763 5669 statui
2780 5602 3027 5670 videtur;
3044 5599 3102 5656 cf
3104 5643 3116 5654 .
3138 5598 3284 5655 Sten.

1786 5713 2232 5822 ’ρει
2267 5763 2418 5804 mon.
2451 5746 2614 5819 Legg.
2649 5744 2723 5812 ll,
2759 5760 2812 5815 p.
2846 5743 2935 5799 55.
