3862 6306
74 363 158 423 965
973 345 1336 405 CHRONICA.
1378 376 1445 386 —-
1477 339 1875 401 CHRONICON
1914 338 2375 397 UMVERSALE.
3191 346 3296 404 906

75 477 138 532 vel
160 487 267 529 cum
295 468 594 524 Baluewmo
624 465 805 520 Rohas
828 464 1091 527 abierant.
1122 464 1394 519 Laodiciae
1438 460 1609 533 Tyro—
1637 467 1681 524 Α
1711 474 1820 528 que
1853 458 2213 514 Circumcirca
2246 458 2509 513 mcclesizc
2537 473 2633 528 per
2677 460 2862 516 omnia
2906 461 3157 518 ludibriis
3198 481 3301 520 uu-

75 582 157 639 que
176 568 546 625 remanserant,
582 573 680 627 per
704 557 949 612 diversas
971 555 1400 624 circumquaque
1425 552 1597 623 regiov
1711 565 1928 605 moroso
1954 566 2226 604 annorum
2258 550 2491 605 circuitu
2528 550 2888 621 subjacebant
2937 570 3295 625 paganorum.

75 638 151 714 ﬁes
176 651 388 726 dispersi
407 657 586 705 erant.
1709 638 1842 695 Orto
1879 640 2088 715 interea
2133 639 2274 694 bello
2319 648 2468 695 sorte
2517 640 2813 696 miserabili
2868 642 3010 697 inter
3050 645 3303 703 christia-

252 745 376 812 ουτω
394 743 629 814 sequitur
654 739 879 814 historia
905 737 1029 814 belli
1063 734 1325 814 Hierosol.
1354 735 1450 788 hoc
1491 732 1607 787 loco
1698 748 1812 789 .nos
1834 733 2147 797 orientales,
2178 732 2235 786 id
2259 740 2345 788 est
2374 730 2578 788 Grecos
2609 742 2663 788 et
2689 734 2999 803 Armenios,
3029 736 3299 804 Armenii,

245 807 378 895 ἐκεῖ
412 807 471 867 θλ
641 812 733 895 qui
792 808 1116 895 Singuﬂlrﬁm
1148 807 1609 895 ίαξάαξιξηηίξῖζῗ
1708 833 1898 895 utpote
1921 824 2103 895 regnis
2134 833 2442 881 etuumero
2469 820 2781 894 pauciores,
2804 826 2992 883 attines
3021 828 3303 885 asciseunt

246 888 427 941 tionem
456 892 507 937 et
537 875 633 937 hoc
654 875 769 935 loco
807 875 925 934 cuin
956 877 1017 933 C.
1047 877 1157 932 [nec
1207 886 1413 930 tantum
1453 875 1605 929 exhi-
1714 875 1768 927 ’.⁷

246 957 398 1010 bent:
448 952 652 1007 Eodem
707 966 854 1007 anno
905 950 1165 1004 dominus
1210 955 1399 1002 noster
1445 944 1607 1000 Jesus
1708 916 1771 972 ⁸⁸1

1778 875 1813 971 li
1835 916 1902 971 de
1919 875 2103 971 Persia
2127 917 2418 973 bellatores
2441 917 2656 990 inclyta:
2677 917 2856 987 famae,
2870 920 3148 989 Thurcos;
3170 938 3303 993 quo-

244 1009 488 1081 Christus
516 1025 795 1080 civitatem
845 1019 1053 1090 requiei
1103 1034 1217 1074 suae
1262 1016 1609 1090 Hierusalem
1706 1026 1830 1065 rum
1844 1009 2049 1064 auxilio
2071 1010 2259 1065 sedata
2285 1010 2443 1081 juxta
2467 1011 2726 1082 placitum
2741 1028 2901 1068 suum
2918 1014 3305 1083 seditione,di-

244 1096 483 1177 ﬁdelibus
503 1095 620 1177 suis
643 1092 876 1177 apem“.
888 1086 945 1146 εἰ
962 1090 1257 1177 θιίῐηίυειιίξ
1280 1086 1611 1177 ιξςνρξιξξιξ-
1707 1102 1977 1158 miserunt
1989 1117 2086 1158 eos
2099 1090 2167 1156 ad
2188 1103 2606 1172 propria,nimis
2625 1104 2851 1160 allectos
2863 1114 3132 1172 terrarum
3151 1108 3303 1177 ipsa-

242 1168 476 1222 tudinem
506 1168 761 1236 potentiae
791 1179 904 1219 suae
927 1176 1264 1242 paganorum
1292 1168 1604 1240 spurelc'ns,
1708 1210 1767 1249 ru

244 1238 466 1292 liberum
498 1235 811 1290 christianae
833 1233 1141 1287 devotionis
1186 1230 1351 1285 ritum
1393 1243 1609 1285 misert—
1743 1286 1767 1292 _‘

1779 1211 1831 1249 m
1857 1195 2012 1265 copia
2042 1205 2097 1249 et
2132 1194 2430 1250 fertilitate.
2459 1194 2577 1263 Qua
2600 1197 2667 1253 de
2693 1214 2752 1254 re
2787 1199 2924 1277 inito
2963 1209 3089 1269 post
3125 1168 3301 1259 annos

240 1272 471 1364 ἕλιξίίῖἑῖ
496 1272 1141 1361 iaﬁfiégau‘a‘vliiw”
1393 1272 1580 1285 "mm
1708 1285 2639 1357 aliquotconsilio,emcnseruntab
2668 1272 2964 1366 aquilonali
3020 1288 3178 1361 plaga
3231 1290 3299 1345 de

124 1399 205 1456 ηερ
222 1401 283 1456 de
312 1399 518 1455 militia,
541 1399 626 1454 γει
647 1394 1009 1468 expeditionis
1027 1393 1273 1464 ejusdem
1293 1384 1607 1457 causam“
1710 1388 1856 1435 terra
1884 1378 2204 1442 Gorrizaua,
2237 1395 2361 1449 qua:
2386 1379 2508 1449 plus
2536 1380 2819 1436 hominum
2845 1398 3011 1452 quam
3053 1385 3298 1440 victuum

70 1504 154 1550 tam
180 1492 479 1548 humanitus
506 1505 671 1562 quam
700 1488 963 1545 divinitus
1014 1485 1287 1551 ordinata,
1332 1482 1439 1538 ςθη
1485 1482 1606 1537 ani-
1710 1470 1906 1525 fertilis
1935 1485 2056 1526 esse
2077 1480 2355 1537 narratur,
2386 1472 2811 1543 prescriptormn
2838 1490 3177 1545 paganorum
3205 1493 3302 1533 co-

68 1603 165 1642 rnus
182 1593 402 1641 :estuans
431 1584 616 1654 aliqua
640 1579 959 1653 proscriptis
986 1577 1244 1648 adjicere,
1267 1576 1506 1631 maxime
1527 1573 1601 1628 ob
1709 1564 1816 1633 pia:
1840 1564 2045 1629 multm,
2073 1579 2196 1634 qua:
2218 1564 2324 1620 sub
2346 1574 2586 1635 quatuor
2610 1564 2841 1621 sullanis
2858 1567 3045 1624 divisa:
3092 1599 3166 1610 —
3220 1571 3305 1627 sic

69 1675 470 1746 imprudentium,
493 1675 665 1729 immo
706 1670 1105 1743 impudentium
1140 1667 1488 1739 quorundam
1519 1681 1608 1721 re-
1708 1656 1856 1746 enim
1888 1666 2137 1727 satrapas
2164 1673 2297 1713 suos
2321 1658 2611 1713 nominare
2637 1659 2815 1714 solent
2840 1688 2913 1699 -—
2939 1661 3035 1715 uni
3085 1671 3299 1718 tantum

62 1769 416 1841 «mamma,
447 1767 541 1839 qui
573 1774 791 1822 vetusto
828 1777 1048 1834 semper
1101 1776 1290 1818 errore
1341 1759 1606 1827 contenti,
1644 1834 1679 1841 -
1711 1745 1933 1804 Persico
1962 1749 2279 1818 imperatori
2299 1765 2437 1819 pene
2458 1750 2629 1805 divini
2652 1754 2835 1806 cu'tus
2860 1766 3013 1807 more
3043 1754 3299 1841 subjecti,

67 1832 315 1917 novitatem
341 1832 505 1928 hanc,
531 1860 644 1931 jam
671 1832 977 1914 senescenti
1013 1863 1069 1910 et
1096 1869 1266 1925 prope
1312 1854 1592 1910 intereunt.

1779 1858 1806 1896 r
1834 1842 2439 1915 Armeniam,indeque
2462 1842 2826 1913 Capaduciam
2873 1852 3157 1916 totamque
3200 1832 3304 1902 llo-

64 1952 232 2007 nundo
269 1950 758 2021 pernecessariam,
786 1962 883 2003 ore
945 1945 1239 2001 temerario
1284 1954 1610 2015 presumunt
1710 1937 1949 1992 maniam
1974 1936 2146 2008 atque
2175 1936 2375 1992 Siriam
2422 1936 2606 1992 ditl‘usi
2657 1947 2806 1993 sunt.
2862 1937 3051 1994 Primo
3099 1941 3303 2011 quippe

66 2043 440 2114 reprehendere,
462 2041 566 2111 ipsi
594 2041 854 2110 epicureo
882 2053 1032 2094 more
1057 2037 1398 2107 voluptatum
1439 2037 1608 2093 latam
1708 2026 1955 2097 Niceam,
1994 2029 2279 2085 catholica:
2314 2029 2590 2100 quondam
2639 2029 2762 2085 tidei
2798 2030 2993 2085 turrim
3041 2030 3301 2088 firmissi-

66 2135 137 2168 ¹⁶¹⁸
158 2150 303 2205 quam
327 2140 507 2189 artam
527 2133 726 2187 divina
748 2130 1028 2186 servitutis
1041 2129 1184 2184 viam
1199 2128 1605 2199 amplectentes,
1709 2139 1878 2193 mam,
1910 2134 2246 2197 expugnant,
2275 2124 2562 2181 trucidatis
2590 2125 2646 2180 in
2685 2140 2748 2181 ea
2793 2126 3112 2184 christianis
3159 2143 3301 2199 quos

64 2226 317 2295 appetitum
377 2224 575 2280 mundi
628 2222 971 2294 prudentiam
998 2263 1014 2288 ,
1061 2228 1434 2290 contemptum
1487 2220 1609 2290 ejus
1710 2226 1994 2287 ceperant,
2040 2215 2398 2271 Solomanum
2444 2216 2719 2287 quendam
2759 2217 2825 2271 de
2856 2218 2974 2273 suis
3005 2227 3298 2289 tyrannum

62 2313 1387 2384 stultieiam,hocestcarcerempatriam,tenehras
1408 2313 1606 2381 lucem,
1692 2322 1837 2363 'cum
1866 2307 2122 2378 presidiis
2146 2308 2349 2374 locant,
2391 2307 2678 2363 universas
2728 2308 3160 2379 circumquaque
3215 2324 3300 2363 re—

63 2409 228 2462 malum
254 2410 482 2476 bonum,
513 2417 748 2463 mortem
778 2408 967 2473 vitam,
995 2407 1134 2478 proh
1181 2407 1387 2477 pudor!
1444 2408 1611 2463 corde
1711 2400 1899 2471 giones
1930 2416 2105 2472 usque
2124 2403 2190 2456 ad
2217 2402 2469 2471 paludem
2501 2401 2617 2456 sive
2642 2402 2824 2457 sinum
2851 2400 3020 2457 maris
3053 2402 3145 2472 qtli
3174 2402 3302 2457 bra.

63 2499 305 2553 cecissimo
328 2500 749 2555 considerantes
781 2499 891 2552 ίσιι,
919 2497 1289 2554 Lcnocinatur
1313 2498 1476 2554 eisin
1507 2500 1611 2555 hoc
1711 2491 1896 2547 chium
1925 2491 2101 2547 sancti
2125 2490 2343 2563 Georgii
2384 2492 2586 2547 dicitur
2626 2491 2874 2549 funditus
2929 2492 3299 2561 (levas-tantes,

61 2599 101 2643 et
123 2591 379 2647 audaciam
409 2591 734 2662 huiusmodi
759 2590 1145 2647 subministrat
1165 2590 1460 2661 depravata
1494 2591 1610 2661 jam
1710 2583 1845 2638 nulli
1866 2584 2064 2640 anima:
2093 2584 2428 2651 christiana,
2459 2585 2592 2639 nulli
2618 2586 2880 2641 :ecclesia:
2903 2586 2987 2641 vel
3017 2594 3302 2640 monaste-

60 2684 276 2755 undique,
295 2686 385 2741 sed
410 2686 655 2740 maxime
676 2684 926 2756 partibus
948 2684 1002 2738 in
1027 2683 1168 2751 istis,
1181 2699 1362 2739 rerum
1378 2684 1607 2757 vertigo,
1711 2677 1817 2744 rio,
1849 2678 2019 2732 immo
2049 2693 2152 2734 nec
2183 2679 2318 2750 ipsis
2339 2688 2656 2735 sanctorum
2690 2679 3022 2751 imaginilzus
3064 2695 3297 2750 parcen-

60 2775 133 2830 ubi
167 2778 413 2848 sapientia
463 2793 560 2849 pre
589 2778 845 2833 omnibus
869 2775 1067 2845 invisa,
1090 2776 1267 2833 virtus
1301 2777 1483 2832 omnis
1528 2786 1613 2833 est
1710 2778 1813 2827 tes.
1848 2800 1921 2810 —
1950 2770 2200 2836 Vidimus
2238 2772 2383 2827 enim
2436 2780 2491 2827 ει
2544 2770 2725 2828 adhuc
2767 2772 2951 2829 Videre
2992 2772 3304 2830 miserabile

60 2867 232 2936 odiosa,
274 2870 471 2942 religio
523 2869 845 2940 despicitur,
904 2868 1187 2923 humilitas
1228 2868 1609 2936 conculcatur,
1712 2865 2083 2934 spectaculum
2105 2864 2269 2919 estin
2292 2864 2630 2920 semidirutis
2658 2865 2894 2935 partium
2920 2864 3136 2920 illarum
3172 2879 3304 2920 ora-

63 2967 226 3020 astutia
249 2967 542 3037 primatum
566 2975 795 3036 prestat,
827 2964 1028 3019 vicium
1058 2978 1302 3019 amorem
1332 2963 1608 3031 conciliat,
1711 2957 1870 3013 toriis
1892 2957 2066 3027 ipsam
2095 2956 2396 3014 Salvatoris
2420 2958 2593 3014 nostri
2617 2957 2849 3028 ejusque
2891 2957 3307 3030 gloriosissima

61 3060 314 3116 crudelitas
345 3061 435 3094 ’⁸⁸⁷
469 3058 747 3123 timorem,
770 3056 1025 3127 superbia
1052 3055 1283 3126 imperat
1319 3055 1606 3110 honorem.
1714 3049 1993 3121 genitricis
2017 3065 2110 3105 seu
2145 3050 2518 3120 quorumlibet
2538 3052 2836 3107 electorum
2862 3050 3125 3121 picturas,
3148 3058 3303 3104 trun-

62 3145 150 3204 Nos
170 3160 334 3206 autem
364 3151 417 3206 in
449 3150 684 3205 Domino
706 3158 919 3205 tantum
946 3148 1313 3214 conﬁdentes,
1338 3162 1439 3203 nec
1482 3162 1610 3218 pre-
1632 3184 1684 3248 ς
1714 3143 1853 3199 eatis
1878 3142 2105 3199 naribus
2141 3143 2224 3199 vel
2253 3144 2502 3211 auribus,
2536 3144 2791 3201 manibus
2812 3145 2897 3199 vel
2919 3145 3180 3215 pedibus,
3204 3145 3305 3201 de-

62 3243 268 3300 sentibus
296 3245 389 3302 sed
416 3244 623 3300 futuris
656 3243 954 3310 inhiantes,
983 3256 1048 3297 ac
1095 3241 1222 3296 licet
1272 3250 1612 3312 spectatores
1645 3236 1684 3248 “
1714 3237 2015 3292 solatarum
2041 3236 2414 3292 tecclesiarum
2442 3238 2850 3308 quodammodo
2879 3238 3087 3293 luctum
3108 3237 3304 3293 visibi-

59 3333 191 3403 pigri,
212 3332 442 3391 fautores
465 3343 653 3389 tamen
681 3332 1249 3399 benivoli,laudemus
1267 3332 1492 3388 eosdem
1518 3332 1612 3365 ³⁸³⁸
1713 3326 1837 3382 liter
1866 3327 2208 3397 pretendere,
2239 3326 2519 3399 divinique
2546 3328 2740 3398 judicii
2764 3344 2931 3400 super
2976 3345 3036 3385 se
3075 3329 3309 3401 vigilan-
3366 3403 3371 3407 θ

60 3426 200 3480 nostri
229 3429 489 3498 temporis
517 3426 665 3482 viros
689 3425 977 3497 gloriosos,
1010 3425 1106 3496 qui
1152 3425 1406 3481 vicerunt
1444 3411 1613 3499 regna
1714 3428 1821 3477 tem
1833 3421 2042 3493 virgam
2066 3422 2241 3495 plagis
2259 3422 2415 3493 quasi
2439 3438 2655 3493 semper
2674 3423 2985 3479 recentibus
3007 3432 3305 3482 ostentare.

61 3518 237 3586 mundi,
271 3520 365 3590 qui
410 3518 624 3575 relictis
670 3526 892 3589 propter
937 3518 1090 3588 pium
1137 3516 1259 3572 ovis
1301 3518 1615 3573 centesimae
1714 3512 1813 3570 His
1843 3523 1894 3570 te
1927 3515 2143 3585 gladiis,
2182 3530 2218 3570 ο
2252 3515 2599 3571 nobilissima
2640 3514 3169 3587 Constantinopolis,
3206 3533 3308 3574 nec

57 3611 351 3679 quesitorem
387 3611 719 3684 conjugibus
741 3627 807 3667 ac
835 3612 1045 3679 liberis,
1070 3612 1259 3683 regnis
1281 3620 1339 3668 et
1382 3612 1613 3680 divitiis,
1714 3608 1862 3679 regis
1903 3607 1982 3662 tui
2040 3607 2240 3663 tutavit
2291 3607 2637 3664 milleformis
2686 3609 2911 3675 astutia,
2942 3625 3043 3665 nec
3103 3609 3307 3665 civium

59 3714 323 3768 posuerunt
347 3706 569 3761 animas
595 3720 728 3761 suas
753 3704 807 3759 in
860 3704 1116 3761 manibus
1164 3705 1303 3773 suis,
1354 3705 1473 3761 zelo
1521 3721 1613 3777 ze-
1715 3700 2057 3771 populositas
2088 3700 2403 3769 innumera;
2446 3717 2556 3757 non
2596 3700 2982 3774 tefrequentia
3031 3704 3310 3758 nundina-

58 3790 201 3850 lantes
224 3813 317 3868 pro
352 3797 583 3853 domino
614 3795 726 3852 Deo
752 3796 1113 3861 exercituum,
1144 3804 1380 3866 utraque
1419 3794 1614 3850 condi-
1715 3809 1841 3849 rum
1879 3794 1962 3848 vel
1997 3794 2207 3849 infinita
2260 3794 2546 3865 congeries
2592 3794 2713 3849 auri
2755 3795 3021 3862 redemit;
3085 3810 3194 3849 non
3255 3804 3311 3850 te

57 3899 140 3955 gae
161 3890 343 3943 armati
374 3887 720 3955 fortitudine,
766 3886 909 3959 regis
953 3886 1040 3942 sui
1078 3885 1312 3941 caelestis
1363 3886 1616 3941 ineuntes
1717 3883 2129 3955 Waringorum,
2176 3901 2284 3940 non
2333 3894 2387 3940 te
2427 3885 2902 3955 Thurcopolorum
2953 3895 3176 3941 tuorum
3224 3886 3309 3942 vel

55 3976 303 4033 servitium
338 3979 454 4034 ¹⁶¹⁹.
1714 3975 2127 4033 Pincinatorum
2148 3976 2479 4033 elassiumve
2500 3978 2793 4032 multitudo
2825 3977 3092 4044 defendit;
3130 3978 3309 4033 solum

110 4066 355 4141 Tempore
380 4071 625 4128 Heinrici
648 4069 737 4125 1111
767 4069 1021 4136 Romani,
1055 4076 1111 4125 et
1138 4067 1312 4123 Alexii
1340 4066 1615 4123 Constan-
1714 4069 1814 4126 tibi
1839 4070 2016 4141 stagni
2042 4068 2269 4140 predicti
2297 4069 2657 4125 intersticium
2686 4069 2925 4140 presidio
2975 4070 3097 4135 fuit,
3140 4071 3309 4123 immo

56 4155 362 4229 tinopolitani
389 4162 681 4234 principis,
699 4162 859 4232 juxta
888 4161 1200 4232 presagium
1237 4158 1614 4230 evangelicum
1718 4162 1835 4218 sola
1863 4170 1916 4216 te
1943 4161 2221 4216 Creatoris
2250 4162 2495 4232 operatio
2516 4162 2772 4217 munivit.
2825 4160 3112 4232 Sultjacuit
3152 4161 3308 4214 [ιιι-σο

53 4254 262 4309 surrexit
284 4256 532 4327 undique
553 4270 688 4327 gens
711 4263 901 4310 contra
928 4262 1143 4325 gentem
1186 4262 1240 4307 et
1266 4267 1495 4324 regnum
1527 4251 1623 4307 ad-
1684 4258 1687 4261 ’
1718 4254 1874 4309 ribus
1902 4253 2024 4325 istis
2046 4261 2337 4325 prepotens
2358 4254 2636 4324 quondam
2660 4253 2973 4320 Antiochia,
2990 4261 3044 4308 et
3073 4268 3142 4307 ne
3165 4254 3309 4307 mul-

55 4352 215 4400 versus
239 4355 563 4416 regnum,et
591 4354 941 4402 terraemotus
970 4344 1151 4417 magni
1176 4353 1334 4401 erant
1357 4359 1457 4416 per
1476 4344 1614 4412 loca,
1716 4346 1790 4404 tis
1821 4362 2021 4415 morer,
2049 4347 2271 4404 dextras
2300 4347 2569 4403 dederunt
2595 4354 2708 4402 tota
2738 4346 2903 4402 simul
2956 4346 3096 4401 Siria
3144 4354 3310 4417 atque

50 4438 94 4484 et
119 4437 426 4503 pestilentiae
450 4447 511 4494 et
533 4436 708 4494 fames
732 4446 1080 4509 terroresque
1102 4438 1170 4495 de
1199 4439 1334 4495 caelo
1363 4447 1419 4494 et
1461 4438 1617 4509 signa
1719 4438 2015 4497 Palestina.
2043 4470 2120 4481 —-
2145 4438 2316 4511 Igitur
2361 4448 2504 4496 terra
2555 4438 3000 4511 repromissionis
3056 4440 3309 4508 subacta,

52 4535 251 4595 magna;
273 4540 327 4586 et
342 4532 478 4601 quia
495 4531 609 4601 jam
636 4531 690 4586 in
711 4546 904 4588 omnes
926 4541 1117 4604 gentes
1144 4532 1455 4604 evangelica
1487 4532 1618 4588 tuba
1650 4538 1696 4595 D
1718 4543 1895 4589 mater
1915 4542 2121 4590 nostra:
2148 4532 2539 4605 redemptionis
2563 4548 2627 4589 ac
2650 4531 2773 4588 fidei
2812 4530 3152 4588 Hierusalem
3198 4532 3306 4587 du-

49 4613 158 4680 lusti
180 4621 374 4691 judieis
413 4625 711 4681 adventum
742 4626 1166 4697 preconabatur,
1192 4641 1322 4682 ecce
1341 4627 1507 4682 etiam
1534 4635 1615 4681 to-
1721 4624 1847 4696 plici
1878 4624 2212 4697 captivitatis
2233 4624 2368 4698 jugo
2392 4634 2682 4697 gravatur;
2707 4625 2953 4683 solamen
2981 4634 3164 4681 tamen
3189 4632 3311 4680 erat

51 4717 146 4765 tum
171 4714 870 4788 circumquaquemundum
889 4718 1042 4789 signa
1057 4718 1377 4788 prophetata
1398 4727 1619 4789 porten-
1721 4718 1911 4788 utique
1931 4720 2337 4790 perparvulutn,
2371 4719 2517 4791 quod
2549 4718 2974 4790 opprimentium
3016 4733 3076 4774 se
3115 4716 3310 4772 Sarra-

51 4797 235 4858 dentem
251 4806 1400 4877 universalistecelesiamntemplaturJam
1421 4806 1617 4863 lliero-
1721 4825 1986 4865 cenorum
2020 4810 2255 4867 Thurcis
2289 4812 2463 4867 multo
2488 4811 2701 4881 turpior
2743 4811 2897 4882 plebs
2952 4825 3105 4881 aequa
3161 4819 3312 4865 sorte

51 4892 552 4956 solimaSarracenis
570 4899 782 4955 civibus
806 4914 1083 4969 possessa,
1102 4897 1413 4970 Babyloniae
1442 4898 1615 4970 (281),
1720 4900 2003 4954 multatur.
2037 4898 2225 4955 Posito
2259 4900 2393 4956 inibi
2422 4901 2642 4957 sultano
2689 4901 3062 4971 militibusque
3107 4914 3306 4954 nume-

51 5000 151 5053 qua:
176 5006 318 5048 nunc
339 4992 505 5049 sedes
542 5000 629 5048 est
666 4992 819 5063 regni
863 4990 1124 5063 Egyptii,
1169 4990 1461 5057 serviebat,
1494 4991 1609 5061 jam
1720 4992 1884 5058 rosis,
1909 4992 1977 5046 ad
2002 4992 2415 5048 instaurandum
2448 4993 2787 5050 antemurale
2815 4992 3088 5063 “’°,quod
3113 4992 3303 5048 harte-

53 5080 203 5136 [cuuis
222 5082 276 5137 in
297 5099 362 5139 ea
383 5083 703 5140 christiana:
723 5082 1084 5154 professionis
1107 5080 1298 5152 religio
1335 5080 1612 5136 cotidiano
1718 5098 1824 5139 nus
1846 5084 2108 5152 cernitur,
2133 5084 2307 5139 aliave
2335 5082 2593 5155 quaelibet
2635 5085 2863 5141 aedilicia
2886 5127 2902 5153 ,
2945 5084 3305 5140 destruuntur

53 5185 95 5225 se
117 5175 310 5232 tributo
344 5177 670 5233 redimebat.
713 5177 1052 5243 Bethlehem,
1078 5175 1279 5230 domus
1318 5174 1478 5243 panis
1508 5190 1610 5228 an-
1718 5175 1808 5229 illa
1837 5192 1960 5247 quze
1982 5184 2135 5231 extra
2164 5177 2439 5232 civitatem
2468 5188 2627 5233 erant
2667 5176 3033 5245 monasteria;
3089 5175 3307 5231 Domim

53 5263 287 5335 gelorum,
316 5270 597 5326 stabulum
621 5268 762 5325 facta
783 5278 868 5325 est
894 5275 1292 5336 armentorum,
1315 5266 1614 5323 univcrsaa-
1717 5282 1849 5324 vero
1877 5268 2225 5339 sepulchrum
2270 5278 2499 5340 questus
2539 5270 2823 5325 dumtaxat
2869 5269 3040 5345 gratia
3077 5270 3307 5323 inteme—

1268 5380 1507 5437 VARl/E
1546 5380 1951 5439 LECTIONES.

221 5476 405 5544 potius
434 5478 601 5533 latam
628 5479 800 5533 ’δεήὺὶ
834 5476 1061 5531 voluisse
1092 5476 1342 5549 ridetur:
1380 5483 1489 5549 tam
1530 5474 1695 5549 la_t_am
1721 5475 1874 5549 falso
1925 5476 2098 5549 suppl.
2154 5478 2233 5533 5.Δ
2290 5477 2381 5508 ’⁸⁵⁸⁸
2432 5493 2548 5549 ccc.
2600 5472 2771 5548 prave
2806 5469 3198 5549 discernentes
3234 5470 3301 5549 ll.

163 5556 453 5617 extorquet
475 5550 626 5603 addit
675 5549 740 5604 H.
820 5549 912 5581 ¹⁶¹⁸
970 5549 1008 5602 l.
1056 5547 1195 5602 al.os
1245 5546 1511 5618 quosdam
1571 5544 1635 5599 ll.
1717 5543 1807 5578 ‘M
1842 5548 1895 5602 5.
1928 5543 2077 5602 addit
2113 5548 2375 5602 rubrum:
2427 5548 2503 5605 De
2545 5543 2883 5619 profectione
2941 5543 3306 5603 hierosolimi-

55 5618 171 5666 lana.
248 5620 340 5650 “'°
374 5621 588 5675 murale
609 5638 747 5676 corr.
781 5619 1196 5694 antemuralegi.

108 5471 188 5503 κη

55 5537 123 5570 1617

1550 5724 1781 5782 NOTAE.

96 5816 242 5889 (Ξβι)
276 5819 318 5874 ι.
360 5837 412 5876 e.
457 5818 639 5878 Cairo.
1522 5820 1529 5843 ⁵
