3862 6306
562 339 686 404 067

1789 319 2187 381 EKKEHARDI
2227 314 2698 384 URAUGIENSIS
3681 332 3746 389 κε

555 476 756 521 -ratnm
779 457 1140 529 relinquitur;
1190 448 1452 520 templum
1478 438 1695 500 Domini
1732 442 2170 500 famosissimum
2202 448 2249 507 Α
2277 458 2336 498 se
2365 442 2850 512 triumphaturum.
2895 438 3031 495 Mira
3062 449 3245 496 autem
3267 450 3321 496 et
3345 440 3747 501 inestimbih”din.

564 567 629 613 et
657 554 816 621 nulli,
841 548 899 606 nt
924 548 1180 611 arbitror,
1209 539 1443 597 humani
1482 537 1663 609 operis
1694 545 1987 593 structurae
2013 552 2168 591 eom-

556 646 880 720 parandum
905 639 1184 708 sacrilegae
1199 646 1534 705 paganorum
1566 628 1827 701 religioni.
1840 639 2166 696 reservatur,

576 749 849 807 tantaeque
878 747 1094 803 semper
1121 727 1265 799 apud
1294 726 1418 781 illos
1451 722 1757 779 habebatur
1806 720 2168 786 venerationi,

552 841 636 887 ‘ut
657 838 939 899 nunquam
965 823 1099 879 illud
1128 819 1238 876 nisi
1262 818 1425 874 nudis
1449 825 1505 872 et
1543 815 1672 871 lotis
1717 813 1947 884 pedibus
2002 812 2174 866 intra-

556 932 717 989 rent,
739 921 953 975 nullum
992 931 1124 973 vero
1155 915 1224 970 de
1243 909 1582 974 christianis,
1628 922 1769 978 quos
1813 904 2005 975 utique
2051 919 2173 958 nia-

575 1017 722 1070 xime
742 1011 1058 1069 immundos
1078 1007 1421 1079 judicabant,
1455 1018 1552 1073 per
1585 1009 1665 1056 tot
1692 1013 1965 1054 annorum
1991 996 2173 1053 curri-

577 1108 702 1164 cuia
730 1116 841 1161 tam
867 1103 1298 1158 Sarracenorum
1332 1112 1499 1168 quam
1544 1093 1889 1148 Thurcorum
1932 1096 2174 1159 tempere

561 1202 663 1257 'ch
700 1200 839 1255 intra
867 1195 1067 1253 atrium
1100 1190 1309 1263 ingredi
1335 1187 1732 1260 permitterent.

579 1304 583 1309 '
644 1290 784 1345 Cum
810 1286 1209 1358 ergo-victores
1244 1280 1390 1337 idem
1428 1293 1577 1333 nunc
1625 1275 1815 1342 armis,
1861 1282 1921 1329 ut
1951 1288 2040 1328 res
2071 1286 2173 1343 po-

575 1383 783 1448 scebat,
815 1378 1157 1442 insudarent,
1189 1389 1339 1429 nunc
1372 1371 1588 1428 lusibus
1619 1384 1684 1423 ac
1709 1367 1942 1433 deliciis,
1988 1372 2176 1435 utpote

576 1491 605 1529 a
636 1475 818 1544 glarea
843 1471 1029 1542 jejuna
1055 1469 1111 1522 in
1138 1477 1338 1522 terram
1365 1463 1601 1519 maxime
1629 1457 1967 1515 fructiferam
1994 1465 2176 1513 trans-

574 1565 826 1635 plantati,
875 1563 1095 1618 sibimet
1143 1559 1482 1630 indulgerent
1507 1597 1521 1622 ,
1576 1554 1632 1609 in
1685 1554 1905 1608 illorum
1952 1549 2175 1607 servitio

566 1676 700 1730 qua:
730 1664 1025 1721 tormenta,
1059 1668 1199 1724 quas
1229 1666 1439 1716 cruces,
1475 1662 1683 1719 quasve
1714 1661 1813 1716 per
1840 1644 2027 1700 omnia
2071 1643 2176 1697 mi-

566 1751 752 1806 serias
793 1745 1116 1818 superstites
1161 1741 1489 1799 christicolm
1531 1745 1867 1809 paterentur,
1916 1734 2007 1790 vix
2052 1734 2174 1789 cui-

2270 537 2459 592 uitatis
2501 535 2909 606 dispensatione
2952 542 3037 589 tot
3081 532 3283 589 Christi
3326 535 3562 603 membra,
3594 538 3749 610 linguis,

2273 629 2530 685 tribubus
2562 636 2616 683 et
2645 627 2963 683 nationibus
2990 625 3326 692 diﬂ'erentia,
3373 628 3536 683 subito
3570 629 3615 683 in
3634 644 3749 687 unum

2269 719 2478 776 Christi
2509 720 2737 776 caritate
2761 718 3123 791 conglutinati
3153 720 3458 775 coaluerunt
3479 735 3654 792 corpus,
3679 741 3751 778 uno

2254 822 2468 870 omnes
2518 811 2742 869 Christo
2786 828 2954 884 rege,
2996 813 3093 867 sed
3134 812 3363 883 singulis
3399 812 3594 884 singula
3628 828 3752 884 genus

2272 916 2581 979 procurata:
2609 906 2865 972 ducibus,
2888 902 3170 960 Gotefrido
3197 904 3401 960 scilicet
3425 904 3754 976 Letharingieasi

2274 1001 2502 1071 suisque
2534 997 2796 1054 fratribus
2828 995 3145 1051 Baldewino
3176 1004 3231 1052 et
3272 995 3523 1063 Eustatio,
3561 996 3755 1068 lluopmo

2272 1092 2616 1159 Flandrensi,
2645 1091 2772 1146 item
2800 1087 3084 1159 Ruoperto
3104 1087 3485 1155 Normannico,
3509 1087 3757 1161 Reginum

2272 1163 2473 1241 eamne
2514 1185 2583 1240 de
2629 1183 2834 1238 Sancto
2876 1181 3093 1253 Egidio,
3145 1180 3372 1253 Hugone
3413 1180 3560 1236 fratre
3597 1180 3755 1252 Phibppi

2272 1279 2420 1349 regis
2448 1276 2656 1345 Gallim,
2683 1275 3006 1346 exterisque
3047 1274 3295 1343 ejusdem
3327 1273 3598 1341 industriae,
3628 1276 3758 1329 noliti-

2273 1371 2401 1427 tatis
2425 1379 2591 1441 atque
2612 1368 2948 1424 fortitudinis
2969 1368 3344 1424 bellatoribus.
3375 1366 3565 1433 Quibus
3582 1368 3757 1422 omnibus

2273 1463 2598 1519 venerandae
2641 1461 2947 1518 sanctitatis
2977 1469 3033 1517 et
3060 1461 3344 1531 sapientia:
3373 1460 3554 1525 virum,
3576 1458 3760 1516 Baden:-
3820 1478 3821 1497 ι

2275 1572 2398 1611 rum
2432 1555 2749 1626 episcopum
2787 1554 2938 1627 (284)
2964 1597 2980 1623 ,
3017 1554 3282 1625 praefatus
3326 1553 3625 1624 apostolicus
3645 1554 3761 1623 prsic~
3820 1608 3821 1619 χ

2274 1649 2379 1715 cit;
2410 1648 2500 1704 cui
2525 1657 2580 1703 et
2606 1647 2812 1719 ligandi
2854 1647 3209 1717 solvendique
3251 1655 3577 1717 potestatem,
3608 1662 3635 1700 a
3661 1647 3761 1700 bean
3820 1672 3821 1681 ι

2275 1741 2437 1797 Petro
2466 1740 2728 1797 Romana:
2757 1740 2874 1796 sedi
2904 1740 3268 1795 hereditatam
3288 1781 3305 1806 ,
3353 1755 3450 1794 sua
3488 1740 3590 1794 vice
3621 1753 3763 1807 semper

578 1828 710 1896 libet
755 1840 1035 1909 inexperto
1075 1835 1333 1891 credibile
1372 1841 1483 1899 est;
1535 1848 1630 1902 per
1664 1828 1963 1901 legationes
1990 1836 2170 1883 tamen
2204 1820 2247 1881 Β
2273 1834 2633 1891 exercendam
2675 1832 2972 1899 concessit,
3019 1831 3453 1904 insignitumque
3484 1830 3672 1886 micatis
3701 1829 3762 1882 ni
3820 1820 3821 1879 ἒ

580 1928 1056 2003 frequentissimas
1074 1928 1164 1959 ¹⁶¹⁸
1189 1937 1244 1981 et
1267 1924 1545 1996 epistolas,
1575 1921 1742 1977 etiam
1762 1936 1794 1974 a
1816 1919 1974 1974 nobis
1998 1918 2169 1985 visas,

568 2021 943 2077 .universalem
972 2017 1276 2074 aecelesiam
1303 2013 1565 2071 aecclesize
1594 2010 2086 2067 Hierosolimitana:
2116 2008 2171 2063 in

566 2113 877 2185 :presiJium
903 2110 1206 2183 lugubriter
1231 2108 1614 2171 inelamantes,
1647 2103 1857 2159 adverti
1887 2102 2044 2157 facile
2072 2118 2171 2171 po-

570 2210 705 2265 ;tcst.
740 2203 1024 2259 Predietus
1058 2200 1224 2255 etiam
1256 2197 1481 2252 Alexius
1526 2196 1822 2265 imperator
1859 2190 2175 2248 Constanti-

570 2299 932 2369 nopolitanus
960 2310 1127 2365 super
1155 2292 1361 2348 eisdem
1393 2289 1641 2346 barbaris
1684 2287 2037 2357 predonibus,
2078 2301 2175 2355 per

580 2392 843 2461 majorem
874 2388 989 2457 jam
1029 2386 1179 2458 regni
1207 2384 1294 2440 sui
1328 2392 1537 2454 partem
1566 2380 1803 2447 diﬂ'usis,
1832 2395 1939 2435 non
1970 2393 2175 2449 paucas

578 2483 839 2554 epistolas
879 2480 1103 2536 Urbano
1146 2493 1299 2550 papa:
1336 2475 1556 2540 direxit,
1582 2473 1785 2544 quibus
1812 2472 1866 2526 in
1895 2469 2174 2526 defensio-

580 2592 705 2631 nem
733 2575 1078 2631 orientalium
1108 2571 1482 2628 accelesiarum
1525 2582 1587 2623 se
1634 2582 1745 2622 non
1797 2564 2046 2622 sullieere
2081 2564 2177 2619 de-

579 2666 813 2737 ploravit
864 2666 1169 2732 obtestans,
1197 2674 1396 2728 totum,
1446 2660 1495 2716 si
1536 2659 1655 2716 ﬁeri
1679 2666 1887 2730 posset,
1923 2655 2176 2712 occiden-

564 2766 729 2823 tem,
780 2757 875 2828 qui
920 2757 1035 2826 jam
1089 2772 1159 2811 ex
1214 2755 1427 2825 integro
1481 2749 1785 2807 christiana
1835 2746 2177 2822 professione

579 2859 916 2917 censeretur,
947 2848 1053 2905 sibi
1088 2847 1147 2902 in
1174 2845 1511 2917 adjutorium
1539 2841 1820 2908 advocari,
1851 2840 2176 2911 promittens

579 2958 677 3015 per
714 2959 774 2999 se
807 2952 1007 3000 cuneta
1039 2938 1352 2997 necessaria
1381 2935 1712 3008 praeliaturis
1748 2943 1891 2990 terra
1928 2932 2178 3003 marique

580 3035 905 3095 ministrari.

649 3126 780 3182 inde
831 3134 1140 3181 commotus
1191 3122 1529 3194 apostolicus
1590 3130 1646 3178 et
1697 3119 1880 3176 omnis
1927 3115 2175 3175 aecclesia

2263 1927 2405 1983 litim
2457 1926 2713 1998 stigmate
2771 1924 3076 1982 exercitum
3137 1925 3438 1996 apostolica
3492 1924 3764 1979 benedictum

2273 2018 2605 2091 consignans
2630 2060 2646 2085 ,
2689 2018 2944 2074 condicto
2984 2018 3056 2073 ab
3092 2017 3373 2074 universis
3412 2012 3764 2087 temperemus
3820 2012 3821 2091 ξ

2274 2099 2491 2176 ctiouis,
2523 2110 2641 2181 ipse
2673 2125 2800 2166 cum
2827 2123 2940 2165 non
2968 2108 3185 2164 modica
3224 2108 3472 2179 ejusdem
3505 2107 3766 2178 expeditionis

2273 2209 2456 2258 turma
2484 2202 2693 2257 Italiam
2723 2202 2904 2257 rediit.

2344 2295 2564 2366 Legatis
2605 2295 2845 2365 denique
2875 2293 3108 2364 singulis
3136 2293 3206 2349 ad
3235 2294 3459 2365 propria
3484 2291 3673 2347 reversis
3690 2304 3766 2359 prr-

2272 2396 2466 2459 vagata
2513 2388 2596 2443 eis
2639 2388 2889 2458 citraque
2917 2402 3045 2441 mox
3073 2387 3263 2442 orbem
3292 2394 3544 2442 cundum
3569 2384 3658 2439 haec
3676 2383 3765 2436 fama
3820 2384 3821 2425 ἱ

2273 2480 2600 2547 commovit;
2630 2470 2876 2550 insuper,
2902 2479 3049 2549 quod
3073 2479 3222 2535 dictu
3262 2478 3511 2533 mirabile
3541 2486 3628 2542 est,
3654 2478 3766 2545 ipsa:
3820 2484 3821 2487 ‘

2262 2569 2467 2627 .oceani
2495 2569 2729 2624 limitem
2757 2569 3044 2625 velocitate
3077 2564 3349 2625 consueta
3382 2568 3697 2640 supervolans,
3718 2565 3769 2617 in-
3820 2566 3821 2645 ξ

2276 2662 2598 2717 sulanorum
2638 2660 2808 2717 etiam
2846 2661 3119 2717 classibus
3158 2661 3342 2716 maria
3391 2661 3503 2732 ipsa
3540 2661 3586 2714 in
3615 2658 3769 2715 uelutis
3820 2656 3821 2732 ᾖ

2276 2755 2421 2828 regis
2449 2754 2712 2810 miliciam
2740 2753 3050 2810 redundare
3092 2752 3240 2810 fecit.
3281 2752 3452 2819 Nam,
3490 2764 3545 2808 ut
3574 2750 3770 2807 verissim

2276 2848 2664 2918 comperimus,
2705 2856 2819 2902 tam
2863 2846 3078 2919 ignotos
3118 2845 3312 2902 etl‘udit
3348 2861 3574 2901 oceanus
3602 2840 3770 2914 populos

2275 2942 2434 3012 cujus
2464 2957 2573 2996 non
2604 2941 2786 2997 dicam
2809 2955 2995 2996 mores
3022 2950 3078 2995 et
3107 2940 3358 3006 habitus,
3389 2941 3482 2996 sed
3509 2955 3569 2993 ne
3588 2935 3769 3006 luenda!
3820 2922 3821 2943 ἢ

2277 3033 2569 3104 quisquam
2600 3032 2768 3103 hujus
2797 3032 2977 3088 litoris
3004 3032 3278 3087 habitator
3321 3033 3411 3087 vel
3446 3032 3510 3087 de
3539 3029 3646 3101 ipsis
3668 3026 3771 3081 mu-
3820 3032 3821 3097 ;

2277 3127 2449 3182 nariis
2489 3135 2847 3198 agnosceret;
2903 3140 3234 3196 rursumque
3278 3125 3444 3191 alios,
3492 3122 3658 3194 quibus
3689 3116 3772 3172 IN

580 3219 827 3276 Romana
851 3220 965 3286 ‘5",
1003 3218 1257 3289 generale
1283 3215 1578 3272 concilium
1627 3214 1683 3268 in
1732 3211 2007 3281 Hispaniae
2044 3226 2177 3266 con-
2203 3189 2248 3252 C
2282 3228 2463 3290 preter
2487 3234 2684 3290 panem
2716 3227 2774 3275 et
2803 3235 3006 3290 aquam
3036 3220 3094 3273 in
3138 3235 3245 3274 usu
3270 3218 3457 3276 victus
3493 3225 3643 3276 esset;
3673 3214 3773 3266 itan-
3820 3189 3821 3259 ἦ

574 3311 713 3368 finio
740 3311 889 3383 (232)
926 3311 1013 3364 vel
1038 3309 1151 3376 m',
1191 3318 1250 3364 ut
1278 3307 1504 3379 quidam
1546 3305 1758 3370 dicunt,
1804 3302 2000 3357 Parisi‘i
2044 3316 2180 3357 cort-

580 3403 794 3475 gregari
825 3400 952 3456 fecit
981 3400 1103 3467 (an.
1140 3398 1345 3466 1095);
1392 3412 1502 3467 quo
1531 3397 1698 3451 etiam
1744 3396 1859 3465 ipse
1903 3393 2178 3472 lwirioso

581 3492 750 3548 nimis
773 3492 965 3547 itinere
992 3488 1338 3560 perveniens,
1366 3486 1673 3542 innumeris
1698 3486 1791 3556 qui
1816 3484 2018 3539 ibidem
2047 3499 2179 3538 wn-

579 3594 847 3643 venerant
886 3583 1101 3654 populis
1147 3582 1600 3649 diversorumque
1647 3593 1939 3650 regnorum
1987 3576 2178 3648 legatis

581 3678 838 3732 universa
867 3692 990 3747 qua:
1016 3674 1320 3746 preseripta
1347 3680 1478 3729 sunt
1502 3682 1556 3727 et
1586 3671 1759 3726 multo
1786 3670 2051 3741 ampliora
2081 3684 2178 3725 ore

580 3773 981 3829 iucundissimo
1010 3772 1356 3829 declamavit.
1376 3802 1448 3811 —
1470 3770 1595 3826 Mox
1632 3779 1712 3826 tot
1753 3771 1977 3827 milibus
2008 3771 2062 3826 in
2098 3773 2178 3827 la-

578 3864 782 3919 crimas
808 3862 1082 3928 resolutis,
1114 3862 1394 3917 variarum
1419 3876 1639 3933 quoque
1664 3861 1979 3932 linguarum
2020 3863 2178 3932 plan-

580 3955 762 4011 ctibus
792 3955 848 4008 in
876 3955 1045 4009 altum
1079 3954 1292 4021 levatis,
1341 3954 1397 4008 in
1447 3954 1551 4009 hoc
1592 3953 1673 4008 eis
1702 3954 1894 4009 doctor
1926 3954 2177 4025 egregius

578 4049 963 4105 remissionem
994 4048 1242 4104 omnium
1268 4048 1546 4105 condonat
1567 4057 1939 4119 peccatorum,
1986 4048 2054 4114 si,
2091 4063 2178 4101 re-

577 4140 855 4195 nunciatls
898 4139 1157 4195 omnibus
1201 4154 1324 4210 qua:
1367 4140 1753 4210 possidebant,
1800 4155 2020 4196 crucem
2053 4148 2179 4210 post

576 4233 861 4292 Christum
890 4233 1225 4290 unanimiter
1246 4243 1548 4304 portantes,
1578 4233 2017 4303 periclitantibus
2043 4247 2177 4288 eon-

575 4327 899 4385 christianis
926 4326 1133 4383 ferrent
1157 4326 1443 4381 auxilium.
1478 4326 1595 4393 Qua
1626 4326 1922 4396 sponsione
1949 4326 2175 4382 arrectis

570 4421 778 4491 animis
806 4421 1078 4486 omnium,
1125 4420 1411 4491 designata
1450 4429 1580 4474 sunt
1623 4421 1692 4475 ad
1725 4435 1952 4489 presens
1982 4421 2038 4474 in
2069 4418 2175 4475 Do-

578 4514 714 4569 mini
736 4513 995 4569 miliciam
1017 4514 1236 4577 circiter
1264 4512 1473 4567 l00000
1498 4512 1765 4578 virorum,
1791 4528 1858 4567 ex
1880 4512 2173 4583 Aquitania

574 4607 788 4663 aclieet
816 4615 979 4675 atque
1007 4602 1366 4669 Normannia,
1398 4603 1612 4674 Anglia,
1645 4601 1826 4658 Scotia
1871 4612 1926 4658 et
1971 4602 2170 4659 Hiber-

575 4698 689 4766 nia,
710 4697 1025 4765 _Britannia,
1058 4696 1265 4752 Calicia
1288 4695 1403 4763 ωδ,
1435 4694 1751 4764 Wasconia,
1778 4695 1973 4762 Gallia,
2005 4695 2171 4750 Flan-

574 4791 714 4859 dria,
747 4789 1125 4861 Lotliaringia,
1171 4788 1493 4859 exterisque
1537 4788 1790 4859 gentibus
1828 4787 2170 4854 ehristianis,

575 4899 810 4956 quarum
839 4899 989 4939 nunc
1032 4881 1259 4938 minime
1302 4889 1602 4937 occurrunt
1641 4880 1929 4936 vocabula.
1979 4879 2172 4936 Crucis

577 4977 921 5047 signaculum
951 4976 1005 5031 in
1036 4974 1280 5031 vestibus
1309 4972 1451 5029 idem
1484 4988 1610 5029 vere
1638 4972 1876 5028 crucifer
1899 4974 2173 5030 exercitus

576 5069 651 5123 ob
678 5068 1115 5125 mortificationis
1155 5065 1462 5138 preferebat
1501 5065 2008 5134 commonitorium,
2054 5081 2175 5122 cre-

577 5161 715 5216 dens
744 5162 798 5215 in
826 5162 953 5227 hoc,
987 5162 1141 5233 juxta
1179 5160 1449 5217 visionem
1490 5157 1686 5230 Magno
1716 5159 1996 5230 quondam
2023 5158 2171 5214 Con-

578 5253 820 5308 stantino
848 5255 1140 5310 revelatam
1169 5252 1341 5324 (285),
1390 5252 1461 5308 ab
1493 5251 1732 5308 inimicis
1758 5252 1942 5308 crucis
1969 5251 2173 5311 Christi

2280 3327 2388 3382 que
2412 3312 2706 3383 quosdam,
2740 3313 2944 3382 quibus
2985 3320 3274 3384 argentum
3307 3322 3414 3383 pro
3442 3306 3574 3366 ferro
3596 3311 3640 3363 in
3660 3301 3774 3360 οωίδ

2268 3404 2384 3460 ιὺυε
2413 3404 2530 3460 suis
2558 3405 2886 3461 utensilibus
2913 3412 3080 3460 esset.
3112 3402 3250 3459 Hinc
3281 3413 3345 3460 et
3370 3404 3696 3471 undecumque
3714 3412 3774 3451 ﬂ-

2274 3499 2508 3570 gebatur
2557 3497 2756 3553 cotidie
2802 3497 3161 3553 circumcirca
3206 3497 3545 3569 signatorum
3579 3504 3772 3549 nam
3820 3488 3821 3563 ξ

2279 3599 2416 3647 etut
2440 3592 2853 3662 prelibavimus.
2876 3592 2933 3647 in
2957 3592 3276 3662 hujusmodi
3304 3591 3669 3663 expeditionem
3684 3596 3776 3639 tota
3820 3591 3821 3663 ἦ

2262 3682 2471 3751 fervet,
2486 3692 2635 3740 totus
2658 3684 2973 3740 concutitur
2992 3684 3080 3739 vel
3109 3684 3293 3754 potius
3320 3680 3664 3739 transformari
3681 3676 3774 3728 vide

2278 3776 2441 3832 batur
2476 3777 2736 3833 mundus.

2349 3866 2705 3939 Francigenis
2733 3866 3167 3923 occidentalibus
3191 3865 3354 3922 facile
3381 3858 3661 3937 persuaderi
3679 3866 3776 3928 βαε-

2278 3970 2364 4015 rat
2394 3975 2494 4015 sua
2523 3976 2654 4015 rura
2682 3960 3023 4030 relinquere;
3056 3974 3183 4013 nam
3215 3957 3428 4015 Gallias
3454 3972 3545 4029 per
3564 3944 3776 4009 ausonii
3820 3940 3821 3979 ἶ

2278 4061 2414 4123 quot
2442 4068 2593 4109 nunc
2621 4052 2818 4109 seditio
2844 4051 3044 4119 civilis,
3075 4067 3225 4108 nunc
3254 4050 3454 4117 fames,
3492 4061 3620 4104 nunc
3638 4049 3775 4099 ωαυο

2278 4143 2405 4199 litas
2433 4143 2598 4200 nimis
2626 4143 2910 4209 aﬂlixcrat,
2938 4151 3223 4213 postremo
3248 4143 3411 4213 plaga
3437 4141 3544 4207 illa,
3567 4150 3666 4207 quae
3682 4130 3775 4186 dm

2277 4235 2625 4292 Nivalenscm
2664 4244 2872 4292 sanctae
2896 4235 3199 4291 Gerdrudis
3226 4235 3527 4308 acclesiam
3553 4227 3775 4303 (2135)”tu
3820 4236 3821 4293 1

2276 4337 2389 4395 est,
2428 4343 2603 4399 usque
2649 4328 2717 4383 ad
2759 4328 2884 4383 vitae
2926 4327 3365 4398 desperationem
3407 4328 3660 4381 terruerat.
3696 4313 3777 4369 Εη

2278 4429 2460 4476 autem
2490 4420 2827 4492 hujusmodi.
2862 4419 3063 4476 Tactus
3091 4421 3387 4492 quisquam
3432 4420 3551 4490 igne
3579 4407 3777 4473 ἱιιτὲὦὸί.
3820 4404 3821 4475 i

2205 4538 2252 4601 ι)
2278 4490 2624 4584 quacumque
2652 4513 2902 4583 corporis
2933 4490 3125 4583 parte,
3141 4519 3253 4567 tam
3283 4513 3377 4568 diu
3407 4505 3778 4573 sensibili,iuao
3820 4490 3821 4533 Τ

2278 4605 2695 4677 incomparabili
2724 4612 2998 4661 tormento
3038 4606 3205 4661 etiam
3250 4603 3693 4661 inremedialiiliter
3721 4610 3778 4650 ετ·
3820 4610 3821 4621 ‘

2275 4699 2459 4767 debat,
2490 4712 2780 4769 quousque
2801 4698 2891 4753 vel
2918 4698 3171 4769 spiritum
3201 4714 3329 4754 cum
3362 4700 3595 4756 cruciatu
3616 4694 3777 4749 ηιατ-
3820 4694 3821 4731 7

2276 4790 2482 4846 ciatum
2510 4804 2637 4845 cum
2669 4789 2791 4859 ipso
2811 4797 2963 4845 tacto
2989 4790 3237 4847 membro
3260 4791 3548 4849 amitteret.
3574 4788 3779 4842 Testanm

2280 4882 2385 4935 hoc
2431 4880 2698 4937 hactenus
2741 4880 3016 4948 nonnulli,
3065 4881 3328 4940 manibus
3367 4884 3456 4939 vel
3492 4879 3684 4953 pedibus
3715 4872 3774 4924 ll"
3820 4876 3821 4939 ἲ

2278 4988 2417 5045 pena
2448 4972 2706 5030 truncati.
2737 4971 3097 5045 Reliquaram
3119 4979 3405 5032 nationum
3433 4976 3602 5047 plebes
3621 4968 3685 5025 τά
3702 4978 3777 5034 W‘
3820 5010 3821 5047 γ

2279 5081 2430 5123 sonte
2463 5066 2612 5134 aliae,
2663 5074 2844 5138 preter
2893 5070 3258 5140 apos'tolicum
3311 5070 3539 5125 edictum
3582 5054 3775 5134 νη)νῶ

2277 5159 2608 5229 quibusdam
2653 5159 2796 5214 inter
2835 5168 2900 5216 se
2943 5176 3120 5231 nuper
3145 5161 3352 5217 exortis
3382 5175 3479 5215 seu
3505 5154 3655 5227 signis
3675 5145 3774 5203 ελῐθιι

2281 5254 2458 5310 stibus
2483 5267 2550 5308 ac
2578 5252 3008 5311 revelationibus
3042 5254 3113 5309 ad
3139 5262 3344 5310 terrain
3374 5268 3431 5309 se
3451 5251 3539 5283 ³⁸⁸⁵
3567 5238 3773 5315 "FW?
3820 5248 3821 5315 ἡ

1894 5369 2128 5424 ἾΑΗΙᾹΞ
2170 5367 2577 5426 ΙιΕιὶΤΙΟΝΕΒ.

649 5732 797 5803 (282)
834 5733 996 5789 Claro
1025 5692 1230 5792 monte.

652 5805 800 5875 (ἰῶ)
846 5803 907 5858 V.
943 5822 1129 5875 supra.

648 5458 738 5536 rm
782 5469 818 5515 ι,
853 5462 1105 5536 assignas
1150 5472 1206 5520 et
1234 5479 1320 5535 ep.
1379 5462 1859 5536 frequentissimas
1906 5464 1982 5536 5._
2042 5464 2174 5518 ¹⁶²¹ε

2273 5463 2440 5536 :les'a_
2467 5476 2627 5536 anno,
2650 5463 2938 5536 dominicae
2965 5462 3179 5519 incarn.
3223 5463 3358 5518 mill.
3398 5457 3528 5536 xci.
3560 5451 3649 5505 vr.
3670 5462 3707 5516 ςο
3729 5437 3765 5491 Ην

653 5532 672 5562 ³
697 5547 755 5590 v.
783 5549 837 5588 u.
869 5550 924 5604 q.
956 5534 1011 5590 d.
1042 5535 1102 5588 P.
1131 5536 1189 5589 in
1216 5530 1452 5607 margine
1480 5530 1532 5590 ἱ.
1560 5536 1919 5606 superscriuta
1951 5533 2018 5590 Π.
2058 5536 2174 5588 dese

2281 5533 2361 5588 Ib.
2396 5531 2465 5592 li.
2545 5534 2639 5567 “"‘
2678 5535 2885 5605 galacia
2915 5534 2996 5588 l".
3078 5536 3171 5567 ¹⁶²⁸
3209 5548 3462 5604 superscr.
3503 5530 3539 5581 Ι.

2128 5646 2362 5708 NOTAE.

2354 5743 2504 5813 (9.84)
2545 5742 2882 5813 Pomenssm.

2348 5808 2498 5876 (285)
2537 5808 2762 5869 Nivelle.
