3892 6308
142 319 230 380 9C9

1018 313 1390 371 CHRONlCA.
1429 345 1499 355 —
1539 313 1933 373 CHRONICON
1972 315 2434 374 UNIVERSAIE.

3263 323 3374 384 970

131 433 274 502 signis
294 437 522 496 vocatas,
561 427 679 484 alia:
723 442 782 484 se
819 427 1106 499 quibusvis
1139 431 1677 497 incommp-litatibus
1711 443 1750 499 Α
1782 447 1903 488 rum
1931 432 2178 502 pastibus
2203 432 2524 504 vigilabant,
2545 431 2784 491 civitatis
2809 450 2870 492 se
2894 435 3134 506 speciem
3162 437 3220 495 in
3246 455 3376 500 aere

129 527 186 583 ad
209 524 323 580 talia
349 531 468 577 vota
501 521 814 590 compulsos
849 519 1190 587 fatebantur;
1240 537 1436 593 magna
1475 522 1675 593 quippe

128 636 232 694 pars
271 630 450 672 eorum
496 628 622 670 cum
671 613 999 685 conjugibus
1049 630 1113 670 ac
1151 615 1304 685 prole
1351 625 1570 685 totaque
1617 633 1674 672 re

127 708 344 768 familiari
365 706 542 761 onusti
567 704 1074 776 proficiscebantur.
1099 705 1468 763 Orientalibus
1492 717 1671 764 autem

125 801 333 866 Francis,
363 799 670 855 Saxonibus
695 807 747 854 et
772 797 1090 870 Thuringis,
1136 798 1404 869 Bajoariis
1448 809 1503 856 et
1545 799 1672 855 Ala-

122 893 304 952 mannis
333 893 443 946 hrec
483 891 682 947 bucina
709 891 938 948 minime
977 891 1240 958 insonuit,
1286 903 1508 963 prepter
1537 893 1671 949 illud

122 985 320 1042 maxime
346 983 542 1038 scisma
595 983 741 1052 quod
769 983 913 1038 inter
937 997 1163 1054 regnum
1208 991 1260 1038 et
1297 983 1669 1038 sacerdotium

118 1086 370 1144 atempore
395 1072 682 1128 Alexandri
709 1088 862 1144 papae
890 1089 1066 1144 usque
1095 1073 1256 1128 hodie
1288 1081 1398 1128 tam
1426 1088 1527 1130 nos
1556 1072 1668 1128 Ro-

119 1167 266 1225 manis
290 1181 446 1236 quam
471 1163 750 1221 Romanos
776 1166 936 1221 nobis
965 1165 1172 1222 invisos
1195 1175 1249 1222 et
1275 1165 1503 1222 infestos
1528 1166 1667 1236 jam,

119 1261 229 1316 heu!
255 1258 608 1315 conﬁrmavit.
632 1256 760 1313 Inde
782 1258 1033 1328 estquod
1073 1259 1255 1314 omnis
1277 1273 1414 1330 pene
1435 1258 1669 1328 pepulus

119 1356 448 1413 Theutonicus
477 1355 534 1410 in
566 1355 836 1426 principio
866 1355 1220 1426 profectionis
1249 1354 1415 1425 hujus
1441 1369 1666 1410 causam

116 1453 408 1522 ignorantes,
445 1464 540 1519 per
567 1457 772 1504 terram
803 1465 958 1503 suam
989 1457 1336 1504 transeuntes
1381 1456 1460 1502 tot
1493 1447 1666 1518 legio-

115 1559 196 1599 nes
232 1541 492 1613 equitum,
533 1549 615 1596 tot
659 1550 870 1598 turmas
914 1542 1154 1612 peditum
1200 1548 1385 1611 totque
1419 1549 1666 1597 catervas

113 1639 455 1704 ruricolarum,
491 1637 819 1693 feminarum
859 1655 924 1695 ac
963 1639 1340 1710 parvulorum,
1381 1639 1541 1709 quasi
1577 1639 1663 1694 in-

113 1731 266 1786 audita
293 1730 523 1785 stulticia
554 1730 852 1787 delirantes
883 1731 1318 1796 subsannabant,
1351 1739 1540 1802 utpote
1568 1731 1664 1802 qui

111 1841 194 1896 pro
217 1825 364 1880 certis
394 1825 598 1880 incerta
629 1833 932 1897 captantes,
960 1835 1164 1880 terram
1195 1826 1494 1882 nativitat’s
1529 1842 1666 1882 vane

112 1919 464 1989 relinquerent,
497 1927 700 1974 terram
732 1916 1176 1988 repromissionis
1219 1917 1484 1972 incertam
1515 1926 1667 1974 certo

111 2011 391 2066 discrimine
403 2017 737 2080 appeterent,
762 2008 1148 2064 renunciarent
1169 2006 1524 2063 facultatibus
1539 2025 1666 2078 pro-

109 2103 239 2173 priis,
285 2094 816 2157 inhiarent‘alienis.
863 2099 968 2156 Sed
1009 2100 1262 2171 quamvis
1297 2109 1486 2155 nostra
1535 2117 1666 2171 gens

109 2195 291 2250 exieris
320 2195 486 2249 multo
515 2195 588 2249 sit
615 2195 961 2260 insolentior,
1008 2201 1257 2263 respectu
1283 2199 1470 2248 tamen
1497 2193 1666 2248 misr.»

107 2287 308 2342 rationis
347 2287 543 2342 divinae
586 2286 878 2341 inclinatur
919 2286 1139 2341 tandem
1189 2285 1258 2340 ad
1295 2285 1387 2316 ¹⁶⁸⁶
1434 2285 1662 2340 verbum

106 2379 316 2448 ejusdem
346 2378 777 2434 renunciationis
809 2376 963 2434 furor
992 2375 1390 2443 Theutonicus,
1437 2394 1468 2431 a
1505 2393 1662 2432 com-

107 2475 372 2530 meantium
403 2475 612 2531 scilicet
644 2476 819 2531 turbis
847 2491 962 2530 rem
985 2477 1056 2532 ad
1089 2476 1363 2548 integrum
1413 2477 1662 2534 edoctus.

161 2569 405 2625 Prteterea
475 2570 693 2642 signum
769 2569 826 2624 in
901 2571 1017 2625 sole
1090 2571 1236 2641 quod
1297 2571 1661 2641 proscriptum

100 2661 325 2732 est(286)
353 2663 531 2718 visum
581 2662 703 2733 (an.
746 2662 944 2734 1096),
992 2663 1270 2733 multaque
1299 2680 1422 2734 qum
1452 2672 1564 2718 tam
1607 2664 1662 2719 in

102 2767 208 2808 aere
223 2771 377 2825 quam
401 2755 456 2810 in
480 2756 644 2811 terris
674 2764 926 2827 portenta
955 2765 1345 2827 apparuerunt,
1376 2757 1442 2812 ad
1471 2757 1665 2828 hujus-

101 2846 226 2901 modi
251 2848 507 2903 exercicia
537 2863 646 2902 non
686 2863 890 2919 paucos
919 2857 1079 2904 antea
1111 2849 1357 2920 torpidos
1392 2851 1665 2906 excitave-

100 2945 223 2989 runt.
253 2935 291 2989 E
313 2937 512 3007 quibus
541 2939 721 3008 aliqua
753 2939 841 2995 hic
867 2939 1117 2995 interseri
1145 2940 1406 2996 duximus
1435 2940 1664 2996 utilissi-

99 3041 246 3094 mum,
276 3038 468 3085 cuncta
497 3046 626 3085 vero
657 3030 1061 3102 longissimum.
1093 3031 1228 3087 Nam
1252 3043 1306 3088 et
1335 3049 1436 3089 nos
1469 3049 1660 3090 come--

1777 524 1997 591 vidisse,
2025 527 2269 582 diversas
2292 526 2459 582 etiam
2492 527 2682 583 turbas
2711 527 2943 585 diversis
2974 531 3044 586 ad
3074 547 3196 588 eam
3237 550 3372 605 par-

1777 617 1920 672 tibus
1949 627 2058 672 tam
2092 619 2333 689 equestri
2367 636 2533 690 quam
2563 619 2803 691 pedestri
2832 622 3028 679 itinere
3066 642 3371 698 properan-

1776 716 1858 762 tes
1895 708 2257 777 perspexisse.
2297 708 2556 766 Nonnulli
2601 711 2766 766 etiam
2807 715 2988 770 crucis
3023 715 3370 788 signaculum

1773 801 1993 856 sibimet
2027 802 2082 856 in
2121 801 2394 860 frontibus
2438 805 2522 859 vel
2583 806 2814 862 testibus
2864 808 2978 865 sive
3016 809 3080 864 in
3127 812 3374 881 quolibet

1774 892 2022 963 corporis
2046 894 2170 949 loco
2193 895 2454 952 divinitus
2476 897 2784 968 inpressum
2805 902 3193 970 ostendebant,
3220 903 3371 974 ipso-

1771 1002 1880 1058 que
1915 1002 1974 1042 se
2015 987 2267 1058 stigmate
2307 990 2376 1044 ad
2419 990 2646 1046 eandem
2689 991 2908 1050 Domini
2949 995 3198 1052 militiam
3237 1013 3371 1068 pre—

1773 1078 2008 1148 scriptos
2037 1079 2440 1135 credebant.-—-
2460 1080 2591 1138 Item
2624 1083 2748 1140 aliis
2793 1085 2974 1140 subita
3008 1088 3208 1144 mentis
3241 1105 3368 1143 mu—

1771 1173 1978 1227 tatione
2025 1173 2368 1243 eompunctis
2404 1176 2488 1229 vel
2539 1176 2751 1233 visione
2799 1187 3067 1234 nocturna
3114 1181 3364 1249 edoctis,

1770 1264 1956 1335 predia
1983 1280 2182 1334 resque
2203 1263 2506 1322 familiares
2533 1266 2837 1326 distrahere
2863 1271 3189 1343 signumque
3213 1289 3363 1330 mor-

1769 1357 2084 1414 tificationis
2114 1357 2358 1413 vestibus
2401 1373 2625 1414 assuere
2651 1361 2883 1430 placuit;
2917 1373 2972 1418 et
3017 1363 3073 1418 in
3119 1364 3205 1419 his
3237 1379 3363 1418 om—

1768 1450 1934 1520 nibus
1953 1450 2094 1505 ultra
2117 1466 2284 1521 quam
2305 1451 2456 1508 credi
2473 1461 2652 1522 potest
2671 1455 2988 1510 catervatim
3005 1457 3358 1518 currentibus

1768 1541 1836 1596 ad
1866 1540 2142 1598 tecelesias
2172 1542 2408 1612 populis,
2438 1558 2584 1598 novo
2610 1544 2716 1598 ritu
2739 1544 2948 1615 gladios
2974 1561 3099 1602 cum
3126 1547 3365 1604 fustibus

1766 1640 1821 1686 et
1851 1632 2103 1702 capsellis
2132 1633 2488 1692 sacerdotalis
2517 1634 2822 1692 benedictio
2853 1635 3178 1708 dispertivit.
3219 1639 3366 1708 Quid

1767 1723 2024 1791 referam,
2065 1725 2403 1796 temporibus
2435 1725 2569 1796 ipsis
2597 1727 2884 1784 mulierem
2914 1730 3189 1799 quandam
3225 1732 3367 1788 duo-

1699 1793 1738 1852 B
1768 1815 1872 1872 bus
1897 1816 2057 1873 annis
2085 1793 2363 1874 continuis
2392 1793 2810 1891 inipregnatam,
2839 1793 3172 1893 tandemque
3196 1822 3346 1880 dira-

1767 1919 1861 1980 pto
1890 1921 2067 1978 utero,
2097 1911 2270 1967 ﬁlium
2301 1912 2616 1982 loquentem
2639 1913 2882 1984 fudisse;
2915 1915 3156 1988 itemque
3181 1917 3365 1974 infan-

1767 2004 1941 2058 tulum
1969 2020 2067 2074 per
2109 2005 2293 2060 omnia
2337 2005 2714 2074 bimembrem,
2761 2007 2994 2066 alterum
3023 2024 3156 2066 vero
3174 2011 3366 2081 capite

1767 2093 1918 2160 bino,
1945 2094 2187 2164 agnellos
2223 2109 2442 2166 quoque
2469 2097 2684 2168 aliquos
2712 2097 2856 2157 binis
2886 2099 3158 2170 capitibus
3196 2117 3364 2156 exorc-

1765 2196 1853 2244 tos
1886 2188 2088 2257 fuisse;
2125 2190 2304 2260 pullos
2345 2191 2510 2246 etiam
2557 2207 2824 2262 equarum
2868 2193 3060 2251 dentes
3102 2195 3362 2267 majores,

1765 2297 1906 2352 quos
1962 2283 2196 2352 equinos
2241 2283 2408 2355 vulgo
2459 2285 2796 2354 appellamus
2841 2301 3095 2357 quosque
3139 2289 3364 2344 nonnisi

1765 2375 1944 2432 trimis
1973 2377 2198 2432 caballis
2232 2386 2428 2432 natura
2459 2378 2729 2446 concedit,
2775 2379 2836 2434 in
2884 2380 3006 2450 ipso
3039 2389 3206 2453 partu
3234 2397 3364 2452 pro—

1766 2468 1992 2523 tulisse?

1836 2559 1934 2616 His
1963 2569 2018 2616 et
2044 2561 2361 2632 hujusmodi
2392 2562 2564 2633 signis
2589 2571 2703 2619 tota
2743 2571 2998 2620 creatura
3039 2564 3093 2619 in
3123 2564 3364 2622 Creato-

1763 2652 1841 2708 ris
1869 2667 1930 2709 se
1950 2652 2200 2708 militiam
2224 2653 2562 2719 cohortante,
2589 2655 2662 2709 nil
2691 2665 2940 2712 moratur
2963 2657 3222 2714 inimicus
3237 2659 3358 2726 ille,

1760 2745 1976 2800 caeteris
2019 2745 2185 2801 etiam
2227 2746 2628 2803 dormientibus
2671 2764 2887 2821 semper
2918 2751 3166 2822 pervigil,
3211 2751 3360 2808 bono

1761 2839 1840 2894 illi
1869 2841 2064 2895 semini
2109 2840 2318 2896 zizania
2366 2857 2466 2897 sua
2507 2843 2970 2914 superseminare,
3011 2840 3361 2917 pSeudopro-

1761 2931 1954 3000 phetas
1974 2930 2264 2998 suscitare,
2287 2930 2589 2988 Dominicis
2613 2933 2945 2990 exercitibus
2969 2933 3140 2991 falsos
3159 2934 3359 2992 fratres

1761 3033 1815 3081 et
1863 3024 2182 3080 inhonestas
2226 3022 2446 3080 feminei
2495 3041 2659 3081 sexus
2710 3041 2974 3096 personas
3021 3028 3126 3083 sub
3173 3029 3359 3099 specie

97 3127 188 3172 tem
225 3119 275 3174 in
317 3121 473 3192 plaga
505 3123 804 3178 meridiana
846 3133 1082 3179 stantem
1107 3141 1380 3196 suumque
1408 3127 1661 3198 splendo-
1688 3155 1732 3216 ρ
1764 3117 2046 3189 religionis
2081 3117 2482 3185 intermiscere;
2531 3117 2718 3188 δίαινε
2759 3134 2857 3189 Per
2900 3119 3134 3175 3130mm
3180 3120 3358 3192 MPO"

97 3225 192 3264 rem
235 3211 285 3266 in
329 3213 612 3285 obliquum
659 3215 824 3286 gladii
867 3231 1022 3270 more
1069 3217 1484 3286 protendentem
1527 3227 1660 3276 tunc

95 3301 218 3356 circa
239 3301 416 3358 Nonas
459 3302 712 3361 Octobris
736 3305 1006 3373 vidimus;
1034 3322 1187 3362 anno
1215 3323 1345 3362 vero
1389 3317 1515 3379 post
1545 3310 1660 3366 base

94 3395 241 3450 tereio
277 3396 487 3452 stellam
526 3398 692 3452 aliam
732 3398 786 3452 in
823 3397 1036 3455 oriente
1075 3399 1258 3455 locum
1297 3415 1459 3456 suum
1493 3401 1659 3474 longe

95 3485 358 3544 interstitio
385 3489 616 3545 saltibus
646 3499 946 3546 mutantem
981 3491 1014 3544 6
1048 3491 1164 3546 Kal.
1213 3491 1374 3548 Mart.
1404 3493 1492 3526 ³⁸³⁷
1527 3510 1660 3550 cou-

91 3579 344 3647 speximus
361 3581 474 3653 (an.
505 3581 722 3652 4098?);
741 3582 916 3637 nubes
937 3597 1157 3653 quoque
1182 3585 1515 3656 sanguineas
1536 3593 1656 3641 tam

90 3671 150 3722 ab
171 3671 438 3728 occidente
462 3688 628 3742 quam
666 3675 736 3727 ab
763 3674 975 3728 oriente
1005 3684 1294 3746 surgentes
1335 3677 1550 3748 sibique
1575 3679 1659 3732 il-

90 3761 240 3817 vicem
266 3764 320 3818 in
353 3763 472 3819 caeli
505 3773 696 3820 centro
728 3775 1148 3834 concurrentes;
1191 3783 1520 3839 rursumque
1551 3785 1659 3824 me-

90 3853 179 3909 diis
205 3853 315 3912 fere
357 3845 613 3912 noctibus
659 3874 689 3911 a
738 3858 1107 3928 septentzione
1155 3859 1344 3930 igneos
1390 3876 1658 3932 exurgere

89 3944 407 4014 splendores;
440 3947 764 4020 plerumque
793 3951 956 4005 etiam
988 3949 1197 4006 faculas
1221 3966 1322 4021 per
1350 3967 1532 4007 aerem
1561 3969 1656 4008 vo-

88 4036 280 4095 litantes
324 4039 529 4097 vidisse
563 4055 684 4107 nos,
731 4043 962 4098 testibus
1007 4043 1282 4114 plerisque
1327 4044 1653 4115 comproba-

86 4143 210 4184 mus.
245 4129 358 4185 Non
388 4132 562 4186 multo
590 4143 716 4189 ante
747 4135 847 4190 bos
871 4150 1048 4190 annos
1073 4135 1298 4206 quidam
1327 4136 1654 4192 venerabilis

83 4216 190 4271 vine
221 4219 487 4288 presbiter
509 4262 526 4286 ,
575 4221 797 4277 nomine
833 4221 1169 4293 Suiggerus,
1221 4224 1508 4295 cujusdam
1545 4225 1654 4280 diei

85 4305 198 4360 hora
229 4307 342 4364 fere
373 4326 519 4366 nona
543 4311 682 4366 duos
707 4313 918 4383 equites
947 4315 1232 4386 conspexit
1261 4326 1652 4374 concurrentes

83 4398 129 4451 in
149 4413 288 4468 aere,
326 4403 533 4473 diuque
561 4414 962 4472 cancer-tantes,
999 4407 1254 4474 alterum,
1299 4408 1394 4478 qui
1432 4417 1486 4463 ct
1521 4424 1651 4464 cru-

1759 3211 1932 3266 crisin
1954 3220 2120 3280 atque
2145 3209 2450 3277 mendacia,
2473 3225 2570 3280 per
2583 3210 2818 3266 aliorum
2833 3227 2962 3267 vero
2981 3212 3220 3269 nefarias
3241 3213 3362 3284 pol-

1761 3301 2000 3357 lutiones
2039 3300 2246 3356 Christi
2268 3316 2461 3372 greges
2508 3301 2645 3357 adeo
2671 3304 3054 3373 turpabantur,
3093 3313 3154 3359 ut
3196 3305 3357 3376 juxta

1760 3393 1890 3448 boni
1917 3393 2154 3464 pastoris
2183 3392 2502 3449 vaticinium
2533 3393 2698 3450 etiam
2723 3395 2879 3450 eleoti
2909 3395 2962 3452 in
2983 3411 3231 3453 errarem
3255 3399 3361 3454 du-

1759 3483 2276 3554 cerentur(Mauli.
2327 3499 2478 3550 χιιι-ν,
2525 3484 2650 3556 24).
2698 3483 2828 3541 Inde
2869 3485 3181 3544 fabulosum
3223 3490 3360 3547 illud

1759 3577 2052 3633 confictum
2081 3585 2166 3632 est
2191 3576 2260 3631 de
2289 3575 2490 3631 Karolo
2524 3574 2719 3649 Magno
2749 3578 2909 3648 quasi
2937 3579 3004 3636 de
3024 3581 3266 3637 mortuis
3295 3582 3353 3636 in

1759 3669 1812 3725 id
1839 3670 2020 3741 ipsum
2057 3669 2383 3726 resuscitato
2411 3670 2604 3725 etalio
2629 3670 2820 3726 nescio
2853 3686 2964 3742 quo
2993 3672 3357 3731 nihilominus

1758 3761 2023 3828 redivivo,
2054 3758 2314 3816 fribolum
2343 3775 2565 3832 quoque
2596 3761 2729 3816 illud
2757 3761 2824 3817 de
2845 3777 3042 3818 ansere
3061 3765 3226 3835 quasi
3255 3765 3356 3820 do-

1757 3853 1965 3907 minam
1995 3868 2152 3907 suam
2195 3853 2517 3919 deducente,
2551 3854 2832 3924 multaque
2873 3855 2927 3910 id
2967 3871 3161 3928 genus.
3208 3855 3356 3912 Idem

1757 3951 1940 4000 tamen
1989 3945 2344 4012 seductores,
2393 3945 2855 4016 quemadmodum
2901 3947 3102 4018 singuli
3156 3949 3276 4004 suis
3322 3967 3356 4005 a

1756 4036 2027 4092 fructibus
2051 4035 2161 4090 sint
2187 4036 2412 4107 cogniti,
2439 4037 2716 4106 quomodo
2739 4045 2890 4092 veste
2919 4038 3022 4092 sub
3047 4039 3208 4094 ovina
3236 4040 3350 4108 lupi

1757 4131 1868 4185 sint
1891 4129 2152 4194 denotati,
2188 4129 2243 4182 hi
2281 4129 2566 4198 potissime
2590 4129 2685 4199 qui
2713 4145 2781 4184 ex
2809 4129 2917 4185 illis
2936 4131 3126 4186 adhuc
3156 4147 3352 4201 super-

1754 4231 1885 4278 sunt
1923 4222 2048 4278 licet
2087 4231 2149 4276 ut
2174 4221 2266 4254 ¹⁸¹⁸
2315 4221 2730 4291 perquirantur;
2781 4222 2988 4278 scilicet
3031 4237 3144 4293 quo
3192 4227 3353 4293 portu

1749 4317 1905 4388 juxta
1935 4315 2269 4386 promissum
2299 4330 2464 4369 suum
2491 4314 2701 4384 absque
2731 4314 2948 4386 navigio
2978 4331 3129 4369 mare
3168 4315 3353 4369 trans-

1754 4409 1938 4476 ierint,
1966 4409 2168 4479 quibus
2192 4407 2391 4478 praeliis
2414 4407 2500 4462 vel
2525 4407 2666 4462 locis
2693 4407 2896 4462 muitos
2917 4422 3159 4478 paganos
3181 4423 3350 4476 parva

81 4506 182 4546 rem
211 4510 315 4548 non
347 4496 622 4551 modicam
646 4496 876 4565 ferebat,
907 4515 1016 4569 qua
1038 4509 1325 4569 percutere
1346 4501 1650 4568 videbatur,
1686 4507 1730 4561 Β
1756 4519 1922 4558 manu
1950 4501 2262 4567 straveriut,
2292 4515 2430 4570 quas
2457 4515 2648 4554 eorum
2678 4499 3013 4554 munitiones
3038 4499 3164 4554 ilico
3191 4514 3352 4568 Cepi»

79 4583 125 4636 in
144 4587 307 4641 altero
331 4588 596 4644 victorem
619 4589 874 4646 existere.
906 4591 1110 4647 Eodem
1137 4601 1382 4664 tempore
1406 4592 1472 4648 G.
1498 4607 1653 4663 pres-

79 4676 216 4745 biter,
256 4681 350 4750 qui
387 4697 540 4737 nunc
570 4682 674 4737 sub
707 4683 1036 4738 monachica
1073 4683 1419 4755 professione
1459 4685 1648 4740 nobis-

77 4786 184 4825 eum
212 4788 310 4842 pro
339 4773 721 4846 primogenitis
743 4776 884 4830 asini
912 4776 1110 4847 (Exod.
1144 4793 1263 4842 xm,
1289 4777 1378 4847 15)
1405 4777 1650 4833 debitum

77 4865 277 4920 ovinum
322 4867 550 4922 Christo
585 4870 867 4938 persolvit,
906 4871 1040 4924 hn:a
1075 4871 1312 4941 quadam
1347 4872 1650 4926 meridiana

73 4969 182 5008 eum
202 4957 416 5014 duobus
441 4960 738 5016 comitibus
767 4961 822 5016 in
849 4963 982 5016 silva
1008 4963 1386 5030 deambulans,
1411 4963 1649 5035 gladium

77 5046 210 5103 mine
233 5051 600 5122 longitudinis
626 5054 776 5108 venti
804 5054 1092 5126 vertigine,
1119 5053 1364 5126 ignotum
1405 5055 1551 5110 unde
1577 5055 1656 5110 le-

73 5149 294 5210 varetur,
321 5144 376 5198 in
404 5145 642 5201 sublime
667 5147 866 5202 deferri
896 5147 1049 5214 vidit,
1081 5156 1135 5202 et
1160 5163 1452 5218 quousque
1473 5147 1650 5203 visum

71 5231 280 5290 altitudo
311 5239 536 5305 celaret,
569 5247 679 5294 tam
709 5238 982 5311 fragorem
1010 5240 1237 5297 auribus
1261 5257 1428 5310 quam
1456 5241 1651 5295 metal-

71 5322 171 5379 lum
198 5329 374 5385 oculis
403 5331 682 5386 discrevit.
714 5331 1042 5388 Referebant
1070 5333 1239 5403 aliqui
1267 5332 1363 5404 qui
1395 5333 1449 5387 in
1477 5346 1652 5403 equo-

1757 4592 1887 4658 rint,
1933 4605 2110 4662 quave
2152 4597 2433 4660 postremo
2479 4596 2634 4659 parte
2678 4603 2964 4644 murorum
3008 4586 3350 4642 Hierusalem

1756 4693 1936 4740 castra
1959 4682 2264 4754 posuerint,
2294 4691 2349 4736 et
2377 4689 2600 4746 caetera;
2639 4681 2883 4750 nihilque
2927 4680 3188 4734 habentes
3215 4678 3350 4750 quid

1757 4777 2140 4847 respondeant,
2172 4782 2283 4829 tam
2315 4773 2384 4829 de
2407 4773 2782 4828 oblationibus
2831 4773 3070 4827 fidelium
3116 4787 3214 4842 per
3252 4773 3353 4844 hy-

1755 4868 1997 4939 pocrisin
2027 4867 2296 4938 susceptis
2323 4882 2489 4937 quam
2536 4866 2603 4920 de
2649 4865 2792 4920 cesis
2823 4865 2895 4920 ob
2925 4865 3171 4934 rapinam
3210 4879 3350 4934 quas

1757 4963 2086 5017 seduxerant
2130 4959 2324 5027 turbis,
2375 4958 2704 5028 propriaque
2743 4957 2980 5012 maxime
3012 4957 3102 4988 1°”
3131 4965 3351 5026 aposta—

1753 5054 1855 5118 sia,
1886 5067 2109 5108 necesse
2135 5060 2218 5107 est
2247 5058 2309 5106 ut
2335 5049 2710 5120 paenitentiam
2740 5063 2903 5120 agere
2927 5056 3214 5119 cogantur.

1825 5141 1982 5210 Nam,
2008 5152 2068 5197 ut
2096 5142 2420 5214 prelibatum
2461 5150 2546 5196 est
2572 5141 2746 5213 (287),
2795 5141 2946 5210 plebs
2993 5139 3343 5195 Folemarum

1754 5249 1850 5304 per
1876 5233 2155 5289 Boemiam
2186 5247 2442 5303 sequens,
2473 5249 2596 5286 eum
2630 5232 2773 5302 apud
2810 5231 3019 5287 Nitram
3052 5231 3348 5288 Pannonia‘

1753 5329 2033 5384 civitatem
2081 5325 2348 5382 seditione
2401 5326 2706 5392 concitata,
2750 5326 2949 5395 partim
3005 5325 3342 5399 captivitate,

1426 5486 1656 5545 VABIA‘J
1695 5484 1992 5542 LECTION
2001 5483 2101 5539 ES.

129 5600 276 5656 m'i.
307 5601 378 5657 ad
403 5619 432 5656 ε
462 5619 602 5658 corr.
637 5612 688 5657 1.
789 5605 858 5636 "7
901 5603 989 5658 Vl.
1031 5601 1114 5659 Kl.
1149 5603 1249 5660 Mr.
1283 5622 1545 5676 superscr.
1582 5605 1632 5660 l.

1713 5601 1807 5635 ¹⁸⁹⁸
1843 5617 2104 5672 superscr.
2151 5599 2203 5654 l.

2297 5599 2388 5631 ‘5”
2422 5603 2662 5656 maxima
2688 5618 2826 5656 corr.
2877 5601 3115 5656 maxime
3157 5599 3210 5655 l.

1551 5694 1781 5753 NOTAE.

126 5783 272 5850 “286)
313 5785 494 5858 Supra
526 5803 577 5840 a.
614 5786 771 5844 1096.

373 5880 647 5940 Panos.
683 5881 894 5946 CLIV.

1830 5785 1978 5858 (287)
2019 5782 2198 5857 Supra
2235 5799 2286 5838 a.
2331 5783 2490 5841 i096.

2976 5882 3053 5943 31
