3862 6306
480 363 579 434 tn

485 489 686 551 Partim
724 484 871 542 ferro
923 477 1261 548 disperissct,
1301 465 1619 542 paucissimi
1654 463 1750 535 qui
1795 468 2077 515 remanse-

487 593 615 641 rant
644 565 823 637 adhuc
857 571 1046 629 testari
1076 569 1275 633 solent,
1321 562 1468 634 quod
1506 558 1690 614 crucis
1731 555 1950 625 sigmun
1989 565 2053 604 su

492 693 589 751 per
622 690 682 732 se
725 671 935 727 caelitus
980 674 1272 734 apparens,
1323 657 1391 711 ab
1437 652 1761 709 imminente
1807 661 1905 701 eos

481 734 798 825 liberasset.
833 755 1188 814 Gotescalcus
1234 763 1386 814 vero,
1421 760 1529 800 non
1568 738 1757 797 verus'
1781 738 1877 793 sed
1917 734 2090 789 falsus

495 860 592 914 Dei
625 868 836 915 servus,
886 858 1180 920 postquam
1229 854 1338 895 non
1383 837 1501 893 sine
1546 834 1752 888 damno
1805 824 2092 884 orientalis

493 948 719 1004 Norica:
759 939 1057 1012 Ungariam
1101 949 1226 991 sum
1271 930 1388 986 suis
1444 926 1694 991 intravit,
1749 917 2093 976 ammiranda

495 1042 652 1097 falsa:
705 1031 987 1106 religionis
1041 1028 1224 1099 specie
1270 1021 1631 1078 munitionem
1684 1016 1740 1070 in
1786 1027 1916 1068 arce
1957 1024 2095 1080 qua-

501 1136 626 1190 dam
657 1101 1186 1202 (288)'constituere,
1219 1125 1274 1173 et
1320 1115 1375 1169 in
1415 1111 1548 1182 ipsis
1593 1108 1788 1164 locatis
1816 1101 2096 1176 presidiis,

505 1241 606 1296 per
630 1199 899 1290 reliquum
933 1215 1132 1285 vulgus
1155 1206 1471 1268 Pannonias
1497 1199 1852 1258 circumcirca
1883 1202 2099 1250 vastare

504 1287 667 1388 cepit.
707 1287 827 1381 Quo
865 1310 1128 1366 nimirum
1151 1303 1350 1375 oppido
1381 1300 1448 1354 ab
1486 1292 1757 1366 indigenis
1795 1291 1914 1347 sine
1954 1287 2097 1342 dila-

505 1380 656 1465 tione
686 1414 866 1476 capto,
897 1400 1060 1457 turba
1098 1396 1268 1451 multa
1297 1390 1568 1447 trucidata
1605 1394 1769 1455 atque
1796 1380 2094 1452 captivata,

508 1517 640 1574 grex
671 1499 915 1568 reliquus
939 1494 1244 1562 dispersus,
1267 1486 1493 1555 ipseque
1522 1475 1958 1540 mercennarius,
1987 1486 2100 1526 non

503 1562 720 1665 pastor,
751 1562 984 1657 turpiter
1025 1582 1245 1654 fugatus
1281 1585 1386 1633 est.
1417 1605 1486 1616 -—-
1519 1570 1772 1627 Surrexit
1799 1566 1965 1622 etiam
1992 1562 2102 1618 die-

510 1686 628 1740 ibus
654 1681 792 1752 ipsis
821 1677 1045 1749 quidam
1075 1674 1160 1730 vir
1193 1668 1468 1734 militaris,
1513 1679 1697 1720 comes
1740 1669 1922 1715 tamen
1973 1670 2102 1726 par-

508 1777 658 1833 tium
682 1773 899 1827 illarum
931 1782 1055 1840 quae
1095 1765 1242 1820 circa
1284 1760 1498 1816 Renum
1549 1763 1700 1821 sunt,
1741 1751 1969 1806 Emicho
2007 1762 2107 1802 n0-

1641 332 2050 403 'EK‘KEl‘lARDl
2091 324 2560 387 URAUGlE-NSIS

2108 457 2150 513 Α
2180 444 2345 500 nimis
2367 439 2684 514 preproperi
2703 435 2940 508 judices,
2959 427 3307 500 interpretati
3325 435 3482 482 sunt.
3498 423 3752 481 Paleis“

2185 548 2369 594 tamen
2402 552 2469 592 ex
2500 550 2626 590 area
2661 531 2941 588 dominica
2980 523 3298 596 huiusmodi
3341 518 3648 575 ventilabro
3679 521 3755 574 de-

1955 655 2088 697 nece
2188 634 2393 700 cussis,
2422 631 2662 686 vidimus
2704 641 2875 700 grana
2923 623 3134 679 triticea
3181 614 3461 674 naturalis
3504 613 3757 669 soliditatis

3661 311 3747 370 972

2190 727 2456 799 gravitate
2482 721 2856 794 perdurantia,
2892 716 3235 774 Gotefridum
3281 711 3508 767 scilicet
3539 717 3757 763 ceteros-

2191 838 2297 894 que
2324 819 2730 893 prenominatos
2752 832 2876 872 vere
2891 812 3189 869 Dominica:
3209 808 3430 863 militia:
3449 804 3638 865 duces,
3660 819 3760 856 cum

2193 916 2314 971 suis
2353 912 2553 984 singuli
2590 925 2754 980 super
2792 920 3010 962 omnem
3042 901 3328 959 stellarum
3376 893 3762 964 dlSPOSlllOB'B

2193 1007 2459 1079 speciosis
2506 1003 2706 1061 castris
2754 1001 2823 1056 ab
2872 995 3145 1053 universis
3189 1007 3340 1063 quas
3388 985 3764 1060 pertransibunt

2196 1075 2437 1171 gentium
2469 1093 2809 1167 principibus
2838 1103 3025 1161 pacem
3062 1101 3126 1140 ac
3155 1083 3436 1144 favorem,
3477 1075 3767 1132 humilitatis

2197 1169 2360 1263 atque
2401 1187 2654 1244 karitatis
2689 1182 2958 1253 exemplo,
3001 1188 3063 1234 ut
3084 1192 3213 1234 vere
3257 1173 3480 1230 Christi
3532 1169 3766 1238 discipuli,

2198 1292 2623 1356 consequentes,
2665 1282 2840 1336 donec
2869 1273 3104 1332 diversis
3143 1271 3414 1325 itinerum
3448 1265 3549 1297 ⁸⁸³³
3575 1261 3768 1317 diuit-ul-

2200 1384 2403 1440 tatibus
2459 1377 2716 1451 Bulgaria
2765 1379 3086 1447 permeata,
3153 1357 3772 1428 Constantinopolitanas

2202 1477 2494 1547 attigerant
2520 1487 2696 1526 arces.

2277 1536 2534 1636 Lvegimus
2566 1556 2954 1615 Jherosolimze
3001 1550 3267 1614 libellum,
3322 1561 3356 1599 ε
3402 1545 3539 1598 loco
3579 1536 3775 1611 presenti

2207 1669 2378 1715 totam
2403 1655 2568 1726 hujus
2589 1650 2850 1724 hystoria:
2891 1646 3088 1702 seriem
3133 1637 3584 1712 diligentissime
3622 1647 3774 1704 prose-

2206 1759 2464 1824 quentem
2495 1747 2872 1819 plurimosque
2906 1738 3092 1812 populi
3131 1735 3227 1790 Dei
3251 1750 3355 1804 per
3391 1729 3691 1786 triennium
3717 1727 3777 1777 la-

519 1869 688 1930 mine,
722 1863 929 1920 dudum
971 1856 1256 1931 tyrannica
1289 1849 1708 1908 conversatione
1750 1842 1918 1898 nimis
1959 1837 2105 1894 infa-
2137 1836 2180 1890 B
2204 1821 2367 1901 ιᾷοι-εε
2396 1840 2452 1895 in
2494 1846 2668 1909 capue
2705 1832 3047 1900 Hierusalem
3079 1825 3375 1883 laetissima
3411 1821 3653 1876 victm-5,
3679 1832 3780 1870 (ευ.

519 1960 648 2023 mis,
673 1965 803 2012 tunc
830 1967 961 2008 vero
987 1910 1137 2005 velut
1165 1947 1302 2002 alter
1336 1942 1538 1998 Saulus
1576 1933 2020 1998 revelationibus,
2049 1936 2112 1985 ut
2207 1937 2539 1996 eludentem,
2563 1930 2904 2000 Quapropter
2927 1939 3030 1979 nos
3051 1923 3180 1978 hinc
3199 1921 3318 1990 jam
3343 1931 3537 1988 pauca
3561 1914 3626 1968 de
3653 1910 3783 1981 ριιηί.

521 2050 815 2114 fatebatur,
841 2043 1045 2100 divinis
1073 2041 1130 2096 in
1170 2033 1485 2108 hujusmodi
1525 2030 1842 2102 religionem
1879 2026 2112 2081 advoca-

522 2149 632 2207 tus,
665 2138 780 2193 lere
804 2133 979 2190 12000
1021 2132 1364 2201 signatorum
1393 2123 1612 2181 sibimet
1641 2132 1916 2188 usurpans
1945 2115 2116 2169 duca-

523 2246 676 2299 tum;
707 2231 801 2301 qui
829 2226 1088 2282 nimirum
1112 2237 1208 2292 per
1233 2219 1479 2275 civitates
1510 2213 1667 2278 lieni,
1693 2211 1871 2266 Moeni
1898 2221 2117 2279 quoque

527 2334 695 2394 atque
733 2316 966 2373 Danubii
991 2313 1231 2379 deducti,
1265 2307 1623 2366 execrabilem
1663 2303 1960 2358 Judeorum
1982 2314 2118 2369 qua—

529 2427 766 2484 cumque
793 2416 1064 2480 repertam
1097 2404 1328 2476 plebem,
1355 2401 1472 2456 zelo
1491 2395 1925 2454 Christianitatis
1952 2393 2119 2448 etiam

530 2508 590 2562 in
622 2506 727 2561 hoc
759 2501 1156 2564 deservientcs,
1199 2504 1294 2550 aut
1323 2493 1549 2550 omnino
1597 2490 1776 2544 delere
1829 2496 1924 2542 aut
1956 2485 2120 2541 etiam

513 2599 677 2652 ~intra
707 2591 968 2651 aecclesite
1001 2588 1322 2660 satagebant
1348 2582 1674 2654 compellere
1712 2579 1916 2634 sinum.
1948 2606 2020 2616 --
2041 2575 2124 2630 Ad

510 2687 774 2745 ~coniinia
797 2697 1018 2756 quoque
1037 2678 1445 2736 Pannoniarum
1468 2672 1770 2729 innumeris
1780 2671 1894 2741 jam
1919 2667 2127 2723 utrius-

529 2795 643 2850 que
694 2791 859 2832 sexus
917 2771 1093 2841 cepiis
1141 2785 1269 2825 cum
1328 2765 1704 2837 pervenissent
1758 2757 2125 2830 multiplicati,

537 2877 767 2940 regnum
797 2864 1000 2933 ipsum,
1027 2860 1174 2933 quod
1197 2859 1404 2916 scilicet
1428 2855 1625 2928 partim
1652 2852 1963 2926 paludibus,
2000 2864 2130 2920 par-

531 2957 828 3016 tlm'silm
857 2957 1116 3027 Cingitur,
1151 2968 1250 3024 per
1287 2949 1576 3006 obﬁrmata
1608 2945 1843 3018 presidia
1884 2951 2138 2998 vetantur

548 3051 790 3122 ingredi;
829 3049 974 3104 fama
1003 3047 1202 3119 quippe
1221 3041 1547 3101 Colomanni
1573 3039 1718 3110 regis
1737 3038 1851 3109 jam
1888 3036 2138 3107 percule-

551 3155 640 3202 rat
684 3146 776 3177 ¹⁶³⁰
799 3159 986 3210 aures,
1016 3142 1158 3198 inter
1180 3151 1529 3211 paganorum
1558 3143 1612 3190 et
1638 3131 2006 3204 Ungariorum
2037 3143 2138 3183 ne-

2209 2031 2315 2086 hns
2333 2025 2701 2095 assignamus,
2731 2017 3004 2082 videlicet,
3030 2013 3176 2084 quod
3207 2010 3357 2066 lictis
3383 2007 3628 2062 omnino
3655 2004 3783 2057 benc-

2212 2119 2352 2175 ficiis
2412 2115 2640 2170 Alexius
2711 2110 3011 2180 imperator
3069 2110 3255 2160 tantos
3323 2100 3562 2156 sibimet
3630 2096 3785 2149 heroas

2215 2208 2555 2273 amicaverit,
2583 2211 2774 2276 postea
2805 2215 2937 2256 vero
2961 2195 3330 2254 sacramentis
3369 2190 3620 2248 extortis
3645 2203 3702 2240 ne
3720 2202 3784 2237 rc—

2217 2320 2325 2378 gno
2377 2316 2480 2359 suo
2512 2300 2623 2353 vim
2676 2294 2964 2360 inferrent,
3022 2286 3426 2346 constrinxerit
3486 2285 3608 2352 (an.
3659 2277 3788 2332 1996-

2221 2370 2413 2468 l097);
2440 2391 2695 2463 quamvis
2719 2395 2953 2453 constet,
2981 2383 3150 2455 quod,
3177 2381 3313 2435 dum
3365 2390 3600 2432 moram
3633 2370 3788 2427 ibidem

2221 2490 2414 2562 prima:
2441 2498 2673 2556 qumque
2719 2480 2810 2512 ³⁵³⁵
2839 2480 3094 2535 cohortes
3131 2473 3270 2528 alias
3312 2472 3683 2526 adventantes
3718 2478 3788 2516 ex-

2223 2556 2479 2654 pectanto
2509 2576 2772 2642 facerent,
2795 2571 2939 2628 dolis
2961 2584 3060 2625 eos
3088 2565 3487 2628 interfecisset,
3522 2559 3632 2615 nisi

2226 2647 2355 2730 fridi
2399 2671 2557 2728 ducis
2597 2665 2839 2724 sollertia
2883 2678 3047 2734 super
3091 2673 3312 2731 gregem
3346 2653 3582 2710 Domini
3623 2647 3794 2704 cautius

2227 2766 2528 2838 vigilasset.
2571 2760 2868 2816 Testantur
2905 2753 3232 2811 seditionem
3270 2750 3458 2818 ipsam
3510 2741 3792 2800 suburlarn

2229 2828 2356 2928 quae
2384 2862 2514 2909 tunc
2557 2848 2852 2914 destruxit,
2886 2861 3027 2917 pons
3068 2857 3233 2913 quem
3274 2836 3642 2908 expugnavit.
3688 2828 3795 2895 Quid

2230 2947 2444 3004 multa?
2477 2943 2580 2999 Per
2624 2942 2859 2998 duorum
2908 2936 3021 2992 fere
3064 2933 3344 2988 mensium
3387 2927 3646 2999 spacium
3677 2923 3795 2976 novi-

2233 3041 2341 3096 tios
2369 3038 2426 3092 in
2456 3037 2572 3092 dies
2603 3031 2847 3100 suscepit
2880 3026 3154 3084 exercitus
3191 3020 3533 3083 Bizantium,
3567 3033 3600 3072 e
3639 3014 3795 3086 quilla:

2234 3130 2455 3188 tandem
2481 3127 2688 3197 absque
2712 3123 2882 3194 vulgi,
2933 3118 3289 3192 parvulorum
3326 3129 3392 3168 ac
3421 3111 3711 3166 mulierum
3733 3106 3795 3157 in-

557 3188 640 3202 .-.
799 3188 986 3210 --.νη
1180 3188 1528 3211 τ-ο---,------
1567 3188 1608 3190 __
1727 3188 1757 3204 υ
2600 3188 2619 3197 ,
2811 3188 2834 3194 _
2869 3188 2874 3190 _

557 3252 677 3294 cem
703 3235 839 3290 nihil
867 3235 1013 3305 apud
1041 3230 1371 3288 Teutonicas
1399 3229 1617 3283 differre
1648 3232 1878 3281 mentes.
1918 3221 2039 3289 Qua
2075 3220 2144 3276 de
2162 3188 2205 3246 α
2238 3222 2486 3281 credibili
2517 3217 2892 3282 multitudine,
2920 3188 3192 3269 recensita
3221 3216 3351 3264 sunt
3376 3203 3601 3260 ’500000
3627 3213 3795 3272 pugna-

555 3344 618 3385 re
657 3327 1020 3382 munitionem
1067 3323 1382 3393 Misenburg
1421 3336 1516 3391 per
1547 3335 1640 3374 sex
1684 3316 2018 3374 ebdomadas
2053 3329 2149 3368 cx—
2239 3324 2445 3371 torum.
2511 3310 2684 3366 Porro
2749 3307 3008 3363 cohortes
3068 3302 3296 3358 Petrum
3370 3303 3624 3357 secutae,
3673 3291 3798 3358 jussu

560 3427 890 3490 pugnantes,
922 3417 1080 3488 plura
1112 3415 1246 3470 inibi
1285 3413 1567 3485 patiuntur
1601 3408 1981 3469 incommoda;
2011 3407 2154 3460 inter
2239 3406 2414 3462 Alexii
2439 3404 2647 3460 dudum
2685 3397 3059 3470 transpositae,
3086 3392 3318 3466 paganis
3353 3388 3584 3444 fuerant
3617 3385 3718 3455 iam
3742 3381 3796 3432 lar

562 3524 686 3580 quae
711 3507 896 3570 etiam,
939 3506 1308 3576 quis-illorum
1355 3502 1459 3558 sub
1497 3501 1718 3556 nomine
1761 3497 1908 3570 regis
1933 3495 2154 3551 Panno-
2241 3499 2421 3556 dibrio
2443 3495 2620 3551 factze.

563 3601 784 3656 niarum
801 3596 1272 3671 potiretur-terris,
1293 3595 1438 3652 civili
1455 3593 1886 3663 stultissimaque
1899 3589 2154 3661 quatiun-

537 3699 648 3744 -tur
689 3689 986 3746 discordia.
1035 3717 1106 3731 --
1135 3686 1327 3757 Itaque
1374 3684 1778 3755 obpugnatione
1823 3684 2142 3739 insudantes

557 3780 774 3846 ultima,
831 3779 946 3849 jam
1010 3777 1184 3832 muris
1241 3776 1584 3846 interruptis,
1640 3775 1754 3846 jam
1809 3773 2142 3847 fugientibus

536 3871 868 3942 oppidanis,
903 3870 1127 3940 jamque
1175 3867 1555 3939 indigenarum
1609 3869 1852 3924 exercitu
1895 3877 2144 3925 vastante

542 3961 780 4033 .prupria
804 3961 1060 4028 ﬂammis,
1089 3960 1230 4015 miro
1253 3959 1350 4016 Dei
1385 3961 1780 4031 omnipotentis
1806 3971 1943 4017 nutu
1969 3962 2145 4016 vietor

557 4055 975 4127 peregrinorum
1020 4053 1296 4109 exercitus
1344 4061 1491 4124 terga
1543 4053 1902 4110 nihilominus
1947 4054 2141 4120 vertit;

557 4147 874 4218 relictisque
908 4144 1374 4216 suppellectilibus
1413 4145 1501 4176 ¹⁶³¹
1524 4186 1538 4211 ,
1573 4145 1650 4198 nil
1693 4144 1926 4214 quisque
1965 4154 2147 4214 preter

545 4238 1096 4295 miseram-animam
1135 4236 1491 4292 emolumenti
1545 4236 1859 4307 reportavit.
1921 4235 2012 4291 Sic
2058 4237 2145 4292 ηἰ-

564 4332 790 4399 mirum,
818 4330 900 4387 sic
937 4340 1139 4386 nostrae
1161 4330 1338 4401 gentis
1371 4329 1624 4384 homines
1671 4329 1846 4383 zelum
1888 4328 2005 4395 Dei,
2053 4329 2146 4384 sed

563 4438 676 4480 non
698 4420 997 4479 secundum
1027 4421 1313 4476 scientiam
1344 4419 1518 4490 (Rom.
1552 4436 1606 4486 x,
1637 4419 1693 4489 2)
1729 4419 1824 4474 Dei
1865 4420 2146 4487 habentes,

2311 3592 2474 3648 Motis
2507 3592 2694 3661 itaque
2728 3587 2950 3653 castris,
2989 3582 3214 3638 Niceam
3239 3568 3796 3651 applicueruntwaii.

2242 3703 2408 3759 quam
2432 3685 2620 3757 fugato
2642 3680 2890 3754 prcdicto
2921 3677 3220 3734 Solomano
3247 3671 3505 3744 principe
3531 3674 3800 3736 expugnan-

2245 3758 2327 3838 tes
2377 3779 2576 3853 (lum),
2629 3784 2846 3847 captam
2895 3770 3245 3844 imperatoris
3292 3763 3560 3837 presidiis
3596 3758 3794 3815 tradam:

2245 3873 2330 3928 sic
2383 3871 2531 3926 enim
2570 3874 2917 3925 sacramenta
2964 3865 3322 3919 ﬁrmaverant
3366 3865 3432 3911 ut
3474 3854 3641 3909 urbes
3667 3861 3800 3918 quas-

2244 3981 2350 4037 que
2379 3979 2481 4020 suo
2524 3960 2753 4033 imperio
2786 3960 3061 4014 detractas
3101 3952 3348 4025 pristinae
3389 3947 3612 4010 ditioni,
3643 3938 3797 3996 sirin-

2246 4067 2451 4123 cerent,
2485 4055 2795 4122 redderent,
2825 4052 3040 4123 ipsique
3065 4046 3314 4103 vicissim
3341 4051 3459 4096 tam
3483 4037 3648 4094 armis
3663 4044 3798 4103 quam

2247 4149 2532 4222 stipendiis
2561 4147 2728 4220 regiis
2764 4143 2906 4200 infra
2928 4149 3132 4198 metam
3162 4137 3397 4194 eandem
3426 4148 3487 4188 se
3522 4127 3678 4184 foveri
3707 4138 3797 4178 non

2247 4242 2578 4297 dubitarent.
2632 4239 2760 4294 Inde
2798 4252 2897 4308 per
2947 4248 3178 4306 regnum
3218 4223 3591 4289 Constantini,
3633 4229 3796 4274 terram

2250 4330 2439 4400 utique
2487 4327 2984 4400 opulentissimam,
3034 4320 3474 4395 progredientes,
3515 4326 3654 4368 mare
3690 4321 3795 4360 con-

2252 4397 2479 4492 tingunt
2519 4397 2753 4475 l’luscite.
2790 4417 3014 4488 Sicque,
3045 4423 3114 4470 ut
3147 4409 3382 4483 epistola
3425 4408 3580 4463 docet
3610 4418 3637 4455 a
3675 4397 3792 4451 Run-

507 4573 515 4580 ,
563 4515 765 4586 quippe
813 4513 984 4583 quiin
1015 4512 1230 4579 militia,
1259 4527 1425 4582 quam
1456 4512 1513 4566 in
1555 4511 1849 4566 liberandis
1877 4510 2147 4567 Christia-
2182 4539 2225 4593 ι)
2252 4523 2409 4582 perto
2451 4513 2650 4568 comite
2687 4511 2867 4566 delata
2898 4508 3072 4581 (289),
3113 4520 3241 4561 cum
3271 4509 3425 4556 tanta
3457 4498 3792 4552 alimentorum

565 4607 656 4663 nis
693 4605 946 4661 Christus
988 4603 1317 4674 providerat,
1356 4604 1492 4659 alios
1534 4603 1774 4659 vicissim
1809 4602 2150 4660 Christianos

547 4694 822 4766 persequi
846 4702 1122 4764 ceperant,
1149 4692 1500 4748 miseratione
1525 4693 1707 4748 divina
1744 4692 1984 4749 fraterno
2020 4710 2150 4750 san-

2252 4605 2587 4660 abundantia
2637 4604 2890 4659 militiam
2945 4615 3104 4656 suam
3153 4596 3420 4652 Christus
3479 4587 3700 4647 deduxit,
3747 4590 3792 4630 ειί

2255 4699 2399 4753 aries
2433 4711 2661 4751 nummo
2696 4697 2908 4766 hosque
2944 4692 3081 4748 siclo
3118 4688 3401 4744 veniisset.
3453 4683 3700 4738 Putem,
3721 4675 3790 4724 in-

549 4789 734 4861 .guine
759 4786 1019 4858 repressi,
1057 4784 1283 4857 Ungarii
1318 4801 1539 4856 quoque
1580 4785 1792 4841 liberati
1825 4795 1986 4854 sunt;
2016 4786 2154 4841 lucc—
2253 4789 2394 4858 quit,
2431 4789 2633 4859 quoties
2670 4804 2810 4858 reges
2841 4785 2918 4840 ιςει
2955 4784 3219 4855 principes
3264 4779 3667 4836 Sarracenorum
3695 4780 3792 4818 ccl-

554 4899 678 4953 sque
701 4891 994 4946 estcausa,
1029 4895 1137 4949 qua
1169 4879 1392 4950 quidam
1423 4879 1785 4948 simpliciores
1812 4878 2030 4945 fratres,
2060 4888 2150 4934 ut-

557 4981 696 5044 pote
735 4989 850 5028 rem
895 4972 1250 5044 ignorantes,
1312 4971 1704 5036 scandalizati,
1759 4979 1933 5026 totum
1983 4971 2149 5042 hujus

561 5063 928 5135 profectionis
957 5074 1216 5121 conatum
1264 5079 1466 5119 vanum
1517 5072 1680 5134 atque
1727 5063 2007 5129 fribolum,
2048 5064 2149 5134 ipsi

2255 4889 2596 4934 surrexerunt
2635 4881 2692 4934 in
2718 4896 2832 4945 nos,
2867 4877 2977 4931 Deo
3009 4875 3229 4940 volente,
3265 4872 3429 4942 facile
3468 4868 3592 4923 uicti
3627 4873 3667 4916 ct
3698 4871 3792 4908 εωθ-

2257 4972 2456 5027 culcati
2513 4983 2658 5028 sunt.
2729 4971 2810 5027 0b
2857 4971 2975 5025 haec
3041 4970 3226 5038 itaque
3282 4966 3514 5020 feliciter
3549 4970 3655 5015 acta
3689 4951 3790 5021 qui:

2257 5065 2480 5135 quidam
2507 5067 2899 5124 intumuerant.
2940 5061 3198 5134 opposuit
3223 5060 3307 5116 eis
3331 5059 3478 5114 Deus
3499 5044 3790 5108 Antiochiam

1230 5223 1276 5256 ιι

562 5287 567 5294 _
635 5222 763 5290 _“'°
801 5235 1187 5292 premonuerat
1230 5223 1295 5279 ll.
1333 5225 1642 5348 perculerat
1671 5224 1725 5278 in
1769 5201 2686 5305 mat-giiié‘EJdTiliﬁiéﬁit‘ﬁﬁierat
2715 5228 2765 5282 1.
2809 5228 2950 5281 idem
2987 5239 3248 5295 superscr.
3288 5223 3341 5276 5.
3375 5237 3426 5274 v.
3465 5234 3515 5288 p.
3553 5214 3712 5265 desunt
3739 5201 3780 5252 l.

577 5289 662 5347 vel
703 5305 1040 5362 premoVerat
1075 5296 1236 5364 (corr.
1267 5312 1330 5349 ve
1357 5306 1414 5350 ut
1442 5295 1850 5364 premonuerat)
1880 5310 1992 5362 1am
2019 5295 2325 5364 perculerat
2355 5295 2407 5350 6.
2439 5297 2575 5350 idem
2600 5315 2739 5352 corr.
2762 5298 2847 5352 vel
2881 5303 3273 5364 premonuerat
3299 5293 3385 5346 9°.
3425 5306 3476 5359 p.
3505 5288 3577 5338 vel
3606 5287 3780 5350 ρετιπθ·

1357 5306 1414 5350 ut
1442 5295 1850 5366 premonuerat)
1880 5287 1992 5362 iam
2019 5287 2325 5366 perculerat
2338 5295 2407 5366 κϐ.
2439 5297 2575 5350 idem
2600 5315 2739 5352 corr.
2762 5298 2847 5352 vel
2881 5287 3273 5366 premonuerat
3299 5293 3385 5346 9°.
3425 5287 3476 5359 pi
3505 5288 3577 5365 τίτί
3606 5287 3783 5350 βείω·

578 5371 774 5446 nue_r_at
1020 5367 1110 5397 ¹⁶³¹
1157 5364 1626 5446 subpellcciiliths
1683 5364 1840 5446 corr.
1871 5381 2030 5446 supp:
2067 5366 2116 5418 1.

579 5434 776 5504 partim
825 5434 880 5488 in
921 5433 1034 5489 loco
1082 5453 1202 5490 raso
1248 5433 1446 5506 partim
1495 5439 1549 5490 in
1577 5454 1744 5508 marg.
1784 5438 1832 5490 l.

2067 5366 2116 5418 1.
2216 5365 2304 5396 ¹⁶³¹
2335 5365 2516 5422 Paleis
2561 5379 2611 5422 et
2666 5355 2982 5438 hujusm'odi
3012 5365 3272 5418 -—duces
3317 5355 3442 5416 cum
3488 5355 3588 5412 suis
3622 5357 3780 5402 H6"-

2061 5451 2087 5488 e
2151 5451 2289 5488 corr.
2344 5437 2394 5490 1.
2472 5438 2563 5470 ’⁸³⁵
2602 5456 2864 5490 superscr.
2900 5438 2949 5490 1.

2472 5438 2563 5470 ’⁸³⁵
2602 5456 2864 5508 superscr.
2900 5438 2949 5491 1.

2082 5520 2311 5582 NOTAE.

652 5590 801 5666 (ἓξξ)
848 5590 933 5666 Cf.
988 5591 1414 5666 _Sybel.__C_esch.
1446 5594 1529 5666 Md.
1571 5605 1750 5650 ersten
1811 5594 2158 5666 Kreuzzuges

621 5661 799 5745 .2417,
841 5661 940 5745 qui
988 5661 1483 5745 hanchEltkehardi
1533 5666 1900 5721 narrationem
1953 5661 2158 5738 ubique

604 5736 696 5788 'ere
723 5732 862 5786 bene
889 5733 1199 5787 illustravit.
1551 5747 1560 5760 '

655 5801 803 5872 (289)
845 5799 908 5856 V.
944 5803 1086 5856 hanc
1136 5803 1250 5873 jam
1301 5819 1465 5894 supra
1516 5790 1638 5860 not:
1670 5805 1808 5873 278,
1844 5808 2060 5863 allatam
2099 5808 2155 5865 in

2265 5574 2406 5654 Xnn.
2442 5602 2499 5656 S.
2530 5601 2787 5663 Dysihodi
2828 5617 2880 5655 a.
2918 5597 3084 5663 110ος
3124 5593 3469 5651 Ekkehardus
3491 5596 3600 5663 νεξτο
3623 5574 3776 5663 00E"

2265 5655 2535 5743 55usque
2556 5655 2803 5742 ﬁdelibus
2835 5655 3133 5725 celebratur
3163 5667 3269 5723 col.
3306 5663 3424 5730 974,
3453 5674 3512 5714 ex
3537 5655 3628 5708 hac
3661 5656 3772 5700 rett-

2195 5777 2198 5779 λ
2264 5742 2403 5797 nuit.
