3862 6306
977 302 1343 359 CHRONICA.
1384 333 1453 343 -α
1489 299 1879 359 (1111ὶοΜοοΝ
1921 304 2379 361 UNIVEBSALE.

3208 316 3343 383 97!.

108 420 329 489 (Oetam),
368 420 559 471 urbem
588 416 677 447 ³³³⁵
715 415 972 473 humanis
998 416 1207 471 viribus
1250 416 1636 487 inexpugnabi—
1666 423 1711 480 Α
1739 416 1845 472 illis
1868 434 1991 473 eam
2014 420 2265 491 aperiret.
2289 419 2543 475 Placatus
2567 420 2748 493 itaque
2776 423 2878 478 hac
2895 424 3200 485 humilitate
3226 428 3315 463 “"
3339 396 3347 417 ⁸

104 512 207 575 lem,
229 509 309 564 ubi
346 522 439 578 per
469 521 663 561 novem
711 522 932 565 menses
966 522 1063 564 eos
1099 508 1349 563 detentos
1398 508 1453 562 in
1495 507 1639 562 obsi-

101 603 237 659 dione
274 598 509 670 ejusdem
549 599 627 655 ita
663 599 994 667 humiliavit,
1043 608 1106 655 ut
1150 600 1331 656 omnis
1374 599 1641 670 superbiae

100 693 289 748 illorum
331 698 509 746 tumor
549 690 839 746 desideret.
875 689 1043 762 Igitur
1075 690 1156 747 eis
1200 691 1280 747 sic
1313 692 1636 760 bumiliatis,

98 797 147 842 ιιι
171 786 219 840 in
244 790 349 839 toto
367 782 608 845 exercitu
632 783 722 837 vix
752 792 972 838 centum
1011 784 1138 855 equi
1171 783 1301 839 boni
1333 783 1639 854 reperiren-

97 886 185 944 tur,
223 874 424 946 aperuit
447 873 557 929 illis
581 873 727 930 Deus
756 874 969 945 copiam
1005 890 1119 930 suae
1148 874 1545 930 benedictionis
1585 884 1641 931 et

93 969 462 1036 misericordiae,
501 976 557 1026 et
591 967 807 1023 induxit
861 983 957 1025 eos
1004 968 1059 1023 in
1122 969 1417 1038 civitatem,
1470 978 1637 1041 atque

93 1063 271 1119 Turcos
305 1069 358 1118 et
400 1062 586 1117 omnia
638 1077 829 1117 eorum
880 1062 1133 1131 potestati
1183 1063 1382 1131 horum
1417 1064 1637 1119 tradidit

90 1155 181 1227 (an.
221 1153 367 1221 1098,
404 1152 582 1225 lum).
614 1182 684 1192 —-
719 1153 968 1224 Cumque
1010 1163 1066 1209 et
1091 1155 1205 1210 hau:
1240 1155 1397 1226 quasi
1422 1155 1634 1211 viribus

88 1248 182 1303 suis
198 1247 456 1318 acquisita
495 1246 827 1313 obtinerent,
857 1261 957 1301 nec
997 1245 1188 1314 Deum,
1221 1248 1315 1319 qui
1357 1248 1473 1304 haec
1503 1263 1636 1302 con-

86 1340 273 1407 tulerat,
319 1339 481 1410 digne
526 1339 963 1409 magniticareut,
1014 1347 1165 1393 tanta
1202 1338 1630 1394 Sarracenorum

84 1429 398 1486 multitudine
427 1431 641 1487 obsessi
697 1439 845 1498 sunt,
884 1437 947 1485 ut
991 1431 1059 1486 de
1096 1430 1314 1487 civitate
1354 1432 1537 1486 nullus
1565 1448 1632 1486 ex

82 1531 208 1578 tanta
230 1522 383 1578 turba
414 1521 599 1593 egredi
638 1523 880 1579 auderet.
930 1522 1180 1579 Preterea
1212 1522 1384 1579 fames
1413 1524 1466 1577 in
1499 1523 1632 1581 civis

81 1626 172 1671 tate
195 1617 261 1672 ita
292 1617 665 1684 convaluerat,
697 1626 757 1674 ut
784 1617 872 1673 vix
898 1618 968 1673 ab
994 1618 1311 1675 inhumanis
1349 1619 1439 1651 ‘m
1478 1619 1632 1689 dapi-

79 1710 162 1764 bus
181 1724 234 1764 se
256 1709 427 1779 aliqui
451 1711 816 1765 continerent.
849 1708 1099 1782 Longum
1139 1719 1223 1766 est
1249 1726 1505 1766 enarrare
1527 1711 1630 1765 mi-

1743 507 2026 576 Dominus,
2048 520 2242 568 octavo
2269 521 2391 582 post
2414 512 2844 570 humiliationem
2875 517 3091 575 illorum
3124 520 3212 576 die
3238 524 3317 579 ci-

1740 601 1963 656 vitatem
1995 603 2076 658 eis
2122 603 2343 660 tradidit
2364 604 2474 675 (an.
2507 606 2665 672 1099,
2686 605 2801 662 Jul.
2838 608 2942 680 l5),
2971 625 3037 665 eo
3064 613 3313 671 videlicet

1738 690 1827 746 die
1850 707 1960 762 quo
1998 694 2270 763 primitiva
2310 696 2556 752 azcclesia
2607 697 2732 752 inde
2774 699 2982 770 abjecta
3032 701 3154 771 fuit,
3185 702 3341 761 cum'

1739 780 1940 837 festum
1983 784 2050 839 de
2083 786 2422 855 dispersione
2447 791 2820 859 apostolorum
2856 808 2885 847 a
2928 794 3114 851 multis
3140 798 3314 853 tideli-

1738 871 1841 929 bus
1863 875 2186 933 celebratur.

1808 964 1953 1021 Inter
1980 967 2096 1024 hazc
2144 970 2365 1026 minime
2413 975 2832 1042 prctereundum
2881 977 3113 1047 videtur,
3141 981 3307 1052 quod,

1737 1052 1869 1109 dum
1916 1058 2186 1113 exercitus
2218 1058 2271 1113 in
2302 1061 2585 1117 obsidione
2634 1063 2934 1123 Antiochia:
2982 1069 3310 1140 moraretur,

1736 1162 1936 1217 pavore
1960 1150 2224 1218 perculsis
2256 1153 2519 1208 universis
2546 1171 2643 1224 per
2672 1157 2933 1213 orientem
2976 1163 3309 1231 nationibus,

1733 1237 2168 1297 discurrentibus
2195 1242 2263 1297 ab
2295 1245 2442 1299 omni
2473 1256 2624 1316 parte
2653 1249 2801 1305 orbis
2829 1259 3098 1308 terrarum
3128 1255 3312 1312 missis

1733 1340 1786 1385 et
1799 1331 2252 1401 exploratoribus,
2271 1336 2394 1392 aliis
2418 1353 2626 1407 pacem,
2640 1330 2762 1396 aliis
2786 1342 2925 1399 bella
2939 1346 3304 1403 machinanti-

1735 1421 1860 1488 bus,
1891 1424 2054 1479 etiam
2085 1423 2395 1497 Bahylonici
2426 1429 2570 1499 regis
2604 1432 2764 1502 legati
2793 1438 3079 1492 Conventui
3108 1440 3312 1509 princi-

1732 1531 1862 1585 pum
1889 1531 1947 1571 se
1975 1527 2250 1587 prescntes
2284 1521 2560 1589 exhibent,
2591 1522 2732 1578 inter
2758 1526 2862 1580 alia
2890 1529 3227 1599 polliCentcs,
3261 1532 3309 1587 si

1732 1607 1888 1663 victis
1920 1607 2235 1667 Antiocenis
2261 1612 2423 1667 etiam
2450 1612 2700 1671 Thurcos
2727 1617 2793 1672 de
2823 1616 3179 1678 llierosolima
3209 1639 3308 1694 pe-

1731 1698 1987 1768 pulerint,
2018 1700 2299 1757 dominum
2345 1721 2506 1760 suum
2538 1704 2760 1763 fratrem
2809 1717 2862 1764 et
2907 1711 3143 1768 amicum
3183 1731 3309 1770 cum

78 1800 223 1855 serias
247 1777 366 1870 qua;
400 1801 458 1854 in
497 1799 718 1857 οίνίιίηθ
748 1799 920 1857 fuere.
955 1777 1275 1872 ﬁespiciens
1303 1809 1484 1856 autem
1518 1800 1597 1855 ου
1663 1777 1705 1836 Β
1735 1789 2003 1847 universis
2033 1791 2350 1850 Sarracenis
2383 1796 2652 1865 habeant;
2686 1807 2746 1855 ut
2771 1801 2918 1855 enim
2948 1804 3329 1875 proscriptum

76 1890 231 1947 minus
250 1893 535 1963 populum,
555 1908 717 1963 quem
741 1901 850 1948 tam
874 1893 968 1948 diu
989 1892 1371 1964 ﬂagellaverat,
1398 1892 1631 1964 benigne

74 1988 371 2053 consolatur,
404 2003 471 2043 ac
493 1987 671 2057 primo
693 1986 853 2058 quasi
890 2001 989 2058 pro
1038 1985 1416 2042 satisfactione
1454 1985 1630 2040 tribu-

74 2075 261 2133 lationis
308 2078 559 2133 lanceam
602 2093 783 2145 suam,
819 2093 928 2149 qua
984 2077 1041 2132 in
1089 2093 1253 2133 cruce
1299 2078 1620 2132 vulneratus

73 2175 157 2232 est,
190 2182 384 2226 munus
410 2183 524 2222 non
558 2167 736 2222 visum
768 2183 800 2222 a
839 2176 1082 2238 tempore
1127 2169 1521 2241 apostolorum,
1554 2173 1632 2241 pi—

74 2273 189 2326 gnus
214 2257 453 2313 victoriae
498 2258 608 2314 illis
663 2257 892 2325 obtulit;
942 2257 1140 2315 deinde
1190 2260 1356 2316 corda
1410 2261 1626 2320 illorum

73 2347 185 2401 adeo
213 2348 493 2416 animavit,
525 2357 584 2404 ut
610 2349 776 2404 etiam
818 2348 1019 2421 quibus
1041 2350 1290 2421 egritudo
1326 2353 1410 2408 vel
1454 2353 1625 2411 fames

71 2437 349 2493 ambulandi
376 2438 527 2494 vires
563 2439 943 2511 denegaverat,
977 2454 1131 2494 arma
1167 2443 1418 2498 sumendi
1459 2453 1514 2499 et
1547 2447 1627 2500 vi-

71 2528 215 2583 riliter
248 2540 441 2586 contra
474 2531 660 2586 hostes
690 2532 985 2588 dimicandi
1015 2532 1271 2588 virtutem
1297 2534 1622 2594 infunderet.

69 2652 125 2663 —
165 2622 538 2697 Triumphatis
598 2628 782 2698 itaque
832 2627 1084 2684 hostibus
1138 2627 1288 2699 (Jun.
1334 2628 1449 2701 28),
1499 2645 1624 2686 cum

70 2713 190 2770 fame
202 2712 261 2772 et
283 2718 433 2775 tedio
461 2721 734 2776 exercitus
756 2719 1011 2776 deficeret
1040 2719 1363 2790 Antiochiae,
1384 2721 1623 2778 maxime

67 2814 258 2876 propter
291 2808 602 2866 discordias
646 2810 977 2882 principum,
1019 2810 1074 2865 in
1119 2809 1331 2883 Syriam
1373 2810 1621 2883 profecti,

68 2894 260 2954 Barram
287 2883 340 2956 et
366 2900 628 2967 Marram,
668 2902 831 2957 urbes
874 2902 1326 2969 Sarracenorum,
1354 2919 1625 2974 expugna-

67 3000 249 3055 verunt,
276 3001 327 3048 et
357 2994 588 3049 caStella
612 2994 850 3065 regionis
879 2994 1234 3050 obtinuerunt
1267 2993 1473 3067 (Nov.).
1520 2993 1622 3051 Uhi

65 3096 167 3137 cum
190 3100 404 3142 moram
442 3086 861 3158 disposuissent,
892 3094 1045 3143 tanta
1089 3086 1263 3142 fames
1298 3087 1352 3142 in
1377 3088 1618 3143 exercitu
1645 3119 1687 3179 ς

66 3171 167 3241 fuit,
218 3187 276 3233 ut
318 3195 552 3250 corpora
602 3178 1033 3236 Sarracenorum
1076 3179 1191 3251 jam
1234 3177 1536 3235 faetentium
1584 3195 1615 3235 a

63 3270 233 3336 populo
270 3270 593 3328 Christiano
633 3280 877 3328 comesta
926 3272 1057 3328 sint.
1100 3270 1229 3328 Inde
1269 3288 1395 3328 cum
1430 3271 1614 3326 divino

66 3367 175 3413 nutu
225 3359 279 3416 in
332 3346 598 3418 interiora
654 3363 942 3436 llyspaniaa
981 3363 1108 3435 (289
1133 3364 1179 3435 ')
1236 3363 1617 3436 progrederem—

63 3457 135 3501 tur
160 3450 263 3520 (an.
304 3452 495 3524 1092!),
527 3454 895 3526 largissimum
935 3464 1099 3526 atque
1129 3454 1538 3510 misericordem
1562 3464 1615 3510 et

61 3537 545 3599 victoriosissimam
577 3560 801 3599 manum
854 3544 1244 3616 omnipotentis
1294 3542 1472 3600 Patris
1528 3559 1615 3599 se-

59 3645 163 3686 cum
194 3634 521 3691 habuerunt.
554 3635 766 3691 Etenim
803 3637 950 3694 cives
973 3646 1027 3694 et
1060 3637 1342 3695 castellani
1377 3636 1615 3708 regionis

58 3721 183 3780 illius
207 3742 369 3797 quam
408 3729 796 3800 procedebant,
823 3728 890 3784 ad
923 3744 1019 3785 eos
1059 3745 1183 3786 cum
1215 3729 1401 3784 multis
1437 3729 1612 3785 dona-

57 3814 137 3871 riis
163 3817 363 3890 legatos
419 3820 821 3891 premittebant,
861 3821 1037 3891 parati
1073 3820 1277 3877 servire
1318 3831 1372 3875 et
1416 3820 1613 3891 Oppida

58 3918 138 3958 sua
170 3909 411 3966 reddere.
447 3908 554 3966 Sed
583 3910 713 3981 quia
740 3911 1012 3967 exercitus
1037 3926 1147 3964 non
1176 3910 1382 3966 multus
1424 3919 1539 3965 erat
1561 3918 1615 3966 et

56 3993 100 4048 in
130 3995 463 4058 Hierusalem
503 4002 837 4058 unanimiter
868 4000 1219 4070 festinabant,
1261 4001 1496 4072 acceptis
1520 4017 1609 4057 se-

54 4090 376 4161 curitatibus,
424 4093 742 4151 tributarios
786 4111 883 4152 eos
927 4094 1193 4164 fecerunt,
1239 4095 1439 4166 quippe
1486 4110 1610 4151 Cum

53 4195 142 4237 una
177 4183 241 4240 de
282 4187 474 4242 multis
525 4187 859 4256 civitatibus,
903 4204 1026 4260 qua:
1070 4188 1125 4243 in
1162 4187 1453 4243 maritimis
1505 4186 1612 4242 illis

50 4284 179 4341 sunt,
218 4278 408 4346 plures
452 4278 705 4333 homines
751 4278 997 4345 haberet,
1045 4294 1211 4348 quam
1270 4277 1322 4332 in
1369 4276 1611 4333 exercitu

49 4360 343 4423 Christiano
374 4367 626 4424 fuissent.
653 4368 902 4441 Cumque
943 4369 1189 4424 auditum
1234 4376 1379 4424 esset
1419 4367 1610 4422 Antio-

1731 1888 1833 1948 est,
1862 1880 2088 1938 Judeam
2119 1900 2243 1939 eum
2288 1885 2626 1944 Hierusalem
2656 1900 2879 1963 totaque
2901 1892 3175 1951 Palestina
3193 1897 3311 1969 jam

1732 1972 1862 2027 olim
1906 1972 2108 2030 Thurci
2157 1974 2472 2035 Sarracenis
2506 1981 2866 2039 abstulerant.
2905 1983 3019 2043 Hac
3046 1987 3113 2043 de
3143 2004 3311 2047 causa

1732 2066 2021 2121 securitate
2040 2078 2279 2140 accepta,
2305 2086 2412 2125 non
2441 2072 2597 2143 pauci
2625 2073 3046 2132 lectissimorum
3078 2079 3313 2137 militum
3412 2096 3413 2099 ‘

1730 2153 2080 2229 Babyloniam
2107 2159 2437 2234 diriguntur,
2468 2180 2703 2235 quorum
2752 2165 3087 2238 fortitudine,
3117 2187 3309 2242 proce—

1729 2247 1910 2315 ritate,
1940 2249 2127 2307 habitu
2157 2262 2209 2309 et
2239 2253 2457 2312 incessu
2487 2259 2745 2330 omnique
2786 2260 3053 2334 elegantia
3094 2265 3312 2320 attoniti

1730 2340 1966 2408 barbari,
2003 2343 2241 2400 Francos
2268 2379 2337 2388 —
2359 2349 2438 2404 sic
2463 2351 2608 2405 enim
2637 2354 2922 2410 universos
2951 2356 3311 2413 occidentales

1727 2432 1956 2502 populos
1984 2436 2266 2494 nominare
2297 2441 2473 2496 solent
2496 2472 2569 2481 —
2598 2443 2719 2514 plus
2747 2462 2913 2516 quam
2958 2447 3232 2515 homines,
3256 2449 3310 2503 id

1725 2533 1810 2578 est
1855 2524 2006 2593 deos,
2038 2543 2160 2584 esse
2208 2528 2536 2600 fatebantur,
2566 2534 2918 2605 amrmantes,
2945 2540 3172 2595 omnino
3199 2556 3310 2595 non

1726 2630 1847 2671 esse
1872 2617 2094 2687 mirum,
2123 2622 2269 2693 quod
2305 2623 2619 2696 hujusmodi
2654 2628 2941 2687 bellatores
2970 2639 3146 2688 totum
3173 2632 3315 2687 aﬂ‘e-'

1725 2714 1936 2764 ctarcnt
1979 2711 2083 2767 sibi
2132 2712 2402 2785 subjicere
2452 2719 2737 2776 mundum.
2778 2751 2849 2761 —
2882 2720 3025 2778 Inito
3072 2723 3307 2796 denique

1724 2800 1974 2869 consilio,
2007 2818 2103 2859 rex
2134 2804 2442 2880 Babyloniae
2485 2808 2825 2869 Hierusalem
2863 2814 3095 2885 obsidet,
3125 2826 3303 2874 osten-

1723 2891 1908 2963 sisque
1934 2894 2141 2966 legatis,
2173 2896 2398 2957 Francis
2428 2918 2487 2959 se
2516 2901 2837 2963 foederatum
2885 2907 3137 2980 allirmat,
3168 2927 3307 2983 quo-

1722 2999 1844 3038 rum
1877 2986 2090 3057 gladiis,
2124 2988 2170 3044 si
2217 2991 2321 3047 sibi
2367 2994 2639 3052 civitatem
2688 3014 2798 3055 non
2830 3001 3126 3071 traderent,
3156 3002 3305 3076 ipsos

1721 3076 2012 3135 tradendos
2033 3080 2266 3138 minitat.
2290 3082 2386 3141 llis
2413 3087 2593 3160 itaque
2618 3090 2758 3148 dolis
2784 3108 2879 3148 rex
2905 3094 3174 3152 barbarus
3195 3112 3313 3170 non.

1719 3183 1821 3223 suo
1849 3170 1941 3225 sed
1969 3169 2302 3232 Francorum
2338 3178 2536 3236 timore
2579 3181 2854 3240 civitatem
2893 3196 3188 3258 receptam,
3218 3189 3302 3245 di-

1716 3260 1901 3319 missis
1938 3279 2064 3320 cum
2097 3267 2216 3324 suis
2263 3271 2520 3328 omnibus
2570 3272 2849 3345 Thurcis,
2899 3282 3051 3335 omni
3099 3290 3302 3338 conatu

1715 3354 1984 3413 machinis
2012 3366 2174 3429 atque
2204 3361 2470 3421 militibus
2516 3377 2703 3423 contra
2739 3368 3178 3429 Christianorum
3207 3375 3304 3430 ad.

1714 3456 1936 3528 ventum
1977 3454 2334 3523 premunivit;
2367 3457 2554 3528 sicque
2580 3459 2783 3517 factum
2822 3474 2905 3520 est
2948 3473 3008 3520 ut
3035 3464 3294 3524 Hierusa-

1716 3526 1820 3621 lem
1867 3541 1952 3610 his
1984 3558 2094 3598 uno
2123 3556 2408 3618 caperetur
2437 3566 2601 3620 anno,
2649 3554 2827 3624 primo
2870 3571 2904 3611 a
2956 3552 3295 3629 Sarracenis,

1713 3616 1836 3686 dein
1865 3648 1895 3688 a
1920 3632 2163 3694 Francis.

1784 3724 1860 3781 De
1886 3727 2034 3801 (290)
2064 3730 2314 3789 hostibus
2333 3751 2463 3791 vero
2492 3737 2564 3794 ibi
2588 3741 2814 3810 repertis
2839 3743 2969 3812 quid
2999 3754 3180 3802 actum
3203 3747 3296 3813 sit,

1714 3817 1761 3872 si
1787 3818 1912 3887 quis
1940 3836 2104 3877 nosse
2143 3826 2341 3894 querit,
2373 3828 2528 3894 sciat,
2562 3832 2693 3901 quia
2725 3833 2779 3887 in
2813 3836 3029 3904 porticu
3058 3854 3181 3908 qua:
3214 3839 3298 3895 di-

1713 3908 1855 3965 citur
1886 3908 2196 3970 Salomonis
2233 3926 2286 3972 et
2330 3917 2386 3972 in
2433 3923 2635 3991 templo
2662 3924 2781 3994 ejus
2813 3926 3050 3985 victores
3076 3932 3295 4001 equita-

1712 4003 1844 4060 bant
1888 4005 1944 4061 in
1994 4009 2259 4079 sanguine
2313 4011 2741 4073 Sarracenorum
2783 4035 2959 4092 usque
3009 4023 3076 4079 ad
3115 4040 3295 4096 genua

1711 4111 1996 4166 equorum.
2028 4098 2230 4157 Deinde
2267 4117 2390 4159 cum
2424 4106 2735 4164 ordinatum
2784 4121 2947 4178 esset,
2978 4114 3073 4185 qui
3104 4102 3297 4172 civita-

1711 4178 1818 4243 tem
1848 4189 2083 4248 retinere
2127 4193 2402 4263 deberent,
2435 4206 2489 4253 et
2517 4199 2610 4254 alii
2640 4216 2826 4258 amore
2872 4178 3064 4275 patria:
3091 4217 3145 4262 et
3178 4210 3295 4280 pie-

1711 4286 1821 4335 tate
1875 4276 2163 4352 parentum
2220 4292 2444 4342 suorum
2486 4290 2662 4346 redire
2706 4294 3027 4365 voluissent,
3059 4282 3293 4358 nuncia?

1709 4370 1825 4425 tum
1850 4382 1933 4428 est
1961 4374 2062 4441 eis,
2092 4377 2237 4447 quod
2269 4394 2363 4433 rex
2392 4379 2813 4452 Babyloniorum
2841 4387 3166 4447 Ascalonam
3197 4410 3293 4448 ve-

47 4454 166 4511 rbis:
198 4469 363 4531 atque
396 4458 667 4515 Laodicia:
695 4468 748 4516 et
769 4459 974 4527 Rohas,
998 4460 1127 4531 quia
1162 4475 1357 4514 manus
1392 4457 1607 4514 Domini
1638 4471 1683 4528 ι)
1708 4462 1882 4519 uisset
1930 4480 2057 4521 cum
2104 4466 2488 4526 innumerabili
2533 4475 2881 4533 multitudine
2931 4495 3291 4552 paganorum,

46 4560 173 4604 esset
221 4568 348 4609 cum
371 4553 475 4621 eis,
507 4554 691 4624 plures
721 4553 786 4608 de
818 4552 1059 4607 exercitu
1095 4551 1188 4622 qui
1224 4551 1297 4605 ibi
1335 4564 1609 4605 remanse-

1710 4553 1975 4613 ducturus
2023 4557 2261 4616 Francos
2310 4563 2404 4634 qui
2432 4560 2808 4627 Hierosolimis
2838 4581 2993 4626 erant
3027 4572 3084 4627 in
3115 4574 3291 4644 capti-

43 4649 152 4694 rant
182 4640 468 4700 consecuti
513 4660 607 4700 eos
643 4652 773 4699 sunt
822 4643 965 4715 apud
1013 4641 1238 4715 Tyrum.
1282 4640 1374 4698 Sic
1424 4641 1609 4712 itaque
1641 4718 1654 4734 ι
1710 4647 1932 4703 vitatem
1982 4658 2036 4705 et
2089 4667 2499 4726 expugnaturus
2544 4657 2889 4716 Antiochiam
2918 4705 2933 4728 ,
2987 4664 3129 4718 sicut
3175 4640 3292 4734 ipse

46 4724 140 4784 Deo
190 4735 509 4791 conviatore
552 4746 608 4791 et
653 4743 1007 4806 coeperatorc
1053 4748 1229 4804 usque
1287 4733 1355 4788 ad
1415 4718 1662 4788 Ilieru-‘
1710 4735 1951 4808 dixerat;
1999 4718 2176 4797 aliter
2207 4718 2390 4800 autem
2442 4746 2706 4805 Dominus
2750 4750 2818 4806 de
2867 4751 2954 4807 his
3005 4762 3288 4809 statuerat.

41 4823 192 4879 salem
234 4837 623 4897 pervenerunt.
669 4827 840 4897 Cujus
875 4828 931 4881 in
976 4825 1262 4882 obsidione
1297 4841 1421 4879 cum
1453 4825 1605 4879 labo-

41 4926 224 4981 rarent,
249 4919 490 4973 maxime
520 4928 736 4990 propter
761 4934 916 4988 aquae
956 4919 1193 4989 inopiam
1223 4937 1235 4971 :
1265 4917 1450 4972 habito
1478 4931 1606 4972 conr

38 5005 165 5073 cilia,
178 5011 426 5080 episcopi
439 5020 495 5066 et
514 5010 785 5081 principes
805 5010 1175 5066 circinandam
1192 5024 1312 5065 esse
1330 5008 1602 5064 civitatem

39 5098 185 5153 nudis
213 5102 449 5171 pedibus
471 5103 842 5174 predieabant,
871 5110 932 5157 ut
954 5102 1070 5167 ille,
1098 5101 1194 5171 qui
1227 5116 1329 5170 pro
1354 5100 1513 5155 nobis
1544 5100 1601 5154 in

36 5185 330 5248 humilitate
362 5209 483 5248 eam
526 5195 804 5265 ingressus
824 5202 926 5257 est,
950 5209 1046 5263 per
1071 5192 1435 5257 humilitatem
1462 5190 1599 5245 isto-

36 5292 145 5335 run
168 5299 266 5353 pro
289 5302 352 5341 se
368 5287 434 5340 ad
451 5286 717 5356 judicium
741 5287 808 5342 de
842 5286 959 5341 suis
997 5285 1248 5340 hostibus
1286 5282 1594 5339 faciendum

1710 4825 1898 4898 Itaque
1930 4846 2055 4886 cum
2092 4833 2147 4888 in
2179 4836 2406 4891 veritate
2452 4841 2847 4908 comperissent
2883 4843 2938 4897 hi
2976 4846 3070 4914 qui
3099 4844 3291 4900 Hiero-

1713 4921 1922 4978 solimis
1963 4934 2163 4994 erant,
2215 4930 2513 4985 exercitum
2565 4930 2986 5004 Babyloniorum
3022 4937 3291 4993 Ascalone

1710 5023 1852 5077 esse,
1882 5015 2280 5072 contenderunt
2327 5020 2544 5075 obviam
2577 5022 2707 5090 illis,
2739 5024 2943 5083 relictis
2975 5029 3208 5082 sarcinis
3237 5042 3291 5086 et

1708 5097 1943 5157 inﬁrmis
1972 5104 2090 5160 suis
2120 5106 2177 5161 in
2207 5107 2543 5166 Hierusalem
2570 5129 2694 5168 cum
2748 5117 3005 5185 presidio.
3042 5118 3291 5191 Cumque

1709 5192 1946 5248 hostium
1988 5201 2288 5256 exercitum
2314 5203 2404 5234 ⁸³³³
2454 5208 2866 5276 conspexissent
2912 5210 3286 5269 innumerabi—

1704 5283 1809 5339 lem
1864 5286 2021 5359 (Aug.
2057 5291 2144 5361 14)
2167 5335 2184 5359 ,
2231 5296 2460 5364 genibus
2489 5297 2644 5353 ﬂexis
2673 5298 2844 5357 Deum
2873 5304 3287 5372 invocaverunt,

803 5428 807 5433 .
1274 5399 1277 5402 ·
1326 5373 1556 5430 VARI/1‘3
1613 5374 2011 5436 LECTIONES.

99 5464 186 5498 ’⁸³³
215 5482 269 5522 u.
299 5485 354 5522 a.
395 5485 528 5523 corr.
569 5486 598 5524 a
632 5483 665 5524 ιι
721 5474 770 5526 1.
848 5471 940 5503 ⁸⁸³⁸
977 5479 1035 5525 ut
1061 5471 1147 5523 vix
1171 5462 1304 5523 ab‘i.
1333 5467 1386 5520 d.
1418 5482 1475 5520 se
1497 5482 1547 5520 a.
1582 5482 1630 5520 (τ.
1653 5484 1682 5520 e
1716 5485 1855 5524 corr.
1891 5472 1939 5525 l.
1974 5473 2227 5531 immanis
2257 5477 2316 5533 D.
2397 5481 2488 5512 ⁸⁸³⁷
2518 5480 2887 5542 satisfactione
2907 5480 2960 5544 5.
3037 5489 3128 5522 ⁸⁸⁸⁸
3151 5490 3286 5546 mul-

1520 5604 1749 5662 ΝΟΤᾸΞ.

32 5538 305 5594 titudinem
341 5539 424 5593 11³.
455 5541 506 5595 5.
537 5541 621 5595 9°.

91 5668 266 5754 (gsgj
284 5674 322 5754 λ
355 5637 487 5729 μένε
524 5674 713 5746 Syriae.
866 5747 879 5754 _
1149 5747 1158 5754 _
1208 5747 1215 5754 ἓ

91 5740 237 5812 (390)
277 5740 414 5810 Qum
442 5740 742 5816 sequuntur
764 5776 834 5785 -—
860 5747 914 5800 in
940 5763 1068 5814 pace
1109 5747 1442 5800 obtinuerunt
1474 5760 1539 5800 ex
1575 5761 1637 5817 pr

1642 5745 1758 5802 iure
1774 5748 2084 5804 narratione
2110 5746 2234 5819 (col,
2262 5750 2385 5818 96l,
2419 5768 2471 5807 ιι.
2510 5754 2635 5823 *⁸⁸)
2662 5754 3012 5813 Elakehardus
3034 5720 3259 5817 retinuit
