3862 6306
481 300 601 364 ’9⁸15

1683 291 2080 349 EKKEIIARDI
2116 288 2582 348 URAUGIENSIS
3658 292 3738 350 376

495 431 554 477 ut
589 417 685 491 qui
735 417 788 473 in
839 413 963 472 aliis
1009 413 1112 470 sibi
1145 410 1562 468 necessitatibus
1589 416 1804 478 semper
1831 407 2081 476 aﬂuerat,
2113 409 2160 470 Α
2259 407 2378 463 Dux
2409 423 2631 480 quoque
2665 407 3050 478 magnanimus
3083 416 3137 462 et
3167 406 3259 462 cui
3286 407 3381 461 vix
3404 408 3670 479 quisquam
3695 414 3740 468 in

494 515 549 569 in
583 509 823 584 presenti
874 504 1368 574 bello,-confractis
1397 503 1606 559 viribus
1650 517 1990 574 paganorum
2033 510 2088 556 et

495 603 720 671 diaboli,
750 617 976 673 regnum
1006 599 1211 655 Christi
1249 606 1305 653 et
1351 597 1612 653 a‘cclesiaa
1660 612 1691 650 a
1741 595 1880 650 mari
1913 609 2090 664 usque

498 703 563 757 ad
593 716 743 757 mare
767 703 1159 770 usquequaque
1189 695 1458 752 dilataret.
1488 691 1598 748 Nec
1625 707 1813 758 mora;
1847 692 2090 746 claman-

499 796 643 850 tibus
669 793 735 848 ad
767 807 843 848 se-
865 790 1009 846 Deus
1049 789 1238 856 affuit,
1279 798 1440 858 atque
1467 794 1646 841 tantas
1672 785 1914 841 audacim
1944 784 2090 841 vires

495 884 849 951 ministravit,
879 891 939 937 ut
968 883 1060 953 qui
1090 897 1185 936 eos
1233 881 1287 935 in
1339 881 1552 935 hostem
1603 893 1824 934 currere
1858 877 2088 944 videret,

497 981 704 1036 fontem
750 993 907 1048 aquae
937 977 1074 1031 viva:
1119 975 1393 1030 sitientem
1433 989 1653 1029 cervum
1683 988 1900 1045 segnem
1936 971 2088 1041 adju—

499 1074 737 1141 dicaret;
770 1071 910 1126 miro
934 1069 1184 1125 videlicet
1212 1069 1397 1134 modo,
1421 1083 1546 1123 cum
1577 1068 1630 1122 in
1662 1065 1903 1122 exercitu
1935 1065 2093 1119 Chri-

502 1167 681 1221 stiano
729 1178 837 1218 non
892 1161 1014 1232 plus
1062 1175 1228 1231 quam
1277 1159 1522 1230 quinque
1569 1157 1719 1212 milia
1753 1157 1999 1227 equitum
2039 1165 2095 1212 et

506 1257 699 1326 15,000
715 1256 956 1328 peditum
971 1253 1203 1310 fuissent
1216 1253 1331 1309 etin
1348 1253 1588 1308 exercitu
1620 1251 1857 1308 hostium
1876 1260 2093 1306 centum

503 1350 654 1405 milia
697 1350 942 1420 equitum
975 1356 1029 1402 et
1067 1344 1301 1412 400,000
1341 1344 1582 1416 peditum
1619 1359 1740 1399 esse
1768 1342 2092 1413 potuissent.

502 1439 659 1495 Tunc
673 1439 1006 1495 mirabilisin
1024 1437 1194 1494 servis
1210 1435 1324 1490 suis
1339 1434 1482 1490 Deus
1498 1434 1766 1504 apparuit,
1783 1449 1927 1500 cum,
1941 1440 2095 1487 ante-

503 1548 670 1603 quam
721 1526 1122 1604 conlligerent,
1169 1544 1268 1600 pro
1309 1527 1427 1583 solo
1479 1527 1683 1597 impetu
1716 1541 1906 1581 eorum
1955 1526 2096 1581 hanc

502 1623 913 1679 multitudinem
948 1622 1005 1675 in
1057 1619 1238 1690 fugam
1287 1618 1571 1684 convertit,
1604 1625 1656 1672 et
1681 1617 1865 1672 omnia
1903 1633 2096 1672 eorum

502 1731 656 1770 arma
704 1714 952 1784 diripuit,
986 1714 1058 1767 ita
1100 1720 1177 1778 ut,
1223 1711 1269 1766 si
1321 1711 1576 1781 deinceps
1623 1711 1747 1766 istis
1790 1725 2096 1781 repugnare

2191 501 2454 572 religione
2489 500 2877 572 comparabilis
2914 500 3248 567 inveniatur,
3275 517 3452 571 parva
3476 502 3590 558 licet
3611 520 3742 561 manu

2189 594 2381 664 fultus,
2419 612 2611 669 magna
2644 611 2875 667 qumque
2914 595 3056 665 cepit
3088 595 3142 648 in
3179 593 3424 649 Domino
3453 604 3744 668 attemptare,

2190 690 2452 760 reliquias
2491 689 2775 762 gentilium
2825 703 3174 758 quacumque
3211 697 3564 744 remanentes
3601 705 3748 761 perse-

2191 784 2306 855 qui,
2335 782 2572 854 presidia
2602 782 2739 836 locis
2765 781 3088 851 opportunis
3119 781 3441 844 instituere,
3473 779 3660 852 Joppen
3678 785 3750 838 diu

2191 876 2527 932 destructam
2568 884 2900 945 portumque
2931 873 3004 928 ibi
3031 872 3146 944 jam
3171 874 3266 929 diu
3294 873 3604 928 desolatum
3627 891 3752 931 rene.

2191 983 2342 1034 vare,
2374 967 2649 1023 techesias
2684 965 3132 1038 clerumque‘“‘,
3165 975 3451 1037 quantum
3491 968 3666 1036 potuit,
3687 985 3754 1024 re-

2193 1077 2408 1132 parare,
2447 1061 2752 1117 ctenobitas
2790 1060 2918 1115 alibi
2963 1074 3320 1130 congregare,
3369 1059 3598 1113 donaria
3624 1062 3757 1118 multa

2195 1163 2304 1210 tam
2333 1154 2685 1210 monasteriis
2706 1168 2872 1224 quam
2901 1151 3180 1222 hospitali,
3206 1151 3364 1222 quod
3393 1168 3663 1223 nunquam
3686 1155 3758 1208 de-

2193 1247 2399 1304 fecerat
2425 1247 2478 1302 in
2523 1245 2886 1312 Hierusalem,
2914 1245 3268 1300 devotissime
3291 1243 3578 1300 conferre.
3608 1245 3758 1300 Pacem

2195 1340 2567 1398 firmissimam
2594 1357 2720 1397 cum
2751 1339 3079 1396 Ascalonitis
3103 1348 3270 1410 atque
3290 1338 3653 1395 Damascenis
3674 1356 3763 1410 gra-

2196 1433 2270 1487 tia
2297 1432 2745 1489 commertiorum
2773 1431 2984 1497 habuit,
3018 1439 3222 1486 nostra!
3254 1431 3419 1504 (29l)
3452 1433 3626 1502 gentis
3648 1432 3761 1485 mili-

2198 1531 2279 1581 tes
2300 1540 2395 1596 pre
2418 1525 2632 1581 cunctis
2653 1525 2744 1556 “‘7
2769 1523 3124 1579 bellatoribus
3160 1523 3499 1588 honoravit,
3525 1522 3768 1578 feritatem-

2198 1635 2304 1689 que
2331 1619 2551 1674 illorum
2588 1617 2919 1673 suavissima
2957 1617 3270 1671 urbanitate
3303 1615 3548 1672 Gallicis
3575 1617 3766 1673 caballa-

2199 1711 2402 1768 riis“"°
2428 1711 2840 1776 commendans,
2875 1709 3160 1774 invidiam,
3201 1724 3332 1780 qua:
3369 1710 3526 1764 inter
3555 1718 3770 1778 utrosque

500 1806 721 1870 vellent,
754 1816 861 1859 non
903 1804 1164 1859 haberent
1189 1819 1337 1858 arma
1371 1802 1426 1856 in
1456 1802 1656 1872 quibus
1691 1811 1994 1872 sperarent.
2022 1833 2095 1843 —-
2129 1777 2170 1836 Β
2197 1802 2520 1857 naturaliter
2544 1802 2950 1872 quodammodo
2978 1809 3252 1868 versatur,
3289 1817 3398 1872 per
3427 1801 3668 1856 innatam
3693 1802 3769 1857 sibi

501 1895 580 1952 De
603 1897 792 1968 spoliis
819 1911 947 1951 vero
969 1911 1078 1950 non
1105 1905 1188 1951 est
1208 1895 1562 1966 quaerendum
1585 1904 1849 1965 quantum
1874 1904 2093 1964 captum

505 1988 614 2058 sit,
667 1989 759 2044 ubi
804 1988 1056 2044 thesauri
1098 1989 1240 2060 regis
1298 1987 1610 2060 Babyloniae
1658 1988 1906 2058 occupati
1943 1998 2092 2044 sunt.

494 2080 826 2138 Ceciderunt
876 2083 948 2138 ibi
990 2082 1113 2153 plus
1157 2098 1322 2152 quam
1354 2089 1574 2136 centum
1606 2080 1757 2135 milia
1781 2079 2094 2136 Maurorum

502 2173 715 2246 gladio;
767 2175 933 2229 timor
972 2183 1160 2229 autem
1207 2173 1315 2228 illis
1347 2181 1532 2227 tantus
1561 2181 1699 2240 erat,
1743 2180 1803 2226 ut
1841 2171 1896 2226 in
1942 2180 2094 2242 porta

500 2266 744 2322 civitatis
771 2267 839 2321 ad
870 2266 980 2320 duo
1007 2265 1155 2319 milia
1185 2262 1434 2319 suffocati
1470 2263 1612 2331 sint;
1641 2263 1708 2319 de
1738 2263 1822 2319 his
1845 2279 1975 2318 vero
2001 2262 2096 2333 qui

507 2357 566 2412 in
592 2357 732 2412 mari
763 2357 1086 2414 interierunt
1107 2373 1216 2412 non
1248 2366 1331 2412 est
1370 2373 1663 2423 numerus;
1697 2355 1908 2428 spineta
1930 2358 2095 2412 etiam

453 2482 460 2489 -
501 2464 569 2503 ex
614 2449 748 2519 ipsis
779 2449 981 2505 multos
1011 2449 1384 2504 obtinuerunt.
1437 2448 1719 2522 Pugnabat
1762 2459 1908 2504 certe
1946 2450 2096 2507 orbis

502 2549 773 2596 terrarum
824 2556 923 2612 pro
961 2540 1310 2596 Christianis.
1345 2541 1413 2596 Et
1441 2541 1546 2598 nisi
1582 2541 1756 2612 spolia
1786 2551 2094 2598 castrorum

501 2633 569 2687 de
598 2633 730 2703 ipsis
757 2633 960 2688 multos
983 2633 1364 2700 detinuissent,
1390 2635 1549 2704 pauci
1574 2635 1640 2690 de
1663 2644 1813 2691 tanta
1847 2637 2097 2691 multitu-

500 2724 629 2780 dine
655 2725 897 2780 hostium
926 2733 1109 2780 essent
1131 2726 1223 2796 qui
1263 2726 1330 2781 de
1352 2727 1494 2782 bello
1530 2728 1850 2783 renunciare
1885 2729 2098 2800 potuis-

503 2824 644 2871 sent.
676 2846 745 2854 —
769 2815 951 2871 Pridie
980 2825 1161 2872 autem
1191 2834 1357 2888 quam
1388 2818 1590 2874 bellum
1615 2820 1768 2875 fieret
1793 2821 1966 2875 multa
1993 2821 2096 2876 mi-

503 2906 576 2961 lia
615 2908 952 2963 camelorum
988 2915 1043 2962 et
1081 2909 1282 2964 bovum
1317 2919 1372 2966 et
1397 2910 1581 2965 ovium
1625 2911 1771 2981 cepit
1796 2913 2092 2969 exercitus.

503 2996 752 3070 Cumque
781 2999 942 3071 jussu
984 3000 1290 3071 principum
1340 3003 1572 3072 populus
1619 3003 1736 3060 haec
1772 3003 2094 3071 dimisisset,

502 3103 744 3162 pugnam
776 3091 1153 3162 progrediens,
1190 3092 1439 3148 mirabile
1481 3093 1650 3161 dictu,
1694 3095 1897 3150 multas
1921 3095 2011 3126 ¹⁶³⁹
2043 3103 2097 3150 et

503 3179 834 3249 multiplices
856 3189 1066 3236 turmas
1087 3179 1334 3236 fecerunt
1366 3183 1558 3236 cameli
1574 3182 1686 3250 "W,
1716 3183 1966 3239 similiter
1993 3200 2093 3238 au-

503 3279 613 3324 tem
644 3279 698 3326 et
725 3272 892 3327 boves
915 3280 968 3326 et
994 3288 1143 3328 oves.
1174 3271 1297 3329 Haec
1324 3284 1505 3329 autem
1534 3276 1790 3330 animalia
1819 3276 1892 3331 ita
1918 3277 2093 3332 comi-

504 3361 764 3416 tabantur
800 3363 1121 3430 exercitum,
1157 3372 1217 3418 ut
1245 3379 1370 3419 cum
1402 3366 1674 3421 stantibus
1709 3375 1936 3434 starent,
1969 3383 2093 3423 cum

504 3454 928 3521 procedentibus
957 3456 1330 3524 procederent,
1367 3471 1494 3512 cum
1530 3458 1878 3514 currentibus
1910 3476 2096 3516 curre-

503 3555 644 3600 rent.
681 3578 750 3586 —
775 3544 960 3602 Nubes
987 3548 1150 3602 etiam
1183 3549 1252 3603 ab
1284 3557 1420 3604 testu
1448 3549 1582 3605 solis
1613 3549 1958 3608 Christianos
2002 3552 2096 3609 de-

505 3635 904 3693 fendebantmu
933 3648 986 3694 et
1036 3639 1448 3711 refrigerabant.
1494 3671 1560 3680 --
1601 3641 1882 3698 Cclcbrata
1912 3645 2096 3716 itaque

503 3727 758 3796 victoria,
790 3746 1046 3786 reversus
1081 3741 1165 3787 est
1202 3734 1476 3788 exercitus
1518 3731 1880 3802 Hierusalem,
1919 3745 1973 3793 et
2003 3753 2092 3793 re-

504 3820 636 3874 licto
689 3819 763 3875 ibi
801 3821 938 3877 duce
970 3821 1270 3889 Gotefrido,
1309 3822 1641 3895 chinmunt
1686 3841 1871 3882 comes
1907 3826 2094 3884 Sancti

504 3910 683 3982 Egidii
726 3912 820 3944 ηδ’
865 3923 918 3968 et
989 3913 1323 3986 Ruotpertus
1398 3932 1583 3974 comes
1641 3917 1990 3976 Normanniae
2039 3931 2095 3978 et

505 4002 840 4074 Ruotpertus
862 4020 1048 4062 comes
1068 4005 1336 4063 Flandriae
1366 4007 1680 4066 Laodiciam
1703 4012 1905 4068 reversi
1931 4014 2091 4081 sunt;

504 4095 579 4150 ibi
604 4097 836 4152 classem
853 4097 1178 4155 Pisanorum
1193 4099 1624 4158 etBoimundum
1639 4103 1728 4136 ’(⁵⁸³
1745 4105 2088 4161 invenerunt.

504 4189 754 4260 Cumque
793 4191 1237 4263 archiepiscopus
1269 4192 1504 4250 Pisanus
1523 4195 1613 4228 ⁸⁸⁸⁵⁵
1643 4195 2007 4254 Boimundum
2040 4207 2095 4255 ct

500 4283 643 4338 alios
680 4297 806 4338 cum
843 4299 911 4339 eo
951 4285 1328 4340 discordantes
1369 4288 1704 4344 concordare
1742 4288 2089 4359 fecissct'm,

503 4371 918 4445 Reginmundus
939 4391 1038 4446 pro
1063 4375 1174 4430 Deo
1195 4385 1249 4431 et
1268 4392 1366 4447 pro
1389 4376 1652 4435 fratribus
1676 4381 1887 4453 regredi
1909 4382 2092 4452 dispo-

2121 3135 2168 3198 (ἶ

2197 1896 2485 1966 utriusque
2505 1895 2706 1964 linguae
2733 1894 3012 1965 peritiam,
3041 1894 3338 1965 mitigavit.

2271 1984 2387 2042 Hoc
2417 2002 2562 2041 anno
2597 1985 2997 2041 Chuonradus'
3041 1984 3425 2054 Trajectensis
3465 1985 3771 2056 episcopus:

2197 2081 2314 2137 suis
2344 2081 2564 2136 occisus
2595 2088 2699 2134 est.
2738 2078 3105 2134 Herimannus
3127 2078 3502 2136 Coloniensis
3531 2080 3776 2150 episcopus

2197 2175 2361 2241 obiit;
2393 2174 2481 2230 cui
2519 2173 2835 2230 Fridericus
2859 2177 3144 2229 successit.
3182 2205 3255 2214 -—
3296 2173 3534 2244 Rapoto
3555 2175 3643 2207 ηδ’
3665 2173 3776 2244 pals

2197 2266 2346 2321 tinus
2386 2279 2571 2320 comes
2614 2273 2667 2319 et
2700 2261 3026 2319 Oudalricus
3058 2278 3246 2319 comes
3274 2305 3292 2332 ,
3347 2265 3629 2335 patruelis
3666 2264 3776 2333 eius,

2197 2376 2360 2432 quem
2392 2359 2626 2416 multum
2649 2358 2871 2414 divitem
2902 2357 3172 2422 dicebant,
3198 2357 3461 2414 defuncti
3497 2368 3640 2414 sunt.
3671 2356 3774 2410 Dum

2196 2452 2344 2506 enim
2377 2451 2678 2520 imperator
2709 2465 2834 2504 cum
2871 2447 3213 2519 principibus
3251 2449 3615 2520 colloquium
3637 2447 3778 2503 limis-

2196 2559 2353 2615 ponce
2378 2543 2603 2598 haberet
2633 2540 2876 2614 (April.),
2905 2540 3211 2596 mortalitas
3241 2541 3444 2595 subito
3476 2553 3659 2597 exorta
3681 2557 3776 2611 pre-

2197 2637 2506 2692 nominatos
2546 2635 2686 2690 duos
2715 2634 2807 2666 ¹⁸³θ
2833 2642 3137 2705 magnetes,
3178 2633 3245 2687 de
3288 2633 3660 2689 inferioribus
3677 2647 3780 2686 vero

2196 2745 2361 2801 quam
2387 2729 2590 2799 plures,
2621 2727 2947 2796 absumpsit,
2978 2741 3073 2796 per
3105 2725 3361 2782 civitates
3397 2743 3627 2798 quoque
3651 2735 3780 2795 atque

2197 2821 2448 2893 regiones
2482 2835 2593 2876 non
2626 2818 2898 2874 modicam
2938 2818 3084 2888 vulgi
3119 2827 3365 2889 stragem
3422 2818 3581 2875 fecit.
3619 2817 3780 2873 Fames

2195 2914 2360 2970 etiam
2389 2912 2685 2984 improvisa
2725 2911 2914 2967 multis
2949 2911 3086 2966 locis
3112 2911 3347 2966 invaluit

2339 3007 2359 3027 '
2387 3001 2492 3057 Hic
2516 3003 2686 3074 pergit
2706 3002 2935 3056 historia
2959 3002 3015 3055 in
3036 3001 3098 3057 C.
3126 3000 3190 3054 D.
3217 3001 3283 3056 E.

2270 3095 2525 3151 Urbanus
2553 3111 2689 3166 papa
2717 3095 2852 3150 obiit
2881 3092 3016 3165 (Jul.
3045 3093 3160 3165 20).
3203 3093 3306 3149 Hic
3332 3111 3516 3166 super
3543 3096 3782 3153 missi:-

2195 3206 2320 3244 rum
2343 3189 2609 3244 hactenus
2635 3189 2776 3242 heu!
2811 3190 3104 3242 manente'
3138 3190 3533 3246 commotione
3586 3191 3781 3247 concilia

2195 3283 2366 3336 multa
2415 3282 2806 3352 congregavit,
2847 3281 3018 3336 multa
3054 3280 3220 3336 etiam
3255 3282 3348 3314 ¹ε⁸¹
3398 3283 3631 3340 decreta
3677 3299 3782 3354 pro-

2195 3375 2490 3446 mulgavit;
2544 3374 2687 3429 inter
2705 3376 2744 3396 “
2789 3389 2912 3446 qua:
2967 3375 3132 3429 etiam
3159 3416 3174 3440 ,
3212 3379 3554 3434 convocatis
3593 3378 3656 3432 ad
3685 3375 3782 3430 Pia-

2195 3468 2468 3524 centinam
2503 3467 2778 3523 civitatem
2809 3466 2914 3522 200
2945 3466 3058 3523 fere
3077 3467 3338 3524 Patribus
3368 3470 3553 3541 (292),
3593 3470 3783 3526 Heinri-

2195 3573 2320 3613 cum
2348 3557 2732 3627 imperatorem
2760 3566 2872 3612 tam
2896 3573 2928 3612 a
2961 3573 3020 3613 se
3049 3573 3214 3628 quam
3257 3575 3286 3612 a
3315 3559 3782 3629 predecessor-ibus

2195 3649 2311 3706 suis
2345 3650 2732 3705 communione
2757 3650 3032 3720 privatum
3067 3650 3402 3717 declaravit;
3445 3654 3690 3707 maxime
3719 3668 3784 3705 re-

2194 3742 2322 3814 gina
2369 3742 2618 3798 Adelheit
2651 3743 2786 3811 “",
2830 3743 3007 3814 ipsius
3049 3743 3272 3798 czesaris
3323 3760 3550 3813 uxore,
3596 3754 3782 3800 astante

2193 3834 2477 3906 multaque
2520 3833 2756 3890 nefanda
2804 3835 2860 3890 in
2907 3836 3060 3890 illum
3102 3836 3170 3890 ad
3200 3852 3370 3892 aures
3404 3840 3582 3894 totius
3614 3836 3784 3911 synodi

2194 3923 2539 3981 testificante.
2575 3924 2679 3981 Sed
2711 3936 3006 3996 antequam
3032 3941 3098 3980 ex
3131 3926 3237 3982 hac
3260 3927 3354 3958 ¹⁶⁵³
3379 3929 3499 3983 vita
3521 3929 3783 4000 migrard,

2194 4017 2389 4088 spiritu
2431 4018 2734 4073 instructus
2759 4018 2980 4084 divino,
3014 4017 3311 4074 Ilainerum
3335 4020 3432 4052 ⁸⁸⁸⁸
3463 4021 3784 4077 cardinaien

2192 4106 2260 4164 de
2287 4107 2487 4164 Sancto
2528 4107 2838 4177 Clemente,
2875 4118 3077 4166 sancta:
3105 4112 3550 4168 conversationis
3580 4129 3632 4168 ei
3667 4111 3782 4166 imi

2194 4200 2490 4256 testimonii
2519 4202 2769 4258 abbatem
2795 4244 2809 4266 ,
2857 4201 3095 4257 nobilem
3147 4201 3462 4260 Romanum
3487 4206 3600 4271 “”,
3655 4204 3782 4260 desi-

2194 4295 2378 4365 gnavit
2399 4295 2456 4350 in
2478 4294 2827 4366 regimen'm
2855 4294 3218 4364 apostolicum
3248 4296 3560 4368 eligendum
3587 4315 3604 4362 ;
3635 4311 3780 4368 quem

2192 4386 2354 4441 etiam
2398 4386 2824 4442 revelationibus
2879 4385 3004 4442 aliis
3032 4386 3124 4419 ‘5"
3177 4387 3410 4458 insuper
3445 4389 3781 4446 denotatum.

503 4466 645 4532 suit;
680 4482 873 4538 magna
897 4482 1028 4522 vero
1055 4467 1368 4536 multitudo,
1391 4478 1452 4524 ut
1477 4486 1638 4542 supra
1667 4471 1872 4527 dictum
1896 4482 2000 4540 est,
2025 4475 2092 4530 ad
2125 4509 2169 4564 Β
2194 4479 2449 4534 universa
2481 4477 2729 4534 Romana
2756 4479 3004 4536 aecclesia
3031 4487 3309 4550 pastorem
3343 4481 3448 4536 sibi
3483 4487 3781 4541 conserui,

502 4557 737 4626 patriam
775 4573 1020 4616 remeare
1070 4560 1389 4628 contendit;
1432 4563 1613 4618 caeteri
1665 4565 1759 4634 qui
1807 4580 2088 4622 remanse-

502 4658 652 4716 runt,
669 4659 869 4706 terram
914 4649 1026 4706 Deo
1056 4651 1403 4722 disponente,
1430 4654 1696 4712 hactenus
1723 4656 1777 4712 in
1792 4673 1924 4728 pace
1949 4658 2090 4713 οιιιὶο

502 4753 766 4798 nuerunt.

2194 4568 2321 4648 licet
2360 4569 2614 4635 invitum,
2647 4567 2967 4625 Paschalem
3007 4571 3291 4640 appellans
3320 4588 3448 4627 eum
3470 4573 3580 4626 ¹⁶³⁸.

2343 4662 2362 4682 *
2387 4661 2443 4715 h.
2473 4661 2528 4714 h.
2560 4677 2636 4714 m.
2668 4661 2857 4715 desunt
2887 4659 2949 4716 C.

2342 4756 2382 4775 “
2407 4753 2548 4808 inter
2563 4783 2646 4837 .—-
2672 4753 2999 4810 testificante
3022 4755 3215 4809 desunt
3241 4755 3304 4811 C.

1813 4840 2043 4897 VARIZE
2083 4841 2488 4900 LECTIONES.

568 4926 665 4959 ⁸⁸³³
700 4929 900 4982 multas
961 4937 1014 4983 et
1051 4928 1239 4983 desunt
1267 4927 1332 4983 Η.

505 4996 595 5028 ’⁸⁸⁸
649 4997 972 5053 defendebat
1024 5008 1079 5054 et
1111 4999 1466 5071 refrigerabat
1495 4999 1558 5056 D.
1601 5000 1666 5056 Η.

502 5063 566 5119 D.
603 5065 667 5121 ll.
753 5069 844 5101 ⁸⁸⁸³
864 5068 925 5121 Β.
950 5086 1075 5121 cum
1123 5071 1240 5121 suis
1266 5070 1329 5121 D.
1364 5069 1454 5121 Η.-
1482 5074 1574 5121 aui
1600 5073 1666 5121 ad

505 5136 716 5192 tiochize
762 5141 1122 5195 consederant
1168 5141 1250 5195 vel
1307 5157 1433 5196 cum

1431 4930 1522 4962 ¹⁶⁶⁰
1567 4929 1606 4984 f.
1640 4932 1829 4987 eadem
1877 4933 2135 4989 animalia
2170 4943 2226 4990 et
2263 4951 2408 4990 cum.
2460 4950 2548 4990 ex.
2581 4935 2654 4989 ita
2705 4952 2768 4989 ut
2802 4951 2948 4990 cum.
3005 4953 3054 4990 c.
3083 4952 3134 4991 c.
3168 4946 3225 4991 et
3258 4954 3385 4994 cum
3416 4947 3481 4994 st.
3515 4947 3577 4993 st.
3614 4935 3682 4990 Β.
3713 4934 3776 4990 Η.

1196 5003 1466 5082 γὶεςτεξξθῑ
1495 5003 1574 5082 Β..
1601 5003 1705 5082 Η..
1761 5003 2208 5082 '“’_l_leginmu_nt
2234 5006 2301 5061 de
2319 5005 2394 5082 _S.
2425 5004 2623 5082 Egidio
2650 5020 2836 5082 comes
2874 5015 2928 5061 et
2966 5005 3032 5061 Il.
3077 5024 3128 5062 c.
3172 5007 3256 5082 El.
3291 5017 3350 5063 et
3389 5008 3473 5082 Ra
3497 5025 3541 5063 c.
3589 5007 3776 5082 ξος-ιι.

753 5069 844 5101 ⁸⁸⁸³
864 5068 925 5125 Β.
950 5086 1075 5125 cum
1123 5068 1329 5126 suis'D.
1364 5069 1454 5138 H.,
1475 5074 1574 5194 ἕνὶ
1600 5073 1836 5154 addunt:
1859 5068 1986 5130 Non
2008 5077 2223 5157 modica
2241 5075 2441 5201 quippe
2470 5068 2762 5132 multitudo
2780 5086 2961 5148 preter
2985 5093 3080 5134 eos
3099 5079 3195 5150 qui
3223 5095 3351 5135 cum
3379 5078 3778 5158 eodem_B.An—

762 5141 1122 5195 consederant
1168 5141 1250 5195 vel
1307 5157 1433 5196 cum
1519 5143 1788 5198 aldewmo
1819 5145 2002 5202 Robas
2037 5147 2284 5202 abierant
2368 5162 2574 5202 vrooue
2615 5159 2995 5202 remanserant
3035 5165 3099 5202 ac
3140 5166 3240 5202 uer
3277 5150 3519 5202 diversas
3542 5163 3774 5202 circnm-

2389 5162 2574 5217 rroque
2603 5159 2995 5220 remanserant
3035 5165 3099 5205 ac
3120 5149 3240 5220 per
3277 5150 3519 5205 diversas
3542 5149 3774 5220 ciant!!-

499 5221 731 5290 qluaq‘ue.
766 5209 1013 5290 regiones
1048 5211 1558 5290 dispersi-fuerant,
1597 5213 1795 5290 ibidem
1864 5227 2192 5290 conventum
2206 5209 2523 5290 faciebant.
2595 5217 2689 5250 ‘5“
2713 5217 2949 5290 Pisanus
2978 5209 3182 5275 dudum
3213 5221 3576 5290 discordantes
3605 5217 3670 5270 Β.
3711 5216 3770 5268 Β.

505 5276 598 5361 ξξη
631 5276 879 5344 fecisset,
915 5276 1157 5361 maxima
1197 5276 1840 5361 multitudo__re_patriare
1862 5288 2160 5361 contendit.
2193 5287 2507 5361 Gotefridns
2537 5302 2687 5352 vero,
2716 5298 2777 5342 ut
2803 5289 3008 5361 dictum
3036 5300 3140 5354 est,
3164 5292 3372 5361 populo
3404 5290 3496 5361 qui
3523 5288 3772 5361 Hiems».

500 5347 648 5424 lima;
674 5359 1010 5424 remanserat
1048 5351 1451 5424 (remanserant
1484 5347 1612 5424 111.)

499 5418 742 5493 uocabuli
781 5419 896 5493 loco
937 5421 1151 5493 dirutas
1183 5424 1398 5493 scripsit
1436 5423 1485 5477 1.

499 5489 591 5521 ἐκ
621 5489 766 5542 deest
801 5490 856 5544 4.
961 5491 1049 5522 ²⁶⁵¹
1071 5492 1214 5546 enim
1239 5489 1338 5548 Dl.

499 5559 601 5615 hac
645 5560 833 5614 desunt
861 5560 920 5614 4.

497 5627 546 5684 6.
580 5630 665 5688 9ο.
711 5629 798 5685 1-0.

1606 5425 1696 5458 1657
1732 5427 1818 5482 [ιίο

890 5631 983 5662 ⁸⁸⁵⁸
1012 5633 1420 5702 appellaverunt
1441 5636 1474 5689 4

1648 5356 1869 5428 prefuit.
1900 5357 2068 5427 Igitur
2098 5359 2237 5414 idem
2270 5360 2380 5414 dux
2407 5361 2796 5428 magnanimus
2829 5359 2892 5414 D.
2934 5359 3000 5415 H.

1855 5428 2043 5498 folium
2072 5430 2269 5483 excidit
2297 5431 2348 5484 1.

1413 5494 1503 5526 ¹⁶⁸¹
1531 5495 1606 5550 ita
1636 5497 1668 5550 4
1696 5495 1758 5552 D.
1785 5494 1946 5552 —'A.
1972 5499 2161 5553 habent
2188 5499 2251 5554 E.
2359 5499 2412 5554 6.
2452 5499 2502 5553 7.
2531 5500 2616 5555 οο.
2644 5499 2782 5558 Ann.
2813 5501 2898 5555 ib.
2929 5502 3111 5558 Agnes
3139 5501 3225 5557 l0.
3245 5494 3403 5558 'Aane
3429 5494 3676 5558 11.“’¹¹⁵³
3697 5511 3765 5550 el

1020 5561 1112 5594 ““
1137 5563 1522 5638 reinherunr-i.
1546 5565 1896 5638 reginherum
1924 5569 2010 5624 10.
2039 5571 2122 5624 11.

3081 5358 3183 5393 κδί
3207 5358 3393 5416 uiantis
3423 5358 3582 5415 recens
3609 5358 3772 5426 hujus

2456 5429 2552 5502 ξειεξ
2572 5430 2879 5502 caueret-ns-
2900 5431 2986 5486 9c.
3061 5432 3153 5464 ’σι’
3179 5443 3370 5502 raptito
3394 5432 3446 5486 6.
3471 5439 3694 5502 nm
3714 5428 3764 5479 ι

3483 5567 3682 5622 “"ali
3705 5566 3764 5624 5.

2203 5571 2294 5603 ¹⁶⁸⁸
2323 5587 2381 5625 n.
2404 5587 2450 5625 r.
2491 5571 2679 5624 desunt
2703 5571 2804 5626 Dl.
2912 5571 3004 5605 ⁸⁸⁸⁸
3030 5588 3262 5643 regnum

1999 5735 2230 5792 ΝΟΤᾸΕ.

757 5862 822 5918 Α.
855 5864 1012 5917 1005.
1047 5862 1130 5917 Cf.
1168 5863 1491 5919 llrrnoldum
1525 5869 1580 5922 h.
1613 5887 1662 5924 a.
1695 5882 1747 5926 et
1781 5849 1950 5929 Mansi
1983 5875 2170 5947 XX.p.
2206 5878 2298 5932 80]
2340 5896 2460 5950 sqq.

587 5793 715 5862 291)
753 5791 794 5847 l.
828 5807 879 5848 e.
904 5794 1263 5848 Germanicae.
