3862 6306
84 343 176 401 977

140 552 279 653 Sub“:
323 564 600 627 Gotefrido
649 573 789 631 duce
814 619 830 642 ,
870 576 1409 646 Hierosolimitanam
1456 591 1648 653 acele-

79 657 197 712 siam
222 648 550 730 defensante,
583 678 884 727 conventus
905 671 1097 745 ingens
1124 675 1302 737 factus
1326 692 1409 740 est
1434 648 1490 740 in
1518 685 1646 743 Ilie-

78 751 311 818 rusalem,
341 753 411 807 ab
453 757 710 815 omnibus
739 763 833 833 qui
867 774 997 820 sunt
1016 772 1056 791 "
1085 769 1140 825 in
1175 772 1384 831 oriente
1407 777 1646 836 Christi-

77 843 211 910 colis,
248 844 593 918 maximcque
626 852 722 922 qui
762 855 847 910 vel
882 855 1191 918 Antiochia
1232 866 1317 921 vel
1360 868 1416 923 in
1460 869 1640 944 Syria,

77 939 235 996 Rohas
258 943 337 998 vel
360 942 633 1003 Palestina
655 951 971 1011 resederunt
1000 960 1324 1032 peregrinis,
1348 964 1403 1019 in
1428 939 1642 1026 tantum

76 1036 194 1090 utin
222 1036 350 1108 ipsis
389 1041 691 1101 nativitatis
720 1045 1019 1108 Dominica
1058 1053 1215 1112 festis
1248 1075 1415 1131 quam
1455 1064 1642 1135 plures

73 1128 360 1199 regionibus
385 1132 762 1204 adiacentibus
787 1139 879 1174 ¹⁶⁶⁶
913 1128 1373 1207 consecrarentur
1394 1128 1482 1186 ¹⁶⁶ἶ
1524 1157 1642 1228 epi-

73 1224 221 1293 scopi,
249 1224 421 1281 versis
456 1227 512 1282 in
552 1228 827 1302 hystorias
856 1234 1100 1294 visibiles
1128 1248 1355 1299 eatenus
1393 1224 1641 1319 mysticis

73 1316 341 1385 prophetiis
367 1336 380 1371 :
407 1316 575 1391 Surge
610 1322 700 1354 ¹⁶⁸²
729 1323 1068 1398 illuminare,
1114 1316 1465 1392 Hierusalem
1494 1338 1634 1413 (lea.

73 1426 146 1478 ιι,
169 1411 243 1482 1);
282 1422 336 1468 et
372 1432 386 1471 :
415 1413 1022 1499 LmtareJHerusalem,
1046 1433 1095 1479 et
1115 1427 1253 1483 diem
1278 1430 1473 1500 festum
1496 1411 1638 1506 agite

72 1519 221 1559 omnes
263 1505 352 1576 qui
412 1494 642 1581 diligitis
692 1528 808 1566 eam
854 1514 875 1587 (
898 1514 1011 1571 Ira.
1073 1534 1219 1588 LXVI,
1258 1494 1326 1577 i0
1347 1523 1390 1595 ),
1421 1494 1638 1582 etc:—

72 1592 403 1653 lncalcscente
435 1609 561 1671 post
590 1603 707 1659 hac
737 1614 955 1676 astate,
994 1592 1368 1685 corrumpitur
1403 1632 1500 1688 per
1533 1617 1638 1676 Pa-

71 1685 289 1743 lestinam
321 1706 417 1746 aer
450 1692 779 1750 cadaverum
812 1696 1026 1754 fatere.
1068 1698 1210 1757 Sunt
1234 1685 1521 1778 etiam‘qui
1551 1709 1637 1765 di-

69 1789 170 1834 cant
215 1780 388 1839 fontes
409 1800 443 1839 a
471 1784 722 1844 barbaris
749 1787 979 1849 infectos
1008 1810 1222 1851 veneno
1250 1798 1336 1854 vel
1364 1799 1634 1859 cisternas

3227 428 3350 488 978‘

1662 510 1710 567 A
1738 508 2036 575 fertilitate.
2068 519 2188 579 Non
2208 532 2298 583 est
2325 522 2510 596 aperis
2538 529 2708 602 hujus
2732 533 2816 589 vel
2843 539 3108 607 temporis
3133 539 3333 602 linem

1745 807 2026 865 nunquam
2056 800 2225 858 etiam
2253 803 2344 836 “"
2369 806 2546 865 victus
2576 810 2770 869 vicerit
2805 832 2821 869 :
2849 816 3058 874 amisso
3084 822 3353 879 exercitu,

1743 883 1913 981 alium
1957 888 2027 943 ab
2055 888 2360 953 Antiochia
2393 898 2611 957 obsidio
2658 906 3003 976 conduxerit,
3050 920 3356 981 postremo,

1740 974 1883 1034 falso
1926 980 2031 1037 sibi
2075 982 2326 1045 faderati
2362 990 2650 1062 cujusdam
2698 995 2922 1067 Thurci,
2976 974 3181 1061 Βδῖάυο
3222 1020 3329 1061 no-

1740 1254 1894 1325 prius
1920 1264 2134 1330 tempus
2162 1260 2377 1321 deseret
2418 1282 2586 1337 quam
2617 1274 2866 1330 materia.
2906 1276 3108 1336 Audito
3142 1246 3351 1339 tamen;

1738 1347 1891 1403 obitu
1930 1347 2118 1408 fratris
2160 1352 2444 1426 Gotefridi,
2495 1359 2799 1421 Balduvino
2833 1367 3352 1444 juniori,_cognato.

1738 1454 1861 1509 suo,
1893 1441 2167 1502 civitatem
2196 1457 2251 1503 et
2292 1451 2553 1520 populum
2591 1457 2906 1527 committit,
2936 1441 3184 1534 ipseque:
3197 1480 3349 1520 cum.»

1738 1534 1998 1593 trecentis
2041 1537 2154 1599 fere
2187 1540 2321 1599 viris
2358 1541 2780 1605 Hierosolimam
2828 1553 3019 1623 tendit,
3057 1555 3326 1612 insidian—

1739 1624 1875 1681 tium
1924 1628 2029 1685 sibi
2073 1646 2414 1704 paganorum
2458 1637 2612 1695 milia
2663 1639 2897 1710 delusit,
2951 1648 3346 1718 congreditur,~

1735 1717 1887 1786 vicit,
1918 1731 2262 1796 onustusque
2288 1729 2479 1798 spoliis
2508 1746 2634 1788 cum
2664 1732 2951 1805 triumpho
2981 1734 3333 1817 Hierusalem
3423 1808 3428 1814 .

1738 1810 1961 1869 intravit
1991 1815 2199 1889 (Nam).
2231 1818 2474 1895 Rogatus
2495 1832 2551 1881 et
2573 1826 2917 1889 collaudatus
2947 1830 3016 1888 ab
3039 1813 3325 1900 omnibus,

1996 1873 2008 1888 ι
2160 1873 2174 1889 ,
2289 1873 2302 1876 —
2355 1873 2471 1879 --ντ
2500 1873 2550 1881 v-
2577 1873 2917 1889 νη--ι-ν--η--υ
2947 1873 3015 1888 ww
3041 1873 3325 1900 νιμιηυυισς

68 1873 338 1931 occisorum
361 1878 555 1947 sanie;
584 1881 727 1936 unde
767 1893 957 1940 exorta
1004 1888 1311 1958 pestilentia
1341 1893 1542 1950 multos
1567 1910 1634 1950 ex
1668 1895 1709 1951 Β
1738 1912 1798 1960 ιιι
1832 1907 2086 1980 princeps
2132 1919 2280 1967 esset
2313 1873 2506 1971 Eorum
2553 1917 2645 1950 ιετι
2672 1922 2984 1990 consensit;
3016 1939 3120 1980 nec
3151 1926 3329 1982 multo

67 1967 260 2034 nostris,
291 1978 479 2041 utpote
510 1972 615 2028 sub
647 1990 773 2030 aere
805 1978 1093 2049 peregrino
1130 1981 1449 2052 militantes,
1482 1987 1630 2043 occi-

66 2058 154 2127 dit;
187 2061 321 2117 inter
350 2079 495 2135 quos
534 2064 715 2137 ipsum
746 2070 914 2127 totius
946 2073 1206 2130 acclesia
1233 2078 1515 2136 catholica
1544 2081 1627 2136 la-

65 2151 221 2209 crimis
239 2155 604 2229 plangendum
625 2159 964 2218 Gotefridum
990 2167 1193 2235 populo
1213 2167 1333 2237 Dei,
1357 2188 1519 2243 quem
1536 2174 1629 2207 ¹⁶⁶³

64 2253 256 2313 paterna
284 2248 651 2308 sollicitudine
678 2255 925 2323 curabat,
958 2267 1207 2315 materna
1239 2261 1439 2332 pietate
1478 2264 1629 2323 fove-

64 2334 154 2404 bat,
173 2339 327 2395 nimis
347 2341 642 2400 immature
665 2345 956 2404 subtraxit.
983 2347 1104 2406 Uno
1129 2360 1342 2410 tantum
1361 2355 1455 2390 ¹⁸⁶⁸
1478 2373 1626 2414 anno

62 2430 231 2498 populo
258 2429 346 2487 Dei
381 2432 608 2504 prefuit,
632 2434 894 2508 languore
926 2450 1215 2511 superatus
1243 2445 1530 2514 producto,
1556 2447 1624 2503 15

63 2517 251 2577 Kalend.
280 2523 517 2596 Augusti
540 2528 757 2597 plenam
780 2530 883 2586 fide
907 2532 1176 2604 bonisque
1203 2537 1462 2606 operibus
1489 2555 1618 2610 pre-

62 2625 236 2669 sentem
274 2616 326 2671 in
360 2616 589 2674 Christo
619 2621 783 2677 vitam
814 2623 1007 2680 tinivit.
1033 2624 1360 2699 Exceptis“
1394 2630 1509 2687 sive
1534 2633 1627 2667 ¹⁶⁶⁸

62 2704 211 2760 tacitis
241 2708 459 2763 cunctis
493 2709 693 2780 quibus
736 2713 976 2783 pollebat
1020 2700 1346 2787 virtutibus,
1392 2728 1539 2777 tanta
1570 2738 1628 2780 se

61 2800 450 2855 mansuetudine
478 2803 839 2874 conjunxerat
866 2809 1261 2883 tamindigenis
1274 2830 1440 2884 quam
1467 2832 1625 2872 com-

61 2890 324 2961 peregrinis
379 2893 507 2963 ⁸⁸⁵⁸,
553 2905 613 2951 ut
664 2897 755 2954 vix
796 2900 1168 2959 adverteretur
1209 2904 1624 2964 Francisne‘m

62 2979 161 3050 plus
193 2982 539 3056 plangeretur
573 3004 740 3058 quam
774 2990 926 3064 Syris
955 2995 1039 3049 vel
1067 2994 1276 3053 Grecis.
1301 2997 1441 3055 Ante
1464 3017 1626 3058 mon-

62 3080 149 3127 tem
174 3074 457 3146 Calvariae,
488 3078 543 3134 in
562 3081 834 3138 vestibulo
862 3083 1213 3157 Golgathana
1242 3090 1502 3148 acclesia
1528 3109 1625 3148 ex-
1724 3098 1731 3103 ’

61 3173 147 3220 stat
164 3167 272 3238 ejus
308 3172 676 3243 mausoleum,
711 3175 888 3248 lapide
918 3176 1081 3235 Pario
1109 3189 1511 3240 constructum.

178 3264 193 3282 '
217 3258 326 3318 Sub
355 3294 433 3303 —
452 3264 653 3323 damno
680 3268 946 3326 dilatavit.
976 3271 1073 3326 hac
1098 3271 1215 3327 loco
1242 3274 1432 3330 desunt
1461 3276 1524 3332 D.
1554 3276 1617 3334 E.
1648 3255 1699 3320 ο

236 3362 307 3419 -_—
333 3334 402 3388 A.
440 3334 551 3419 licet:
584 3346 793 3419 tantum
825 3340 1029 3419 habet:
1059 3340 1348 3419 lleinricus
1376 3347 1624 3419 impera-

239 3411 335 3485 tor
364 3407 607 3485 natalem
636 3409 857 3485 Domini
904 3412 1079 3485 S_pira
1116 3416 1432 3485 celebravit,
1466 3407 1530 3474 et
1564 3421 1623 3476 in

241 3473 551 3546 Epiphania
563 3478 901 3538 Fridericum
922 3473 1432 3547 Babenbel‘aenseni
1456 3473 1624 3547 cant;

238 3547 450 3624 nicum,
474 3549 653 3624 adhuc
681 3552 1105 3624 adolescentem,
1142 3547 1387 3615 Colonia
1434 3563 1620 3617 archi-

237 3617 560 3693 episcopum
603 3622 929 3693 designavit.
960 3624 1065 3693 Qui
1091 3617 1404 3686 'ordinatus
1439 3640 1523 3688 est
1565 3633 1623 3689 in

241 3685 537 3759 festivitate
588 3685 766 3750 sancit
810 3685 1030 3753 Martini
1077 3697 1166 3754 die
1201 3685 1519 3759 Dominica.
1549 3685 1623 3744 LI

239 3757 557 3885 gigtpertus
587 3780 728 3837 papa
745 3808 762 3835 ,
797 3766 895 3838 qui
928 3775 985 3824 et
1024 3767 1280 3829 Clemens
1303 3757 1618 3844 dictusest,

310 3847 345 3885 ιι
375 3872 394 3885 .

238 3840 394 3886 Obiit.

176 3922 213 3940 “
234 3932 390 3979 erant
417 3922 481 3980 G.

245 4013 503 4088 Exceptis
524 4050 593 4060 --
612 4019 820 4082 Grecis.
851 4025 1041 4082 desunt
1065 4028 1128 4085 G.

113 4102 251 4163 Hoc’
286 4119 537 4185 tempore
574 4113 911 4176 Balduvinus
967 4121 1059 4154 ¹⁶⁶⁹
1093 4138 1281 4180 comes
1324 4123 1381 4180 in
1432 4123 1618 4184 Rohas

58 4196 151 4265 Μ’,
178 4216 295 4273 qua
315 4214 408 4263 est
433 4207 631 4265 civitas
657 4210 868 4280 inclita,
906 4214 1077 4271 immo
1110 4216 1263 4289 regio
1292 4217 1385 4250 “7°
1406 4226 1461 4274 et
1482 4235 1615 4290 pars

55 4293 312 4370 Armenia,
337 4305 686 4373 consederat,
714 4306 1087 4380 principatum
1118 4310 1236 4383 jam
1265 4312 1442 4385 gentis
1469 4314 1618 4372 illius

54 4401 378 4458 consecutus,
411 4394 671 4454 defuncto
698 4399 911 4456 scilicet
936 4402 1158 4459 interim
1191 4406 1502 4476 graudaevo
1528 4422 1617 4464 se-

56 4479 185 4539 niore
214 4484 305 4541 illo
327 4486 832 4560 Christianissimo,
870 4494 967 4565 qui
993 4511 1054 4551 se
1083 4497 1155 4553 ab
1188 4496 1479 4556 Antiochia
1508 4500 1614 4556 sibi

1729 2008 1853 2073 post
1875 1999 2150 2059 inclinans
2186 2014 2350 2076 caput
2371 2023 2532 2063 suum
2563 2025 2728 2081 super
2752 2010 3023 2071 Dominici
3048 2016 3326 2087 sepulchri

1729 2091 1998 2161 tumbam,
2036 2094 2211 2166 ipsius
2251 2112 2312 2154 se
2348 2100 2599 2156 servituti
2635 2105 3023 2175 perpetualiter
3063 2107 3326 2180 subjuga~

1728 2184 1823 2238 vit.
1856 2182 1988 2242 Post
2016 2187 2133 2247 hac
2160 2205 2271 2262 quo
2292 2192 2470 2263 major
2504 2197 2733 2267 paganis
2756 2196 3197 2255 Christianorum
3230 2201 3326 2234 ¹⁶⁷⁹

1726 2274 1892 2331 timor
1920 2276 2280 2350 incuteretur,
2321 2283 2411 2340 die
2448 2295 2793 2357 pentecostes
2831 2289 2925 2321 “7‘
2958 2305 3056 2362 per
3084 2291 3325 2363 legatum

1727 2369 2042 2438 apostolica
2063 2371 2210 2430 sedis
2246 2384 2470 2446 accepta
2499 2378 2591 2410 ¹⁶⁷⁷
2621 2379 2792 2452 regali
2815 2381 3196 2440 benedictione
3229 2399 3333 2440 eos.

1728 2469 1955 2516 ronatur
1993 2462 2105 2535 (an.
2158 2465 2316 2534 1101,
2367 2466 2482 2523 Mai
2518 2469 2632 2543 21).
2662 2469 2868 2530 Deinde
2909 2474 3001 2507 ¹⁶⁷⁸
3041 2474 3219 2532 Assur
3263 2485 3325 2539 et

1725 2551 2033 2611 Casaream
2081 2557 2333 2616 civitates
2366 2561 2674 2620 maritimas
2703 2564 3014 2635 debellavit,
3052 2583 3326 2639 caesisque

1742 2645 1821 2717 lui
1843 2645 1977 2701 inibi
1996 2657 2151 2704 erant
2176 2648 2518 2722 Sarracenis,
2539 2670 2765 2729 regnum
2787 2672 2952 2715 suum
2977 2659 3122 2732 regis
3141 2658 3321 2734 Faby~

1726 2736 1888 2795 lonia
1912 2739 2116 2797 damno
2140 2742 2409 2802 dilatavit.

1873 2842 1891 2863 θ
1917 2839 1980 2913 C_.
2030 2842 2111 2897 ita
2147 2859 2165 2898 :
2213 2844 2316 2901 Cui
2359 2846 2695 2907 Baldivvinus
2739 2849 2910 2909 frater
2969 2853 3091 2913 eius
3135 2870 3332 2913 succem

1933 2911 2102 2998 dens,
2132 2930 2228 2998 per
2260 2916 2499 2998 legatum
2552 2922 2865 2992 apostolica
2913 2911 3070 2998 sedis,
3097 2911 3319 2998 accepta

1935 2984 2520 3057 regalighenedictione
2557 2984 2873 3057 coronatur,
2905 3003 2961 3050 et
2987 2995 3183 3052 exinde
3204 2984 3319 3057 tam

1939 3037 2168 3123 δςῆίιὴ(
2186 3037 3319 3134 ﬁliiﬁlii};'ﬁii"}i'éie5;5ri;"3ﬁéiii
3329 3114 3333 3119 .

1932 3122 2075 3210 bella
2109 3126 2339 3210 Domini
2379 3130 2654 3190 indefesse
2698 3135 2997 3207 praliatur.
3060 3136 3317 3210 Wigber-

2169 3143 2339 3185 omini
2379 3143 2654 3190 mactesse
2698 3143 2997 3207 praliatur.
3062 3143 3317 3207 Wigber-

1941 3203 2049 3263 tus,
2069 3206 2169 3251 etc.

1748 3348 1756 3355 ,
1796 3284 2112 3358 Wigbertus
2139 3289 2517 3350 Ravennensis
2540 3296 3010 3372 archiepiscopus,
3035 3300 3131 3370 qui
3152 3316 3319 3372 super

1726 3374 2133 3437 Ililtibrandum
2171 3382 2497 3456 Gregorium
2530 3387 2622 3420 ¹⁶⁷⁹
2667 3390 2880 3459 positus
2912 3391 3026 3458 ⁸⁸⁸⁸,
3060 3390 3321 3451 Clemens

1712 3485 1865 3549 papa
1890 3470 2068 3527 dictus
2097 3482 2201 3541 est,
2240 3475 2394 3543 obiit,
2425 3477 2512 3532 vir
2542 3479 2732 3551 utique
2766 3481 2902 3541 satis
2939 3481 3195 3555 ingenio,
3220 3480 3307 3538 fa-

1726 3562 1945 3632 cundia,
1975 3564 2254 3622 nobilitate
2276 3584 2635 3641 personaque
2652 3574 2955 3631 reverentia
2978 3575 3184 3642 clarus,
3208 3590 3311 3632 nec

1711 3651 1905 3732 Roma
1932 3664 2063 3714 tunc
2086 3674 2187 3715 nec
2213 3658 2474 3718 Ravenna
2515 3662 2653 3721 bene
2696 3681 2862 3733 usus,
2904 3675 2967 3723 et~
3002 3667 3099 3740 qui
3146 3682 3315 3739 super

1710 3762 1895 3825 unum
1922 3765 2121 3820 papam
2154 3751 2451 3822 viventem,
2477 3756 2731 3827 quamvis
2747 3765 2993 3825 coactus,
3032 3766 3093 3814 ut
3132 3759 3320 3826 aiunt,

1723 3841 1990 3910 ascendit,
2045 3842 2164 3914 ipse
2206 3852 2319 3901 tres
2348 3846 2446 3879 ““
2483 3846 2706 3904 sibimet
2753 3849 3066 3906 alternatim
3115 3866 3311 3907 succe-

1724 3933 1913 3991 dentes
1938 3936 2259 4007 supervixit,
2290 3940 2527 3996 extorris
2555 3950 2790 4012 utraque
2846 3943 2975 3998 sede
3017 3941 3204 3999 Ramae
3249 3953 3306 4003 et

1722 4023 2017 4095 Ravenna,
2040 4028 2273 4097 malens,
2307 4038 2370 4087 ut
2401 4031 2472 4086 ab
2499 4031 2676 4103 ipsius
2705 4047 2802 4088 ore
2828 4031 3145 4102 didicimus,
3169 4049 3319 4104 apo-.

1720 4119 1901 4176 stolici
1925 4136 2126 4177 nomen
2157 4121 2249 4153 ¹⁶⁸¹
2286 4139 2568 4194 nunquam
2600 4124 2909 4194 suscepisse
2945 4123 3072 4187 ‘m.

2287 4233 2351 4290 A.
2379 4232 2473 4265 ¹⁶⁸⁸
2498 4230 2562 4289 Ι).
2586 4232 2727 4288 Μαι.

1708 4372 1711 4375 .
1788 4320 2156 4380 Ghuonradus
2176 4324 2193 4343 ⁶
2220 4322 2314 4359 ¹⁶⁸⁸
2342 4337 2440 4379 rex
2461 4322 2803 4391 adolescens,
2833 4337 2982 4380 nono
3014 4330 3316 4393 postquam

1718 4430 1753 4470 a
1794 4415 1968 4486 patris
2009 4415 2214 4486 palatio
2256 4414 2589 4472 discesserat
2627 4430 2797 4484 anno,
2840 4414 3153 4471 Mahthildis
3192 4414 3306 4483 “",

1717 4519 1930 4575 magna
1963 4504 2112 4562 illius
2145 4514 2202 4560 et
2236 4504 2595 4562 nobilissima
2626 4515 2703 4573 et,
2730 4514 2792 4561 ut
2833 4504 3060 4578 quidam
3094 4504 3304 4571 dicunt,

54 4568 96 4625 in
134 4588 584 4651 propugnatorem
634 4585 909 4642 asciverat
956 4588 1239 4660 multaque
1274 4592 1459 4662 pratia
1510 4608 1612 4648 na-
1645 4610 1690 4666 ι)
1715 4568 1986 4669 religiosa
2008 4596 2245 4665 femina,
2269 4597 2414 4656 sicut
2447 4597 2712 4669 sanguine
2750 4598 2827 4653 ita
2866 4606 2921 4654 et
2948 4595 3313 4654 contubernio.

51 4663 168 4720 viter
215 4670 304 4704 “'l
354 4684 633 4745 gerentem
686 4678 855 4734 etiam
904 4680 961 4736 in
1018 4682 1195 4738 filium
1246 4693 1301 4740 et
1355 4684 1611 4741 heredem

49 4756 391 4828 adoptaverat.
434 4764 484 4819 A
525 4766 723 4826 diebus
751 4770 952 4842 quippe
990 4766 1235 4845 antiquis
1263 4791 1476 4848 semper
1502 4777 1611 4835 im-

48 4860 279 4921 pugnata,
308 4871 598 4929 nunquam
628 4877 855 4919 manum
882 4864 1110 4923 dederat
1138 4867 1273 4924 urbs
1303 4867 1393 4924 illa
1430 4870 1610 4941 ampla

47 4944 268 5014 paganis,
288 4963 359 5004 eo
386 4952 534 5021 quod
558 4954 732 5012 muris
762 4957 909 5012 ultra
939 4958 1171 5016 immani
1209 4961 1397 5031 operis
1432 4963 1612 5032 quali-

48 5036 190 5090 tatem
229 5040 425 5109 tirmis,
466 5042 632 5100 ﬂuvio
667 5062 890 5118 quoque
923 5049 1067 5107 intra
1103 5052 1418 5119 ebullieute,
1455 5054 1607 5109 omni

46 5122 187 5181 etiam
217 5128 325 5187 situ
363 5136 602 5192 naturali
637 5139 936 5211 populique
970 5149 1026 5196 et
1053 5142 1296 5198 victuum
1326 5144 1608 5200 muniatur

1702 4686 2068 4757 coniunctus,
2097 4688 2225 4744 etin
2254 4689 2421 4763 rebus
2445 4704 2542 4760 per
2572 4687 2790 4744 Italiam
2805 4687 3165 4760 disponendis
3194 4696 3306 4742 tam

1718 4777 1869 4834 illius
1908 4792 2074 4849 quam
2114 4776 2302 4835 domni
2345 4777 2631 4849 apostolici
2669 4787 3087 4848 ceterarumque
3132 4775 3306 4833 Deum

1721 4870 1811 4903 “"
1856 4870 2165 4926 timentium
2214 4885 2574 4941 personarum
2615 4869 2849 4926 consilio
2892 4884 3109 4939 semper
3145 4883 3311 4935 usus,

1717 4962 2015 5017 immaturo
2036 4970 2332 5033 preventus
2367 4975 2588 5028 occasu,
2617 4962 2774 5031 plena
2799 4959 2904 5015 tlde
2925 4967 2980 5014 et
3006 4958 3150 5014 bona
3172 4972 3326 5041 conf.

1715 5052 1956 5109 fessione
1998 5069 2032 5109 a
2075 5069 2245 5124 regno
2286 5053 2606 5113 transitoria
2650 5052 2719 5107 ad
2756 5060 3024 5111 aternum
3063 5048 3307 5107 creditur

1716 5158 1949 5215 regnum
1990 5143 2275 5218 migrasse.
2327 5141 2468 5199 Sunt
2495 5143 2659 5203 etiam
2682 5142 2774 5215 qui
2804 5158 3015 5199 veneno
3051 5158 3180 5199 eum
3213 5140 3305 5207 di_-.

1326 5254 1562 5311 VARUS
1601 5254 2006 5312 LECTIONES.

102 5307 183 5341 ¹⁶⁵⁹
211 5314 264 5369 5.
308 5319 461 5375 addit
496 5336 516 5375 :
548 5323 636 5378 44.
694 5322 780 5379 17.

883 5323 977 5356 ³⁸⁸⁸
1029 5340 1080 5379 a.
1131 5340 1179 5380 r.
1229 5325 1282 5381 5.

45 5373 89 5450 (ἦ.
137 5384 224 5450 qui
271 5387 359 5443 913.

461 5392 550 5423 ¹⁶⁶⁸
599 5401 779 5448 tamen
833 5394 886 5450 4.
1002 5395 1094 5429 ⁸⁸⁸⁸
1138 5395 1220 5450 vel
1270 5396 1321 5451 ὅ.

1398 5327 1487 5358 ¹⁶⁶¹
1528 5337 1926 5383 consecrantur
1979 5327 2013 5382 5
2037 5355 2106 5365 —-
2139 5324 2225 5380 11.

1431 5396 1522 5429 Il“
1545 5414 1671 5452 cum

2337 5325 2429 5358 ma
2477 5341 2642 5413 surge
2670 5334 2726 5413 ei:
2756 5324 2811 5381 6,
2981 5324 3139 5413 ἢ¹⁶⁸ξ¹
3156 5325 3298 5413 deest

1788 5395 2144 5480 τςενίιιξξ.ιρι
2179 5396 2265 5480 εει
2481 5412 2519 5480 ει
2563 5393 2752 5480 ἔτορε·
2859 5394 2950 5427 ηδ’
2981 5393 3044 5450 οι
3090 5394 3301 5480 ad,

46 5443 199 5536 ἀμηέε
225 5471 347 5536 qua
373 5443 862 5536 etgliage'sicii'itas—
873 5443 1447 5536 Medorum'puvtatur.
1531 5443 2456 5524 aanbaiduirlius-lll:'baldewinus
2561 5443 2656 5522 ὗες.⁷
2675 5443 2761 5520 lli.
2793 5443 3044 5536 semper?
3090 5466 3183 5499 ¹⁶⁷⁶
3206 5447 3296 5520 re-

389 5531 478 5564 ίοτι

143 5520 193 5574 5.
222 5520 313 5582 1”1.’

504 5534 748 5605 ﬁrmiter
772 5536 859 5590 9°.
934 5537 1028 5571 ¹⁶⁷⁸
1048 5537 1191 5591 deest
1205 5534 1277 5592 ‘4.
1306 5536 1370 5592 D.
1395 5537 1461 5593 Η.
1538 5538 1637 5572 ⁸⁶¹²

1704 5541 1796 5596 uia
1826 5540 1880 5593 4.
1956 5538 2050 5570 ¹⁶⁷⁸
2077 5538 2160 5594 eis
2180 5538 2461 5594 consensit
2480 5538 2536 5593 4.

79 5555 120 5570 ι-
143 5555 193 5574 υ-
229 5555 313 5582 ιι.’
504 5555 748 5605 graviter
772 5555 859 5590 υυ.
936 5555 1028 5571 η’·
1048 5555 1191 5591 deest
1222 5555 1277 5592 4.
1306 5555 1370 5592 υ.
1395 5555 1461 5593 η.
1538 5555 1637 5572 δ”·
1664 5555 1796 5611 quia
1826 5555 1880 5593 4.
1945 5555 2050 5622 ,ιη’
2077 5555 2160 5594 ets
2180 5555 2460 5594 consensu

79 5624 92 5638 -
162 5592 250 5627 ¹⁶⁷³
276 5599 419 5654 deest
444 5604 495 5658 4.
576 5605 670 5637 ⁸⁸⁷⁵
699 5604 754 5659 d.
784 5622 837 5667 ι).
870 5608 1061 5661 desunt
1093 5606 1155 5662 D.
1186 5606 1252 5661 H.
1335 5609 1424 5641 “"7
1453 5610 1595 5667 deest
1622 5610 1679 5667 6.
1757 5611 1850 5644 ⁸⁸⁷⁸
1874 5610 1998 5666 dem
2030 5609 2085 5663 4.
2162 5608 2253 5641 ’⁸⁷⁸
2276 5608 2336 5663 Β.
2370 5609 2460 5663 ib?

2536 5537 2997 5663 uitiasse

46 5651 209 5749 h3§~
224 5651 645 5749 succedentibus
855 5651 1262 5733 "533.7523
1287 5678 1341 5735 6.
1374 5651 1739 5736 θοῖννῖὧῖἸη
1768 5681 1853 5736 l0.
1875 5651 2407 5735 ῗίίίδτὶιὶεναδᾶξῆι
2442 5651 2733 5749 descriptio
2766 5678 3039 5749 inseritur.
3119 5676 3292 5749 ““j:

44 5725 299 5822 gssit-5.
334 5725 960 5815 ts’."’i33-"E:u'dn};idi's,
984 5748 1039 5811 ὅ.
1066 5725 1498 5822 εεῑιὶῥὲἓῖὶῖίὶ).
1579 5725 3098 5815 ιηίὲὶιὲἐιὶιιῖἰιῖἷε’ἐξἶιῖἇῐιὶἷὶἆίεῖᾶῑὲζτῶἷιεῐίιῖἱὰίζέι.

46 5801 200 5870 Pergit
226 5804 277 5862 1.

3200 5745 3307 5786 “Ur
