  <div class='ocr_page' id='page_1' title='image "/cluster/home/n/w/nwhite01/storage/ocr_20150623/154/hvd.32044015473820/495.png"; bbox 0 0 3862 6306; ppageno 0'>
   <div class='ocr_carea' id='block_1_1' title="bbox 548 383 654 441">
    <p class='ocr_par' dir='ltr' id='par_1_1' title="bbox 548 383 654 441">
     <span class='ocr_line' id='line_1_1' title="bbox 548 383 654 441; baseline 0 -1"><span class='ocrx_word' id='word_1_1' title='bbox 548 383 654 441; x_wconf 70' lang='grc'><strong>079</strong></span> 
     </span>
    </p>
   </div>
   <div class='ocr_carea' id='block_1_2' title="bbox 1741 338 3737 467">
    <p class='ocr_par' dir='ltr' id='par_1_2' title="bbox 1741 338 3737 467">
     <span class='ocr_line' id='line_1_2' title="bbox 1741 338 3737 467; baseline 0.017 -32"><span class='ocrx_word' id='word_1_2' title='bbox 1741 338 2135 439; x_wconf 63' lang='lat' dir='ltr'><strong>Bruttiano]</strong></span> <span class='ocrx_word' id='word_1_3' title='bbox 2176 385 2632 449; x_wconf 78' lang='lat' dir='ltr'><strong>URAUGIENSlS</strong></span> <span class='ocrx_word' id='word_1_4' title='bbox 3663 412 3737 467; x_wconf 76' lang='lat' dir='ltr'><strong>su</strong></span> 
     </span>
    </p>
   </div>
   <div class='ocr_carea' id='block_1_3' title="bbox 550 495 3740 599">
    <p class='ocr_par' dir='ltr' id='par_1_3' title="bbox 550 495 3740 599">
     <span class='ocr_line' id='line_1_3' title="bbox 550 495 3740 599; baseline 0.007 -36"><span class='ocrx_word' id='word_1_5' title='bbox 550 506 681 557; x_wconf 65' lang='lat' dir='ltr'><strong>eam</strong></span> <span class='ocrx_word' id='word_1_6' title='bbox 707 497 987 599; x_wconf 37' lang='lat' dir='ltr'><strong>&quot;perisse:</strong></span> <span class='ocrx_word' id='word_1_7' title='bbox 1016 495 1426 599; x_wconf 38' lang='lat' dir='ltr'><strong>T-éslal&#39;ifwfﬂt</strong></span> <span class='ocrx_word' id='word_1_8' title='bbox 1450 498 1809 599; x_wconf 65' lang='lat' dir='ltr'><strong>quiaderant,</strong></span> <span class='ocrx_word' id='word_1_9' title='bbox 1831 504 1885 558; x_wconf 91' lang='lat' dir='ltr'><strong>in</strong></span> <span class='ocrx_word' id='word_1_10' title='bbox 1911 504 2138 562; x_wconf 87' lang='lat' dir='ltr'><strong>brachio</strong></span> <span class='ocrx_word' id='word_1_11' title='bbox 2170 512 2211 570; x_wconf 70' lang='grc' dir='ltr'><strong>Α</strong></span> <span class='ocrx_word' id='word_1_12' title='bbox 2238 508 2455 568; x_wconf 78' lang='lat' dir='ltr'><strong>vicinus</strong></span> <span class='ocrx_word' id='word_1_13' title='bbox 2490 521 2543 569; x_wconf 88' lang='lat' dir='ltr'><strong>et</strong></span> <span class='ocrx_word' id='word_1_14' title='bbox 2573 513 2808 574; x_wconf 81' lang='lat' dir='ltr'><strong>infestus</strong></span> <span class='ocrx_word' id='word_1_15' title='bbox 2836 514 2960 584; x_wconf 80' lang='lat' dir='ltr'><strong>fuit,</strong></span> <span class='ocrx_word' id='word_1_16' title='bbox 2989 516 3166 575; x_wconf 90' lang='lat' dir='ltr'><strong>donec</strong></span> <span class='ocrx_word' id='word_1_17' title='bbox 3181 519 3414 578; x_wconf 85' lang='lat' dir='ltr'><strong>statione</strong></span> <span class='ocrx_word' id='word_1_18' title='bbox 3439 521 3740 599; x_wconf 63' lang='lat' dir='ltr'><strong>fluentum-</strong></span> 
     </span>
    </p>
   </div>
   <div class='ocr_carea' id='block_1_4' title="bbox 551 591 2144 663">
    <p class='ocr_par' dir='ltr' id='par_1_4' title="bbox 551 591 2144 663">
     <span class='ocr_line' id='line_1_4' title="bbox 551 591 2144 663; baseline 0.003 -14"><span class='ocrx_word' id='word_1_19' title='bbox 551 592 805 663; x_wconf 89' lang='lat' dir='ltr'><strong>corporis</strong></span> <span class='ocrx_word' id='word_1_20' title='bbox 828 591 1069 647; x_wconf 76' lang='lat' dir='ltr'><strong>exanimi</strong></span> <span class='ocrx_word' id='word_1_21' title='bbox 1104 591 1287 647; x_wconf 88' lang='lat' dir='ltr'><strong>crucis</strong></span> <span class='ocrx_word' id='word_1_22' title='bbox 1313 591 1657 663; x_wconf 79' lang='lat' dir='ltr'><strong>signaculum</strong></span> <span class='ocrx_word' id='word_1_23' title='bbox 1688 595 1871 652; x_wconf 84' lang='lat' dir='ltr'><strong>subito</strong></span> <span class='ocrx_word' id='word_1_24' title='bbox 1891 607 2144 654; x_wconf 78' lang='lat' dir='ltr'><strong>exortum</strong></span> 
     </span>
    </p>
   </div>
   <div class='ocr_carea' id='block_1_5' title="bbox 553 680 2146 754">
    <p class='ocr_par' dir='ltr' id='par_1_5' title="bbox 553 680 2146 754">
     <span class='ocr_line' id='line_1_5' title="bbox 553 680 2146 754; baseline 0.003 -15"><span class='ocrx_word' id='word_1_25' title='bbox 553 696 617 739; x_wconf 74' lang='lat' dir='ltr'><strong>se</strong></span> <span class='ocrx_word' id='word_1_26' title='bbox 643 680 867 748; x_wconf 75' lang='lat' dir='ltr'><strong>vidisse,</strong></span> <span class='ocrx_word' id='word_1_27' title='bbox 892 680 1149 751; x_wconf 80' lang='lat' dir='ltr'><strong>ipsasque</strong></span> <span class='ocrx_word' id='word_1_28' title='bbox 1175 680 1296 751; x_wconf 84' lang='lat' dir='ltr'><strong>ejus</strong></span> <span class='ocrx_word' id='word_1_29' title='bbox 1333 681 1594 754; x_wconf 80' lang='lat' dir='ltr'><strong>exequias</strong></span> <span class='ocrx_word' id='word_1_30' title='bbox 1619 683 1949 754; x_wconf 83' lang='lat' dir='ltr'><strong>quibusdam</strong></span> <span class='ocrx_word' id='word_1_31' title='bbox 1978 688 2146 743; x_wconf 54' lang='lat' dir='ltr'><strong>mira.</strong></span> 
     </span>
    </p>
   </div>
   <div class='ocr_carea' id='block_1_6' title="bbox 555 770 1435 829">
    <p class='ocr_par' dir='ltr' id='par_1_6' title="bbox 555 770 1435 829">
     <span class='ocr_line' id='line_1_6' title="bbox 555 770 1435 829; baseline -0.002 0"><span class='ocrx_word' id='word_1_32' title='bbox 555 771 695 829; x_wconf 84' lang='lat' dir='ltr'><strong>culis</strong></span> <span class='ocrx_word' id='word_1_33' title='bbox 721 770 1112 829; x_wconf 72' lang='lat' dir='ltr'><strong>honorifn-atas</strong></span> <span class='ocrx_word' id='word_1_34' title='bbox 1150 770 1322 829; x_wconf 79' lang='lat' dir='ltr'><strong>fuisse</strong></span> <span class='ocrx_word' id='word_1_35' title='bbox 1348 773 1435 827; x_wconf 57' lang='grc'><strong>*⁸.</strong></span> 
     </span>
    </p>
   </div>
   <div class='ocr_carea' id='block_1_7' title="bbox 740 879 2144 952">
    <p class='ocr_par' dir='ltr' id='par_1_7' title="bbox 740 879 2144 952">
     <span class='ocr_line' id='line_1_7' title="bbox 740 879 2144 952; baseline 0.004 -16"><span class='ocrx_word' id='word_1_36' title='bbox 740 882 807 936; x_wconf 78' lang='grc' dir='ltr'><strong>Α.</strong></span> <span class='ocrx_word' id='word_1_37' title='bbox 836 882 934 935; x_wconf 75' lang='lat' dir='ltr'><strong>hoc</strong></span> <span class='ocrx_word' id='word_1_38' title='bbox 960 896 1098 952; x_wconf 83' lang='lat' dir='ltr'><strong>anno</strong></span> <span class='ocrx_word' id='word_1_39' title='bbox 1126 881 1206 935; x_wconf 79' lang='lat' dir='ltr'><strong>ita</strong></span> <span class='ocrx_word' id='word_1_40' title='bbox 1231 895 1248 934; x_wconf 89' lang='lat'><strong><em>:</em></strong></span> <span class='ocrx_word' id='word_1_41' title='bbox 1269 879 1580 952; x_wconf 77' lang='lat' dir='ltr'><strong>Heinricus</strong></span> <span class='ocrx_word' id='word_1_42' title='bbox 1633 892 1917 952; x_wconf 87' lang='lat' dir='ltr'><strong>mperator</strong></span> <span class='ocrx_word' id='word_1_43' title='bbox 1961 886 2144 942; x_wconf 89' lang='lat' dir='ltr'><strong>natale</strong></span> 
     </span>
    </p>
   </div>
   <div class='ocr_carea' id='block_1_8' title="bbox 770 951 2146 1023">
    <p class='ocr_par' dir='ltr' id='par_1_8' title="bbox 770 951 2146 1023">
     <span class='ocr_line' id='line_1_8' title="bbox 770 951 2146 1023; baseline 0.004 -15"><span class='ocrx_word' id='word_1_44' title='bbox 770 952 987 1008; x_wconf 84' lang='lat' dir='ltr'><strong>Domini</strong></span> <span class='ocrx_word' id='word_1_45' title='bbox 1040 951 1329 1023; x_wconf 64' lang='lat' dir='ltr'><strong>Moguntina</strong></span> <span class='ocrx_word' id='word_1_46' title='bbox 1388 952 1642 1023; x_wconf 84' lang='lat' dir='ltr'><strong>plurimis</strong></span> <span class='ocrx_word' id='word_1_47' title='bbox 1695 951 2146 1013; x_wconf 80' lang='lat' dir='ltr'><strong>convenientibus</strong></span> 
     </span>
    </p>
   </div>
   <div class='ocr_carea' id='block_1_9' title="bbox 766 1021 2135 1105">
    <p class='ocr_par' dir='ltr' id='par_1_9' title="bbox 766 1021 2135 1105">
     <span class='ocr_line' id='line_1_9' title="bbox 766 1021 2135 1105; baseline 0.004 -26"><span class='ocrx_word' id='word_1_48' title='bbox 766 1023 1079 1105; x_wconf 77' lang='lat' dir='ltr'><strong>celebravit.</strong></span> <span class='ocrx_word' id='word_1_49' title='bbox 1191 1021 1503 1105; x_wconf 54' lang='lat' dir='ltr'><strong>Egilbertus</strong></span> <span class='ocrx_word' id='word_1_50' title='bbox 1524 1023 1911 1105; x_wconf 41' lang='lat' dir='ltr'><strong>“Trevirorum</strong></span> <span class='ocrx_word' id='word_1_51' title='bbox 1965 1027 2135 1105; x_wconf 76' lang='lat' dir='ltr'><strong>archi-</strong></span> 
     </span>
    </p>
   </div>
   <div class='ocr_carea' id='block_1_10' title="bbox 764 1092 2147 1169">
    <p class='ocr_par' dir='ltr' id='par_1_10' title="bbox 764 1092 2147 1169">
     <span class='ocr_line' id='line_1_10' title="bbox 764 1092 2147 1169; baseline 0.002 -19"><span class='ocrx_word' id='word_1_52' title='bbox 764 1094 1154 1169; x_wconf 29' lang='lat' dir='ltr'><strong>episcopusAet</strong></span> <span class='ocrx_word' id='word_1_53' title='bbox 1191 1092 1479 1169; x_wconf 82' lang='lat' dir='ltr'><strong>Liema_r_us</strong></span> <span class='ocrx_word' id='word_1_54' title='bbox 1520 1093 1835 1169; x_wconf 64' lang='lat' dir='ltr'><strong>Rremensis</strong></span> <span class='ocrx_word' id='word_1_55' title='bbox 1876 1098 2147 1169; x_wconf 76' lang='lat' dir='ltr'><strong>archiepi-</strong></span> 
     </span>
    </p>
   </div>
   <div class='ocr_carea' id='block_1_11' title="bbox 766 1163 2147 1236">
    <p class='ocr_par' dir='ltr' id='par_1_11' title="bbox 766 1163 2147 1236">
     <span class='ocr_line' id='line_1_11' title="bbox 766 1163 2147 1236; baseline 0.002 -15"><span class='ocrx_word' id='word_1_56' title='bbox 766 1163 971 1236; x_wconf 77' lang='lat' dir='ltr'><strong>scopus</strong></span> <span class='ocrx_word' id='word_1_57' title='bbox 995 1164 1268 1236; x_wconf 79' lang='lat' dir='ltr'><strong>obierunt.</strong></span> <span class='ocrx_word' id='word_1_58' title='bbox 1282 1198 1353 1208; x_wconf 89' lang='lat'><strong>—-</strong></span> <span class='ocrx_word' id='word_1_59' title='bbox 1372 1163 1664 1221; x_wconf 89' lang='lat' dir='ltr'><strong>Heinrieus</strong></span> <span class='ocrx_word' id='word_1_60' title='bbox 1683 1181 1869 1222; x_wconf 88' lang='lat' dir='ltr'><strong>comes</strong></span> <span class='ocrx_word' id='word_1_61' title='bbox 1901 1169 1968 1224; x_wconf 89' lang='lat' dir='ltr'><strong>de</strong></span> <span class='ocrx_word' id='word_1_62' title='bbox 1988 1163 2147 1224; x_wconf 80' lang='lat' dir='ltr'><strong>Lint-</strong></span> 
     </span>
    </p>
   </div>
   <div class='ocr_carea' id='block_1_12' title="bbox 764 1235 2147 1307">
    <p class='ocr_par' dir='ltr' id='par_1_12' title="bbox 764 1235 2147 1307">
     <span class='ocr_line' id='line_1_12' title="bbox 764 1235 2147 1307; baseline 0.005 -18"><span class='ocrx_word' id='word_1_63' title='bbox 764 1235 906 1307; x_wconf 81' lang='lat' dir='ltr'><strong>purg</strong></span> <span class='ocrx_word' id='word_1_64' title='bbox 951 1235 1254 1303; x_wconf 80' lang='lat' dir='ltr'><strong>rebellavit,</strong></span> <span class='ocrx_word' id='word_1_65' title='bbox 1309 1236 1405 1307; x_wconf 87' lang='lat' dir='ltr'><strong>sed</strong></span> <span class='ocrx_word' id='word_1_66' title='bbox 1453 1236 1719 1302; x_wconf 89' lang='lat' dir='ltr'><strong>obsessit,</strong></span> <span class='ocrx_word' id='word_1_67' title='bbox 1747 1245 1802 1292; x_wconf 89' lang='lat' dir='ltr'><strong>et</strong></span> <span class='ocrx_word' id='word_1_68' title='bbox 1848 1239 2147 1297; x_wconf 88' lang='lat' dir='ltr'><strong>destructis</strong></span> 
     </span>
    </p>
   </div>
   <div class='ocr_carea' id='block_1_13' title="bbox 763 1306 2147 1381">
    <p class='ocr_par' dir='ltr' id='par_1_13' title="bbox 763 1306 2147 1381">
     <span class='ocr_line' id='line_1_13' title="bbox 763 1306 2147 1381; baseline 0 -16"><span class='ocrx_word' id='word_1_69' title='bbox 763 1307 1006 1381; x_wconf 76' lang='lat' dir='ltr'><strong>castellis</strong></span> <span class='ocrx_word' id='word_1_70' title='bbox 1034 1307 1174 1371; x_wconf 87' lang='lat' dir='ltr'><strong>suis,</strong></span> <span class='ocrx_word' id='word_1_71' title='bbox 1201 1307 1266 1381; x_wconf 88' lang='lat' dir='ltr'><strong>_in</strong></span> <span class='ocrx_word' id='word_1_72' title='bbox 1307 1306 1642 1363; x_wconf 89' lang='lat' dir='ltr'><strong>deditionem</strong></span> <span class='ocrx_word' id='word_1_73' title='bbox 1667 1307 1838 1364; x_wconf 81' lang='lat' dir='ltr'><strong>venit.</strong></span> <span class='ocrx_word' id='word_1_74' title='bbox 1863 1340 1934 1350; x_wconf 96' lang='lat'><strong>—</strong></span> <span class='ocrx_word' id='word_1_75' title='bbox 1953 1309 2044 1365; x_wconf 85' lang='lat' dir='ltr'><strong>Ita</strong></span> <span class='ocrx_word' id='word_1_76' title='bbox 2078 1312 2147 1381; x_wconf 81' lang='lat' dir='ltr'><strong>ﬁ-</strong></span> 
     </span>
    </p>
   </div>
   <div class='ocr_carea' id='block_1_14' title="bbox 767 1377 1261 1448">
    <p class='ocr_par' dir='ltr' id='par_1_14' title="bbox 767 1377 1261 1448">
     <span class='ocr_line' id='line_1_14' title="bbox 767 1377 1261 1448; baseline 0 -16"><span class='ocrx_word' id='word_1_77' title='bbox 767 1378 853 1432; x_wconf 82' lang='lat' dir='ltr'><strong>nis</strong></span> <span class='ocrx_word' id='word_1_78' title='bbox 887 1377 1046 1448; x_wconf 85' lang='lat' dir='ltr'><strong>hujus</strong></span> <span class='ocrx_word' id='word_1_79' title='bbox 1067 1378 1261 1448; x_wconf 83' lang='lat' dir='ltr'><strong>operis.</strong></span> 
     </span>
    </p>
   </div>
   <div class='ocr_carea' id='block_1_15' title="bbox 695 1463 2145 1542">
    <p class='ocr_par' dir='ltr' id='par_1_15' title="bbox 695 1463 2145 1542">
     <span class='ocr_line' id='line_1_15' title="bbox 695 1463 2145 1542; baseline 0.004 -22"><span class='ocrx_word' id='word_1_80' title='bbox 695 1469 738 1491; x_wconf 65' lang='grc' dir='ltr'><strong>’θ</strong></span> <span class='ocrx_word' id='word_1_81' title='bbox 759 1465 1013 1542; x_wconf 72' lang='lat' dir='ltr'><strong>Q._addit</strong></span> <span class='ocrx_word' id='word_1_82' title='bbox 1040 1482 1058 1520; x_wconf 90' lang='lat'><strong><em>:</em></strong></span> <span class='ocrx_word' id='word_1_83' title='bbox 1083 1463 1195 1521; x_wconf 88' lang='lat' dir='ltr'><strong>Nec</strong></span> <span class='ocrx_word' id='word_1_84' title='bbox 1230 1465 1793 1542; x_wconf 36' lang='lat' dir='ltr'><strong>immeritoafl&#39;antnm</strong></span> <span class='ocrx_word' id='word_1_85' title='bbox 1825 1470 2028 1542; x_wconf 87' lang='lat' dir='ltr'><strong>quippe</strong></span> <span class='ocrx_word' id='word_1_86' title='bbox 2057 1471 2145 1526; x_wconf 93' lang='lat' dir='ltr'><strong>in-</strong></span> 
     </span>
    </p>
   </div>
   <div class='ocr_carea' id='block_1_16' title="bbox 762 1537 2150 1612">
    <p class='ocr_par' dir='ltr' id='par_1_16' title="bbox 762 1537 2150 1612">
     <span class='ocr_line' id='line_1_16' title="bbox 762 1537 2150 1612; baseline 0.004 -21"><span class='ocrx_word' id='word_1_87' title='bbox 762 1537 906 1612; x_wconf 75' lang='lat' dir='ltr'><strong>dolis</strong></span> <span class='ocrx_word' id='word_1_88' title='bbox 939 1537 1355 1612; x_wconf 66' lang='lat' dir='ltr'><strong>suae—extitit_</strong></span> <span class='ocrx_word' id='word_1_89' title='bbox 1369 1538 1645 1595; x_wconf 87' lang='lat' dir='ltr'><strong>amabilis.</strong></span> <span class='ocrx_word' id='word_1_90' title='bbox 1683 1537 1859 1596; x_wconf 50' lang='lat' dir='ltr'><strong>Juxta&quot;</strong></span> <span class='ocrx_word' id='word_1_91' title='bbox 1889 1537 2059 1612; x_wconf 72' lang='lat' dir='ltr'><strong>legale</strong></span> <span class='ocrx_word' id='word_1_92' title='bbox 2084 1543 2150 1597; x_wconf 90' lang='lat' dir='ltr'><strong>il-</strong></span> 
     </span>
    </p>
   </div>
   <div class='ocr_carea' id='block_1_17' title="bbox 761 1607 2148 1680">
    <p class='ocr_par' dir='ltr' id='par_1_17' title="bbox 761 1607 2148 1680">
     <span class='ocr_line' id='line_1_17' title="bbox 761 1607 2148 1680; baseline 0.004 -18"><span class='ocrx_word' id='word_1_93' title='bbox 761 1608 854 1663; x_wconf 92' lang='lat' dir='ltr'><strong>lud</strong></span> <span class='ocrx_word' id='word_1_94' title='bbox 880 1617 1199 1680; x_wconf 86' lang='lat' dir='ltr'><strong>preceptum</strong></span> <span class='ocrx_word' id='word_1_95' title='bbox 1226 1626 1239 1661; x_wconf 87' lang='lat'><strong>:</strong></span> <span class='ocrx_word' id='word_1_96' title='bbox 1270 1626 1291 1659; x_wconf 72' lang='grc'><strong>(</strong></span> <span class='ocrx_word' id='word_1_97' title='bbox 1309 1607 1533 1664; x_wconf 84' lang='lat' dir='ltr'><strong>Honora</strong></span> <span class='ocrx_word' id='word_1_98' title='bbox 1547 1619 1757 1680; x_wconf 80' lang='lat' dir='ltr'><strong>patrem</strong></span> <span class='ocrx_word' id='word_1_99' title='bbox 1781 1607 1976 1667; x_wconf 79' lang='lat' dir='ltr'><strong>tnnt</strong></span> <span class='ocrx_word' id='word_1_100' title='bbox 1996 1630 2148 1668; x_wconf 91' lang='lat' dir='ltr'><strong>mur-</strong></span> 
     </span>
    </p>
   </div>
   <div class='ocr_carea' id='block_1_18' title="bbox 766 1679 2150 1750">
    <p class='ocr_par' dir='ltr' id='par_1_18' title="bbox 766 1679 2150 1750">
     <span class='ocr_line' id='line_1_18' title="bbox 766 1679 2150 1750; baseline 0.004 -18"><span class='ocrx_word' id='word_1_101' title='bbox 766 1693 1029 1750; x_wconf 84' lang='lat' dir='ltr'><strong>murque</strong></span> <span class='ocrx_word' id='word_1_102' title='bbox 1067 1679 1315 1750; x_wconf 85' lang='lat' dir='ltr'><strong>plerique</strong></span> <span class='ocrx_word' id='word_1_103' title='bbox 1342 1680 1515 1749; x_wconf 85' lang='lat' dir='ltr'><strong>patris</strong></span> <span class='ocrx_word' id='word_1_104' title='bbox 1543 1679 1630 1738; x_wconf 81' lang='lat' dir='ltr'><strong>sui</strong></span> <span class='ocrx_word' id='word_1_105' title='bbox 1659 1697 1842 1739; x_wconf 86' lang='lat' dir='ltr'><strong>mores</strong></span> <span class='ocrx_word' id='word_1_106' title='bbox 1868 1683 2150 1740; x_wconf 85' lang='lat' dir='ltr'><strong>laniabant</strong></span> 
     </span>
    </p>
   </div>
   <div class='ocr_carea' id='block_1_19' title="bbox 764 1749 2146 1822">
    <p class='ocr_par' dir='ltr' id='par_1_19' title="bbox 764 1749 2146 1822">
     <span class='ocr_line' id='line_1_19' title="bbox 764 1749 2146 1822; baseline 0.006 -19"><span class='ocrx_word' id='word_1_107' title='bbox 764 1749 1286 1819; x_wconf 54' lang='lat' dir='ltr'><strong>quodque—Fcausa</strong></span> <span class='ocrx_word' id='word_1_108' title='bbox 1315 1750 1573 1807; x_wconf 83' lang='lat' dir='ltr'><strong>&#39;extitisse</strong></span> <span class='ocrx_word' id='word_1_109' title='bbox 1617 1762 1862 1822; x_wconf 85' lang='lat' dir='ltr'><strong>putatur,</strong></span> <span class='ocrx_word' id='word_1_110' title='bbox 1915 1754 2146 1812; x_wconf 84' lang='lat' dir='ltr'><strong>auribus</strong></span> 
     </span>
    </p>
   </div>
   <div class='ocr_carea' id='block_1_20' title="bbox 766 1822 1682 1892">
    <p class='ocr_par' dir='ltr' id='par_1_20' title="bbox 766 1822 1682 1892">
     <span class='ocr_line' id='line_1_20' title="bbox 766 1822 1682 1892; baseline 0.004 -18"><span class='ocrx_word' id='word_1_111' title='bbox 766 1849 838 1858; x_wconf 90' lang='lat'><strong>—-</strong></span> <span class='ocrx_word' id='word_1_112' title='bbox 859 1834 1135 1890; x_wconf 81' lang='lat' dir='ltr'><strong>proceres.</strong></span> <span class='ocrx_word' id='word_1_113' title='bbox 1167 1829 1227 1874; x_wconf 85' lang='lat' dir='ltr'><strong>ut</strong></span> <span class='ocrx_word' id='word_1_114' title='bbox 1250 1836 1415 1892; x_wconf 80' lang='lat' dir='ltr'><strong>supra</strong></span> <span class='ocrx_word' id='word_1_115' title='bbox 1437 1839 1489 1877; x_wconf 90' lang='lat' dir='ltr'><strong>a.</strong></span> <span class='ocrx_word' id='word_1_116' title='bbox 1523 1822 1682 1878; x_wconf 84' lang='lat' dir='ltr'><strong>l099.</strong></span> 
     </span>
    </p>
   </div>
   <div class='ocr_carea' id='block_1_21' title="bbox 626 1909 2142 1984">
    <p class='ocr_par' dir='ltr' id='par_1_21' title="bbox 626 1909 2142 1984">
     <span class='ocr_line' id='line_1_21' title="bbox 626 1909 2142 1984; baseline 0.005 -19"><span class='ocrx_word' id='word_1_117' title='bbox 626 1909 825 1967; x_wconf 80' lang='lat' dir='ltr'><strong>Visus&#39;</strong></span> <span class='ocrx_word' id='word_1_118' title='bbox 858 1920 946 1968; x_wconf 86' lang='lat' dir='ltr'><strong>est</strong></span> <span class='ocrx_word' id='word_1_119' title='bbox 985 1927 1018 1968; x_wconf 90' lang='lat' dir='ltr'><strong>a</strong></span> <span class='ocrx_word' id='word_1_120' title='bbox 1054 1920 1248 1969; x_wconf 88' lang='lat' dir='ltr'><strong>nostro</strong></span> <span class='ocrx_word' id='word_1_121' title='bbox 1284 1913 1524 1984; x_wconf 87' lang='lat' dir='ltr'><strong>quodam</strong></span> <span class='ocrx_word' id='word_1_122' title='bbox 1587 1914 1846 1971; x_wconf 81' lang='lat' dir='ltr'><strong>familiari</strong></span> <span class='ocrx_word' id='word_1_123' title='bbox 1883 1916 1953 1971; x_wconf 90' lang='lat' dir='ltr'><strong>ab</strong></span> <span class='ocrx_word' id='word_1_124' title='bbox 1990 1916 2142 1972; x_wconf 88' lang='lat' dir='ltr'><strong>occi-</strong></span> 
     </span>
    </p>
   </div>
   <div class='ocr_carea' id='block_1_22' title="bbox 555 2002 2145 2077">
    <p class='ocr_par' dir='ltr' id='par_1_22' title="bbox 555 2002 2145 2077">
     <span class='ocr_line' id='line_1_22' title="bbox 555 2002 2145 2077; baseline 0.001 -17"><span class='ocrx_word' id='word_1_125' title='bbox 555 2003 717 2060; x_wconf 85' lang='lat' dir='ltr'><strong>dente</strong></span> <span class='ocrx_word' id='word_1_126' title='bbox 743 2002 798 2057; x_wconf 90' lang='lat' dir='ltr'><strong>in</strong></span> <span class='ocrx_word' id='word_1_127' title='bbox 821 2003 1090 2060; x_wconf 83' lang='lat' dir='ltr'><strong>orientem</strong></span> <span class='ocrx_word' id='word_1_128' title='bbox 1116 2003 1312 2060; x_wconf 82' lang='lat' dir='ltr'><strong>volans</strong></span> <span class='ocrx_word' id='word_1_129' title='bbox 1351 2003 1496 2077; x_wconf 90' lang='lat' dir='ltr'><strong>ignis</strong></span> <span class='ocrx_word' id='word_1_130' title='bbox 1521 2006 1589 2061; x_wconf 92' lang='lat' dir='ltr'><strong>ad</strong></span> <span class='ocrx_word' id='word_1_131' title='bbox 1623 2006 1802 2062; x_wconf 86' lang='lat' dir='ltr'><strong>instar</strong></span> <span class='ocrx_word' id='word_1_132' title='bbox 1824 2022 1935 2062; x_wconf 91' lang='lat' dir='ltr'><strong>non</strong></span> <span class='ocrx_word' id='word_1_133' title='bbox 1967 2008 2145 2064; x_wconf 88' lang='lat' dir='ltr'><strong>modi-</strong></span> 
     </span>
    </p>
   </div>
   <div class='ocr_carea' id='block_1_23' title="bbox 555 2095 2145 2173">
    <p class='ocr_par' dir='ltr' id='par_1_23' title="bbox 555 2095 2145 2173">
     <span class='ocr_line' id='line_1_23' title="bbox 555 2095 2145 2173; baseline 0.004 -23"><span class='ocrx_word' id='word_1_134' title='bbox 555 2111 635 2151; x_wconf 68' lang='lat' dir='ltr'><strong>ca:</strong></span> <span class='ocrx_word' id='word_1_135' title='bbox 671 2097 928 2153; x_wconf 90' lang='lat' dir='ltr'><strong>civitatis.</strong></span> <span class='ocrx_word' id='word_1_136' title='bbox 948 2095 1471 2153; x_wconf 82' lang='lat' dir='ltr'><strong>—Vermiculorum</strong></span> <span class='ocrx_word' id='word_1_137' title='bbox 1512 2114 1756 2170; x_wconf 87' lang='lat' dir='ltr'><strong>quoque,</strong></span> <span class='ocrx_word' id='word_1_138' title='bbox 1805 2115 1944 2170; x_wconf 87' lang='lat' dir='ltr'><strong>quos</strong></span> <span class='ocrx_word' id='word_1_139' title='bbox 1991 2102 2145 2173; x_wconf 88' lang='lat' dir='ltr'><strong>papi-</strong></span> 
     </span>
    </p>
   </div>
   <div class='ocr_carea' id='block_1_24' title="bbox 553 2188 2146 2259">
    <p class='ocr_par' dir='ltr' id='par_1_24' title="bbox 553 2188 2146 2259">
     <span class='ocr_line' id='line_1_24' title="bbox 553 2188 2146 2259; baseline 0.004 -17"><span class='ocrx_word' id='word_1_140' title='bbox 553 2189 731 2245; x_wconf 89' lang='lat' dir='ltr'><strong>liones</strong></span> <span class='ocrx_word' id='word_1_141' title='bbox 764 2205 795 2245; x_wconf 92' lang='lat' dir='ltr'><strong>a</strong></span> <span class='ocrx_word' id='word_1_142' title='bbox 833 2188 1192 2245; x_wconf 83' lang='lat' dir='ltr'><strong>similitudine</strong></span> <span class='ocrx_word' id='word_1_143' title='bbox 1223 2190 1706 2246; x_wconf 84' lang='lat' dir='ltr'><strong>tabernaculorum</strong></span> <span class='ocrx_word' id='word_1_144' title='bbox 1736 2201 1955 2259; x_wconf 86' lang='lat' dir='ltr'><strong>vocant,</strong></span> <span class='ocrx_word' id='word_1_145' title='bbox 1990 2208 2146 2249; x_wconf 78' lang='lat' dir='ltr'><strong>exer-</strong></span> 
     </span>
    </p>
   </div>
   <div class='ocr_carea' id='block_1_25' title="bbox 555 2282 2146 2354">
    <p class='ocr_par' dir='ltr' id='par_1_25' title="bbox 555 2282 2146 2354">
     <span class='ocr_line' id='line_1_25' title="bbox 555 2282 2146 2354; baseline 0.003 -15"><span class='ocrx_word' id='word_1_146' title='bbox 555 2284 699 2340; x_wconf 85' lang='lat' dir='ltr'><strong>citus</strong></span> <span class='ocrx_word' id='word_1_147' title='bbox 746 2282 1082 2351; x_wconf 87' lang='lat' dir='ltr'><strong>incredibilis</strong></span> <span class='ocrx_word' id='word_1_148' title='bbox 1126 2283 1496 2352; x_wconf 81' lang='lat' dir='ltr'><strong>multitudinis</strong></span> <span class='ocrx_word' id='word_1_149' title='bbox 1547 2299 1646 2354; x_wconf 90' lang='lat' dir='ltr'><strong>per</strong></span> <span class='ocrx_word' id='word_1_150' title='bbox 1694 2293 1804 2341; x_wconf 89' lang='lat' dir='ltr'><strong>tres</strong></span> <span class='ocrx_word' id='word_1_151' title='bbox 1854 2286 2146 2343; x_wconf 88' lang='lat' dir='ltr'><strong>continuos</strong></span> 
     </span>
    </p>
   </div>
   <div class='ocr_carea' id='block_1_26' title="bbox 554 2371 2147 2448">
    <p class='ocr_par' dir='ltr' id='par_1_26' title="bbox 554 2371 2147 2448">
     <span class='ocr_line' id='line_1_26' title="bbox 554 2371 2147 2448; baseline 0.001 -16"><span class='ocrx_word' id='word_1_152' title='bbox 554 2376 673 2432; x_wconf 88' lang='lat' dir='ltr'><strong>dies</strong></span> <span class='ocrx_word' id='word_1_153' title='bbox 706 2375 865 2448; x_wconf 85' lang='lat' dir='ltr'><strong>quasi</strong></span> <span class='ocrx_word' id='word_1_154' title='bbox 911 2391 942 2445; x_wconf 84' lang='lat' dir='ltr'><strong>a</strong></span> <span class='ocrx_word' id='word_1_155' title='bbox 995 2375 1251 2431; x_wconf 69' lang='lat' dir='ltr'><strong>Saxoniaa</strong></span> <span class='ocrx_word' id='word_1_156' title='bbox 1309 2371 1512 2448; x_wconf 74' lang='lat' dir='ltr'><strong>finibus</strong></span> <span class='ocrx_word' id='word_1_157' title='bbox 1547 2377 1601 2431; x_wconf 92' lang='lat' dir='ltr'><strong>in</strong></span> <span class='ocrx_word' id='word_1_158' title='bbox 1642 2376 1953 2448; x_wconf 89' lang='lat' dir='ltr'><strong>Bajoariam</strong></span> <span class='ocrx_word' id='word_1_159' title='bbox 1997 2379 2147 2434; x_wconf 90' lang='lat' dir='ltr'><strong>vola-</strong></span> 
     </span>
    </p>
   </div>
   <div class='ocr_carea' id='block_1_27' title="bbox 556 2467 2147 2541">
    <p class='ocr_par' dir='ltr' id='par_1_27' title="bbox 556 2467 2147 2541">
     <span class='ocr_line' id='line_1_27' title="bbox 556 2467 2147 2541; baseline 0.002 -19"><span class='ocrx_word' id='word_1_160' title='bbox 556 2469 731 2523; x_wconf 83' lang='lat' dir='ltr'><strong>bat“.</strong></span> <span class='ocrx_word' id='word_1_161' title='bbox 756 2498 825 2507; x_wconf 95' lang='lat'><strong>—</strong></span> <span class='ocrx_word' id='word_1_162' title='bbox 858 2467 983 2538; x_wconf 82' lang='lat' dir='ltr'><strong>Mox</strong></span> <span class='ocrx_word' id='word_1_163' title='bbox 1041 2467 1311 2539; x_wconf 80' lang='lat' dir='ltr'><strong>profectio</strong></span> <span class='ocrx_word' id='word_1_164' title='bbox 1367 2468 1636 2539; x_wconf 89' lang='lat' dir='ltr'><strong>populosa</strong></span> <span class='ocrx_word' id='word_1_165' title='bbox 1663 2512 1677 2536; x_wconf 93' lang='lat'><strong>,</strong></span> <span class='ocrx_word' id='word_1_166' title='bbox 1727 2477 1783 2524; x_wconf 91' lang='lat' dir='ltr'><strong>et</strong></span> <span class='ocrx_word' id='word_1_167' title='bbox 1829 2485 1952 2541; x_wconf 69' lang='lat' dir='ltr'><strong>quae</strong></span> <span class='ocrx_word' id='word_1_168' title='bbox 2009 2485 2147 2541; x_wconf 90' lang='lat' dir='ltr'><strong>pene</strong></span> 
     </span>
    </p>
   </div>
   <div class='ocr_carea' id='block_1_28' title="bbox 554 2560 2144 2632">
    <p class='ocr_par' dir='ltr' id='par_1_28' title="bbox 554 2560 2144 2632">
     <span class='ocr_line' id='line_1_28' title="bbox 554 2560 2144 2632; baseline 0.001 -18"><span class='ocrx_word' id='word_1_169' title='bbox 554 2560 720 2631; x_wconf 87' lang='lat' dir='ltr'><strong>priori</strong></span> <span class='ocrx_word' id='word_1_170' title='bbox 745 2568 932 2630; x_wconf 84' lang='lat' dir='ltr'><strong>posset</strong></span> <span class='ocrx_word' id='word_1_171' title='bbox 954 2576 1188 2616; x_wconf 88' lang='lat' dir='ltr'><strong>numero</strong></span> <span class='ocrx_word' id='word_1_172' title='bbox 1214 2560 1502 2630; x_wconf 74' lang='lat' dir='ltr'><strong>dumtaxat</strong></span> <span class='ocrx_word' id='word_1_173' title='bbox 1520 2560 1747 2630; x_wconf 63' lang='lat' dir='ltr'><strong>aequari,</strong></span> <span class='ocrx_word' id='word_1_174' title='bbox 1771 2560 2144 2632; x_wconf 83' lang='lat' dir='ltr'><strong>subsequitur,</strong></span> 
     </span>
    </p>
   </div>
   <div class='ocr_carea' id='block_1_29' title="bbox 505 2651 2145 2724">
    <p class='ocr_par' dir='ltr' id='par_1_29' title="bbox 505 2651 2145 2724">
     <span class='ocr_line' id='line_1_29' title="bbox 505 2651 2145 2724; baseline 0.001 -17"><span class='ocrx_word' id='word_1_175' title='bbox 505 2660 507 2663; x_wconf 85' lang='lat'>‘</span> <span class='ocrx_word' id='word_1_176' title='bbox 555 2667 678 2722; x_wconf 71' lang='lat' dir='ltr'><strong>quse</strong></span> <span class='ocrx_word' id='word_1_177' title='bbox 710 2660 837 2722; x_wconf 87' lang='lat' dir='ltr'><strong>post</strong></span> <span class='ocrx_word' id='word_1_178' title='bbox 869 2652 1086 2709; x_wconf 89' lang='lat' dir='ltr'><strong>auditas</strong></span> <span class='ocrx_word' id='word_1_179' title='bbox 1127 2653 1271 2708; x_wconf 88' lang='lat' dir='ltr'><strong>ultra</strong></span> <span class='ocrx_word' id='word_1_180' title='bbox 1304 2668 1455 2724; x_wconf 90' lang='lat' dir='ltr'><strong>spem</strong></span> <span class='ocrx_word' id='word_1_181' title='bbox 1491 2668 1580 2709; x_wconf 91' lang='lat' dir='ltr'><strong>res</strong></span> <span class='ocrx_word' id='word_1_182' title='bbox 1605 2651 1982 2709; x_wconf 66' lang='lat' dir='ltr'><strong>Hierosolima:</strong></span> <span class='ocrx_word' id='word_1_183' title='bbox 2016 2667 2145 2724; x_wconf 87' lang='lat' dir='ltr'><strong>pro-</strong></span> 
     </span>
    </p>
   </div>
   <div class='ocr_carea' id='block_1_30' title="bbox 557 2745 2144 2818">
    <p class='ocr_par' dir='ltr' id='par_1_30' title="bbox 557 2745 2144 2818">
     <span class='ocr_line' id='line_1_30' title="bbox 557 2745 2144 2818; baseline 0.003 -20"><span class='ocrx_word' id='word_1_184' title='bbox 557 2760 718 2814; x_wconf 87' lang='lat' dir='ltr'><strong>spere</strong></span> <span class='ocrx_word' id='word_1_185' title='bbox 743 2754 946 2816; x_wconf 82' lang='lat' dir='ltr'><strong>gestas,</strong></span> <span class='ocrx_word' id='word_1_186' title='bbox 975 2759 1007 2800; x_wconf 91' lang='lat' dir='ltr'><strong>a</strong></span> <span class='ocrx_word' id='word_1_187' title='bbox 1045 2745 1283 2801; x_wconf 86' lang='lat' dir='ltr'><strong>residuis</strong></span> <span class='ocrx_word' id='word_1_188' title='bbox 1324 2746 1495 2802; x_wconf 89' lang='lat' dir='ltr'><strong>totius</strong></span> <span class='ocrx_word' id='word_1_189' title='bbox 1524 2745 1826 2802; x_wconf 91' lang='lat' dir='ltr'><strong>occidentis</strong></span> <span class='ocrx_word' id='word_1_190' title='bbox 1869 2747 2144 2818; x_wconf 80' lang='lat' dir='ltr'><strong>gentibus,</strong></span> 
     </span>
    </p>
   </div>
   <div class='ocr_carea' id='block_1_31' title="bbox 555 2837 2149 2913">
    <p class='ocr_par' dir='ltr' id='par_1_31' title="bbox 555 2837 2149 2913">
     <span class='ocr_line' id='line_1_31' title="bbox 555 2837 2149 2913; baseline 0.002 -22"><span class='ocrx_word' id='word_1_191' title='bbox 555 2837 793 2893; x_wconf 82' lang='lat' dir='ltr'><strong>maxime</strong></span> <span class='ocrx_word' id='word_1_192' title='bbox 838 2837 908 2911; x_wconf 90' lang='lat' dir='ltr'><strong>ab</strong></span> <span class='ocrx_word' id='word_1_193' title='bbox 943 2837 1032 2893; x_wconf 90' lang='lat' dir='ltr'><strong>his</strong></span> <span class='ocrx_word' id='word_1_194' title='bbox 1069 2854 1306 2913; x_wconf 90' lang='lat' dir='ltr'><strong>quorum</strong></span> <span class='ocrx_word' id='word_1_195' title='bbox 1331 2839 1486 2909; x_wconf 87' lang='lat' dir='ltr'><strong>prius</strong></span> <span class='ocrx_word' id='word_1_196' title='bbox 1519 2839 1663 2895; x_wconf 86' lang='lat' dir='ltr'><strong>votis</strong></span> <span class='ocrx_word' id='word_1_197' title='bbox 1696 2839 1860 2894; x_wconf 89' lang='lat' dir='ltr'><strong>timor</strong></span> <span class='ocrx_word' id='word_1_198' title='bbox 1885 2839 1972 2894; x_wconf 89' lang='lat' dir='ltr'><strong>vel</strong></span> <span class='ocrx_word' id='word_1_199' title='bbox 2008 2838 2149 2895; x_wconf 80' lang='lat' dir='ltr'><strong>ditii-</strong></span> 
     </span>
    </p>
   </div>
   <div class='ocr_carea' id='block_1_32' title="bbox 556 2916 2149 3003">
    <p class='ocr_par' dir='ltr' id='par_1_32' title="bbox 556 2916 2149 3003">
     <span class='ocr_line' id='line_1_32' title="bbox 556 2916 2149 3003; baseline 0.001 -19"><span class='ocrx_word' id='word_1_200' title='bbox 556 2929 763 2999; x_wconf 77' lang='lat' dir='ltr'><strong>dentia,</strong></span> <span class='ocrx_word' id='word_1_201' title='bbox 786 2929 969 3002; x_wconf 83' lang='lat' dir='ltr'><strong>inopia</strong></span> <span class='ocrx_word' id='word_1_202' title='bbox 998 2916 1103 2987; x_wconf 8' lang='lat' dir='ltr'><strong>vel}</strong></span> <span class='ocrx_word' id='word_1_203' title='bbox 1120 2930 1450 2987; x_wconf 88' lang='lat' dir='ltr'><strong>inbecillitas</strong></span> <span class='ocrx_word' id='word_1_204' title='bbox 1470 2931 1818 2999; x_wconf 87' lang='lat' dir='ltr'><strong>obstiterant,</strong></span> <span class='ocrx_word' id='word_1_205' title='bbox 1849 2931 2031 2988; x_wconf 91' lang='lat' dir='ltr'><strong>denuo</strong></span> <span class='ocrx_word' id='word_1_206' title='bbox 2051 2948 2149 3003; x_wconf 86' lang='lat' dir='ltr'><strong>pa-</strong></span> 
     </span>
    </p>
   </div>
   <div class='ocr_carea' id='block_1_33' title="bbox 555 3022 2146 3095">
    <p class='ocr_par' dir='ltr' id='par_1_33' title="bbox 555 3022 2146 3095">
     <span class='ocr_line' id='line_1_33' title="bbox 555 3022 2146 3095; baseline 0.001 -17"><span class='ocrx_word' id='word_1_207' title='bbox 555 3022 783 3078; x_wconf 88' lang='lat' dir='ltr'><strong>rabatur</strong></span> <span class='ocrx_word' id='word_1_208' title='bbox 819 3025 910 3091; x_wconf 51' lang='lat' dir='ltr'><strong>“i;</strong></span> <span class='ocrx_word' id='word_1_209' title='bbox 975 3022 1214 3093; x_wconf 91' lang='lat' dir='ltr'><strong>primum</strong></span> <span class='ocrx_word' id='word_1_210' title='bbox 1267 3023 1338 3080; x_wconf 90' lang='lat' dir='ltr'><strong>ab</strong></span> <span class='ocrx_word' id='word_1_211' title='bbox 1396 3023 1672 3095; x_wconf 86' lang='lat' dir='ltr'><strong>episc0pis</strong></span> <span class='ocrx_word' id='word_1_212' title='bbox 1718 3022 2108 3082; x_wconf 79' lang='lat' dir='ltr'><strong>Mediolanensi</strong></span> <span class='ocrx_word' id='word_1_213' title='bbox 2129 3066 2146 3093; x_wconf 93' lang='lat'><strong>,</strong></span> 
     </span>
    </p>
   </div>
   <div class='ocr_carea' id='block_1_34' title="bbox 556 3112 2150 3188">
    <p class='ocr_par' dir='ltr' id='par_1_34' title="bbox 556 3112 2150 3188">
     <span class='ocr_line' id='line_1_34' title="bbox 556 3112 2150 3188; baseline 0.003 -20"><span class='ocrx_word' id='word_1_214' title='bbox 556 3112 811 3184; x_wconf 87' lang='lat' dir='ltr'><strong>Papieusi</strong></span> <span class='ocrx_word' id='word_1_215' title='bbox 844 3115 1168 3186; x_wconf 61' lang='lat' dir='ltr'><strong>ceterisque</strong></span> <span class='ocrx_word' id='word_1_216' title='bbox 1194 3115 1684 3188; x_wconf 84' lang='lat' dir='ltr'><strong>Longobardorum</strong></span> <span class='ocrx_word' id='word_1_217' title='bbox 1707 3117 1924 3188; x_wconf 88' lang='lat' dir='ltr'><strong>populis</strong></span> <span class='ocrx_word' id='word_1_218' title='bbox 1963 3118 2032 3173; x_wconf 89' lang='lat' dir='ltr'><strong>ad</strong></span> <span class='ocrx_word' id='word_1_219' title='bbox 2079 3116 2150 3173; x_wconf 83' lang='grc'>50</span> 
     </span>
    </p>
   </div>
   <div class='ocr_carea' id='block_1_35' title="bbox 2248 604 3743 691">
    <p class='ocr_par' dir='ltr' id='par_1_35' title="bbox 2248 604 3743 691">
     <span class='ocr_line' id='line_1_35' title="bbox 2248 604 3743 691; baseline 0.013 -33"><span class='ocrx_word' id='word_1_220' title='bbox 2248 604 2531 661; x_wconf 86' lang='lat' dir='ltr'><strong>nominata</strong></span> <span class='ocrx_word' id='word_1_221' title='bbox 2569 622 2696 664; x_wconf 88' lang='lat' dir='ltr'><strong>cum</strong></span> <span class='ocrx_word' id='word_1_222' title='bbox 2746 617 2929 665; x_wconf 90' lang='lat' dir='ltr'><strong>turma</strong></span> <span class='ocrx_word' id='word_1_223' title='bbox 2980 609 3252 669; x_wconf 82' lang='lat' dir='ltr'><strong>Welfonis</strong></span> <span class='ocrx_word' id='word_1_224' title='bbox 3285 613 3436 671; x_wconf 90' lang='lat' dir='ltr'><strong>ducis</strong></span> <span class='ocrx_word' id='word_1_225' title='bbox 3469 619 3743 691; x_wconf 71' lang='lat' dir='ltr'><strong>exercituque</strong></span> 
     </span>
    </p>
   </div>
   <div class='ocr_carea' id='block_1_36' title="bbox 2244 697 3746 776">
    <p class='ocr_par' dir='ltr' id='par_1_36' title="bbox 2244 697 3746 776">
     <span class='ocr_line' id='line_1_36' title="bbox 2244 697 3746 776; baseline 0.011 -23"><span class='ocrx_word' id='word_1_226' title='bbox 2244 697 2587 769; x_wconf 86' lang='lat' dir='ltr'><strong>Willihelmi,</strong></span> <span class='ocrx_word' id='word_1_227' title='bbox 2641 701 2876 763; x_wconf 79' lang='lat' dir='ltr'><strong>diversis</strong></span> <span class='ocrx_word' id='word_1_228' title='bbox 2913 719 3134 776; x_wconf 88' lang='lat' dir='ltr'><strong>quoque</strong></span> <span class='ocrx_word' id='word_1_229' title='bbox 3178 706 3378 763; x_wconf 85' lang='lat' dir='ltr'><strong>cotidie</strong></span> <span class='ocrx_word' id='word_1_230' title='bbox 3427 708 3746 770; x_wconf 68' lang='lat' dir='ltr'><strong>conﬂuentibus</strong></span> 
     </span>
    </p>
   </div>
   <div class='ocr_carea' id='block_1_37' title="bbox 2246 792 3746 873">
    <p class='ocr_par' dir='ltr' id='par_1_37' title="bbox 2246 792 3746 873">
     <span class='ocr_line' id='line_1_37' title="bbox 2246 792 3746 873; baseline 0.009 -27"><span class='ocrx_word' id='word_1_231' title='bbox 2246 792 2442 862; x_wconf 89' lang='lat' dir='ltr'><strong>copiis,</strong></span> <span class='ocrx_word' id='word_1_232' title='bbox 2496 809 2591 863; x_wconf 86' lang='lat' dir='ltr'><strong>per</strong></span> <span class='ocrx_word' id='word_1_233' title='bbox 2639 793 2760 851; x_wconf 89' lang='lat' dir='ltr'><strong>dies</strong></span> <span class='ocrx_word' id='word_1_234' title='bbox 2810 796 2878 851; x_wconf 85' lang='lat' dir='ltr'><strong>l5</strong></span> <span class='ocrx_word' id='word_1_235' title='bbox 2915 796 2984 852; x_wconf 91' lang='lat' dir='ltr'><strong>ad</strong></span> <span class='ocrx_word' id='word_1_236' title='bbox 3028 796 3239 852; x_wconf 83' lang='grc'>100000</span> <span class='ocrx_word' id='word_1_237' title='bbox 3274 803 3746 873; x_wconf 74' lang='lat' dir='ltr'><strong>eongregabamur.£</strong></span> 
     </span>
    </p>
   </div>
   <div class='ocr_carea' id='block_1_38' title="bbox 2247 883 3751 966">
    <p class='ocr_par' dir='ltr' id='par_1_38' title="bbox 2247 883 3751 966">
     <span class='ocr_line' id='line_1_38' title="bbox 2247 883 3751 966; baseline 0.011 -31"><span class='ocrx_word' id='word_1_238' title='bbox 2247 883 2451 953; x_wconf 84' lang='lat' dir='ltr'><strong>quibus</strong></span> <span class='ocrx_word' id='word_1_239' title='bbox 2496 885 2754 942; x_wconf 91' lang='lat' dir='ltr'><strong>omnibus</strong></span> <span class='ocrx_word' id='word_1_240' title='bbox 2806 887 3147 959; x_wconf 85' lang='lat' dir='ltr'><strong>singularum</strong></span> <span class='ocrx_word' id='word_1_241' title='bbox 3206 898 3503 946; x_wconf 84' lang='lat' dir='ltr'><strong>turmarum</strong></span> <span class='ocrx_word' id='word_1_242' title='bbox 3544 893 3751 966; x_wconf 76' lang='lat' dir='ltr'><strong>principes</strong></span> 
     </span>
    </p>
   </div>
   <div class='ocr_carea' id='block_1_39' title="bbox 2246 974 3749 1052">
    <p class='ocr_par' dir='ltr' id='par_1_39' title="bbox 2246 974 3749 1052">
     <span class='ocr_line' id='line_1_39' title="bbox 2246 974 3749 1052; baseline 0.01 -24"><span class='ocrx_word' id='word_1_243' title='bbox 2246 974 2471 1031; x_wconf 82' lang='lat' dir='ltr'><strong>Alexius</strong></span> <span class='ocrx_word' id='word_1_244' title='bbox 2498 991 2651 1033; x_wconf 91' lang='lat' dir='ltr'><strong>more</strong></span> <span class='ocrx_word' id='word_1_245' title='bbox 2693 993 2797 1034; x_wconf 89' lang='lat' dir='ltr'><strong>suo</strong></span> <span class='ocrx_word' id='word_1_246' title='bbox 2836 979 2940 1035; x_wconf 88' lang='lat' dir='ltr'><strong>sub</strong></span> <span class='ocrx_word' id='word_1_247' title='bbox 2976 981 3339 1052; x_wconf 83' lang='lat' dir='ltr'><strong>appellatione</strong></span> <span class='ocrx_word' id='word_1_248' title='bbox 3363 983 3582 1039; x_wconf 76' lang='lat' dir='ltr'><strong>filiorum</strong></span> <span class='ocrx_word' id='word_1_249' title='bbox 3613 1002 3749 1043; x_wconf 75' lang='lat' dir='ltr'><strong>susce-</strong></span> 
     </span>
    </p>
   </div>
   <div class='ocr_carea' id='block_1_40' title="bbox 2245 1069 3752 1148">
    <p class='ocr_par' dir='ltr' id='par_1_40' title="bbox 2245 1069 3752 1148">
     <span class='ocr_line' id='line_1_40' title="bbox 2245 1069 3752 1148; baseline 0.007 -26"><span class='ocrx_word' id='word_1_250' title='bbox 2245 1069 2348 1138; x_wconf 88' lang='lat' dir='ltr'><strong>pit,</strong></span> <span class='ocrx_word' id='word_1_251' title='bbox 2374 1069 2694 1142; x_wconf 89' lang='lat' dir='ltr'><strong>eisdemque</strong></span> <span class='ocrx_word' id='word_1_252' title='bbox 2719 1080 2844 1144; x_wconf 87' lang='lat' dir='ltr'><strong>post</strong></span> <span class='ocrx_word' id='word_1_253' title='bbox 2875 1088 3074 1129; x_wconf 89' lang='lat' dir='ltr'><strong>manus</strong></span> <span class='ocrx_word' id='word_1_254' title='bbox 3105 1083 3361 1144; x_wconf 84' lang='lat' dir='ltr'><strong>acceptas</strong></span> <span class='ocrx_word' id='word_1_255' title='bbox 3388 1087 3752 1148; x_wconf 80' lang='lat' dir='ltr'><strong>sacramcntaque</strong></span> 
     </span>
    </p>
   </div>
   <div class='ocr_carea' id='block_1_41' title="bbox 2249 1161 3751 1236">
    <p class='ocr_par' dir='ltr' id='par_1_41' title="bbox 2249 1161 3751 1236">
     <span class='ocr_line' id='line_1_41' title="bbox 2249 1161 3751 1236; baseline 0.006 -20"><span class='ocrx_word' id='word_1_256' title='bbox 2249 1161 2485 1230; x_wconf 75' lang='lat' dir='ltr'><strong>armata,</strong></span> <span class='ocrx_word' id='word_1_257' title='bbox 2534 1164 2697 1220; x_wconf 90' lang='lat' dir='ltr'><strong>sicuti</strong></span> <span class='ocrx_word' id='word_1_258' title='bbox 2745 1165 3025 1236; x_wconf 90' lang='lat' dir='ltr'><strong>prioribus</strong></span> <span class='ocrx_word' id='word_1_259' title='bbox 3052 1168 3413 1235; x_wconf 76' lang='lat' dir='ltr'><strong>exercitibus,</strong></span> <span class='ocrx_word' id='word_1_260' title='bbox 3448 1185 3645 1225; x_wconf 84' lang='lat' dir='ltr'><strong>munera</strong></span> <span class='ocrx_word' id='word_1_261' title='bbox 3676 1171 3751 1225; x_wconf 60' lang='lat' dir='ltr'><strong>dis</strong></span> 
     </span>
    </p>
   </div>
   <div class='ocr_carea' id='block_1_42' title="bbox 2250 1258 3754 1330">
    <p class='ocr_par' dir='ltr' id='par_1_42' title="bbox 2250 1258 3754 1330">
     <span class='ocr_line' id='line_1_42' title="bbox 2250 1258 3754 1330; baseline 0.003 -18"><span class='ocrx_word' id='word_1_262' title='bbox 2250 1258 2491 1327; x_wconf 89' lang='lat' dir='ltr'><strong>pertivit,</strong></span> <span class='ocrx_word' id='word_1_263' title='bbox 2531 1260 2867 1330; x_wconf 87' lang='lat' dir='ltr'><strong>pauperibus</strong></span> <span class='ocrx_word' id='word_1_264' title='bbox 2899 1275 3031 1315; x_wconf 89' lang='lat' dir='ltr'><strong>vero</strong></span> <span class='ocrx_word' id='word_1_265' title='bbox 3072 1270 3227 1317; x_wconf 77' lang='lat' dir='ltr'><strong>extra</strong></span> <span class='ocrx_word' id='word_1_266' title='bbox 3261 1261 3531 1317; x_wconf 82' lang='lat' dir='ltr'><strong>civitatem</strong></span> <span class='ocrx_word' id='word_1_267' title='bbox 3567 1262 3754 1317; x_wconf 77' lang='lat' dir='ltr'><strong>elemosi-</strong></span> 
     </span>
    </p>
   </div>
   <div class='ocr_carea' id='block_1_43' title="bbox 2248 1350 3829 1427">
    <p class='ocr_par' dir='ltr' id='par_1_43' title="bbox 2248 1350 3829 1427">
     <span class='ocr_line' id='line_1_43' title="bbox 2248 1350 3829 1427; baseline 0.002 -19"><span class='ocrx_word' id='word_1_268' title='bbox 2248 1369 2376 1409; x_wconf 90' lang='lat' dir='ltr'><strong>nam</strong></span> <span class='ocrx_word' id='word_1_269' title='bbox 2408 1352 2598 1425; x_wconf 84' lang='lat' dir='ltr'><strong>largiri</strong></span> <span class='ocrx_word' id='word_1_270' title='bbox 2627 1361 3042 1425; x_wconf 87' lang='lat' dir='ltr'><strong>mercatumque</strong></span> <span class='ocrx_word' id='word_1_271' title='bbox 3067 1355 3249 1425; x_wconf 86' lang='lat' dir='ltr'><strong>parari</strong></span> <span class='ocrx_word' id='word_1_272' title='bbox 3277 1356 3537 1427; x_wconf 87' lang='lat' dir='ltr'><strong>preeepit.</strong></span> <span class='ocrx_word' id='word_1_273' title='bbox 3561 1354 3753 1411; x_wconf 67' lang='lat' dir='ltr'><strong>Namat-</strong></span> <span class='ocrx_word' id='word_1_274' title='bbox 3828 1350 3829 1353; x_wconf 49' lang='grc'><em>“</em></span> 
     </span>
    </p>
   </div>
   <div class='ocr_carea' id='block_1_44' title="bbox 2248 1428 3829 1518">
    <p class='ocr_par' dir='ltr' id='par_1_44' title="bbox 2248 1428 3829 1518">
     <span class='ocr_line' id='line_1_44' title="bbox 2248 1428 3829 1518; baseline 0.004 -17"><span class='ocrx_word' id='word_1_275' title='bbox 2248 1446 2477 1502; x_wconf 88' lang='lat' dir='ltr'><strong>sistente</strong></span> <span class='ocrx_word' id='word_1_276' title='bbox 2517 1443 2852 1516; x_wconf 88' lang='lat' dir='ltr'><strong>suspicione,</strong></span> <span class='ocrx_word' id='word_1_277' title='bbox 2896 1446 3250 1517; x_wconf 88' lang='lat' dir='ltr'><strong>paucissimis</strong></span> <span class='ocrx_word' id='word_1_278' title='bbox 3283 1447 3551 1518; x_wconf 82' lang='lat' dir='ltr'><strong>personis,</strong></span> <span class='ocrx_word' id='word_1_279' title='bbox 3585 1456 3631 1502; x_wconf 86' lang='lat' dir='ltr'><strong>et</strong></span> <span class='ocrx_word' id='word_1_280' title='bbox 3667 1447 3757 1517; x_wconf 76' lang='lat' dir='ltr'><strong>ipsis</strong></span> <span class='ocrx_word' id='word_1_281' title='bbox 3828 1428 3829 1507; x_wconf 30' lang='grc' dir='ltr'><strong>ἶ</strong></span> 
     </span>
    </p>
   </div>
   <div class='ocr_carea' id='block_1_45' title="bbox 2245 1537 3759 1610">
    <p class='ocr_par' dir='ltr' id='par_1_45' title="bbox 2245 1537 3759 1610">
     <span class='ocr_line' id='line_1_45' title="bbox 2245 1537 3759 1610; baseline 0 -15"><span class='ocrx_word' id='word_1_282' title='bbox 2245 1539 2431 1610; x_wconf 88' lang='lat' dir='ltr'><strong>precio</strong></span> <span class='ocrx_word' id='word_1_283' title='bbox 2474 1537 2796 1609; x_wconf 84' lang='lat' dir='ltr'><strong>furtimque,</strong></span> <span class='ocrx_word' id='word_1_284' title='bbox 2842 1539 3170 1610; x_wconf 88' lang='lat' dir='ltr'><strong>cujusquam</strong></span> <span class='ocrx_word' id='word_1_285' title='bbox 3210 1539 3368 1595; x_wconf 89' lang='lat' dir='ltr'><strong>urbis</strong></span> <span class='ocrx_word' id='word_1_286' title='bbox 3400 1540 3483 1595; x_wconf 84' lang='lat' dir='ltr'><strong>vel</strong></span> <span class='ocrx_word' id='word_1_287' title='bbox 3514 1539 3654 1595; x_wconf 83' lang='lat' dir='ltr'><strong>castri</strong></span> <span class='ocrx_word' id='word_1_288' title='bbox 3683 1540 3759 1595; x_wconf 71' lang='lat' dir='ltr'><strong>sint</strong></span> 
     </span>
    </p>
   </div>
   <div class='ocr_carea' id='block_1_46' title="bbox 2248 1630 3758 1703">
    <p class='ocr_par' dir='ltr' id='par_1_46' title="bbox 2248 1630 3758 1703">
     <span class='ocr_line' id='line_1_46' title="bbox 2248 1630 3758 1703; baseline -0.001 -16"><span class='ocrx_word' id='word_1_289' title='bbox 2248 1631 2576 1688; x_wconf 88' lang='lat' dir='ltr'><strong>munitionis</strong></span> <span class='ocrx_word' id='word_1_290' title='bbox 2602 1646 2699 1703; x_wconf 89' lang='lat' dir='ltr'><strong>per</strong></span> <span class='ocrx_word' id='word_1_291' title='bbox 2727 1639 2904 1687; x_wconf 91' lang='lat' dir='ltr'><strong>totum</strong></span> <span class='ocrx_word' id='word_1_292' title='bbox 2949 1630 3242 1702; x_wconf 88' lang='lat' dir='ltr'><strong>imperium</strong></span> <span class='ocrx_word' id='word_1_293' title='bbox 3269 1631 3398 1702; x_wconf 80' lang='lat' dir='ltr'><strong>ejus</strong></span> <span class='ocrx_word' id='word_1_294' title='bbox 3431 1631 3758 1702; x_wconf 70' lang='lat' dir='ltr'><strong>permittebatur</strong></span> 
     </span>
    </p>
   </div>
   <div class='ocr_carea' id='block_1_47' title="bbox 2247 1723 3757 1796">
    <p class='ocr_par' dir='ltr' id='par_1_47' title="bbox 2247 1723 3757 1796">
     <span class='ocr_line' id='line_1_47' title="bbox 2247 1723 3757 1796; baseline -0.001 -17"><span class='ocrx_word' id='word_1_295' title='bbox 2247 1725 2551 1796; x_wconf 87' lang='lat' dir='ltr'><strong>ingressus.</strong></span> <span class='ocrx_word' id='word_1_296' title='bbox 2584 1723 2702 1792; x_wconf 87' lang='lat' dir='ltr'><strong>Qua</strong></span> <span class='ocrx_word' id='word_1_297' title='bbox 2738 1723 2904 1780; x_wconf 88' lang='lat' dir='ltr'><strong>etiam</strong></span> <span class='ocrx_word' id='word_1_298' title='bbox 2925 1739 3090 1780; x_wconf 87' lang='lat' dir='ltr'><strong>causa</strong></span> <span class='ocrx_word' id='word_1_299' title='bbox 3131 1724 3264 1779; x_wconf 91' lang='lat' dir='ltr'><strong>dum</strong></span> <span class='ocrx_word' id='word_1_300' title='bbox 3306 1723 3649 1779; x_wconf 84' lang='lat' dir='ltr'><strong>Willihelmus</strong></span> <span class='ocrx_word' id='word_1_301' title='bbox 3673 1740 3757 1778; x_wconf 78' lang='lat' dir='ltr'><strong>cun</strong></span> 
     </span>
    </p>
   </div>
   <div class='ocr_carea' id='block_1_48' title="bbox 2248 1810 3829 1889">
    <p class='ocr_par' dir='ltr' id='par_1_48' title="bbox 2248 1810 3829 1889">
     <span class='ocr_line' id='line_1_48' title="bbox 2248 1810 3829 1889; baseline -0.003 -16"><span class='ocrx_word' id='word_1_302' title='bbox 2248 1818 2491 1874; x_wconf 76' lang='lat' dir='ltr'><strong>exercitu</strong></span> <span class='ocrx_word' id='word_1_303' title='bbox 2520 1832 2618 1889; x_wconf 90' lang='lat' dir='ltr'><strong>per</strong></span> <span class='ocrx_word' id='word_1_304' title='bbox 2640 1817 2877 1874; x_wconf 90' lang='lat' dir='ltr'><strong>mediam</strong></span> <span class='ocrx_word' id='word_1_305' title='bbox 2897 1815 3337 1889; x_wconf 80' lang='lat' dir='ltr'><strong>Adrianopolim,</strong></span> <span class='ocrx_word' id='word_1_306' title='bbox 3364 1833 3475 1889; x_wconf 85' lang='lat' dir='ltr'><strong>qua</strong></span> <span class='ocrx_word' id='word_1_307' title='bbox 3501 1816 3628 1889; x_wconf 81' lang='lat' dir='ltr'><strong>regia</strong></span> <span class='ocrx_word' id='word_1_308' title='bbox 3645 1824 3760 1871; x_wconf 72' lang='lat' dir='ltr'><strong>strata</strong></span> 
     </span>
    </p>
   </div>
   <div class='ocr_carea' id='block_1_49' title="bbox 2248 1907 3762 1989">
    <p class='ocr_par' dir='ltr' id='par_1_49' title="bbox 2248 1907 3762 1989">
     <span class='ocr_line' id='line_1_49' title="bbox 2248 1907 3762 1989; baseline -0.003 -24"><span class='ocrx_word' id='word_1_309' title='bbox 2248 1910 2421 1978; x_wconf 87' lang='lat' dir='ltr'><strong>ducit,</strong></span> <span class='ocrx_word' id='word_1_310' title='bbox 2456 1910 2693 1989; x_wconf 86' lang='lat' dir='ltr'><strong>transire</strong></span> <span class='ocrx_word' id='word_1_311' title='bbox 2727 1910 3134 1981; x_wconf 85' lang='lat' dir='ltr'><strong>prohiberetur,</strong></span> <span class='ocrx_word' id='word_1_312' title='bbox 3163 1909 3434 1981; x_wconf 82' lang='lat' dir='ltr'><strong>Aquitani</strong></span> <span class='ocrx_word' id='word_1_313' title='bbox 3461 1926 3577 1965; x_wconf 79' lang='lat' dir='ltr'><strong>mox</strong></span> <span class='ocrx_word' id='word_1_314' title='bbox 3606 1907 3762 1980; x_wconf 75' lang='lat' dir='ltr'><strong>genitali</strong></span> 
     </span>
    </p>
   </div>
   <div class='ocr_carea' id='block_1_50' title="bbox 2250 2005 3762 2073">
    <p class='ocr_par' dir='ltr' id='par_1_50' title="bbox 2250 2005 3762 2073">
     <span class='ocr_line' id='line_1_50' title="bbox 2250 2005 3762 2073; baseline -0.004 -9"><span class='ocrx_word' id='word_1_315' title='bbox 2250 2018 2620 2066; x_wconf 88' lang='lat' dir='ltr'><strong>tumescentes</strong></span> <span class='ocrx_word' id='word_1_316' title='bbox 2662 2006 2829 2073; x_wconf 76' lang='lat' dir='ltr'><strong>fastu,</strong></span> <span class='ocrx_word' id='word_1_317' title='bbox 2865 2006 3097 2063; x_wconf 90' lang='lat' dir='ltr'><strong>simbola</strong></span> <span class='ocrx_word' id='word_1_318' title='bbox 3124 2007 3499 2073; x_wconf 84' lang='lat' dir='ltr'><strong>conclamant,</strong></span> <span class='ocrx_word' id='word_1_319' title='bbox 3527 2005 3762 2061; x_wconf 74' lang='lat' dir='ltr'><strong>suburbana</strong></span> 
     </span>
    </p>
   </div>
   <div class='ocr_carea' id='block_1_51' title="bbox 2250 2097 3763 2169">
    <p class='ocr_par' dir='ltr' id='par_1_51' title="bbox 2250 2097 3763 2169">
     <span class='ocr_line' id='line_1_51' title="bbox 2250 2097 3763 2169; baseline -0.004 -12"><span class='ocrx_word' id='word_1_320' title='bbox 2250 2099 2610 2166; x_wconf 83' lang='lat' dir='ltr'><strong>succendunt,</strong></span> <span class='ocrx_word' id='word_1_321' title='bbox 2636 2098 2915 2155; x_wconf 90' lang='lat' dir='ltr'><strong>civitatem</strong></span> <span class='ocrx_word' id='word_1_322' title='bbox 2946 2097 3231 2166; x_wconf 88' lang='lat' dir='ltr'><strong>invadunt,</strong></span> <span class='ocrx_word' id='word_1_323' title='bbox 3262 2097 3431 2169; x_wconf 85' lang='lat' dir='ltr'><strong>cujus</strong></span> <span class='ocrx_word' id='word_1_324' title='bbox 3459 2098 3763 2169; x_wconf 75' lang='lat' dir='ltr'><strong>oppugth</strong></span> 
     </span>
    </p>
   </div>
   <div class='ocr_carea' id='block_1_52' title="bbox 2248 2187 3763 2255">
    <p class='ocr_par' dir='ltr' id='par_1_52' title="bbox 2248 2187 3763 2255">
     <span class='ocr_line' id='line_1_52' title="bbox 2248 2187 3763 2255; baseline -0.005 -8"><span class='ocrx_word' id='word_1_325' title='bbox 2248 2191 2381 2247; x_wconf 91' lang='lat' dir='ltr'><strong>dum</strong></span> <span class='ocrx_word' id='word_1_326' title='bbox 2407 2190 2609 2246; x_wconf 85' lang='lat' dir='ltr'><strong>acriter</strong></span> <span class='ocrx_word' id='word_1_327' title='bbox 2636 2189 2924 2255; x_wconf 90' lang='lat' dir='ltr'><strong>insistunt,</strong></span> <span class='ocrx_word' id='word_1_328' title='bbox 2947 2187 3371 2244; x_wconf 86' lang='lat' dir='ltr'><strong>Pincinatorum</strong></span> <span class='ocrx_word' id='word_1_329' title='bbox 3399 2188 3685 2251; x_wconf 82' lang='lat' dir='ltr'><strong>exercitum,</strong></span> <span class='ocrx_word' id='word_1_330' title='bbox 3704 2188 3763 2255; x_wconf 72' lang='lat' dir='ltr'><strong>qui</strong></span> 
     </span>
    </p>
   </div>
   <div class='ocr_carea' id='block_1_53' title="bbox 2251 2280 3766 2354">
    <p class='ocr_par' dir='ltr' id='par_1_53' title="bbox 2251 2280 3766 2354">
     <span class='ocr_line' id='line_1_53' title="bbox 2251 2280 3766 2354; baseline -0.003 -14"><span class='ocrx_word' id='word_1_331' title='bbox 2251 2299 2486 2354; x_wconf 87' lang='lat' dir='ltr'><strong>semper,</strong></span> <span class='ocrx_word' id='word_1_332' title='bbox 2521 2292 2582 2339; x_wconf 91' lang='lat' dir='ltr'><strong>ut</strong></span> <span class='ocrx_word' id='word_1_333' title='bbox 2600 2284 2929 2354; x_wconf 89' lang='lat' dir='ltr'><strong>premissum</strong></span> <span class='ocrx_word' id='word_1_334' title='bbox 2957 2289 3063 2350; x_wconf 90' lang='lat' dir='ltr'><strong>est,</strong></span> <span class='ocrx_word' id='word_1_335' title='bbox 3092 2283 3195 2337; x_wconf 87' lang='lat' dir='ltr'><strong>iter</strong></span> <span class='ocrx_word' id='word_1_336' title='bbox 3226 2281 3413 2354; x_wconf 90' lang='lat' dir='ltr'><strong>ipsum</strong></span> <span class='ocrx_word' id='word_1_337' title='bbox 3438 2282 3589 2354; x_wconf 84' lang='lat' dir='ltr'><strong>jussu</strong></span> <span class='ocrx_word' id='word_1_338' title='bbox 3613 2280 3766 2338; x_wconf 67' lang='lat' dir='ltr'><strong>uesani</strong></span> 
     </span>
    </p>
   </div>
   <div class='ocr_carea' id='block_1_54' title="bbox 2250 2372 3764 2448">
    <p class='ocr_par' dir='ltr' id='par_1_54' title="bbox 2250 2372 3764 2448">
     <span class='ocr_line' id='line_1_54' title="bbox 2250 2372 3764 2448; baseline -0.001 -16"><span class='ocrx_word' id='word_1_339' title='bbox 2250 2376 2526 2443; x_wconf 88' lang='lat' dir='ltr'><strong>observat,</strong></span> <span class='ocrx_word' id='word_1_340' title='bbox 2573 2392 2605 2432; x_wconf 93' lang='lat' dir='ltr'><strong>a</strong></span> <span class='ocrx_word' id='word_1_341' title='bbox 2651 2384 2806 2448; x_wconf 89' lang='lat' dir='ltr'><strong>tergo</strong></span> <span class='ocrx_word' id='word_1_342' title='bbox 2870 2375 3208 2446; x_wconf 84' lang='lat' dir='ltr'><strong>suscipiunt;</strong></span> <span class='ocrx_word' id='word_1_343' title='bbox 3262 2374 3475 2446; x_wconf 86' lang='lat' dir='ltr'><strong>quibus</strong></span> <span class='ocrx_word' id='word_1_344' title='bbox 3528 2372 3764 2444; x_wconf 48' lang='lat' dir='ltr'><strong>congress.</strong></span> 
     </span>
    </p>
   </div>
   <div class='ocr_carea' id='block_1_55' title="bbox 2251 2460 3767 2534">
    <p class='ocr_par' dir='ltr' id='par_1_55' title="bbox 2251 2460 3767 2534">
     <span class='ocr_line' id='line_1_55' title="bbox 2251 2460 3767 2534; baseline -0.006 -11"><span class='ocrx_word' id='word_1_345' title='bbox 2251 2468 2455 2523; x_wconf 91' lang='lat' dir='ltr'><strong>multos</strong></span> <span class='ocrx_word' id='word_1_346' title='bbox 2483 2475 2756 2534; x_wconf 89' lang='lat' dir='ltr'><strong>sternunt,</strong></span> <span class='ocrx_word' id='word_1_347' title='bbox 2797 2467 2999 2522; x_wconf 81' lang='lat' dir='ltr'><strong>multos</strong></span> <span class='ocrx_word' id='word_1_348' title='bbox 3029 2464 3315 2532; x_wconf 90' lang='lat' dir='ltr'><strong>amittunt,</strong></span> <span class='ocrx_word' id='word_1_349' title='bbox 3358 2463 3575 2520; x_wconf 87' lang='lat' dir='ltr'><strong>tandem</strong></span> <span class='ocrx_word' id='word_1_350' title='bbox 3612 2460 3678 2516; x_wconf 77' lang='lat' dir='ltr'><strong>ria</strong></span> <span class='ocrx_word' id='word_1_351' title='bbox 3704 2460 3767 2514; x_wconf 69' lang='grc' dir='ltr'><strong>ἐι·</strong></span> 
     </span>
    </p>
   </div>
   <div class='ocr_carea' id='block_1_56' title="bbox 2251 2556 3768 2630">
    <p class='ocr_par' dir='ltr' id='par_1_56' title="bbox 2251 2556 3768 2630">
     <span class='ocr_line' id='line_1_56' title="bbox 2251 2556 3768 2630; baseline -0.007 -14"><span class='ocrx_word' id='word_1_352' title='bbox 2251 2560 2382 2616; x_wconf 93' lang='lat' dir='ltr'><strong>dum</strong></span> <span class='ocrx_word' id='word_1_353' title='bbox 2425 2566 2736 2630; x_wconf 89' lang='lat' dir='ltr'><strong>contempta</strong></span> <span class='ocrx_word' id='word_1_354' title='bbox 2779 2557 3006 2613; x_wconf 84' lang='lat' dir='ltr'><strong>vadunt.</strong></span> <span class='ocrx_word' id='word_1_355' title='bbox 3036 2556 3210 2629; x_wconf 81' lang='lat' dir='ltr'><strong>Igitur</strong></span> <span class='ocrx_word' id='word_1_356' title='bbox 3238 2565 3397 2612; x_wconf 90' lang='lat' dir='ltr'><strong>totus</strong></span> <span class='ocrx_word' id='word_1_357' title='bbox 3433 2556 3522 2610; x_wconf 90' lang='lat' dir='ltr'><strong>ille</strong></span> <span class='ocrx_word' id='word_1_358' title='bbox 3553 2562 3768 2619; x_wconf 61' lang='lat' dir='ltr'><strong>tantusque</strong></span> 
     </span>
    </p>
   </div>
   <div class='ocr_carea' id='block_1_57' title="bbox 2252 2646 3769 2725">
    <p class='ocr_par' dir='ltr' id='par_1_57' title="bbox 2252 2646 3769 2725">
     <span class='ocr_line' id='line_1_57' title="bbox 2252 2646 3769 2725; baseline -0.008 -16"><span class='ocrx_word' id='word_1_359' title='bbox 2252 2652 2489 2725; x_wconf 88' lang='lat' dir='ltr'><strong>populus</strong></span> <span class='ocrx_word' id='word_1_360' title='bbox 2524 2668 2623 2723; x_wconf 88' lang='lat' dir='ltr'><strong>per</strong></span> <span class='ocrx_word' id='word_1_361' title='bbox 2650 2649 2975 2706; x_wconf 78' lang='lat' dir='ltr'><strong>Romaniam</strong></span> <span class='ocrx_word' id='word_1_362' title='bbox 2998 2649 3102 2706; x_wconf 87' lang='lat' dir='ltr'><strong>iter</strong></span> <span class='ocrx_word' id='word_1_363' title='bbox 3123 2649 3366 2722; x_wconf 73' lang='lat' dir='ltr'><strong>dirigere</strong></span> <span class='ocrx_word' id='word_1_364' title='bbox 3385 2646 3769 2719; x_wconf 57' lang='lat' dir='ltr'><strong>disponebat.»</strong></span> 
     </span>
    </p>
   </div>
   <div class='ocr_carea' id='block_1_58' title="bbox 2253 2735 3768 2815">
    <p class='ocr_par' dir='ltr' id='par_1_58' title="bbox 2253 2735 3768 2815">
     <span class='ocr_line' id='line_1_58' title="bbox 2253 2735 3768 2815; baseline -0.009 -13"><span class='ocrx_word' id='word_1_365' title='bbox 2253 2744 2491 2802; x_wconf 88' lang='lat' dir='ltr'><strong>eessaria</strong></span> <span class='ocrx_word' id='word_1_366' title='bbox 2520 2743 2625 2800; x_wconf 90' lang='lat' dir='ltr'><strong>sibi</strong></span> <span class='ocrx_word' id='word_1_367' title='bbox 2669 2742 2903 2815; x_wconf 86' lang='lat' dir='ltr'><strong>quisque</strong></span> <span class='ocrx_word' id='word_1_368' title='bbox 2941 2758 3042 2813; x_wconf 89' lang='lat' dir='ltr'><strong>per</strong></span> <span class='ocrx_word' id='word_1_369' title='bbox 3081 2741 3301 2798; x_wconf 87' lang='lat' dir='ltr'><strong>deserta</strong></span> <span class='ocrx_word' id='word_1_370' title='bbox 3338 2740 3637 2803; x_wconf 82' lang='lat' dir='ltr'><strong>coemebat;</strong></span> <span class='ocrx_word' id='word_1_371' title='bbox 3675 2735 3768 2788; x_wconf 73' lang='lat' dir='ltr'><strong>ultra</strong></span> 
     </span>
    </p>
   </div>
   <div class='ocr_carea' id='block_1_59' title="bbox 2253 2829 3770 2905">
    <p class='ocr_par' dir='ltr' id='par_1_59' title="bbox 2253 2829 3770 2905">
     <span class='ocr_line' id='line_1_59' title="bbox 2253 2829 3770 2905; baseline -0.011 -11"><span class='ocrx_word' id='word_1_372' title='bbox 2253 2836 2539 2894; x_wconf 84' lang='lat' dir='ltr'><strong>brachium</strong></span> <span class='ocrx_word' id='word_1_373' title='bbox 2561 2835 2695 2890; x_wconf 90' lang='lat' dir='ltr'><strong>illud</strong></span> <span class='ocrx_word' id='word_1_374' title='bbox 2716 2834 2887 2890; x_wconf 91' lang='lat' dir='ltr'><strong>maris</strong></span> <span class='ocrx_word' id='word_1_375' title='bbox 2907 2833 3054 2905; x_wconf 89' lang='lat' dir='ltr'><strong>quod</strong></span> <span class='ocrx_word' id='word_1_376' title='bbox 3071 2831 3260 2889; x_wconf 89' lang='lat' dir='ltr'><strong>Sancti</strong></span> <span class='ocrx_word' id='word_1_377' title='bbox 3279 2831 3506 2904; x_wconf 86' lang='lat' dir='ltr'><strong>Georgii</strong></span> <span class='ocrx_word' id='word_1_378' title='bbox 3524 2829 3690 2884; x_wconf 81' lang='lat' dir='ltr'><strong>dicitur</strong></span> <span class='ocrx_word' id='word_1_379' title='bbox 3699 2836 3770 2879; x_wconf 74' lang='lat' dir='ltr'><strong>tam</strong></span> 
     </span>
    </p>
   </div>
   <div class='ocr_carea' id='block_1_60' title="bbox 2254 2918 3771 2999">
    <p class='ocr_par' dir='ltr' id='par_1_60' title="bbox 2254 2918 3771 2999">
     <span class='ocr_line' id='line_1_60' title="bbox 2254 2918 3771 2999; baseline -0.008 -15"><span class='ocrx_word' id='word_1_380' title='bbox 2254 2928 2525 2999; x_wconf 86' lang='lat' dir='ltr'><strong>compulsi</strong></span> <span class='ocrx_word' id='word_1_381' title='bbox 2556 2942 2724 2999; x_wconf 88' lang='lat' dir='ltr'><strong>quam</strong></span> <span class='ocrx_word' id='word_1_382' title='bbox 2767 2924 3062 2981; x_wconf 89' lang='lat' dir='ltr'><strong>voluntarii</strong></span> <span class='ocrx_word' id='word_1_383' title='bbox 3106 2924 3543 2989; x_wconf 84' lang='lat' dir='ltr'><strong>transvebimur,</strong></span> <span class='ocrx_word' id='word_1_384' title='bbox 3579 2921 3657 2977; x_wconf 80' lang='lat' dir='ltr'><strong>sed</strong></span> <span class='ocrx_word' id='word_1_385' title='bbox 3683 2918 3771 2972; x_wconf 75' lang='lat' dir='ltr'><strong>coti-</strong></span> 
     </span>
    </p>
   </div>
   <div class='ocr_carea' id='block_1_61' title="bbox 2254 3008 3770 3090">
    <p class='ocr_par' dir='ltr' id='par_1_61' title="bbox 2254 3008 3770 3090">
     <span class='ocr_line' id='line_1_61' title="bbox 2254 3008 3770 3090; baseline -0.007 -15"><span class='ocrx_word' id='word_1_386' title='bbox 2254 3018 2403 3076; x_wconf 89' lang='lat' dir='ltr'><strong>diani</strong></span> <span class='ocrx_word' id='word_1_387' title='bbox 2442 3018 2753 3090; x_wconf 89' lang='lat' dir='ltr'><strong>principum</strong></span> <span class='ocrx_word' id='word_1_388' title='bbox 2800 3024 3126 3084; x_wconf 89' lang='lat' dir='ltr'><strong>conventus,</strong></span> <span class='ocrx_word' id='word_1_389' title='bbox 3171 3014 3462 3072; x_wconf 84' lang='lat' dir='ltr'><strong>cotidiana</strong></span> <span class='ocrx_word' id='word_1_390' title='bbox 3501 3012 3649 3069; x_wconf 83' lang='lat' dir='ltr'><strong>etiam</strong></span> <span class='ocrx_word' id='word_1_391' title='bbox 3672 3008 3770 3077; x_wconf 71' lang='lat' dir='ltr'><strong>ipse-</strong></span> 
     </span>
    </p>
   </div>
   <div class='ocr_carea' id='block_1_62' title="bbox 2254 3098 3772 3181">
    <p class='ocr_par' dir='ltr' id='par_1_62' title="bbox 2254 3098 3772 3181">
     <span class='ocr_line' id='line_1_62' title="bbox 2254 3098 3772 3181; baseline -0.01 -13"><span class='ocrx_word' id='word_1_392' title='bbox 2254 3128 2380 3168; x_wconf 89' lang='lat' dir='ltr'><strong>rum</strong></span> <span class='ocrx_word' id='word_1_393' title='bbox 2415 3127 2543 3168; x_wconf 89' lang='lat' dir='ltr'><strong>cum</strong></span> <span class='ocrx_word' id='word_1_394' title='bbox 2568 3111 2899 3181; x_wconf 88' lang='lat' dir='ltr'><strong>imperatore</strong></span> <span class='ocrx_word' id='word_1_395' title='bbox 2917 3107 3193 3180; x_wconf 91' lang='lat' dir='ltr'><strong>colloquia</strong></span> <span class='ocrx_word' id='word_1_396' title='bbox 3227 3123 3401 3179; x_wconf 88' lang='lat' dir='ltr'><strong>quem</strong></span> <span class='ocrx_word' id='word_1_397' title='bbox 3434 3106 3589 3162; x_wconf 79' lang='lat' dir='ltr'><strong>ﬁnem</strong></span> <span class='ocrx_word' id='word_1_398' title='bbox 3607 3102 3693 3158; x_wconf 85' lang='lat' dir='ltr'><strong>sint</strong></span> <span class='ocrx_word' id='word_1_399' title='bbox 3712 3098 3772 3151; x_wconf 52' lang='grc' dir='ltr'><strong>θ</strong></span> 
     </span>
    </p>
   </div>
   <div class='ocr_carea' id='block_1_63' title="bbox 560 3188 3772 3283">
    <p class='ocr_par' dir='ltr' id='par_1_63' title="bbox 560 3188 3772 3283">
     <span class='ocr_line' id='line_1_63' title="bbox 560 3188 3772 3283; baseline -0.002 -24"><span class='ocrx_word' id='word_1_400' title='bbox 560 3206 710 3261; x_wconf 91' lang='lat' dir='ltr'><strong>milia</strong></span> <span class='ocrx_word' id='word_1_401' title='bbox 759 3207 1012 3277; x_wconf 85' lang='lat' dir='ltr'><strong>signatis,</strong></span> <span class='ocrx_word' id='word_1_402' title='bbox 1050 3208 1248 3264; x_wconf 88' lang='lat' dir='ltr'><strong>deinde</strong></span> <span class='ocrx_word' id='word_1_403' title='bbox 1282 3224 1310 3263; x_wconf 91' lang='lat' dir='ltr'><strong>a</strong></span> <span class='ocrx_word' id='word_1_404' title='bbox 1367 3208 1710 3263; x_wconf 89' lang='lat' dir='ltr'><strong>diversarum</strong></span> <span class='ocrx_word' id='word_1_405' title='bbox 1745 3209 2150 3280; x_wconf 85' lang='lat' dir='ltr'><strong>provinciarum</strong></span> <span class='ocrx_word' id='word_1_406' title='bbox 2179 3220 2227 3283; x_wconf 76' lang='grc' dir='ltr'>ο</span> <span class='ocrx_word' id='word_1_407' title='bbox 2255 3203 2457 3269; x_wconf 87' lang='lat' dir='ltr'><strong>bitura,</strong></span> <span class='ocrx_word' id='word_1_408' title='bbox 2501 3200 2723 3273; x_wconf 87' lang='lat' dir='ltr'><strong>penduli</strong></span> <span class='ocrx_word' id='word_1_409' title='bbox 2770 3199 2937 3256; x_wconf 91' lang='lat' dir='ltr'><strong>nimis</strong></span> <span class='ocrx_word' id='word_1_410' title='bbox 2978 3200 3286 3270; x_wconf 89' lang='lat' dir='ltr'><strong>operimur.</strong></span> <span class='ocrx_word' id='word_1_411' title='bbox 3339 3195 3453 3253; x_wconf 86' lang='lat' dir='ltr'><strong>Sed</strong></span> <span class='ocrx_word' id='word_1_412' title='bbox 3498 3209 3615 3251; x_wconf 76' lang='lat' dir='ltr'><strong>ecce</strong></span> <span class='ocrx_word' id='word_1_413' title='bbox 3645 3188 3772 3246; x_wconf 59' lang='lat' dir='ltr'><strong>sum</strong></span> 
     </span>
    </p>
   </div>
   <div class='ocr_carea' id='block_1_64' title="bbox 557 3295 2155 3371">
    <p class='ocr_par' dir='ltr' id='par_1_64' title="bbox 557 3295 2155 3371">
     <span class='ocr_line' id='line_1_64' title="bbox 557 3295 2155 3371; baseline 0.006 -22"><span class='ocrx_word' id='word_1_414' title='bbox 557 3295 947 3371; x_wconf 83' lang='lat' dir='ltr'><strong>Theutonieis,</strong></span> <span class='ocrx_word' id='word_1_415' title='bbox 963 3307 1246 3369; x_wconf 90' lang='lat' dir='ltr'><strong>postremo</strong></span> <span class='ocrx_word' id='word_1_416' title='bbox 1265 3299 1333 3355; x_wconf 91' lang='lat' dir='ltr'><strong>ab</strong></span> <span class='ocrx_word' id='word_1_417' title='bbox 1354 3297 1721 3370; x_wconf 85' lang='lat' dir='ltr'><strong>Aquitanicis,</strong></span> <span class='ocrx_word' id='word_1_418' title='bbox 1746 3300 1950 3371; x_wconf 90' lang='lat' dir='ltr'><strong>quibus</strong></span> <span class='ocrx_word' id='word_1_419' title='bbox 1981 3301 2155 3358; x_wconf 84' lang='lat' dir='ltr'><strong>Willi-</strong></span> 
     </span>
    </p>
   </div>
   <div class='ocr_carea' id='block_1_65' title="bbox 554 3386 2155 3463">
    <p class='ocr_par' dir='ltr' id='par_1_65' title="bbox 554 3386 2155 3463">
     <span class='ocr_line' id='line_1_65' title="bbox 554 3386 2155 3463; baseline 0.005 -22"><span class='ocrx_word' id='word_1_420' title='bbox 554 3388 779 3454; x_wconf 79' lang='lat' dir='ltr'><strong>helmus</strong></span> <span class='ocrx_word' id='word_1_421' title='bbox 801 3386 1164 3451; x_wconf 83' lang='lat' dir='ltr'><strong>Pictaviensis</strong></span> <span class='ocrx_word' id='word_1_422' title='bbox 1186 3398 1421 3462; x_wconf 88' lang='lat' dir='ltr'><strong>preerat,</strong></span> <span class='ocrx_word' id='word_1_423' title='bbox 1446 3400 1629 3463; x_wconf 89' lang='lat' dir='ltr'><strong>preter</strong></span> <span class='ocrx_word' id='word_1_424' title='bbox 1649 3391 1846 3463; x_wconf 80' lang='lat' dir='ltr'><strong>vulgus</strong></span> <span class='ocrx_word' id='word_1_425' title='bbox 1880 3394 1947 3448; x_wconf 91' lang='lat' dir='ltr'><strong>ad</strong></span> <span class='ocrx_word' id='word_1_426' title='bbox 1977 3392 2155 3449; x_wconf 80' lang='grc'>50000</span> 
     </span>
    </p>
   </div>
   <div class='ocr_carea' id='block_1_66' title="bbox 557 3477 2157 3553">
    <p class='ocr_par' dir='ltr' id='par_1_66' title="bbox 557 3477 2157 3553">
     <span class='ocr_line' id='line_1_66' title="bbox 557 3477 2157 3553; baseline 0.004 -21"><span class='ocrx_word' id='word_1_427' title='bbox 557 3477 823 3534; x_wconf 88' lang='lat' dir='ltr'><strong>loricatis.</strong></span> <span class='ocrx_word' id='word_1_428' title='bbox 877 3477 1365 3552; x_wconf 85' lang='lat' dir='ltr'><strong>Lougohardorum</strong></span> <span class='ocrx_word' id='word_1_429' title='bbox 1415 3480 1620 3551; x_wconf 90' lang='lat' dir='ltr'><strong>plebes,</strong></span> <span class='ocrx_word' id='word_1_430' title='bbox 1672 3482 1943 3553; x_wconf 90' lang='lat' dir='ltr'><strong>permissu</strong></span> <span class='ocrx_word' id='word_1_431' title='bbox 1990 3480 2157 3538; x_wconf 84' lang='lat' dir='ltr'><strong>Hein-</strong></span> 
     </span>
    </p>
   </div>
   <div class='ocr_carea' id='block_1_67' title="bbox 563 3570 2156 3646">
    <p class='ocr_par' dir='ltr' id='par_1_67' title="bbox 563 3570 2156 3646">
     <span class='ocr_line' id='line_1_67' title="bbox 563 3570 2156 3646; baseline 0.005 -23"><span class='ocrx_word' id='word_1_432' title='bbox 563 3570 664 3625; x_wconf 87' lang='lat' dir='ltr'><strong>rici</strong></span> <span class='ocrx_word' id='word_1_433' title='bbox 697 3570 791 3602; x_wconf 62' lang='lat'><strong>“&quot;3</strong></span> <span class='ocrx_word' id='word_1_434' title='bbox 813 3570 970 3643; x_wconf 84' lang='lat' dir='ltr'><strong>ducis</strong></span> <span class='ocrx_word' id='word_1_435' title='bbox 991 3570 1275 3626; x_wconf 86' lang='lat' dir='ltr'><strong>Carinthia</strong></span> <span class='ocrx_word' id='word_1_436' title='bbox 1305 3579 1603 3642; x_wconf 89' lang='lat' dir='ltr'><strong>permeata,</strong></span> <span class='ocrx_word' id='word_1_437' title='bbox 1628 3571 1759 3627; x_wconf 91' lang='lat' dir='ltr'><strong>dum</strong></span> <span class='ocrx_word' id='word_1_438' title='bbox 1788 3581 1913 3643; x_wconf 91' lang='lat' dir='ltr'><strong>post</strong></span> <span class='ocrx_word' id='word_1_439' title='bbox 1941 3571 2156 3646; x_wconf 83' lang='lat' dir='ltr'><strong>Ungros</strong></span> 
     </span>
    </p>
   </div>
   <div class='ocr_carea' id='block_1_68' title="bbox 558 3662 2155 3735">
    <p class='ocr_par' dir='ltr' id='par_1_68' title="bbox 558 3662 2155 3735">
     <span class='ocr_line' id='line_1_68' title="bbox 558 3662 2155 3735; baseline 0.001 -17"><span class='ocrx_word' id='word_1_440' title='bbox 558 3671 713 3734; x_wconf 82' lang='lat' dir='ltr'><strong>tergo</strong></span> <span class='ocrx_word' id='word_1_441' title='bbox 742 3663 964 3719; x_wconf 84' lang='lat' dir='ltr'><strong>relictos</strong></span> <span class='ocrx_word' id='word_1_442' title='bbox 1003 3663 1060 3719; x_wconf 89' lang='lat' dir='ltr'><strong>in</strong></span> <span class='ocrx_word' id='word_1_443' title='bbox 1089 3662 1369 3735; x_wconf 69' lang='lat' dir='ltr'><strong>Burgariae</strong></span> <span class='ocrx_word' id='word_1_444' title='bbox 1401 3663 1553 3735; x_wconf 76' lang='lat'><strong>(295)</strong></span> <span class='ocrx_word' id='word_1_445' title='bbox 1598 3662 1914 3720; x_wconf 90' lang='lat' dir='ltr'><strong>civitatibus</strong></span> <span class='ocrx_word' id='word_1_446' title='bbox 1946 3664 2155 3720; x_wconf 87' lang='lat' dir='ltr'><strong>hiema-</strong></span> 
     </span>
    </p>
   </div>
   <div class='ocr_carea' id='block_1_69' title="bbox 558 3756 2154 3829">
    <p class='ocr_par' dir='ltr' id='par_1_69' title="bbox 558 3756 2154 3829">
     <span class='ocr_line' id='line_1_69' title="bbox 558 3756 2154 3829; baseline 0.002 -19"><span class='ocrx_word' id='word_1_447' title='bbox 558 3762 706 3822; x_wconf 81' lang='lat' dir='ltr'><strong>‘rent,</strong></span> <span class='ocrx_word' id='word_1_448' title='bbox 732 3770 962 3827; x_wconf 86' lang='lat' dir='ltr'><strong>numero</strong></span> <span class='ocrx_word' id='word_1_449' title='bbox 990 3771 1269 3812; x_wconf 88' lang='lat' dir='ltr'><strong>rarescere</strong></span> <span class='ocrx_word' id='word_1_450' title='bbox 1320 3765 1604 3827; x_wconf 88' lang='lat' dir='ltr'><strong>ceperunt,</strong></span> <span class='ocrx_word' id='word_1_451' title='bbox 1644 3756 1987 3829; x_wconf 83' lang='lat' dir='ltr'><strong>tandemque</strong></span> <span class='ocrx_word' id='word_1_452' title='bbox 2007 3757 2154 3813; x_wconf 90' lang='lat' dir='ltr'><strong>Con-</strong></span> 
     </span>
    </p>
   </div>
   <div class='ocr_carea' id='block_1_70' title="bbox 561 3832 2156 3918">
    <p class='ocr_par' dir='ltr' id='par_1_70' title="bbox 561 3832 2156 3918">
     <span class='ocr_line' id='line_1_70' title="bbox 561 3832 2156 3918; baseline 0.001 -17"><span class='ocrx_word' id='word_1_453' title='bbox 561 3832 971 3918; x_wconf 83' lang='lat' dir='ltr'><strong>stantinopolim</strong></span> <span class='ocrx_word' id='word_1_454' title='bbox 1036 3845 1437 3917; x_wconf 86' lang='lat' dir='ltr'><strong>pervenientes,</strong></span> <span class='ocrx_word' id='word_1_455' title='bbox 1496 3846 1552 3902; x_wconf 92' lang='lat' dir='ltr'><strong>in</strong></span> <span class='ocrx_word' id='word_1_456' title='bbox 1602 3846 1831 3904; x_wconf 89' lang='lat' dir='ltr'><strong>alteram</strong></span> <span class='ocrx_word' id='word_1_457' title='bbox 1880 3847 2054 3918; x_wconf 88' lang='lat' dir='ltr'><strong>ripam</strong></span> <span class='ocrx_word' id='word_1_458' title='bbox 2086 3878 2156 3888; x_wconf 96' lang='lat'><strong>—</strong></span> 
     </span>
    </p>
   </div>
   <div class='ocr_carea' id='block_1_71' title="bbox 558 3923 2154 4011">
    <p class='ocr_par' dir='ltr' id='par_1_71' title="bbox 558 3923 2154 4011">
     <span class='ocr_line' id='line_1_71' title="bbox 558 3923 2154 4011; baseline 0.001 -17"><span class='ocrx_word' id='word_1_459' title='bbox 558 3938 697 4011; x_wconf 87' lang='lat' dir='ltr'><strong>illud</strong></span> <span class='ocrx_word' id='word_1_460' title='bbox 723 3923 870 3994; x_wconf 76' lang='lat' dir='ltr'><strong>enim</strong></span> <span class='ocrx_word' id='word_1_461' title='bbox 907 3938 1233 4011; x_wconf 82' lang='lat' dir='ltr'><strong>beneﬁcium</strong></span> <span class='ocrx_word' id='word_1_462' title='bbox 1269 3938 1592 3995; x_wconf 91' lang='lat' dir='ltr'><strong>maledictus</strong></span> <span class='ocrx_word' id='word_1_463' title='bbox 1628 3938 1854 3996; x_wconf 78' lang='lat' dir='ltr'><strong>Alexius</strong></span> <span class='ocrx_word' id='word_1_464' title='bbox 1877 3939 1970 3972; x_wconf 67' lang='grc'><strong>’⁸³⁸⁸</strong></span> <span class='ocrx_word' id='word_1_465' title='bbox 1996 3954 2154 4011; x_wconf 90' lang='lat' dir='ltr'><strong>pere-</strong></span> 
     </span>
    </p>
   </div>
   <div class='ocr_carea' id='block_1_72' title="bbox 558 4030 2154 4103">
    <p class='ocr_par' dir='ltr' id='par_1_72' title="bbox 558 4030 2154 4103">
     <span class='ocr_line' id='line_1_72' title="bbox 558 4030 2154 4103; baseline 0.002 -19"><span class='ocrx_word' id='word_1_466' title='bbox 558 4030 735 4102; x_wconf 85' lang='lat' dir='ltr'><strong>grinis</strong></span> <span class='ocrx_word' id='word_1_467' title='bbox 755 4031 1061 4103; x_wconf 82' lang='lat' dir='ltr'><strong>accelerare</strong></span> <span class='ocrx_word' id='word_1_468' title='bbox 1078 4031 1219 4097; x_wconf 87' lang='lat' dir='ltr'><strong>solet</strong></span> <span class='ocrx_word' id='word_1_469' title='bbox 1233 4062 1300 4071; x_wconf 92' lang='lat'><strong>—</strong></span> <span class='ocrx_word' id='word_1_470' title='bbox 1317 4033 1668 4102; x_wconf 77' lang='lat' dir='ltr'><strong>transpositae</strong></span> <span class='ocrx_word' id='word_1_471' title='bbox 1691 4040 1840 4101; x_wconf 86' lang='lat' dir='ltr'><strong>sunt,</strong></span> <span class='ocrx_word' id='word_1_472' title='bbox 1867 4032 2037 4087; x_wconf 90' lang='lat' dir='ltr'><strong>immo</strong></span> <span class='ocrx_word' id='word_1_473' title='bbox 2058 4047 2154 4103; x_wconf 87' lang='lat' dir='ltr'><strong>pa-</strong></span> 
     </span>
    </p>
   </div>
   <div class='ocr_carea' id='block_1_73' title="bbox 558 4122 2154 4194">
    <p class='ocr_par' dir='ltr' id='par_1_73' title="bbox 558 4122 2154 4194">
     <span class='ocr_line' id='line_1_73' title="bbox 558 4122 2154 4194; baseline -0.001 -16"><span class='ocrx_word' id='word_1_474' title='bbox 558 4138 829 4194; x_wconf 86' lang='lat' dir='ltr'><strong>ganorum</strong></span> <span class='ocrx_word' id='word_1_475' title='bbox 862 4122 1077 4194; x_wconf 87' lang='lat' dir='ltr'><strong>sagittis</strong></span> <span class='ocrx_word' id='word_1_476' title='bbox 1109 4124 1391 4193; x_wconf 68' lang='lat' dir='ltr'><strong>expositae.</strong></span> <span class='ocrx_word' id='word_1_477' title='bbox 1421 4122 1627 4179; x_wconf 87' lang='lat' dir='ltr'><strong>Thurci</strong></span> <span class='ocrx_word' id='word_1_478' title='bbox 1664 4123 1836 4190; x_wconf 87' lang='lat' dir='ltr'><strong>enim,</strong></span> <span class='ocrx_word' id='word_1_479' title='bbox 1872 4122 2154 4193; x_wconf 74' lang='lat' dir='ltr'><strong>esplorata</strong></span> 
     </span>
    </p>
   </div>
   <div class='ocr_carea' id='block_1_74' title="bbox 558 4204 2157 4288">
    <p class='ocr_par' dir='ltr' id='par_1_74' title="bbox 558 4204 2157 4288">
     <span class='ocr_line' id='line_1_74' title="bbox 558 4204 2157 4288; baseline -0.001 -16"><span class='ocrx_word' id='word_1_480' title='bbox 558 4204 1059 4288; x_wconf 41' lang='lat' dir='ltr'><strong>Longobardorum&#39;</strong></span> <span class='ocrx_word' id='word_1_481' title='bbox 1109 4216 1330 4285; x_wconf 86' lang='lat' dir='ltr'><strong>inertia,</strong></span> <span class='ocrx_word' id='word_1_482' title='bbox 1377 4216 1703 4288; x_wconf 86' lang='lat' dir='ltr'><strong>stipularum</strong></span> <span class='ocrx_word' id='word_1_483' title='bbox 1758 4231 1856 4272; x_wconf 88' lang='lat' dir='ltr'><strong>eos</strong></span> <span class='ocrx_word' id='word_1_484' title='bbox 1907 4216 2157 4272; x_wconf 89' lang='lat' dir='ltr'><strong>terebant</strong></span> 
     </span>
    </p>
   </div>
   <div class='ocr_carea' id='block_1_75' title="bbox 556 4300 2153 4385">
    <p class='ocr_par' dir='ltr' id='par_1_75' title="bbox 556 4300 2153 4385">
     <span class='ocr_line' id='line_1_75' title="bbox 556 4300 2153 4385; baseline 0.001 -22"><span class='ocrx_word' id='word_1_485' title='bbox 556 4300 741 4385; x_wconf 80' lang='lat' dir='ltr'><strong>more,</strong></span> <span class='ocrx_word' id='word_1_486' title='bbox 756 4308 813 4363; x_wconf 89' lang='lat' dir='ltr'><strong>in</strong></span> <span class='ocrx_word' id='word_1_487' title='bbox 843 4316 1059 4364; x_wconf 87' lang='lat' dir='ltr'><strong>tantum</strong></span> <span class='ocrx_word' id='word_1_488' title='bbox 1084 4316 1148 4364; x_wconf 89' lang='lat' dir='ltr'><strong>ut</strong></span> <span class='ocrx_word' id='word_1_489' title='bbox 1174 4310 1452 4367; x_wconf 83' lang='lat' dir='ltr'><strong>exercitus</strong></span> <span class='ocrx_word' id='word_1_490' title='bbox 1490 4309 1889 4376; x_wconf 82' lang='lat' dir='ltr'><strong>Theutonicus,</strong></span> <span class='ocrx_word' id='word_1_491' title='bbox 1931 4309 2025 4380; x_wconf 91' lang='lat' dir='ltr'><strong>qui</strong></span> <span class='ocrx_word' id='word_1_492' title='bbox 2057 4323 2153 4365; x_wconf 89' lang='lat' dir='ltr'><strong>ea-</strong></span> 
     </span>
    </p>
   </div>
   <div class='ocr_carea' id='block_1_76' title="bbox 557 4401 2154 4471">
    <p class='ocr_par' dir='ltr' id='par_1_76' title="bbox 557 4401 2154 4471">
     <span class='ocr_line' id='line_1_76' title="bbox 557 4401 2154 4471; baseline 0.001 -16"><span class='ocrx_word' id='word_1_493' title='bbox 557 4401 684 4456; x_wconf 90' lang='lat' dir='ltr'><strong>dem</strong></span> <span class='ocrx_word' id='word_1_494' title='bbox 714 4401 804 4469; x_wconf 76' lang='lat' dir='ltr'><strong>via</strong></span> <span class='ocrx_word' id='word_1_495' title='bbox 853 4402 1187 4471; x_wconf 86' lang='lat' dir='ltr'><strong>subsecutus</strong></span> <span class='ocrx_word' id='word_1_496' title='bbox 1221 4402 1368 4458; x_wconf 89' lang='lat' dir='ltr'><strong>circa</strong></span> <span class='ocrx_word' id='word_1_497' title='bbox 1412 4401 1559 4457; x_wconf 78' lang='lat' dir='ltr'><strong>Junii</strong></span> <span class='ocrx_word' id='word_1_498' title='bbox 1602 4402 1874 4458; x_wconf 85' lang='lat' dir='ltr'><strong>Kalendas</strong></span> <span class='ocrx_word' id='word_1_499' title='bbox 1902 4402 1971 4458; x_wconf 88' lang='lat' dir='ltr'><strong>ad</strong></span> <span class='ocrx_word' id='word_1_500' title='bbox 2016 4416 2154 4457; x_wconf 86' lang='lat' dir='ltr'><strong>ean-</strong></span> 
     </span>
    </p>
   </div>
   <div class='ocr_carea' id='block_1_77' title="bbox 560 4495 2156 4567">
    <p class='ocr_par' dir='ltr' id='par_1_77' title="bbox 560 4495 2156 4567">
     <span class='ocr_line' id='line_1_77' title="bbox 560 4495 2156 4567; baseline 0.001 -18"><span class='ocrx_word' id='word_1_501' title='bbox 560 4495 685 4549; x_wconf 89' lang='lat' dir='ltr'><strong>dem</strong></span> <span class='ocrx_word' id='word_1_502' title='bbox 728 4495 1076 4565; x_wconf 80' lang='lat' dir='ltr'><strong>metropolim</strong></span> <span class='ocrx_word' id='word_1_503' title='bbox 1123 4495 1392 4567; x_wconf 87' lang='lat' dir='ltr'><strong>pervenit,</strong></span> <span class='ocrx_word' id='word_1_504' title='bbox 1440 4496 1572 4566; x_wconf 89' lang='lat' dir='ltr'><strong>quid</strong></span> <span class='ocrx_word' id='word_1_505' title='bbox 1620 4496 1688 4551; x_wconf 90' lang='lat' dir='ltr'><strong>de</strong></span> <span class='ocrx_word' id='word_1_506' title='bbox 1736 4495 2156 4567; x_wconf 77' lang='lat' dir='ltr'><strong>procedentibus</strong></span> 
     </span>
    </p>
   </div>
   <div class='ocr_carea' id='block_1_78' title="bbox 2257 3284 3774 3361">
    <p class='ocr_par' dir='ltr' id='par_1_78' title="bbox 2257 3284 3774 3361">
     <span class='ocr_line' id='line_1_78' title="bbox 2257 3284 3774 3361; baseline -0.009 -10"><span class='ocrx_word' id='word_1_507' title='bbox 2257 3310 2510 3351; x_wconf 89' lang='lat' dir='ltr'><strong>murmur</strong></span> <span class='ocrx_word' id='word_1_508' title='bbox 2563 3292 2815 3349; x_wconf 82' lang='lat' dir='ltr'><strong>exoritur</strong></span> <span class='ocrx_word' id='word_1_509' title='bbox 2857 3291 3120 3358; x_wconf 90' lang='lat' dir='ltr'><strong>invisum,</strong></span> <span class='ocrx_word' id='word_1_510' title='bbox 3170 3290 3562 3361; x_wconf 85' lang='lat' dir='ltr'><strong>imperatorem</strong></span> <span class='ocrx_word' id='word_1_511' title='bbox 3598 3284 3774 3338; x_wconf 64' lang='lat' dir='ltr'><strong>nmm-</strong></span> 
     </span>
    </p>
   </div>
   <div class='ocr_carea' id='block_1_79' title="bbox 2253 3374 3769 3458">
    <p class='ocr_par' dir='ltr' id='par_1_79' title="bbox 2253 3374 3769 3458">
     <span class='ocr_line' id='line_1_79' title="bbox 2253 3374 3769 3458; baseline -0.009 -15"><span class='ocrx_word' id='word_1_512' title='bbox 2253 3403 2378 3443; x_wconf 88' lang='lat' dir='ltr'><strong>rum</strong></span> <span class='ocrx_word' id='word_1_513' title='bbox 2395 3388 2582 3458; x_wconf 89' lang='lat' dir='ltr'><strong>potius</strong></span> <span class='ocrx_word' id='word_1_514' title='bbox 2607 3402 2773 3457; x_wconf 91' lang='lat' dir='ltr'><strong>quam</strong></span> <span class='ocrx_word' id='word_1_515' title='bbox 2797 3384 3242 3442; x_wconf 85' lang='lat' dir='ltr'><strong>Christianorum</strong></span> <span class='ocrx_word' id='word_1_516' title='bbox 3266 3384 3419 3455; x_wconf 88' lang='lat' dir='ltr'><strong>parti</strong></span> <span class='ocrx_word' id='word_1_517' title='bbox 3446 3381 3633 3445; x_wconf 67' lang='lat' dir='ltr'><strong>(aven,</strong></span> <span class='ocrx_word' id='word_1_518' title='bbox 3644 3374 3769 3444; x_wconf 70' lang='lat' dir='ltr'><strong>exple</strong></span> 
     </span>
    </p>
   </div>
   <div class='ocr_carea' id='block_1_80' title="bbox 2254 3467 3776 3551">
    <p class='ocr_par' dir='ltr' id='par_1_80' title="bbox 2254 3467 3776 3551">
     <span class='ocr_line' id='line_1_80' title="bbox 2254 3467 3776 3551; baseline -0.01 -15"><span class='ocrx_word' id='word_1_519' title='bbox 2254 3479 2502 3551; x_wconf 89' lang='lat' dir='ltr'><strong>ratisque</strong></span> <span class='ocrx_word' id='word_1_520' title='bbox 2550 3495 2675 3551; x_wconf 83' lang='lat' dir='ltr'><strong>quae</strong></span> <span class='ocrx_word' id='word_1_521' title='bbox 2723 3479 2871 3536; x_wconf 86' lang='lat' dir='ltr'><strong>circa</strong></span> <span class='ocrx_word' id='word_1_522' title='bbox 2911 3492 3017 3533; x_wconf 88' lang='lat' dir='ltr'><strong>nos</strong></span> <span class='ocrx_word' id='word_1_523' title='bbox 3062 3484 3242 3543; x_wconf 87' lang='lat' dir='ltr'><strong>erant,</strong></span> <span class='ocrx_word' id='word_1_524' title='bbox 3304 3472 3667 3547; x_wconf 72' lang='lat' dir='ltr'><strong>frequentilm</strong></span> <span class='ocrx_word' id='word_1_525' title='bbox 3699 3467 3776 3520; x_wconf 68' lang='lat' dir='ltr'><strong>ilus</strong></span> 
     </span>
    </p>
   </div>
   <div class='ocr_carea' id='block_1_81' title="bbox 2255 3564 3774 3637">
    <p class='ocr_par' dir='ltr' id='par_1_81' title="bbox 2255 3564 3774 3637">
     <span class='ocr_line' id='line_1_81' title="bbox 2255 3564 3774 3637; baseline -0.005 -7"><span class='ocrx_word' id='word_1_526' title='bbox 2255 3581 2448 3630; x_wconf 90' lang='lat' dir='ltr'><strong>contra</strong></span> <span class='ocrx_word' id='word_1_527' title='bbox 2477 3587 2580 3629; x_wconf 89' lang='lat' dir='ltr'><strong>nos</strong></span> <span class='ocrx_word' id='word_1_528' title='bbox 2616 3571 2834 3628; x_wconf 90' lang='lat' dir='ltr'><strong>nunciis</strong></span> <span class='ocrx_word' id='word_1_529' title='bbox 2862 3570 3130 3626; x_wconf 87' lang='lat' dir='ltr'><strong>animare.</strong></span> <span class='ocrx_word' id='word_1_530' title='bbox 3163 3568 3272 3623; x_wconf 85' lang='lat' dir='ltr'><strong>Hic</strong></span> <span class='ocrx_word' id='word_1_531' title='bbox 3293 3577 3399 3636; x_wconf 75' lang='lat' dir='ltr'><strong>est,</strong></span> <span class='ocrx_word' id='word_1_532' title='bbox 3433 3564 3679 3637; x_wconf 66' lang='lat' dir='ltr'><strong>inquiunt.</strong></span> <span class='ocrx_word' id='word_1_533' title='bbox 3696 3574 3774 3629; x_wconf 63' lang='lat' dir='ltr'><strong>FP</strong></span> 
     </span>
    </p>
   </div>
   <div class='ocr_carea' id='block_1_82' title="bbox 2255 3654 3777 3736">
    <p class='ocr_par' dir='ltr' id='par_1_82' title="bbox 2255 3654 3777 3736">
     <span class='ocr_line' id='line_1_82' title="bbox 2255 3654 3777 3736; baseline -0.009 -14"><span class='ocrx_word' id='word_1_534' title='bbox 2255 3666 2396 3736; x_wconf 78' lang='lat' dir='ltr'><strong>ﬁdus</strong></span> <span class='ocrx_word' id='word_1_535' title='bbox 2422 3666 2515 3721; x_wconf 83' lang='lat' dir='ltr'><strong>ille</strong></span> <span class='ocrx_word' id='word_1_536' title='bbox 2538 3664 2784 3732; x_wconf 65' lang='lat' dir='ltr'><strong>Alexim,</strong></span> <span class='ocrx_word' id='word_1_537' title='bbox 2811 3664 2926 3735; x_wconf 80' lang='lat' dir='ltr'><strong>qui,</strong></span> <span class='ocrx_word' id='word_1_538' title='bbox 2949 3663 3167 3718; x_wconf 82' lang='lat' dir='ltr'><strong>domino</strong></span> <span class='ocrx_word' id='word_1_539' title='bbox 3191 3677 3291 3717; x_wconf 77' lang='lat' dir='ltr'><strong>suo</strong></span> <span class='ocrx_word' id='word_1_540' title='bbox 3324 3658 3609 3715; x_wconf 69' lang='lat' dir='ltr'><strong>Hidmth</strong></span> <span class='ocrx_word' id='word_1_541' title='bbox 3634 3654 3704 3687; x_wconf 83' lang='lat'><strong>&quot;&quot;</strong></span> <span class='ocrx_word' id='word_1_542' title='bbox 3720 3666 3777 3720; x_wconf 69' lang='grc' dir='ltr'><em>ια</em></span> 
     </span>
    </p>
   </div>
   <div class='ocr_carea' id='block_1_83' title="bbox 2253 3742 3776 3827">
    <p class='ocr_par' dir='ltr' id='par_1_83' title="bbox 2253 3742 3776 3827">
     <span class='ocr_line' id='line_1_83' title="bbox 2253 3742 3776 3827; baseline -0.009 -17"><span class='ocrx_word' id='word_1_543' title='bbox 2253 3755 2592 3827; x_wconf 79' lang='lat' dir='ltr'><strong>quorundam</strong></span> <span class='ocrx_word' id='word_1_544' title='bbox 2625 3754 3052 3809; x_wconf 73' lang='lat' dir='ltr'><strong>Alamannorum</strong></span> <span class='ocrx_word' id='word_1_545' title='bbox 3083 3751 3547 3807; x_wconf 67' lang='lat' dir='ltr'><strong>conducticiam</strong></span> <span class='ocrx_word' id='word_1_546' title='bbox 3587 3742 3776 3799; x_wconf 63' lang='lat' dir='ltr'><strong>auxilii!</strong></span> 
     </span>
    </p>
   </div>
   <div class='ocr_carea' id='block_1_84' title="bbox 2254 3831 3779 3920">
    <p class='ocr_par' dir='ltr' id='par_1_84' title="bbox 2254 3831 3779 3920">
     <span class='ocr_line' id='line_1_84' title="bbox 2254 3831 3779 3920; baseline -0.007 -17"><span class='ocrx_word' id='word_1_547' title='bbox 2254 3847 2492 3920; x_wconf 80' lang='lat' dir='ltr'><strong>depulso,</strong></span> <span class='ocrx_word' id='word_1_548' title='bbox 2542 3847 2823 3918; x_wconf 84' lang='lat' dir='ltr'><strong>imperium</strong></span> <span class='ocrx_word' id='word_1_549' title='bbox 2845 3846 2936 3879; x_wconf 72' lang='lat' dir='ltr'><strong>’m</strong></span> <span class='ocrx_word' id='word_1_550' title='bbox 2967 3844 3084 3916; x_wconf 81' lang='lat' dir='ltr'><strong>ejus</strong></span> <span class='ocrx_word' id='word_1_551' title='bbox 3140 3845 3449 3915; x_wconf 71' lang='lat' dir='ltr'><strong>usurparit,</strong></span> <span class='ocrx_word' id='word_1_552' title='bbox 3500 3831 3779 3911; x_wconf 62' lang='lat' dir='ltr'><strong>ipmquﬂi</strong></span> 
     </span>
    </p>
   </div>
   <div class='ocr_carea' id='block_1_85' title="bbox 2254 3924 3775 4011">
    <p class='ocr_par' dir='ltr' id='par_1_85' title="bbox 2254 3924 3775 4011">
     <span class='ocr_line' id='line_1_85' title="bbox 2254 3924 3775 4011; baseline -0.007 -15"><span class='ocrx_word' id='word_1_553' title='bbox 2254 3940 2466 3996; x_wconf 77' lang='lat' dir='ltr'><strong>sceleris</strong></span> <span class='ocrx_word' id='word_1_554' title='bbox 2508 3948 2871 4011; x_wconf 75' lang='lat' dir='ltr'><strong>cooperatores</strong></span> <span class='ocrx_word' id='word_1_555' title='bbox 2922 3938 3087 3993; x_wconf 70' lang='lat' dir='ltr'><strong>exilio</strong></span> <span class='ocrx_word' id='word_1_556' title='bbox 3139 3938 3432 3992; x_wconf 76' lang='lat' dir='ltr'><strong>damnatos</strong></span> <span class='ocrx_word' id='word_1_557' title='bbox 3477 3931 3640 3988; x_wconf 70' lang='lat' dir='ltr'><strong>necari</strong></span> <span class='ocrx_word' id='word_1_558' title='bbox 3670 3924 3775 3996; x_wconf 70' lang='grc' dir='ltr'><strong>Ῑεςίιῑ</strong></span> 
     </span>
    </p>
   </div>
   <div class='ocr_carea' id='block_1_86' title="bbox 2256 4014 3779 4107">
    <p class='ocr_par' dir='ltr' id='par_1_86' title="bbox 2256 4014 3779 4107">
     <span class='ocr_line' id='line_1_86' title="bbox 2256 4014 3779 4107; baseline -0.01 -19"><span class='ocrx_word' id='word_1_559' title='bbox 2256 4049 2496 4106; x_wconf 84' lang='lat' dir='ltr'><strong>nuncquc</strong></span> <span class='ocrx_word' id='word_1_560' title='bbox 2524 4049 2591 4107; x_wconf 65' lang='lat' dir='ltr'><strong>se</strong></span> <span class='ocrx_word' id='word_1_561' title='bbox 2630 4033 2767 4086; x_wconf 86' lang='lat' dir='ltr'><strong>tanti</strong></span> <span class='ocrx_word' id='word_1_562' title='bbox 2801 4032 2978 4102; x_wconf 78' lang='lat' dir='ltr'><strong>facere</strong></span> <span class='ocrx_word' id='word_1_563' title='bbox 3021 4030 3157 4084; x_wconf 82' lang='lat' dir='ltr'><strong>dicit</strong></span> <span class='ocrx_word' id='word_1_564' title='bbox 3194 4027 3445 4083; x_wconf 75' lang='lat' dir='ltr'><strong>Francos</strong></span> <span class='ocrx_word' id='word_1_565' title='bbox 3479 4040 3595 4080; x_wconf 72' lang='lat' dir='ltr'><strong>cum</strong></span> <span class='ocrx_word' id='word_1_566' title='bbox 3625 4014 3779 4074; x_wconf 63' lang='lat' dir='ltr'><strong>Third!</strong></span> 
     </span>
    </p>
   </div>
   <div class='ocr_carea' id='block_1_87' title="bbox 2254 4108 3777 4198">
    <p class='ocr_par' dir='ltr' id='par_1_87' title="bbox 2254 4108 3777 4198">
     <span class='ocr_line' id='line_1_87' title="bbox 2254 4108 3777 4198; baseline -0.012 -17"><span class='ocrx_word' id='word_1_567' title='bbox 2254 4126 2561 4198; x_wconf 73' lang='lat' dir='ltr'><strong>prwiiantes</strong></span> <span class='ocrx_word' id='word_1_568' title='bbox 2591 4124 2778 4196; x_wconf 78' lang='lat' dir='ltr'><strong>quanti</strong></span> <span class='ocrx_word' id='word_1_569' title='bbox 2809 4138 2966 4178; x_wconf 81' lang='lat' dir='ltr'><strong>canes</strong></span> <span class='ocrx_word' id='word_1_570' title='bbox 2996 4139 3053 4177; x_wconf 78' lang='lat' dir='ltr'><strong>se</strong></span> <span class='ocrx_word' id='word_1_571' title='bbox 3097 4121 3325 4176; x_wconf 76' lang='lat' dir='ltr'><strong>inuicem</strong></span> <span class='ocrx_word' id='word_1_572' title='bbox 3354 4118 3653 4174; x_wconf 72' lang='lat' dir='ltr'><strong>mordentes.</strong></span> <span class='ocrx_word' id='word_1_573' title='bbox 3685 4108 3777 4161; x_wconf 63' lang='lat' dir='ltr'><strong>Cum</strong></span> 
     </span>
    </p>
   </div>
   <div class='ocr_carea' id='block_1_88' title="bbox 2254 4212 3781 4291">
    <p class='ocr_par' dir='ltr' id='par_1_88' title="bbox 2254 4212 3781 4291">
     <span class='ocr_line' id='line_1_88' title="bbox 2254 4212 3781 4291; baseline -0.008 -17"><span class='ocrx_word' id='word_1_574' title='bbox 2254 4226 2437 4274; x_wconf 89' lang='lat' dir='ltr'><strong>autem</strong></span> <span class='ocrx_word' id='word_1_575' title='bbox 2476 4217 2694 4289; x_wconf 85' lang='lat' dir='ltr'><strong>navigia</strong></span> <span class='ocrx_word' id='word_1_576' title='bbox 2724 4217 3020 4288; x_wconf 85' lang='lat' dir='ltr'><strong>quisquam</strong></span> <span class='ocrx_word' id='word_1_577' title='bbox 3069 4213 3382 4269; x_wconf 81' lang='lat' dir='ltr'><strong>conducere</strong></span> <span class='ocrx_word' id='word_1_578' title='bbox 3418 4212 3781 4291; x_wconf 46' lang='lat' dir='ltr'><strong>temptarent?</strong></span> 
     </span>
    </p>
   </div>
   <div class='ocr_carea' id='block_1_89' title="bbox 2252 4298 3777 4378">
    <p class='ocr_par' dir='ltr' id='par_1_89' title="bbox 2252 4298 3777 4378">
     <span class='ocr_line' id='line_1_89' title="bbox 2252 4298 3777 4378; baseline -0.015 -10"><span class='ocrx_word' id='word_1_579' title='bbox 2252 4310 2390 4368; x_wconf 91' lang='lat' dir='ltr'><strong>divit</strong></span> <span class='ocrx_word' id='word_1_580' title='bbox 2437 4325 2696 4367; x_wconf 60' lang='lat' dir='ltr'><strong>casarem</strong></span> <span class='ocrx_word' id='word_1_581' title='bbox 2760 4308 2993 4364; x_wconf 89' lang='lat' dir='ltr'><strong>insidias</strong></span> <span class='ocrx_word' id='word_1_582' title='bbox 3052 4305 3363 4378; x_wconf 83' lang='lat' dir='ltr'><strong>peregrinis</strong></span> <span class='ocrx_word' id='word_1_583' title='bbox 3391 4302 3562 4359; x_wconf 86' lang='lat' dir='ltr'><strong>etiam</strong></span> <span class='ocrx_word' id='word_1_584' title='bbox 3604 4298 3651 4351; x_wconf 82' lang='lat' dir='ltr'><strong>in</strong></span> <span class='ocrx_word' id='word_1_585' title='bbox 3686 4302 3777 4345; x_wconf 69' lang='lat' dir='ltr'><strong>mn</strong></span> 
     </span>
    </p>
   </div>
   <div class='ocr_carea' id='block_1_90' title="bbox 2254 4394 3782 4475">
    <p class='ocr_par' dir='ltr' id='par_1_90' title="bbox 2254 4394 3782 4475">
     <span class='ocr_line' id='line_1_90' title="bbox 2254 4394 3782 4475; baseline -0.01 -15"><span class='ocrx_word' id='word_1_586' title='bbox 2254 4403 2525 4475; x_wconf 90' lang='lat' dir='ltr'><strong>posuisse,</strong></span> <span class='ocrx_word' id='word_1_587' title='bbox 2551 4403 2867 4473; x_wconf 90' lang='lat' dir='ltr'><strong>multasque</strong></span> <span class='ocrx_word' id='word_1_588' title='bbox 2901 4400 3112 4456; x_wconf 89' lang='lat' dir='ltr'><strong>dudum</strong></span> <span class='ocrx_word' id='word_1_589' title='bbox 3157 4399 3356 4454; x_wconf 90' lang='lat' dir='ltr'><strong>eodem</strong></span> <span class='ocrx_word' id='word_1_590' title='bbox 3402 4394 3639 4451; x_wconf 65' lang='grc' dir='ltr'><strong>τλαίηοη</strong></span> 
     </span>
    </p>
   </div>
   <div class='ocr_carea' id='block_1_91' title="bbox 2255 4472 3779 4564">
    <p class='ocr_par' dir='ltr' id='par_1_91' title="bbox 2255 4472 3779 4564">
     <span class='ocr_line' id='line_1_91' title="bbox 2255 4472 3779 4564; baseline -0.007 -12"><span class='ocrx_word' id='word_1_591' title='bbox 2255 4472 2381 4552; x_wconf 79' lang='lat' dir='ltr'><strong>eum</strong></span> <span class='ocrx_word' id='word_1_592' title='bbox 2430 4472 2826 4553; x_wconf 86' lang='lat' dir='ltr'><strong>submersisse.</strong></span> <span class='ocrx_word' id='word_1_593' title='bbox 2851 4492 3203 4564; x_wconf 84' lang='lat' dir='ltr'><strong>Quapropter</strong></span> <span class='ocrx_word' id='word_1_594' title='bbox 3238 4505 3436 4547; x_wconf 88' lang='lat' dir='ltr'><strong>omnes</strong></span> <span class='ocrx_word' id='word_1_595' title='bbox 3472 4500 3597 4542; x_wconf 80' lang='lat' dir='ltr'><strong>eum</strong></span> <span class='ocrx_word' id='word_1_596' title='bbox 3620 4472 3779 4535; x_wconf 58' lang='grc' dir='ltr'><strong>κικί-</strong></span> 
     </span>
    </p>
   </div>
   <div class='ocr_carea' id='block_1_92' title="bbox 559 4571 3779 4659">
    <p class='ocr_par' dir='ltr' id='par_1_92' title="bbox 559 4571 3779 4659">
     <span class='ocr_line' id='line_1_92' title="bbox 559 4571 3779 4659; baseline -0.002 -17"><span class='ocrx_word' id='word_1_597' title='bbox 559 4602 621 4643; x_wconf 86' lang='lat' dir='ltr'><strong>se</strong></span> <span class='ocrx_word' id='word_1_598' title='bbox 649 4594 864 4659; x_wconf 86' lang='lat' dir='ltr'><strong>gestum</strong></span> <span class='ocrx_word' id='word_1_599' title='bbox 892 4588 982 4653; x_wconf 88' lang='lat' dir='ltr'><strong>sit,</strong></span> <span class='ocrx_word' id='word_1_600' title='bbox 1024 4587 1176 4644; x_wconf 91' lang='lat' dir='ltr'><strong>nullo</strong></span> <span class='ocrx_word' id='word_1_601' title='bbox 1212 4587 1399 4659; x_wconf 81' lang='lat' dir='ltr'><strong>modo,</strong></span> <span class='ocrx_word' id='word_1_602' title='bbox 1443 4597 1630 4658; x_wconf 87' lang='lat' dir='ltr'><strong>utpote</strong></span> <span class='ocrx_word' id='word_1_603' title='bbox 1664 4589 1817 4644; x_wconf 90' lang='lat' dir='ltr'><strong>nullo</strong></span> <span class='ocrx_word' id='word_1_604' title='bbox 1861 4588 2158 4659; x_wconf 86' lang='lat' dir='ltr'><strong>superstite</strong></span> <span class='ocrx_word' id='word_1_605' title='bbox 2186 4589 2234 4652; x_wconf 82' lang='grc' dir='ltr'><strong>ι)</strong></span> <span class='ocrx_word' id='word_1_606' title='bbox 2260 4591 2458 4646; x_wconf 90' lang='lat' dir='ltr'><strong>eebant</strong></span> <span class='ocrx_word' id='word_1_607' title='bbox 2495 4598 2551 4644; x_wconf 91' lang='lat' dir='ltr'><strong>et</strong></span> <span class='ocrx_word' id='word_1_608' title='bbox 2598 4586 3161 4653; x_wconf 86' lang='lat' dir='ltr'><strong>anathematizabaut,</strong></span> <span class='ocrx_word' id='word_1_609' title='bbox 3211 4598 3409 4639; x_wconf 87' lang='lat' dir='ltr'><strong>omnes</strong></span> <span class='ocrx_word' id='word_1_610' title='bbox 3456 4579 3606 4635; x_wconf 69' lang='lat' dir='ltr'><strong>illum</strong></span> 
     </span>
    </p>
   </div>
   <div class='ocr_carea' id='block_1_93' title="bbox 559 4677 2153 4752">
    <p class='ocr_par' dir='ltr' id='par_1_93' title="bbox 559 4677 2153 4752">
     <span class='ocr_line' id='line_1_93' title="bbox 559 4677 2153 4752; baseline 0 -19"><span class='ocrx_word' id='word_1_611' title='bbox 559 4679 629 4735; x_wconf 90' lang='lat' dir='ltr'><strong>de</strong></span> <span class='ocrx_word' id='word_1_612' title='bbox 679 4677 949 4748; x_wconf 71' lang='lat' dir='ltr'><strong>Romania</strong></span> <span class='ocrx_word' id='word_1_613' title='bbox 982 4680 1264 4746; x_wconf 87' lang='lat' dir='ltr'><strong>redeunte,</strong></span> <span class='ocrx_word' id='word_1_614' title='bbox 1316 4689 1502 4751; x_wconf 89' lang='lat' dir='ltr'><strong>posset</strong></span> <span class='ocrx_word' id='word_1_615' title='bbox 1548 4680 1897 4752; x_wconf 85' lang='lat' dir='ltr'><strong>investigare.</strong></span> <span class='ocrx_word' id='word_1_616' title='bbox 1939 4679 2024 4736; x_wconf 84' lang='lat' dir='ltr'><strong>Ab</strong></span> <span class='ocrx_word' id='word_1_617' title='bbox 2066 4679 2153 4733; x_wconf 90' lang='lat' dir='ltr'><strong>in-</strong></span> 
     </span>
    </p>
   </div>
   <div class='ocr_carea' id='block_1_94' title="bbox 560 4771 2154 4857">
    <p class='ocr_par' dir='ltr' id='par_1_94' title="bbox 560 4771 2154 4857">
     <span class='ocr_line' id='line_1_94' title="bbox 560 4771 2154 4857; baseline 0 -31"><span class='ocrx_word' id='word_1_618' title='bbox 560 4785 755 4852; x_wconf 86' lang='lat' dir='ltr'><strong>gressu</strong></span> <span class='ocrx_word' id='word_1_619' title='bbox 783 4771 986 4857; x_wconf 87' lang='lat' dir='ltr'><strong>quippe</strong></span> <span class='ocrx_word' id='word_1_620' title='bbox 1005 4773 1097 4842; x_wconf 29' lang='lat' dir='ltr'><strong>vel,</strong></span> <span class='ocrx_word' id='word_1_621' title='bbox 1120 4772 1296 4843; x_wconf 89' lang='lat' dir='ltr'><strong>prima</strong></span> <span class='ocrx_word' id='word_1_622' title='bbox 1324 4772 1545 4828; x_wconf 88' lang='lat' dir='ltr'><strong>civitate</strong></span> <span class='ocrx_word' id='word_1_623' title='bbox 1581 4771 1850 4844; x_wconf 71' lang='lat' dir='ltr'><strong>Bulgaria:</strong></span> <span class='ocrx_word' id='word_1_624' title='bbox 1875 4788 2052 4844; x_wconf 88' lang='lat' dir='ltr'><strong>usque</strong></span> <span class='ocrx_word' id='word_1_625' title='bbox 2085 4772 2154 4827; x_wconf 90' lang='lat' dir='ltr'><strong>ad</strong></span> 
     </span>
    </p>
   </div>
   <div class='ocr_carea' id='block_1_95' title="bbox 560 4864 2155 4936">
    <p class='ocr_par' dir='ltr' id='par_1_95' title="bbox 560 4864 2155 4936">
     <span class='ocr_line' id='line_1_95' title="bbox 560 4864 2155 4936; baseline 0.001 -16"><span class='ocrx_word' id='word_1_626' title='bbox 560 4864 746 4920; x_wconf 89' lang='lat' dir='ltr'><strong>sedem</strong></span> <span class='ocrx_word' id='word_1_627' title='bbox 779 4864 976 4935; x_wconf 81' lang='lat' dir='ltr'><strong>Alexii,</strong></span> <span class='ocrx_word' id='word_1_628' title='bbox 1010 4880 1225 4936; x_wconf 87' lang='lat' dir='ltr'><strong>semper</strong></span> <span class='ocrx_word' id='word_1_629' title='bbox 1246 4865 1407 4921; x_wconf 90' lang='lat' dir='ltr'><strong>nobis</strong></span> <span class='ocrx_word' id='word_1_630' title='bbox 1430 4864 1551 4936; x_wconf 87' lang='lat' dir='ltr'><strong>ejus</strong></span> <span class='ocrx_word' id='word_1_631' title='bbox 1582 4864 1797 4936; x_wconf 82' lang='lat' dir='ltr'><strong>paciﬁci</strong></span> <span class='ocrx_word' id='word_1_632' title='bbox 1829 4864 2016 4922; x_wconf 91' lang='lat' dir='ltr'><strong>nuncii</strong></span> <span class='ocrx_word' id='word_1_633' title='bbox 2055 4881 2155 4921; x_wconf 71' lang='lat' dir='ltr'><strong>ocu</strong></span> 
     </span>
    </p>
   </div>
   <div class='ocr_carea' id='block_1_96' title="bbox 560 4957 2156 5030">
    <p class='ocr_par' dir='ltr' id='par_1_96' title="bbox 560 4957 2156 5030">
     <span class='ocr_line' id='line_1_96' title="bbox 560 4957 2156 5030; baseline 0.001 -18"><span class='ocrx_word' id='word_1_634' title='bbox 560 4957 873 5027; x_wconf 82' lang='lat' dir='ltr'><strong>currebant,</strong></span> <span class='ocrx_word' id='word_1_635' title='bbox 898 4957 994 5028; x_wconf 90' lang='lat' dir='ltr'><strong>qui</strong></span> <span class='ocrx_word' id='word_1_636' title='bbox 1025 4967 1209 5025; x_wconf 88' lang='lat' dir='ltr'><strong>tamen</strong></span> <span class='ocrx_word' id='word_1_637' title='bbox 1243 4957 1538 5030; x_wconf 84' lang='lat' dir='ltr'><strong>aliquando</strong></span> <span class='ocrx_word' id='word_1_638' title='bbox 1567 4974 1669 5014; x_wconf 89' lang='lat' dir='ltr'><strong>nos</strong></span> <span class='ocrx_word' id='word_1_639' title='bbox 1698 4959 2051 5029; x_wconf 88' lang='lat' dir='ltr'><strong>precedentcs</strong></span> <span class='ocrx_word' id='word_1_640' title='bbox 2070 4959 2156 5015; x_wconf 90' lang='lat' dir='ltr'><strong>vel</strong></span> 
     </span>
    </p>
   </div>
   <div class='ocr_carea' id='block_1_97' title="bbox 562 5048 2155 5123">
    <p class='ocr_par' dir='ltr' id='par_1_97' title="bbox 562 5048 2155 5123">
     <span class='ocr_line' id='line_1_97' title="bbox 562 5048 2155 5123; baseline 0.003 -20"><span class='ocrx_word' id='word_1_641' title='bbox 562 5048 887 5121; x_wconf 75' lang='lat' dir='ltr'><strong>comitantes</strong></span> <span class='ocrx_word' id='word_1_642' title='bbox 911 5049 1220 5119; x_wconf 80' lang='lat' dir='ltr'><strong>favillarum</strong></span> <span class='ocrx_word' id='word_1_643' title='bbox 1255 5051 1703 5107; x_wconf 87' lang='lat' dir='ltr'><strong>evanescentium</strong></span> <span class='ocrx_word' id='word_1_644' title='bbox 1725 5067 1879 5108; x_wconf 93' lang='lat' dir='ltr'><strong>more</strong></span> <span class='ocrx_word' id='word_1_645' title='bbox 1906 5052 2155 5123; x_wconf 87' lang='lat' dir='ltr'><strong>dispare-</strong></span> 
     </span>
    </p>
   </div>
   <div class='ocr_carea' id='block_1_98' title="bbox 562 5138 2156 5213">
    <p class='ocr_par' dir='ltr' id='par_1_98' title="bbox 562 5138 2156 5213">
     <span class='ocr_line' id='line_1_98' title="bbox 562 5138 2156 5213; baseline 0.004 -21"><span class='ocrx_word' id='word_1_646' title='bbox 562 5138 717 5193; x_wconf 88' lang='lat' dir='ltr'><strong>bant.</strong></span> <span class='ocrx_word' id='word_1_647' title='bbox 739 5138 972 5196; x_wconf 85' lang='lat' dir='ltr'><strong>Militum</strong></span> <span class='ocrx_word' id='word_1_648' title='bbox 1001 5143 1165 5197; x_wconf 87' lang='lat' dir='ltr'><strong>etiam</strong></span> <span class='ocrx_word' id='word_1_649' title='bbox 1198 5158 1449 5210; x_wconf 86' lang='lat' dir='ltr'><strong>suorum,</strong></span> <span class='ocrx_word' id='word_1_650' title='bbox 1483 5157 1626 5213; x_wconf 88' lang='lat' dir='ltr'><strong>quos</strong></span> <span class='ocrx_word' id='word_1_651' title='bbox 1655 5142 1974 5199; x_wconf 80' lang='lat' dir='ltr'><strong>Pincinatos</strong></span> <span class='ocrx_word' id='word_1_652' title='bbox 2000 5143 2156 5199; x_wconf 89' lang='lat' dir='ltr'><strong>voci-</strong></span> 
     </span>
    </p>
   </div>
   <div class='ocr_carea' id='block_1_99' title="bbox 561 5232 2164 5306">
    <p class='ocr_par' dir='ltr' id='par_1_99' title="bbox 561 5232 2164 5306">
     <span class='ocr_line' id='line_1_99' title="bbox 561 5232 2164 5306; baseline 0.005 -24"><span class='ocrx_word' id='word_1_653' title='bbox 561 5236 702 5298; x_wconf 76' lang='lat' dir='ltr'><strong>tant,</strong></span> <span class='ocrx_word' id='word_1_654' title='bbox 725 5232 998 5299; x_wconf 73' lang='lat' dir='ltr'><strong>exercitus</strong></span> <span class='ocrx_word' id='word_1_655' title='bbox 1039 5250 1188 5301; x_wconf 85' lang='lat' dir='ltr'><strong>nunc</strong></span> <span class='ocrx_word' id='word_1_656' title='bbox 1227 5234 1385 5290; x_wconf 87' lang='lat' dir='ltr'><strong>nobis</strong></span> <span class='ocrx_word' id='word_1_657' title='bbox 1426 5251 1456 5290; x_wconf 90' lang='lat' dir='ltr'><strong>a</strong></span> <span class='ocrx_word' id='word_1_658' title='bbox 1493 5243 1645 5306; x_wconf 81' lang='lat' dir='ltr'><strong>tergo</strong></span> <span class='ocrx_word' id='word_1_659' title='bbox 1676 5236 1939 5292; x_wconf 87' lang='lat' dir='ltr'><strong>damnum</strong></span> <span class='ocrx_word' id='word_1_660' title='bbox 1979 5235 2164 5292; x_wconf 91' lang='lat' dir='ltr'><strong>intulit</strong></span> 
     </span>
    </p>
   </div>
   <div class='ocr_carea' id='block_1_100' title="bbox 562 5316 2160 5396">
    <p class='ocr_par' dir='ltr' id='par_1_100' title="bbox 562 5316 2160 5396">
     <span class='ocr_line' id='line_1_100' title="bbox 562 5316 2160 5396; baseline 0.006 -22"><span class='ocrx_word' id='word_1_661' title='bbox 562 5336 713 5377; x_wconf 90' lang='lat' dir='ltr'><strong>nunc</strong></span> <span class='ocrx_word' id='word_1_662' title='bbox 750 5336 782 5390; x_wconf 82' lang='lat' dir='ltr'><strong>a</strong></span> <span class='ocrx_word' id='word_1_663' title='bbox 832 5322 1001 5380; x_wconf 85' lang='lat' dir='ltr'><strong>latere</strong></span> <span class='ocrx_word' id='word_1_664' title='bbox 1042 5326 1155 5396; x_wconf 76' lang='lat' dir='ltr'><strong>vim</strong></span> <span class='ocrx_word' id='word_1_665' title='bbox 1204 5326 1428 5394; x_wconf 77' lang='lat' dir='ltr'><strong>inferre,</strong></span> <span class='ocrx_word' id='word_1_666' title='bbox 1472 5344 1620 5384; x_wconf 89' lang='lat' dir='ltr'><strong>nunc</strong></span> <span class='ocrx_word' id='word_1_667' title='bbox 1662 5345 1693 5384; x_wconf 89' lang='lat' dir='ltr'><strong>a</strong></span> <span class='ocrx_word' id='word_1_668' title='bbox 1736 5326 1914 5385; x_wconf 56' lang='lat' dir='ltr'><strong>fronti.</strong></span> <span class='ocrx_word' id='word_1_669' title='bbox 1949 5316 2160 5385; x_wconf 76' lang='lat' dir='ltr'><strong>directa</strong></span> 
     </span>
    </p>
   </div>
   <div class='ocr_carea' id='block_1_101' title="bbox 575 5410 2167 5490">
    <p class='ocr_par' dir='ltr' id='par_1_101' title="bbox 575 5410 2167 5490">
     <span class='ocr_line' id='line_1_101' title="bbox 575 5410 2167 5490; baseline 0.004 -24"><span class='ocrx_word' id='word_1_670' title='bbox 575 5410 694 5467; x_wconf 81' lang='lat' dir='ltr'><strong>acie</strong></span> <span class='ocrx_word' id='word_1_671' title='bbox 736 5427 961 5476; x_wconf 89' lang='lat' dir='ltr'><strong>manum</strong></span> <span class='ocrx_word' id='word_1_672' title='bbox 1007 5415 1280 5485; x_wconf 64' lang='lat' dir='ltr'><strong>conferre,</strong></span> <span class='ocrx_word' id='word_1_673' title='bbox 1323 5434 1472 5474; x_wconf 90' lang='lat' dir='ltr'><strong>nunc</strong></span> <span class='ocrx_word' id='word_1_674' title='bbox 1514 5435 1614 5490; x_wconf 89' lang='lat' dir='ltr'><strong>per</strong></span> <span class='ocrx_word' id='word_1_675' title='bbox 1652 5426 1843 5488; x_wconf 83' lang='lat' dir='ltr'><strong>noctes</strong></span> <span class='ocrx_word' id='word_1_676' title='bbox 1880 5427 2062 5489; x_wconf 79' lang='lat' dir='ltr'><strong>castra</strong></span> <span class='ocrx_word' id='word_1_677' title='bbox 2093 5418 2167 5473; x_wconf 84' lang='lat' dir='ltr'><strong>ir-</strong></span> 
     </span>
    </p>
   </div>
   <div class='ocr_carea' id='block_1_102' title="bbox 567 5502 2152 5589">
    <p class='ocr_par' dir='ltr' id='par_1_102' title="bbox 567 5502 2152 5589">
     <span class='ocr_line' id='line_1_102' title="bbox 567 5502 2152 5589; baseline 0.005 -32"><span class='ocrx_word' id='word_1_678' title='bbox 567 5516 822 5589; x_wconf 77' lang='lat' dir='ltr'><strong>rumpere</strong></span> <span class='ocrx_word' id='word_1_679' title='bbox 854 5502 1148 5576; x_wconf 82' lang='lat' dir='ltr'><strong>disposuit,</strong></span> <span class='ocrx_word' id='word_1_680' title='bbox 1178 5523 1394 5581; x_wconf 84' lang='lat' dir='ltr'><strong>semper</strong></span> <span class='ocrx_word' id='word_1_681' title='bbox 1423 5520 1611 5583; x_wconf 75' lang='lat' dir='ltr'><strong>tamen</strong></span> <span class='ocrx_word' id='word_1_682' title='bbox 1643 5512 1805 5568; x_wconf 88' lang='lat' dir='ltr'><strong>nobis</strong></span> <span class='ocrx_word' id='word_1_683' title='bbox 1828 5525 1922 5583; x_wconf 87' lang='lat' dir='ltr'><strong>per</strong></span> <span class='ocrx_word' id='word_1_684' title='bbox 1942 5509 2014 5564; x_wconf 70' lang='grc'>20</span> <span class='ocrx_word' id='word_1_685' title='bbox 2034 5511 2152 5566; x_wconf 88' lang='lat' dir='ltr'><strong>dies</strong></span> 
     </span>
    </p>
   </div>
   <div class='ocr_carea' id='block_1_103' title="bbox 2258 4654 3779 4753">
    <p class='ocr_par' dir='ltr' id='par_1_103' title="bbox 2258 4654 3779 4753">
     <span class='ocr_line' id='line_1_103' title="bbox 2258 4654 3779 4753; baseline -0.015 -17"><span class='ocrx_word' id='word_1_686' title='bbox 2258 4695 2371 4736; x_wconf 89' lang='lat' dir='ltr'><strong>non</strong></span> <span class='ocrx_word' id='word_1_687' title='bbox 2408 4680 2793 4750; x_wconf 88' lang='lat' dir='ltr'><strong>imperatorem</strong></span> <span class='ocrx_word' id='word_1_688' title='bbox 2837 4676 2934 4732; x_wconf 88' lang='lat' dir='ltr'><strong>sed</strong></span> <span class='ocrx_word' id='word_1_689' title='bbox 2983 4675 3305 4730; x_wconf 87' lang='lat' dir='ltr'><strong>traditorem</strong></span> <span class='ocrx_word' id='word_1_690' title='bbox 3356 4666 3692 4742; x_wconf 72' lang='lat' dir='ltr'><strong>appellabant.</strong></span> 
     </span>
    </p>
   </div>
   <div class='ocr_carea' id='block_1_104' title="bbox 2260 4756 3782 4853">
    <p class='ocr_par' dir='ltr' id='par_1_104' title="bbox 2260 4756 3782 4853">
     <span class='ocr_line' id='line_1_104' title="bbox 2260 4756 3782 4853; baseline -0.011 -23"><span class='ocrx_word' id='word_1_691' title='bbox 2260 4772 2522 4829; x_wconf 87' lang='lat' dir='ltr'><strong>credibile</strong></span> <span class='ocrx_word' id='word_1_692' title='bbox 2556 4779 2863 4827; x_wconf 87' lang='lat' dir='ltr'><strong>memoratu</strong></span> <span class='ocrx_word' id='word_1_693' title='bbox 2893 4775 3053 4826; x_wconf 87' lang='lat' dir='ltr'><strong>estet</strong></span> <span class='ocrx_word' id='word_1_694' title='bbox 3084 4767 3155 4823; x_wconf 89' lang='lat' dir='ltr'><strong>ad</strong></span> <span class='ocrx_word' id='word_1_695' title='bbox 3183 4763 3582 4822; x_wconf 83' lang='lat' dir='ltr'><strong>recordandnm</strong></span> <span class='ocrx_word' id='word_1_696' title='bbox 3608 4756 3782 4853; x_wconf 58' lang='grc' dir='ltr'><strong>ειμςηδ</strong></span> 
     </span>
    </p>
   </div>
   <div class='ocr_carea' id='block_1_105' title="bbox 2260 4853 3778 4943">
    <p class='ocr_par' dir='ltr' id='par_1_105' title="bbox 2260 4853 3778 4943">
     <span class='ocr_line' id='line_1_105' title="bbox 2260 4853 3778 4943; baseline -0.011 -22"><span class='ocrx_word' id='word_1_697' title='bbox 2260 4865 2545 4930; x_wconf 90' lang='lat' dir='ltr'><strong>horribile,</strong></span> <span class='ocrx_word' id='word_1_698' title='bbox 2589 4872 2794 4934; x_wconf 84' lang='lat' dir='ltr'><strong>quanta</strong></span> <span class='ocrx_word' id='word_1_699' title='bbox 2837 4862 2896 4917; x_wconf 90' lang='lat' dir='ltr'><strong>in</strong></span> <span class='ocrx_word' id='word_1_700' title='bbox 2951 4870 3165 4926; x_wconf 89' lang='lat' dir='ltr'><strong>nostro,</strong></span> <span class='ocrx_word' id='word_1_701' title='bbox 3206 4859 3316 4914; x_wconf 85' lang='lat' dir='ltr'><strong>hoc</strong></span> <span class='ocrx_word' id='word_1_702' title='bbox 3359 4865 3447 4913; x_wconf 85' lang='lat' dir='ltr'><strong>est</strong></span> 
     </span>
    </p>
   </div>
   <div class='ocr_carea' id='block_1_106' title="bbox 2260 4941 3779 5032">
    <p class='ocr_par' dir='ltr' id='par_1_106' title="bbox 2260 4941 3779 5032">
     <span class='ocr_line' id='line_1_106' title="bbox 2260 4941 3779 5032; baseline -0.013 -15"><span class='ocrx_word' id='word_1_703' title='bbox 2260 4960 2493 5032; x_wconf 86' lang='lat' dir='ltr'><strong>collegio</strong></span> <span class='ocrx_word' id='word_1_704' title='bbox 2516 4960 2662 5031; x_wconf 91' lang='lat' dir='ltr'><strong>quod</strong></span> <span class='ocrx_word' id='word_1_705' title='bbox 2689 4958 2949 5015; x_wconf 90' lang='lat' dir='ltr'><strong>omnibus</strong></span> <span class='ocrx_word' id='word_1_706' title='bbox 2972 4964 3093 5012; x_wconf 92' lang='lat' dir='ltr'><strong>erat</strong></span> <span class='ocrx_word' id='word_1_707' title='bbox 3125 4954 3333 5020; x_wconf 87' lang='lat' dir='ltr'><strong>rarius,</strong></span> <span class='ocrx_word' id='word_1_708' title='bbox 3367 4958 3501 5006; x_wconf 87' lang='lat' dir='ltr'><strong>tunc</strong></span> <span class='ocrx_word' id='word_1_709' title='bbox 3528 4941 3674 5002; x_wconf 69' lang='lat' dir='ltr'><strong>[nail</strong></span> <span class='ocrx_word' id='word_1_710' title='bbox 3693 4941 3779 4992; x_wconf 67' lang='grc' dir='ltr'><strong>ωι-</strong></span> 
     </span>
    </p>
   </div>
   <div class='ocr_carea' id='block_1_107' title="bbox 2262 5041 3779 5122">
    <p class='ocr_par' dir='ltr' id='par_1_107' title="bbox 2262 5041 3779 5122">
     <span class='ocr_line' id='line_1_107' title="bbox 2262 5041 3779 5122; baseline -0.01 -13"><span class='ocrx_word' id='word_1_711' title='bbox 2262 5053 2434 5120; x_wconf 87' lang='lat' dir='ltr'><strong>batio,</strong></span> <span class='ocrx_word' id='word_1_712' title='bbox 2469 5052 2604 5108; x_wconf 91' lang='lat' dir='ltr'><strong>dum</strong></span> <span class='ocrx_word' id='word_1_713' title='bbox 2637 5051 2854 5107; x_wconf 89' lang='lat' dir='ltr'><strong>videres</strong></span> <span class='ocrx_word' id='word_1_714' title='bbox 2887 5058 3100 5122; x_wconf 89' lang='lat' dir='ltr'><strong>patrem</strong></span> <span class='ocrx_word' id='word_1_715' title='bbox 3145 5063 3177 5103; x_wconf 86' lang='lat' dir='ltr'><strong>a</strong></span> <span class='ocrx_word' id='word_1_716' title='bbox 3223 5046 3355 5112; x_wconf 80' lang='lat' dir='ltr'><strong>lilio,</strong></span> <span class='ocrx_word' id='word_1_717' title='bbox 3391 5042 3613 5097; x_wconf 79' lang='lat' dir='ltr'><strong>fratrem</strong></span> <span class='ocrx_word' id='word_1_718' title='bbox 3642 5050 3671 5088; x_wconf 75' lang='lat' dir='ltr'><strong>a</strong></span> <span class='ocrx_word' id='word_1_719' title='bbox 3700 5041 3779 5095; x_wconf 58' lang='grc' dir='ltr'><strong>ἵετ’</strong></span> 
     </span>
    </p>
   </div>
   <div class='ocr_carea' id='block_1_108' title="bbox 2262 5132 3778 5212">
    <p class='ocr_par' dir='ltr' id='par_1_108' title="bbox 2262 5132 3778 5212">
     <span class='ocr_line' id='line_1_108' title="bbox 2262 5132 3778 5212; baseline -0.011 -12"><span class='ocrx_word' id='word_1_720' title='bbox 2262 5158 2450 5212; x_wconf 89' lang='lat' dir='ltr'><strong>mano,</strong></span> <span class='ocrx_word' id='word_1_721' title='bbox 2478 5143 2689 5200; x_wconf 90' lang='lat' dir='ltr'><strong>socium</strong></span> <span class='ocrx_word' id='word_1_722' title='bbox 2713 5143 2784 5198; x_wconf 89' lang='lat' dir='ltr'><strong>ab</strong></span> <span class='ocrx_word' id='word_1_723' title='bbox 2812 5143 2992 5198; x_wconf 86' lang='lat' dir='ltr'><strong>amico</strong></span> <span class='ocrx_word' id='word_1_724' title='bbox 3036 5140 3211 5195; x_wconf 90' lang='lat' dir='ltr'><strong>multo</strong></span> <span class='ocrx_word' id='word_1_725' title='bbox 3236 5136 3480 5194; x_wconf 81' lang='lat' dir='ltr'><strong>amarius</strong></span> <span class='ocrx_word' id='word_1_726' title='bbox 3498 5143 3651 5204; x_wconf 82' lang='lat' dir='ltr'><strong>qualn</strong></span> <span class='ocrx_word' id='word_1_727' title='bbox 3681 5132 3778 5176; x_wconf 62' lang='grc' dir='ltr'><strong>ιω</strong></span> 
     </span>
    </p>
   </div>
   <div class='ocr_carea' id='block_1_109' title="bbox 2265 5221 3777 5307">
    <p class='ocr_par' dir='ltr' id='par_1_109' title="bbox 2265 5221 3777 5307">
     <span class='ocr_line' id='line_1_109' title="bbox 2265 5221 3777 5307; baseline -0.011 -15"><span class='ocrx_word' id='word_1_728' title='bbox 2265 5244 2489 5307; x_wconf 88' lang='lat' dir='ltr'><strong>separat</strong></span> <span class='ocrx_word' id='word_1_729' title='bbox 2532 5250 2659 5292; x_wconf 85' lang='lat' dir='ltr'><strong>cum</strong></span> <span class='ocrx_word' id='word_1_730' title='bbox 2699 5235 2810 5291; x_wconf 84' lang='lat' dir='ltr'><strong>vita</strong></span> <span class='ocrx_word' id='word_1_731' title='bbox 2858 5233 3125 5305; x_wconf 87' lang='lat' dir='ltr'><strong>separari,</strong></span> <span class='ocrx_word' id='word_1_732' title='bbox 3165 5233 3337 5287; x_wconf 85' lang='lat' dir='ltr'><strong>altero</strong></span> <span class='ocrx_word' id='word_1_733' title='bbox 3369 5239 3550 5291; x_wconf 71' lang='lat' dir='ltr'><strong>ten-ae,</strong></span> <span class='ocrx_word' id='word_1_734' title='bbox 3583 5221 3777 5276; x_wconf 52' lang='lat' dir='ltr'><strong>altersi</strong></span> 
     </span>
    </p>
   </div>
   <div class='ocr_carea' id='block_1_110' title="bbox 2267 5318 3775 5397">
    <p class='ocr_par' dir='ltr' id='par_1_110' title="bbox 2267 5318 3775 5397">
     <span class='ocr_line' id='line_1_110' title="bbox 2267 5318 3775 5397; baseline -0.005 -11"><span class='ocrx_word' id='word_1_735' title='bbox 2267 5328 2644 5386; x_wconf 89' lang='lat' dir='ltr'><strong>committente</strong></span> <span class='ocrx_word' id='word_1_736' title='bbox 2667 5327 2832 5395; x_wconf 91' lang='lat' dir='ltr'><strong>mari,</strong></span> <span class='ocrx_word' id='word_1_737' title='bbox 2859 5340 3199 5397; x_wconf 84' lang='lat' dir='ltr'><strong>rursumque</strong></span> <span class='ocrx_word' id='word_1_738' title='bbox 3220 5322 3487 5396; x_wconf 83' lang='lat' dir='ltr'><strong>quosdam</strong></span> <span class='ocrx_word' id='word_1_739' title='bbox 3506 5322 3623 5389; x_wconf 62' lang='lat' dir='ltr'><strong>post</strong></span> <span class='ocrx_word' id='word_1_740' title='bbox 3637 5318 3775 5379; x_wconf 54' lang='grc' dir='ltr'><strong>εμπ</strong></span> 
     </span>
    </p>
   </div>
   <div class='ocr_carea' id='block_1_111' title="bbox 2274 5407 3777 5496">
    <p class='ocr_par' dir='ltr' id='par_1_111' title="bbox 2274 5407 3777 5496">
     <span class='ocr_line' id='line_1_111' title="bbox 2274 5407 3777 5496; baseline -0.012 -19"><span class='ocrx_word' id='word_1_741' title='bbox 2274 5437 2398 5477; x_wconf 88' lang='lat' dir='ltr'><strong>sum</strong></span> <span class='ocrx_word' id='word_1_742' title='bbox 2423 5421 2674 5489; x_wconf 89' lang='lat' dir='ltr'><strong>naulum,</strong></span> <span class='ocrx_word' id='word_1_743' title='bbox 2703 5430 2829 5493; x_wconf 90' lang='lat' dir='ltr'><strong>post</strong></span> <span class='ocrx_word' id='word_1_744' title='bbox 2882 5434 3052 5475; x_wconf 89' lang='lat' dir='ltr'><strong>unam</strong></span> <span class='ocrx_word' id='word_1_745' title='bbox 3095 5418 3183 5473; x_wconf 88' lang='lat' dir='ltr'><strong>vel</strong></span> <span class='ocrx_word' id='word_1_746' title='bbox 3229 5417 3365 5472; x_wconf 83' lang='lat' dir='ltr'><strong>duas</strong></span> <span class='ocrx_word' id='word_1_747' title='bbox 3395 5412 3455 5466; x_wconf 87' lang='lat' dir='ltr'><strong>in</strong></span> <span class='ocrx_word' id='word_1_748' title='bbox 3500 5407 3616 5465; x_wconf 83' lang='lat' dir='ltr'><strong>navi</strong></span> 
     </span>
    </p>
   </div>
   <div class='ocr_carea' id='block_1_112' title="bbox 2261 5501 3775 5587">
    <p class='ocr_par' dir='ltr' id='par_1_112' title="bbox 2261 5501 3775 5587">
     <span class='ocr_line' id='line_1_112' title="bbox 2261 5501 3775 5587; baseline -0.011 -19"><span class='ocrx_word' id='word_1_749' title='bbox 2261 5523 2416 5570; x_wconf 88' lang='lat' dir='ltr'><strong>actas</strong></span> <span class='ocrx_word' id='word_1_750' title='bbox 2443 5524 2654 5583; x_wconf 86' lang='lat' dir='ltr'><strong>noctes,</strong></span> <span class='ocrx_word' id='word_1_751' title='bbox 2671 5521 2950 5587; x_wconf 86' lang='lat' dir='ltr'><strong>resumpta</strong></span> <span class='ocrx_word' id='word_1_752' title='bbox 2975 5508 3336 5582; x_wconf 81' lang='lat' dir='ltr'><strong>suppellectili</strong></span> <span class='ocrx_word' id='word_1_753' title='bbox 3366 5504 3434 5562; x_wconf 86' lang='lat' dir='ltr'><strong>ad</strong></span> <span class='ocrx_word' id='word_1_754' title='bbox 3459 5503 3586 5559; x_wconf 81' lang='lat' dir='ltr'><strong>litus</strong></span> <span class='ocrx_word' id='word_1_755' title='bbox 3606 5507 3707 5554; x_wconf 69' lang='lat' dir='ltr'><strong>coll</strong></span> <span class='ocrx_word' id='word_1_756' title='bbox 3723 5501 3775 5539; x_wconf 73' lang='grc' dir='ltr'><strong>ιι-</strong></span> 
     </span>
    </p>
   </div>
   <div class='ocr_carea' id='block_1_113' title="bbox 1880 5618 2563 5683">
    <p class='ocr_par' dir='ltr' id='par_1_113' title="bbox 1880 5618 2563 5683">
     <span class='ocr_line' id='line_1_113' title="bbox 1880 5618 2563 5683; baseline 0.013 -8"><span class='ocrx_word' id='word_1_757' title='bbox 1880 5620 2119 5678; x_wconf 71' lang='lat' dir='ltr'><strong>VARle</strong></span> <span class='ocrx_word' id='word_1_758' title='bbox 2161 5618 2563 5683; x_wconf 79' lang='lat' dir='ltr'><strong>LECTIONES.</strong></span> 
     </span>
    </p>
   </div>
   <div class='ocr_carea' id='block_1_114' title="bbox 632 5708 2011 5787">
    <p class='ocr_par' dir='ltr' id='par_1_114' title="bbox 632 5708 2011 5787">
     <span class='ocr_line' id='line_1_114' title="bbox 632 5708 2011 5787; baseline 0.019 -26"><span class='ocrx_word' id='word_1_759' title='bbox 632 5709 726 5743; x_wconf 69' lang='grc'><strong>⁸⁸⁸⁸</strong></span> <span class='ocrx_word' id='word_1_760' title='bbox 760 5708 830 5765; x_wconf 80' lang='grc' dir='ltr'><strong>Β.</strong></span> <span class='ocrx_word' id='word_1_761' title='bbox 860 5710 921 5775; x_wconf 69' lang='grc'><strong>1.,</strong></span> <span class='ocrx_word' id='word_1_762' title='bbox 951 5711 1070 5769; x_wconf 62' lang='lat' dir='ltr'><strong>re“;</strong></span> <span class='ocrx_word' id='word_1_763' title='bbox 1152 5711 1241 5745; x_wconf 80' lang='grc'>¹⁶⁸⁹</span> <span class='ocrx_word' id='word_1_764' title='bbox 1267 5714 1332 5769; x_wconf 75' lang='grc' dir='ltr'><strong>Α.</strong></span> <span class='ocrx_word' id='word_1_765' title='bbox 1372 5715 1418 5772; x_wconf 77' lang='grc' dir='ltr'><strong>Ι..</strong></span> <span class='ocrx_word' id='word_1_766' title='bbox 1448 5716 1660 5787; x_wconf 63' lang='grc' dir='ltr'><strong><em>δωρίκδο</em></strong></span> <span class='ocrx_word' id='word_1_767' title='bbox 1742 5716 1833 5748; x_wconf 79' lang='grc'><strong>¹¹³¹³⁰</strong></span> <span class='ocrx_word' id='word_1_768' title='bbox 1858 5713 1928 5769; x_wconf 72' lang='grc' dir='ltr'><strong>Μ·</strong></span> <span class='ocrx_word' id='word_1_769' title='bbox 1962 5715 2011 5769; x_wconf 57' lang='lat'><strong>‘-</strong></span> 
     </span>
    </p>
   </div>
   <div class='ocr_carea' id='block_1_115' title="bbox 2092 5713 2509 5788">
    <p class='ocr_par' dir='ltr' id='par_1_115' title="bbox 2092 5713 2509 5788">
     <span class='ocr_line' id='line_1_115' title="bbox 2092 5713 2509 5788; baseline 0.017 -20"><span class='ocrx_word' id='word_1_770' title='bbox 2092 5713 2189 5755; x_wconf 49' lang='grc' dir='ltr'><strong>ηοξ</strong></span> <span class='ocrx_word' id='word_1_771' title='bbox 2206 5730 2434 5788; x_wconf 89' lang='lat' dir='ltr'><strong>regnum</strong></span> <span class='ocrx_word' id='word_1_772' title='bbox 2465 5721 2509 5780; x_wconf 70' lang='lat'><strong>5,</strong></span> 
     </span>
    </p>
   </div>
   <div class='ocr_carea' id='block_1_116' title="bbox 2106 5824 2334 5883">
    <p class='ocr_par' dir='ltr' id='par_1_116' title="bbox 2106 5824 2334 5883">
     <span class='ocr_line' id='line_1_116' title="bbox 2106 5824 2334 5883; baseline 0.018 -4"><span class='ocrx_word' id='word_1_773' title='bbox 2106 5824 2334 5883; x_wconf 64' lang='lat' dir='ltr'><strong>NOTAE.</strong></span> 
     </span>
    </p>
   </div>
   <div class='ocr_carea' id='block_1_117' title="bbox 647 5887 1249 5974">
    <p class='ocr_par' dir='ltr' id='par_1_117' title="bbox 647 5887 1249 5974">
     <span class='ocr_line' id='line_1_117' title="bbox 647 5887 1249 5974; baseline -0.002 -31"><span class='ocrx_word' id='word_1_774' title='bbox 647 5888 795 5974; x_wconf 54' lang='lat'><strong>@925)</strong></span> <span class='ocrx_word' id='word_1_775' title='bbox 821 5888 859 5943; x_wconf 89' lang='lat' dir='ltr'><strong>i.</strong></span> <span class='ocrx_word' id='word_1_776' title='bbox 891 5905 943 5945; x_wconf 86' lang='lat' dir='ltr'><strong>e.</strong></span> <span class='ocrx_word' id='word_1_777' title='bbox 982 5887 1249 5956; x_wconf 78' lang='lat' dir='ltr'><strong>Bulgaria:</strong></span> 
     </span>
    </p>
   </div>
  </div>
