3862 6306
108 291 208 349 981

1074 292 1447 352 CllRONlCA.
1484 320 1556 335 -
1589 289 1985 348 CIIRONICON
2026 288 2487 349 UNIYERSALE.

3262 242 3400 353 ‘982

107 406 260 477 genti
300 405 504 463 damno
542 405 816 478 prosilire,
860 405 1157 477 redemptis
1198 422 1385 479 precio
1418 407 1694 478 ampliori,
1728 419 1769 479 Α
1801 415 1933 462 nant
1962 406 2422 462 machinamenta.
2454 402 2597 471 Quid
2629 403 2853 460 moror?
2884 402 2975 459 Sic
2995 418 3093 477 per
3112 403 3230 463 dies
3253 422 3393 478 pene

104 516 251 570 quos
269 516 445 572 nuper
467 499 854 568 distraxerant,
883 500 1063 570 equis,
1094 501 1165 556 ad
1197 516 1416 567 necem,
1436 498 1694 572 fugiendo

104 615 339 662 mortem
369 606 484 672 “9’,
515 620 831 676 properare.
874 602 986 660 Nos
1019 620 1242 676 quoque
1288 604 1479 660 eadem
1524 603 1695 660 animi

104 709 392 763 nutatione
420 704 515 762 diu
576 706 924 777 multumque
941 705 1143 773 vexati,
1180 706 1400 761 tandem
1426 704 1569 759 inter
1597 719 1695 761 eos

102 810 200 878 qui
229 823 287 863 se
314 807 430 863 salo
463 807 685 862 credere
712 815 1183 878 presumpserant,
1220 807 1406 862 divina
1440 806 1695 863 miserias

101 916 328 965 nostras
363 907 706 979 gubernante
740 907 1058 973 clementia,
1096 906 1268 978 Joppe
1307 916 1527 977 portum
1571 916 1695 977 post

99 1014 199 1053 sex
223 999 553 1054 ebdomadas
574 998 858 1070 attigimus
877 998 1086 1070 (Δίῳ),
1108 999 1427 1055 benedictus
1456 1014 1553 1070 per
1573 1014 1694 1054 om-

97 1092 194 1146 nia
224 1090 385 1148 Jesus
409 1090 668 1149 Christus
693 1093 707 1145 !

244 1183 514 1268 :_R'eliqua
536 1184 692 1268 hujus
716 1185 845 1239 anni
859 1185 963 1268 hac
988 1184 1103 1241 loco
1118 1186 1314 1268 'desunt
1330 1184 1404 1240 'D.

247 1257 287 1279 "
312 1254 537 1380 Reliﬁua
555 1256 712 1326 hujus
742 1257 870 1311 anni
898 1258 1089 1311 desunt
1116 1255 1179 1311 E.

247 1327 385 1380 '“n.
474 1342 504 1380 e
542 1327 702 1380 cuius
754 1328 833 1380 rei
880 1336 1079 1380 eventu
1126 1329 1176 1380 al

242 1327 385 1397 “'p.
426 1327 504 1382 De
542 1327 702 1399 cujus
754 1328 841 1399 rei_
880 1336 1079 1399 eventu
1126 1328 1263 1384 alias
1300 1328 1517 1399 plenius
1552 1328 1693 1385 scri-

314 1405 468 1467 ptum
497 1397 783 1454 habemus.
808 1397 870 1455 C.
906 1398 1123 1469 reliquis
1151 1397 1382 1453 omissis.

165 1487 343 1543 Porro
393 1489 666 1546 exercitus
700 1490 1048 1559 universalis,
1096 1492 1166 1546 ab
1206 1493 1536 1561 imperatore
1585 1491 1693 1546 500

95 1579 483 1653 Thurcopolis,
528 1584 623 1656 qui
650 1582 891 1657 legiones
940 1592 1070 1655 apto
1117 1584 1311 1640 itinere
1340 1585 1689 1652 deducerent,

92 1674 360 1744 acceptis,
406 1683 598 1730 contra
641 1674 1016 1732 Nicomediam
1042 1677 1291 1745 vertitur,
1320 1676 1554 1748 indeque
1578 1676 1690 1733 llo-

93 1767 341 1823 maniam
382 1768 684 1835 declinans,
731 1768 800 1825 ad
845 1768 1216 1840 aquilonalem
1253 1770 1469 1841 plagam
1495 1780 1688 1826 contra
1719 1771 1762 1832 Β

93 1868 301 1915 terram
345 1859 731 1929 Chorizanam,
777 1877 901 1933 qua:
950 1861 1294 1918 Thurcorum
1350 1871 1435 1918 est
1487 1862 1683 1934 patria,

92 1954 454 2007 convertitur.
496 1952 641 2009 Loca
664 1953 862 2025 quippe
888 1952 1189 2022 Romaniae,
1226 1971 1349 2026 quae
1374 1956 1520 2011 circa
1545 1965 1688 2011 stra-

93 2054 208 2100 tam
238 2046 515 2116 publicam
538 2055 715 2112 erant,
745 2046 1000 2117 perju'rus
1030 2046 1255 2103 Alcxius
1286 2048 1683 2114 devastaverat,

92 2139 228 2193 dum
266 2139 469 2194 nostris
494 2139 548 2192 in
586 2138 878 2194 Antiochia
909 2139 1115 2195 dudum
1155 2140 1398 2197 obsessis
1422 2141 1686 2196 auxilium

94 2229 239 2285 ferre
289 2245 397 2284 non
439 2231 665 2285 auderet
707 2240 767 2286 ut
796 2231 1097 2302 juraverat,
1147 2241 1435 2303 suspectus
1480 2234 1688 2291 scilicet

93 2331 304 2377 extunc
340 2331 451 2376 tam
478 2321 706 2378 Francis
736 2338 899 2394 quam
930 2322 1188 2380 Thurcis.
1219 2323 1448 2397 Insuper
1484 2327 1686 2383 milicia

93 2413 214 2468 haec
241 2428 441 2467 nomen
476 2413 577 2467 sibi
619 2412 797 2469 facere
839 2414 895 2469 in
918 2414 1190 2486 gentibus,
1223 2417 1686 2486 quemadmodum

92 2505 367 2571 anterior,
417 2506 734 2576 proposuit;
792 2507 910 2574 scd,
945 2517 1004 2562 ut
1024 2508 1103 2563 rei
1156 2510 1684 2580 probaviteventus,

92 2597 298 2652 divinae
332 2597 385 2652 id
409 2598 863 2669 predestinationi
895 2614 1006 2654 non
1024 2601 1375 2672 complacuit.
1398 2601 1535 2659 Nam
1561 2613 1687 2661 ante

93 2705 306 2759 paucos
330 2690 445 2745 dies
472 2690 615 2746 idem
640 2691 837 2763 pagani
862 2691 916 2745 in
944 2690 1456 2764 Longobardorum,
1481 2704 1540 2751 ut
1564 2712 1687 2768 pre-

94 2784 330 2839 missum
365 2792 466 2850 est,
519 2784 611 2838 vix
660 2783 840 2856 tepido
876 2785 1143 2857 sanguine
1196 2787 1477 2845 hebetatos
1527 2798 1687 2847 antea

92 2877 309 2948 gladios
343 2876 694 2947 duraverant,
736 2877 973 2948 indeque
1019 2880 1266 2950 animati,
1314 2892 1422 2938 tam
1463 2882 1689 2941 inﬁnitae

94 2970 436 3026 multitudini
473 2972 799 3028 bellatorum
838 2972 1095 3030 resistere
1120 2976 1528 3046 presumebant.
1565 2976 1687 3034 Non

93 3065 273 3123 multo
303 3065 424 3135 plus
461 3081 628 3136 quam
670 3075 904 3136 quatuor
927 3075 1089 3123 erant
1116 3068 1266 3129 milia
1316 3068 1683 3138 Thurcorum,

92 3160 188 3229 qui
229 3167 414 3214 tamen
451 3158 553 3229 ipsi
600 3159 757 3215 electi
804 3167 858 3215 et
904 3160 1063 3231 equis
1106 3160 1488 3231 velocissimis,
1517 3163 1687 3229 armis

93 3254 330 3324 telisque
370 3269 436 3309 ac
469 3254 761 3326 sagittandi
803 3254 997 3325 peritia
1026 3255 1190 3312 nimis
1213 3256 1485 3325 instructi,
1508 3257 1687 3315 fortu-

95 3362 227 3401 nam
279 3363 437 3403 suam
467 3363 562 3403 seu
614 3347 871 3403 virtutem
923 3347 1095 3420 ignoti
1142 3350 1417 3407 exercitus
1451 3353 1687 3424 experiri

94 3438 281 3507 potius
309 3439 645 3510 explorando
670 3456 837 3511 quam
867 3450 1051 3512 aperte
1073 3443 1475 3516 congrediendo
1500 3446 1687 3503 venie-

94 3532 250 3587 bant.
303 3530 459 3589 Unde
508 3534 762 3605 inprimis
809 3534 1256 3601 latrocinantium
1309 3553 1463 3595 more
1492 3539 1687 3611 vulgus

91 3632 402 3682 extremum
439 3626 696 3698 diripere,
736 3636 863 3698 post
917 3628 1034 3691 haec
1087 3645 1281 3701 capere
1332 3632 1423 3687 vel
1470 3633 1684 3701 cedere,

92 3718 289 3774 deinde
307 3735 406 3790 per
429 3730 680 3791 competa
714 3730 1118 3791 precurrentes,
1149 3722 1401 3780 incendio
1428 3725 1513 3781 vel
1542 3741 1685 3799 quo.-

95 3826 335 3883 cumque
380 3814 662 3869 molimine
715 3814 914 3884 pabula
968 3824 1283 3885 prevastare
1308 3858 1325 3884 ,
1390 3818 1686 3889 aliquando

94 3905 261 3960 etiam
284 3922 383 3977 per
412 3906 636 3977 junceta
658 3907 743 3969 vel
773 3915 999 3972 carecta
1017 3908 1353 3978 gradientem
1385 3910 1686 3973 exercitum

94 4003 210 4049 tota
258 3995 345 4051 die
388 3994 624 4053 ﬂammis
678 3997 765 4052 vel
815 3996 971 4052 fumo
1009 4013 1230 4066 vexare,
1287 4014 1685 4077 nonnunquam

96 4086 278 4143 fontes
310 4088 403 4119 ¹⁶⁹⁸
426 4090 510 4144 vel
548 4090 818 4146 cisternas
842 4090 1136 4158 obdurare,
1170 4107 1202 4146 a
1230 4091 1367 4149 locis
1392 4094 1686 4152 tutioribus

96 4180 221 4234 telis
250 4179 531 4249 infestare,
557 4198 654 4254 per
678 4193 869 4240 noctes
896 4200 1042 4240 nunc
1065 4184 1170 4240 hac
1191 4201 1340 4242 nunc
1364 4185 1456 4241 illa
1478 4194 1686 4243 castro-

94 4287 221 4326 rum
256 4283 407 4343 parte
452 4275 840 4347 irrumpentes,
871 4277 1086 4335 cunctis
1123 4277 1555 4350 inquietudinem
1595 4279 1684 4343 in,—

94 4363 261 4419 ferre.
280 4364 423 4421 Inter
446 4367 561 4424 haec
587 4377 769 4431 tamen
795 4371 981 4426 omnia
1010 4387 1291 4442 nunquam
1316 4372 1435 4429 acie
1454 4372 1682 4441 directa,

1793 498 1865 552 ‘20
1899 499 2061 569 quasi
2095 498 2314 570 signum
2361 498 2429 553 ad
2477 496 2709 568 sagittas
2746 497 3003 568 expositi,
3055 497 3138 555 sic
3190 499 3392 564 cotidie

1794 599 2076 662 tamquam
2123 608 2254 648 oves
2287 590 2585 647 occisionis
2616 590 2879 658 cstimati,
2921 590 3142 647 tandem
3185 591 3246 647 in
3284 608 3388 656 ex:

1797 691 1969 738 trema
1996 683 2110 755 jam
2142 693 2291 739 sorte
2317 684 2502 756 positi,
2530 698 2821 738 nemorum
2862 698 2922 739 se
2962 684 3193 743 saltibus
3223 693 3389 747 noctu

1797 777 2042 844 tradunt,
2079 793 2360 833 morosam
2392 777 2489 834 sed
2525 786 2734 832 certam
2768 776 2877 833 sibi
2906 786 3140 835 mortem
3171 778 3397 851 accolas.

1796 885 1920 926 rare
1949 878 2227 941 satagunt,
2258 870 2514 943 quamvis
2540 868 2894 941 paucissimis
2931 869 3058 941 fuga
3088 870 3389 945 quicquam

1797 962 2158 1019 euiolumenti
2184 962 2499 1031 contulerit,
2538 970 2719 1034 preter
2745 962 2892 1034 mtod
2919 962 3166 1023 omnium
3196 963 3389 1029 ultima

1795 1052 1905 1109 fata
1933 1053 2205 1111 tardantia
2231 1055 2655 1111 consummavit.
2686 1053 2823 1110 Nam
2849 1054 2916 1111 de
2956 1063 3068 1110 tam
3096 1054 3392 1119 innumero

1795 1147 2001 1218 populo
2028 1145 2145 1216 Dei,
2174 1146 2311 1204 heu!
2338 1147 2474 1207 heu!
2513 1162 2622 1205 non
2644 1148 2922 1205 credimus
2945 1147 3094 1211 mille
3121 1147 3274 1204 viros
3293 1163 3386 1203 re-

1793 1241 2087 1308 mansisse,
2123 1249 2489 1312 quospostea
2520 1241 2612 1296 vix
2645 1242 2866 1307 ossibus
2908 1242 3164 1297 herentes
3207 1238 3383 1308 Rodo,

1792 1330 1982 1403 Papho
2005 1332 2328 1403 ueterisque
2350 1333 2810 1405 portubus,,raros
2831 1342 3011 1397 autem
3031 1334 3194 1398 etiam
3213 1332 3386 1405 loppe

1794 1424 2064 1492 vidimus;
2110 1441 2143 1482 e
2176 1425 2378 1497 quibus
2405 1424 2760 1481 Bernhardus
2792 1440 2981 1487 comes
3006 1435 3062 1482 et
3094 1424 3389 1487 Heinricus

1794 1533 1980 1574 eomes
1992 1516 2409 1589 Raltsponensis
2422 1516 2800 1574 Hierosolimae
2822 1516 3097 1586 obierunt,
3119 1518 3226 1574 dux
3251 1532 3384 1574 vero

1794 1608 2069 1665 Waiulfus
2095 1610 2187 1642 ¹⁶⁹³
2214 1609 2536 1665 revertendo
2568 1608 2835 1676 moriens,
2865 1607 3054 1679 Papho
3071 1618 3156 1665 est
3187 1609 3386 1664 huma-

1798 1711 1907 1761 tus.
1947 1702 2092 1759 Intcr
2122 1703 2500 1773 longissimam
2540 1702 2889 1759 cruciatnum
2930 1716 3157 1759 suorum
3193 1701 3384 1773 hyste-

1792 1795 1951 1864 riam,
1986 1811 2153 1866 quam
2191 1794 2279 1851 hic
2316 1804 2501 1851 texere
2528 1810 2629 1851 nec
2651 1794 2775 1866 ipsa
2815 1793 3192 1865 compendiosi
3215 1793 3383 1865 hujus

1788 1888 1971 1960 operis
2009 1886 2317 1959 proprietas
2346 1886 2643 1958 permittit,
2688 1886 2759 1942 de
2805 1886 3150 1943 nostratibus
3195 1885 3385 1942 archiq

1788 1982 2076 2054 piscopum
2129 1972 2588 2052 Salzhurgensem
2640 1978 2958 2036 Tiemonem
3012 1979 3103 2011 ιε’·
3139 1987 3383 2050 captum,

1785 2075 2144 2133 marchisiam
2169 2072 2236 2130 N.
2266 2073 2617 2141 trucidatam,
2649 2073 2791 2129 duos
2819 2072 3107 2128 Brunones
3147 2071 3382 2129 canoni-

1787 2185 1904 2238 cos,
1937 2168 2152 2227 nobiles
2186 2167 2358 2234 viros,
2407 2165 2589 2221 inedia
2635 2165 2836 2236 sitique
2867 2162 3134 2220 defecisse
3176 2162 3383 2219 refere-

1784 2259 1946 2326 bant;
1983 2259 2051 2315 de
2081 2256 2293 2313 Latinis
2314 2271 2445 2312 vero
2466 2254 2807 2327 principibus
2826 2252 3244 2320 Willihelmum,
3274 2249 3387 2319 Re:-

1785 2350 2129 2424 gimundum,
2155 2348 2525 2420 Stephanum,
2542 2355 2976 2425 czeterorumque
2998 2345 3239 2417 aliquam
3261 2358 3388 2423 par-

1785 2454 1894 2499 tem
1927 2457 2216 2515 superesse
2245 2440 2523 2497 dicebant.

1859 2534 1999 2591 Dum
2026 2534 2142 2592 hazc
2166 2534 2239 2589 ita
2267 2540 2556 2605 geruntur,
2600 2545 2702 2587 nec
2731 2530 2820 2588 his
2844 2530 2940 2601 qui
2965 2529 3022 2585 in
3043 2528 3218 2586 Judea
3253 2535 3386 2585 sunt

1785 2626 2122 2684 Christianis
2175 2627 2440 2698 parcitur,
2487 2625 2583 2682 sed
2610 2633 2721 2680 tam
2747 2624 2819 2680 ab
2841 2622 3176 2680 Ascalonitis
3216 2630 3385 2693 atque

1788 2720 2142 2776 Damascenis
2173 2720 2451 2777 cotidiana
2476 2717 2766 2774 latrocinia
2806 2731 2974 2788 quam
3003 2732 3035 2772 a
3064 2713 3383 2789 Babyloniis

1789 2813 1928 2869 bella
1947 2820 2231 2884 parantur.
2262 2812 2396 2868 Post
2424 2810 2530 2867 Mai
2556 2810 2758 2883 quippe
2788 2808 3062 2866 Kalendas
3085 2824 3198 2865 non
3221 2808 3385 2880 longe

1787 2922 1819 2962 a
1852 2905 2024 2961 Rama
2066 2914 2251 2962 castra
2295 2915 2533 2961 metatus
2568 2912 2655 2960 est
2692 2901 3060 2975 Babylonicus
3080 2900 3383 2979 exerpitus,

1788 3006 1981 3055 contra
2011 3014 2175 3069 quem
2208 2998 2383 3054 aciem
2404 2996 2606 3055 direxit
2629 2996 2722 3029 ““
2755 3011 2852 3061 rex
2864 2994 3223 3061 Balduvinus,
3248 3008 3383 3054 suos

1789 3090 2043 3148 hortatus
2100 3099 2169 3149 ut-
2184 3090 2333 3150 sicut;
2347 3097 2473 3150 ante
2500 3103 2707 3160 paucos
2734 3088 2853 3146 dies
2888 3102 2987 3158 per
3021 3085 3117 3150 Dei
3144 3085 3381 3158 gratiam

1789 3198 1956 3253 parva
1980 3197 2149 3244 manu
2176 3181 2411 3237 multam
2435 3181 2502 3239 de
2537 3179 2739 3243 Arabia
2765 3179 3001 3251 predam;
3024 3178 3281 3244 tulerant,
3306 3178 3381 3239 ita

1789 3289 1937 3329 nunc
1963 3272 2207 3333 hostium
2237 3271 2575 3335 multitudini
2608 3286 2720 3327 non
2751 3270 2973 3334 cedant,
2995 3268 3247 3336 Illorum,
3297 3269 3386 3333 ing

1787 3365 1935 3435 quit,
1960 3365 2156 3420 damno
2184 3365 2421 3420 rivamus
2468 3372 2561 3418 aut
2588 3362 2825 3434 periculo
2874 3362 3203 3425 moriamur!
3244 3360 3383 3421 Ecce

1787 3456 2004 3525 bellum,
2028 3474 2060 3512 ο
2088 3457 2211 3515 boni
2239 3456 2475 3525 milites,
2494 3455 2637 3529 quod
2661 3456 2794 3512 olim
2823 3456 2915 3489 ω’
2937 3456 3258 3527 optavimus,
3279 3473 3391 3529 pro.

1785 3567 1889 3622 quo
1922 3551 2181 3622 patriam,
2231 3558 2474 3622 parentes
2507 3566 2799 3621 pacemque
2823 3548 2918 3583 ""
2945 3550 3378 3620 contempsimus.

1788 3641 1960 3698 Porro
1983 3659 2082 3714 pro
2106 3642 2310 3700 Christi
2333 3643 2624 3699 hereditate
2658 3650 2846 3697 contra
2878 3643 3147 3705 incusares
3171 3641 3383 3705 Sancta

1791 3734 1967 3791 Terra:
1990 3736 2346 3807 predonesque
2367 3735 2694 3807 alienigenas
2714 3751 2951 3806 pugnare
2974 3734 3251 3794 honestum
3278 3742 3380 3802 est,

1785 3827 1992 3883 vincere
2020 3826 2152 3882 tales
2181 3843 2515 3898 nequaquam
2554 3827 2853 3893 incertum,
2877 3827 3025 3891 mori,
3065 3826 3380 3898 gloriosum.

1787 3917 1914 3974 Illis
1933 3920 2113 3989 patria
2135 3920 2408 3974 ministrat
2437 3918 2643 3989 fugam,
2667 3917 2816 3977 nobis
2837 3917 3061 3979 exilium.
3080 3919 3378 3981 victoriam.

1787 4006 2197 4078 Comprobamus
2235 4007 2357 4078 jam
2400 4006 2540 4078 quod
2594 4006 2698 4077 ipsi
2743 4006 3087 4076 exprobrant,
3140 4005 3381 4069 Francos

1785 4108 2006 4154 mortem
2058 4115 2161 4154 non
2201 4100 2406 4167 timere,
2435 4099 2597 4152 immo
2626 4097 2833 4157 Christi
2861 4099 3162 4169 peregrinas
3201 4107 3295 4154 aut
3324 4098 3383 4152 in

1786 4191 1998 4255 Christo
2024 4192 2227 4247 vincere
2255 4200 2347 4247 aut
2375 4207 2471 4263 pro
2501 4190 2595 4231 ‘5”
2623 4189 2850 4251 Christo.
2867 4191 3004 4251 mori
3031 4189 3198 4245 velle!
3226 4188 3380 4245 Talia

1785 4286 1959 4341 multa
1982 4293 2273 4357 postquam
2297 4282 2594 4357 peroravit,
2634 4282 2867 4343 arrectis
2898 4296 3128 4337 suorum
3153 4281 3376 4347 animis,

1786 4377 1927 4434 miro
1953 4377 2049 4433 Dei
2077 4375 2473 4448 omnipotentis
2515 4383 2676 4442 nutu,
2702 4373 2897 4445 ingens
2943 4371 3379 4428 Sarracenorum

94 4472 385 4527 nunquam
432 4457 612 4523 fronte
644 4471 832 4532 aperta
874 4478 1029 4518 more
1061 4464 1427 4534 prwlianlium
1455 4480 1684 4536 congre-
1714 4490 1761 4548 υ
1786 4472 2020 4543 populus
2037 4470 2133 4527 uni
2154 4478 2369 4525 tantum
2391 4469 2477 4525 vel
2498 4468 2663 4540 paulo
2688 4466 2813 4538 plus
2834 4465 3038 4538 legioni
3066 4472 3377 4521 nostratum

90 4548 411 4619 diebautur,L
438 4552 535 4609 sed
577 4554 960 4617 resistentibus
997 4557 1283 4625 cedebant,
1329 4559 1683 4629 insequentes

94 4641 396 4713 fugiebant,
426 4654 763 4705 revertentes
804 4648 988 4711 denuo
1022 4649 1454 4719 subsequuntur.
1488 4649 1546 4705 Si
1578 4650 1683 4704 mi-

95 4735 274 4797 serias
320 4737 442 4797 illas
495 4739 756 4801 omnibus
808 4730 1045 4797 miseriis
1080 4742 1508 4799 miserabiliores
1554 4743 1682 4799 stilo

94 4832 351 4901 prosequi
401 4833 561 4903 plene
599 4841 952 4905 temptamus,
985 4835 1400 4905 possibilitatem
1439 4836 1601 4892 simul
1629 4844 1686 4892 et

96 4920 319 4979 tnOdum
366 4925 712 4993 excedimus;
771 4927 865 4982 ubi
904 4926 1135 4997 turpiter
1179 4935 1259 4984 tot
1302 4928 1532 4996 nobiles,
1587 4945 1685 5000 per

94 5014 335 5084 inopiam
365 5026 445 5073 tot
473 5018 690 5086 divites,
714 5019 833 5075 sine
866 5018 1014 5075 ferro
1039 5028 1120 5075 tot
1148 5018 1318 5078 fortes
1356 5021 1684 5078 occubuisse

96 5104 403 5177 referimus,
453 5111 585 5166 dum
633 5111 859 5169 domino
902 5127 1096 5168 servus
1150 5128 1396 5182 presens,
1425 5114 1681 5185 locupleti

96 5202 327 5268 pecunia
348 5201 629 5258 sulliciens
650 5203 878 5259 minime
896 5204 1073 5275 quivit
1093 5204 1405 5273 subvenire,
1432 5221 1534 5262 nec
1555 5205 1683 5262 forti

96 5291 251 5348 licuit
273 5312 535 5368 pugnare.
563 5295 713 5355 Loca
737 5296 938 5369 quippe
959 5297 1152 5353 eadem
1185 5307 1343 5353 erant
1365 5307 1505 5365 arta,
1535 5300 1680 5357 invia

96 5391 260 5453 atque
282 5388 681 5457 inhabitabilia,
707 5391 959 5447 hostibus
985 5390 1446 5462 cegnita,nostris
1470 5392 1676 5464 ignota,

95 5491 208 5544 qua
232 5488 439 5536 tantum
467 5480 562 5537 Dei
588 5483 847 5554 populum
870 5482 1043 5538 Alexii
1068 5483 1343 5540 traditoris
1371 5484 1679 5541 incarcera>

1782 4564 1967 4631 cessit,
1994 4563 2131 4620 adeo
2169 4562 2248 4618 uti
2306 4578 2375 4619 ne
2417 4560 2676 4633 congredi
2730 4558 2952 4630 quidem
2978 4563 3375 4629 presumerent,

1784 4658 1877 4714 sed
1903 4667 2030 4729 post
2058 4665 2367 4714 transactos
2392 4655 2603 4725 aliquot
2650 4652 2706 4708 in
2739 4651 2932 4708 eadem
2984 4650 3220 4706 statione
3256 4649 3376 4710 dies

1783 4751 2015 4821 turpiter
2033 4758 2089 4806 et
2120 4750 2297 4805 inacte
2335 4747 2596 4805 redirent.
2639 4745 2884 4801 Rursum
2929 4743 3075 4800 circa
3103 4741 3378 4808 Kalendas

1785 4840 2153 4913 Septembres,
2201 4856 2312 4912 quo
2360 4839 2569 4896 scilicet
2612 4846 2859 4908 tempore
2900 4833 3373 4902 Christianorum,

1784 4949 1926 5004 quos
1952 4941 2078 4989 ante
2104 4931 2549 4997 memoravimus,
2581 4927 2996 4986 adventantium
3026 4924 3375 5000 famaBabyr-

1784 5024 1947 5080 loniac
1986 5040 2155 5096 regna
2200 5032 2489 5091 terruerat,
2539 5022 2674 5076 inito
2708 5020 2961 5087 consilio,
3005 5033 3376 5095 preoceupare

1784 5125 2056 5183 nostram,
2092 5116 2198 5173 hoc
2230 5124 2317 5172 est
2361 5115 2745 5171 universorum
2786 5112 2881 5185 qui
2914 5120 3045 5180 tunc
3098 5110 3156 5166 in
3201 5109 3380 5198 Judea.

1782 5210 1868 5266 vel
1905 5210 1961 5265 in
1985 5210 2202 5266 cunctis
2229 5208 2430 5265 finibus
2455 5208 2563 5264 illis
2596 5208 2997 5278 reperirentur,
3014 5203 3372 5261 interneciem

1782 5302 2167 5374 disponebant,
2197 5299 2492 5370 missisque
2520 5299 2769 5370 epistolis
2815 5297 3106 5366 Damaseo,
3137 5294 3369 5367 Tripoli,

1786 5392 1961 5461 Cibel,
2016 5393 2338 5462 exterisque
2385 5390 2637 5451 barbaris
2692 5389 3039 5458 civitatibus,
3104 5388 3371 5445 adversus

1784 5501 1984 5542 nomen
1999 5484 2431 5541 Christianitatis
2453 5499 2512 5541 se
2539 5482 2770 5541 invicem
2794 5483 3181 5555 qualicumque
3208 5488 3372 5552 pacto

1400 5596 1637 5662 VARIE
1673 5598 2080 5657 LECTIONES.

179 5683 261 5715 ¹⁶⁹¹
290 5703 548 5755 superscr.
586 5688 633 5741 Ι.

100 5754 358 5817 instruxit
407 5757 468 5811 D.
524 5756 587 5812 ll.
706 5759 843 5813 “me
872 5776 1009 5815 corr.
1048 5761 1095 5815 l.

719 5687 809 5719 ¹⁶⁹³
832 5686 1101 5744 fontes—
1122 5688 1384 5744 infestare
1410 5690 1597 5743 desunt
1628 5688 1691 5744 D.
1723 5689 1788 5744 ll.
1871 5691 1963 5723 "9"
1994 5689 2188 5748 well'us
2206 5688 2273 5746 Ii.

1182 5761 1271 5793 ¹⁶⁹⁸
1299 5776 1487 5832 pacem
1517 5749 1580 5817 ἰ).
1608 5759 1673 5817 ll.
1756 5763 1846 5794 “'9
1875 5762 1931 5819 in
1958 5760 2019 5816 D.
2054 5760 2117 5818 H.

2359 5692 2449 5727 ⁸⁸⁸⁸
2481 5689 2543 5746 Τ.
2573 5690 2623 5746 l.
2710 5690 2803 5722 m‘
2826 5690 3001 5747 aciem
3025 5686 3385 5755 balduwinul.
