3862 6306
460 334 572 391 985

1635 326 2035 386 EKKEIIARDI
2076 324 2545 384 URAUGIENSlS

466 446 877 509 mfortabant.
905 445 1172 520 Egressus
1198 445 1379 518 itaque
1405 444 1479 502 40
1518 445 1731 502 milium
1776 445 2052 501 exercitus
2082 449 2124 507 Λ
2157 452 2265 498 tam
2313 445 2618 515 profanam,
2651 451 2760 496 tam
2806 439 3169 511 blasphemus
3203 453 3544 510 paganorum
3576 441 3720 493 sus-

466 543 536 598 de
563 538 860 614 Babylone,
898 540 1136 611 primum
1184 538 1253 594 ad
1291 537 1641 609 optinendam
1685 536 1894 609 Joppcn
1924 545 2049 592 tena

468 636 626 702 dens,
650 649 761 689 non
784 634 944 703 longe
966 631 1034 687 ab
1059 631 1348 697 Ascalone,
1375 630 1612 701 sumptis
1638 630 1900 685 nimirum
1927 628 2052 683 inde

466 726 657 791 sociis,
681 724 945 780 consedit.
977 722 1313 777 Balduvinus
1332 736 1465 777 vero
1487 737 1601 776 rem
1624 736 1735 776 non
1766 719 2051 791 ignorans,

469 829 601 871 suos
633 814 894 884 undique,
923 812 1031 868 hoc
1068 820 1153 869 est
1183 811 1252 867 ab
1282 811 1650 879 Hierusalem,
1683 809 1909 881 Neapoli
1933 810 2049 878 m',

467 914 653 962 monte
682 904 920 970 Thabor,
952 903 1155 971 Ebron,
1183 902 1420 959 Cesarea
1446 913 1500 958 et
1518 903 1715 971 Assur,
1739 902 1793 957 in
1819 901 2053 973 Joppen,

464 999 560 1055 ubi
593 1006 725 1054 tunc
769 1012 880 1053 non
916 1013 1085 1069 parva
1123 997 1379 1053 manebat
1420 995 1831 1068 peregrinorum
1869 995 2052 1063 turba,

467 1091 810 1149 convocavit.

542 1182 804 1239 Vidimus
847 1182 1062 1240 hisdem
1104 1182 1299 1238 diebus
1356 1189 1566 1236 tantam
1620 1179 2012 1236 mortalitatem
2037 1219 2055 1246 ,

469 1292 636 1348 quam
660 1277 822 1331 etiam
852 1275 941 1330 vix
962 1275 1269 1341 evasimus,
1290 1274 1346 1328 in
1376 1274 1581 1345 populo
1613 1272 1873 1345 grassari,
1900 1280 1960 1326 ut
1987 1270 2055 1327 ad

466 1367 576 1423 300
607 1368 878 1424 cadavera
902 1367 1135 1439 singulis
1155 1366 1348 1424 diebus
1374 1365 1753 1422 llierosolimse
1772 1373 2057 1436 exportata

468 1469 913 1529 numerarentur,
966 1459 1138 1531 Joppe
1201 1475 1334 1515 vero
1381 1459 1574 1530 ingens
1629 1473 1858 1529 campus
1911 1457 2058 1513 intra

468 1566 677 1624 paucos
699 1553 818 1608 dies
841 1552 1068 1608 tumulis
1086 1560 1470 1622 occuparetur.
1496 1550 1742 1622 Denique
1767 1550 2056 1621 cujusdam

469 1644 575 1699 diei
613 1642 781 1716 (Sept.
813 1643 889 1715 7.)
933 1644 1075 1699 hora
1098 1644 1284 1710 tereia,
1325 1643 1651 1715 preeedente
1682 1658 1865 1714 regem
1907 1643 2059 1714 ligno

468 1735 773 1793 ﬂaminicae
793 1738 1005 1805 erucis,
1032 1737 1178 1808 quod
1206 1752 1350 1792 anno
1374 1736 1542 1807 priori
1575 1744 1721 1792 terra
1750 1735 2060 1792 diutissime

470 1828 854 1884 absconditum
900 1796 1021 1900 syri
1051 1796 1289 1900 anidam
1341 1796 1625 1885 (latefrido
1650 1829 1743 1862 ’τοι
1788 1828 1915 1883 duci
1959 1826 2053 1882 de-
2090 1796 2134 1857 Β

471 1926 932 1986 monstraveram,
960 1926 1111 1974 extra
1143 1920 1419 1975 civitatem
1440 1918 1648 1990 Joppen
1675 1920 1844 1975 totius
1873 1918 2061 1989 populi

472 2019 776 2068 conventus
806 2022 889 2069 est
910 2012 1109 2080 factus,
1128 2014 1399 2085 jussuque
1422 2013 1567 2084 regis
1594 2012 1895 2079 Arnoldus,
1931 2011 2060 2083 qui-

472 2104 597 2162 dam
642 2106 977 2163 honorabilis
1013 2107 1104 2140 ¹⁷⁰¹
1149 2114 1205 2161 et
1246 2106 1385 2162 bene
1412 2106 1664 2162 literatus
1702 2104 1957 2173 clericus,
1982 2104 2065 2161 sic

471 2199 530 2254 in
566 2200 745 2255 medio
767 2200 984 2256 concilii
1010 2210 1095 2255 est
1135 2215 1369 2256 exorsus
1400 2219 1413 2254 :
1438 2199 1605 2254 Beata
1632 2216 1776 2271 gens,
1806 2199 1957 2269 cujus
1987 2209 2064 2253 est

474 2291 721 2350 dominus
767 2292 907 2347 Deus
961 2292 1103 2363 ejus,
1142 2292 1367 2363 populus
1397 2309 1549 2364 quem
1582 2292 1737 2365 elegit
1771 2292 1863 2324 ¹⁷⁰³
1886 2290 2061 2361 (Psal.

479 2398 656 2451 xxx",
693 2382 805 2455 12).
870 2382 990 2451 Vas,
1027 2401 1058 2437 ο
1086 2384 1281 2453 fratres
1315 2382 1611 2451 harissimi,
1637 2399 1761 2453 gens
1806 2382 1933 2436 estis
1968 2380 2067 2435 illa

477 2472 653 2540 beata,
690 2472 787 2527 illa
817 2490 940 2544 gens
981 2481 1189 2539 sancta,
1220 2489 1307 2527 vos
1336 2473 1461 2528 estis
1491 2472 1717 2544 populus
1746 2471 1839 2525 ille
1862 2471 2067 2527 Christi

468 2564 811 2630 hereditatis,
834 2563 1060 2635 populus
1084 2564 1478 2636 acquisitianis,
1517 2564 1632 2635 qui,
1661 2562 1862 2618 relictis
1893 2564 2070 2616 omni-

476 2658 594 2724 bus,
619 2657 819 2728 patria,
850 2657 1159 2727 parensibus
1206 2666 1257 2711 et
1288 2657 1464 2723 rebus,
1507 2673 1713 2711 crucem
1741 2656 2069 2710 cotidianam

474 2756 594 2819 post
650 2748 924 2804 Christum
965 2748 1198 2814 tulistis;
1248 2765 1336 2803 vos
1378 2765 1601 2819 corpora
1652 2757 1822 2804 vestra
1851 2748 1950 2780 ¹⁷⁰⁵
1973 2763 2070 2818 pro

472 2840 694 2898 Christo
723 2841 797 2895 ad
821 2840 1085 2912 supplicia
1119 2841 1441 2895 tradidistis.
1505 2840 1605 2895 Vos
1634 2856 1897 2912 pugnasse
1921 2840 2069 2894 vide-

474 2932 650 2997 mini;
704 2931 795 2987 sed
841 2931 1089 2989 Christus
1114 2942 1283 2987 vestro
1311 2932 1609 2987 uoluntarie
1641 2933 1745 2987 sibi
1767 2932 2071 3003 sacriﬁcate

472 3025 733 3095 sanguine
755 3031 1147 3096 uestrorumque
1168 3024 1398 3096 fratrum
1424 3034 1473 3079 et
1500 3024 1923 3079 commilitonum
1947 3039 2069 3094 pre-

2152 536 2290 590 cium
2325 550 2560 607 pugnare
2593 550 2695 587 non
2736 532 2896 588 libeat
2912 533 2934 586 .'
2961 530 3227 587 Protinus
3253 540 3389 586 ante
3416 544 3628 586 crucem
3650 546 3723 587 te-

2152 627 2456 698 parationis
2508 635 2710 682 nostra
2738 624 3085 682 confessione
3116 632 3484 695 peccatorum
3513 623 3726 678 unanimi

2154 720 2532 776 humiliatioue
2559 718 2725 787 facta,
2754 734 2820 774 ac
2863 725 2991 789 post
3012 717 3216 773 dictam
3247 714 3644 786 indulgentiam
3672 714 3731 771 ab

2154 813 2459 885 apostolico
2476 812 2681 885 legato,
2694 810 2795 881 qui
2818 819 2950 865 tunc
2970 808 3115 864 forte
3133 807 3357 873 aderat,
3378 806 3730 862 benedictione

2154 917 2400 979 accepta,
2455 906 2672 962 Domini
2727 906 3089 961 inclamantes
3139 902 3521 976 adiutorium,
3580 910 3734 959 castra

2155 1010 2284 1058 sunt
2304 1000 2519 1057 alacres
2541 998 2768 1067 redditi;
2811 998 3047 1069 indeque
3069 1011 3296 1052 summa
3317 1012 3494 1051 mane
3525 995 3590 1050 ad
3621 995 3736 1050 τωο

2154 1094 2400 1165 peditum
2431 1091 2689 1162 milleque
2731 1090 2947 1161 equites
2993 1088 3274 1156 recensiti,
3336 1087 3596 1159 periculo
3632 1097 3740 1143 sunt

2156 1185 2363 1257 ingenti
2412 1200 2539 1241 cum
2579 1183 2781 1256 gaudia
2827 1198 3029 1255 magno
3063 1181 3393 1253 presentati.
3446 1179 3577 1236 Visa
3603 1181 3741 1251 igitur

2158 1276 2395 1334 statione
2442 1277 2829 1343 barbarorum,
2862 1274 3115 1330 mirabile
3141 1273 3321 1341 dictu,
3360 1282 3531 1328 tanta
3590 1272 3739 1327 ferve-
3846 1272 3847 1289 ³

2159 1386 2315 1427 scere
2348 1375 2614 1440 ceperunt
2636 1369 2763 1435 fide,
2778 1378 2839 1424 ut
2854 1366 3242 1438 unusquisque
3266 1382 3333 1422 se
3359 1365 3556 1421 solum
3590 1374 3659 1420 tot
3675 1364 3741 1419 le-

2159 1462 2351 1535 giones
2381 1470 2625 1518 sternere
2655 1476 2818 1533 posse
2839 1476 2953 1516 non
2975 1459 3281 1526 dubitaret;
3312 1458 3569 1529 indeque
3595 1458 3744 1513 emti-

2160 1555 2258 1627 git,
2296 1563 2358 1610 ut
2397 1554 2527 1609 dum
2558 1569 2655 1625 per
2693 1569 2865 1608 unum
2910 1568 3048 1624 pene
3094 1552 3405 1606 miliarium
3467 1550 3749 1606 inordinate

2161 1646 2437 1702 currendo
2460 1647 2645 1702 minus
2665 1654 2825 1702 caute
2850 1661 2910 1701 se
2944 1645 3198 1701 hostibus
3223 1642 3572 1711 infundunt,
3600 1644 3748 1714 prima

2162 1738 2359 1795 cohors
2385 1755 2415 1794 a
2444 1739 2615 1794 latere
2655 1738 2844 1794 invasa
2888 1737 3015 1793 ilico
3046 1745 3159 1793 tota
3202 1745 3420 1791 rueret.
3463 1735 3591 1803 Qua
3622 1736 3682 1791 de
3705 1754 3753 1791 re

2161 1830 2496 1887 Balduvinus
2516 1829 2773 1887 efferatus
2795 1830 3006 1897 animo,
3038 1838 3192 1885 tanta
3216 1829 3345 1885 illos
3374 1830 3637 1900 equitum
3660 1829 3743 1883 ita-

2162 1932 2292 1995 petu
2350 1923 2575 1991 involat,
2612 1933 2690 1991 ut,
2736 1924 2991 1994 quamvis
3048 1922 3322 1978 idolorum
3375 1923 3672 1993 responsis
3701 1923 3756 1977 de

2163 2017 2391 2074 victoria
2440 2017 2723 2074 certitieati
2771 2017 2955 2074 acrius
2996 2033 3161 2088 quam
3205 2025 3371 2072 antea
3407 2033 3754 2088 unquamne-
3852 2048 3853 2073 ;

2166 2113 2445 2178 sisterent,
2483 2112 2626 2168 sicut
2652 2128 2778 2168 cera
2821 2128 2853 2166 a
2880 2110 3017 2167 facie
3046 2111 3190 2182 ignis
3223 2120 3357 2166 ante
3382 2111 3582 2181 ipsum
3608 2110 3759 2181 Eque-

2167 2213 2400 2261 scerent.
2436 2202 2725 2260 Referebat
2773 2202 2941 2259 michi
2968 2203 3300 2259 venerabilis
3327 2203 3513 2259 abbas
3540 2202 3757 2258 Gerhar-
3854 2228 3855 2249 ι

2166 2295 2293 2363 dus,
2320 2296 2413 2367 qui
2437 2304 2568 2351 tunc
2594 2310 2815 2351 crucem
2833 2294 3173 2351 Dominicam
3197 2311 3428 2366 semper
3453 2296 3625 2350 lateri
3641 2296 3761 2364 regis

2168 2386 2463 2457 contiguus
2499 2383 2827 2457 prcferehat,
2863 2401 3146 2457 nunquam
3170 2401 3230 2441 se
3251 2395 3473 2441 tantam
3512 2386 3665 2440 nivis
3691 2386 3758 2438 vel

2169 2478 2367 2549 pluvia:
2408 2486 2669 2549 quantam
2700 2486 2833 2533 tunc
2872 2478 3107 2533 telorum
3142 2487 3337 2535 contra
3372 2494 3573 2550 regem
3597 2477 3760 2532 volare
3856 2536 3857 2549 χ

2169 2569 2499 2625 densitatem
2525 2569 2759 2637 vidisse;
2790 2576 2848 2624 at
2880 2577 3007 2640 post
3026 2568 3159 2641 ligni
3199 2569 3447 2640 preciosi
3494 2568 3745 2624 intuitum

2171 2662 2384 2718 nullum
2405 2679 2472 2718 ex
2499 2661 2753 2720 hostibus
2782 2662 2905 2717 telis
2930 2677 2990 2717 se
3011 2662 3098 2717 vel
3126 2662 3321 2728 armis,
3350 2662 3453 2716 sed
3480 2662 3763 2717 universos

2170 2752 2314 2824 fugre
2342 2753 2584 2824 presidio
2608 2769 2668 2809 se
2697 2752 3063 2809 commisisse.
3102 2751 3293 2822 Itaque
3322 2760 3457 2823 post
3482 2752 3757 2807 victoriam

2172 2860 2201 2900 a
2236 2844 2429 2901 Deo—
2448 2845 2540 2901 cui
2565 2861 2674 2901 non
2719 2853 2804 2900 est
2828 2843 3130 2899 differentia
3164 2843 3385 2899 salvare
3416 2843 3507 2898 vel
3544 2844 3604 2898 in
3639 2842 3764 2898 mul~

2173 2938 2246 2992 tis
2272 2937 2356 2992 vel
2385 2937 2439 2991 in
2464 2936 2658 3008 paucis
2688 2935 2744 3007 (Ι
2770 2936 2950 2991 Much.
2986 2952 3066 3002 ιιι,
3104 2935 3401 3007 i8)—sibi
3430 2951 3766 2993 concessam.

2175 3030 2393 3085 interim
2429 3029 2559 3085 dum
2602 3026 2786 3086 castra
2824 3029 3161 3100 predamque
3201 3027 3477 3098 diripiunt
3514 3027 3767 3089 hostium,

478 3118 629 3171 siasa
659 3125 826 3171 marte
872 3115 1047 3171 locum
1091 3118 1535 3186 sanctiﬁcationis
1573 3133 1686 3172 suis
1714 3118 1966 3189 dignatus
1993 3123 2070 3170 est
2100 3141 2146 3204 ο
2176 3122 2414 3178 nuncius
2438 3121 2594 3178 adest
2623 3122 2829 3178 missus
2853 3137 2884 3176 a
2908 3119 3162 3191 Joppitis,
3195 3119 3291 3190 qni
3315 3119 3612 3174 civitatem
3636 3128 3765 3173 terra

476 3209 763 3276 mundare,
821 3209 1093 3264 civitatem
1144 3210 1340 3281 requiei
1385 3226 1498 3265 sue
1530 3208 1866 3265 Hierusalem
1908 3208 2076 3265 valuit

474 3310 600 3355 vast
632 3310 740 3354 tam
766 3317 967 3356 annosa
995 3302 1356 3372 spurcissimae
1387 3303 1555 3374 gentis
1601 3301 1813 3356 vincula
1850 3318 1943 3372 per
1987 3318 2075 3357 rc-

484 3400 656 3447 stram
682 3392 925 3447 devotam
952 3396 1259 3448 sanitatem
1279 3395 1541 3464 expedire.
1561 3393 1894 3465 Hcc,inquit
1909 3393 2073 3461 Deus,

480 3486 688 3555 nequies
707 3501 820 3539 mea
847 3484 904 3539 in
927 3485 1386 3552 secutumseculi;
1413 3486 1497 3540 hic
1520 3486 1798 3553 habitabo,
1824 3487 2076 3557 quoniam

478 3576 619 3647 elegi
651 3593 767 3631 eam
811 3576 989 3649 (Psal.
1047 3593 1236 3645 cum,
1294 3579 1406 3651 ii).
1458 3577 1659 3634 Contra
1697 3593 1858 3649 quam
1891 3578 2075 3632 divina

482 3670 765 3740 sponsione
788 3670 944 3725 nobis
960 3669 1191 3724 inditam
1211 3686 1374 3741 spem,
1405 3687 1520 3726 ecce
1549 3686 1877 3742 paganorum
1904 3669 2077 3725 literae

476 3762 585 3816 Dei
616 3770 748 3815 nutu
777 3771 905 3817 ante
935 3762 1073 3817 diem
1122 3762 1421 3817 hesternam
1458 3763 1844 3833 comprehensis
1884 3762 2074 3834 legatis

484 3852 702 3921 ablatis,
733 3855 1031 3929 vaticinata
1055 3855 1381 3925 perhibentes
1410 3855 1697 3923 damania,
1734 3871 1826 3909 nos
1857 3855 2074 3909 illorum

483 3946 689 4016 praeliis
715 3948 814 4002 hoc
842 3963 982 4003 anno
1008 3947 1281 4017 delendas,
1327 3947 1665 4003 Hierusalem
1691 3949 1933 4019 funditus
1978 3948 2074 4003 de-

483 4039 814 4106 struendam,
844 4048 894 4094 et
922 4040 1063 4111 quod
1083 4041 1245 4095 etiam
1275 4042 1516 4096 omnibus
1565 4042 1811 4112 nefandis
1840 4042 2042 4096 harribi
2059 4070 2077 4083 -

462 4130 591 4186 ‘lius
619 4139 696 4186 est
737 4118 913 4199 dictu,
961 4134 1136 4203 ipsam
1170 4134 1435 4188 Dominici
1477 4143 1528 4189 et
1551 4134 1772 4205 gloriosi
1807 4132 2075 4204 sepulchri

480 4234 691 4283 uetram
729 4226 1011 4283 crustatim
1041 4226 1498 4298 confringendam,
1524 4228 1699 4299 sicque
1740 4226 1959 4281 camelis
2003 4225 2074 4279 ad

483 4334 633 4373 mare
670 4318 930 4385 delatam,
966 4320 1024 4372 in
1075 4320 1427 4375 remotissima
1455 4330 1505 4376 et
1540 4321 1680 4392 quod
1728 4337 1998 4392 nunquam
2040 4337 2073 4374 a

484 4407 812 4465 Christianis
839 4412 1055 4466 rescisci
1073 4413 1240 4483 possit
1275 4412 1464 4484 pelago
1489 4413 1923 4484 submergendam
1963 4429 2075 4468 esse

2178 3214 2429 3285 marique
2456 3214 2662 3270 diceret
2690 3212 2998 3270 obsessam.
3026 3210 3151 3266 Mox
3185 3211 3380 3267 onusti
3407 3211 3629 3281 spoliis,
3655 3211 3765 3264 reli-

2176 3307 2305 3377 quis
2342 3321 2476 3361 vero
2520 3306 2777 3361 incendia
2817 3304 3051 3369 traditis,
3084 3303 3268 3370 nobis,
3311 3303 3412 3373 qui
3430 3303 3577 3373 jam,
3609 3303 3768 3374 ponis

2176 3396 2326 3452 intus
2366 3397 2687 3463 obstructis,
2731 3412 2762 3451 a
2814 3405 2960 3451 terra
3005 3394 3289 3466 equitibus
3320 3395 3541 3461 multis,
3569 3411 3599 3449 a
3637 3393 3763 3449 mari

2176 3506 2306 3545 vero
2328 3489 2400 3545 42
2427 3490 2659 3545 navibus
2689 3488 2944 3545 rostratis
2987 3487 3371 3558 cingebamur,
3405 3488 3463 3542 in
3510 3487 3763 3542 auxilium

2175 3582 2495 3653 quantotius
2520 3589 2852 3653 properant;
2885 3588 3119 3652 postque
3139 3586 3221 3634 tot
3243 3580 3499 3635 hostium
3525 3579 3765 3635 incursus

2174 3682 2469 3745 tantasque
2503 3674 2597 3707 "°'
2624 3675 2867 3745 penuria:
2914 3672 3351 3745 pestilentiaque
3385 3673 3657 3736 miserias,
3686 3671 3760 3725 τευ

2177 3775 2322 3822 stum
2357 3765 2655 3822 nativitatis
2689 3764 2784 3821 Dei
2818 3764 3099 3838 genitricis
3141 3761 3314 3835 (Sept.
3350 3763 3460 3835 8.),
3485 3765 3628 3835 quod
3654 3763 3762 3833 ipsa

2174 3858 2265 3913 die
2312 3874 2439 3914 eum
2488 3875 2703 3914 merore
2757 3858 3049 3929 capimus,
3100 3856 3349 3912 maximo
3387 3873 3493 3913 nos
3540 3856 3765 3927 tripodas

2175 3950 2450 4021 complere
2490 3949 2780 4007 faciebant.
2822 3949 3084 4020 Sequenti
3114 3947 3204 4003 die
3230 3946 3411 4019 (Sept.
3444 3948 3525 4017 9.)
3549 3947 3760 4001 multaut

2175 4044 2337 4100 nobis
2368 4043 2761 4099 abundantiam
2803 4040 3065 4097 frumenti
3088 4048 3537 4110 cunctarumque
3566 4036 3763 4094 victus:

2175 4135 2309 4191 lium
2339 4151 2465 4192 cum
2515 4134 2821 4207 peregrinis
2865 4132 3129 4188 fratribus
3163 4132 3232 4187 ad
3280 4130 3484 4197 {2,000
3509 4130 3761 4187 estimat's

2175 4242 2345 4283 naves
2367 4227 2439 4281 50
2459 4226 2810 4292 deferebant;
2842 4239 2986 4296 quas
3007 4224 3140 4279 dum
3176 4223 3425 4279 hostium
3460 4224 3654 4278 classes
3680 4220 3763 4274 in-

2175 4319 2373 4376 vadere
2422 4318 2750 4385 niterentur,
2782 4317 2923 4372 mira
2954 4306 3048 4371 Dei
3091 4316 3338 4386 potentia
3385 4332 3483 4388 per
3512 4316 3756 4369 virtutem

2176 4420 2383 4468 sanctze
2406 4411 2612 4477 crucis,
2643 4425 2785 4483 quae,
2825 4410 2955 4464 dum
3004 4408 3083 4463 nil
3129 4408 3375 4465 carnalis
3419 4406 3663 4478 adjutorii
3691 4404 3760 4459 de

486 4502 601 4557 ιη’.
639 4501 788 4559 Unde
816 4504 945 4575 quid
976 4504 1121 4574 facta
1145 4521 1275 4576 apus
1301 4505 1394 4572 sit,
1423 4521 1454 4559 ο
1481 4504 1838 4571 Christicolas,
1866 4505 2072 4571 videte;
2104 4512 2152 4573 ι)
2177 4504 2395 4561 civitate
2422 4501 2660 4558 conferri
2690 4509 2896 4572 posset,
2943 4500 2998 4555 in
3044 4501 3217 4556 altum
3270 4513 3521 4563 econtra,
3545 4500 3757 4571 iubente

480 4610 635 4665 quem
657 4596 817 4665 finem
841 4595 951 4650 hinc
988 4605 1137 4650 tanta
1159 4598 1489 4667 presumptia
1521 4597 1735 4651 tandem
1760 4598 1832 4651 sit
1857 4597 2074 4651 habitu-

483 4703 566 4753 ra,
588 4686 925 4759 perpendite!
937 4686 1103 4744 Plura
1120 4687 1402 4759 disputare
1422 4689 1693 4745 volentem
1716 4704 1846 4744 mox
1865 4689 2074 4744 clamor

472 4778 881 4853 'iuterstrepens
933 4781 1264 4854 compescit;
1296 4791 1351 4839 et
1383 4783 1546 4856 quasi
1588 4798 1657 4838 ex
1690 4799 1804 4839 uno
1831 4798 1928 4838 ore
1968 4798 2074 4838 vox

482 4873 764 4929 unanimis
793 4874 1135 4945 singulorum
1191 4875 1477 4931 insonuit:
1528 4874 1663 4942 Res,
1712 4875 1989 4946 inquiunt,
2017 4875 2075 4929 in

484 4965 718 5019 articulo
742 4967 918 5037 posita
938 4976 1050 5032 est;
1086 4968 1234 5022 breve
1260 4977 1310 5022 et
1339 4967 1724 5039 quodammodo
1745 4967 2073 5021 succinctum

483 5063 563 5109 est
590 5057 874 5112 consilium
901 5068 1164 5127 nostrum,
1182 5075 1277 5131 pro
1299 5059 1514 5116 Christo
1540 5058 1843 5131 Christique
1870 5058 2070 5130 legibus

485 5155 536 5203 et
561 5149 759 5203 sanctis
806 5152 1001 5206 nostris
1031 5160 1125 5206 aut
1166 5151 1531 5205 dimicandum
1570 5151 1785 5221 fortiter
1830 5159 1922 5204 aut
1965 5166 2077 5204 ma-

485 5237 734 5291 riendum
772 5242 1027 5311 turpiter;
1057 5251 1151 5296 aut
1181 5241 1411 5314 gloriose
1433 5242 1571 5296 mari
1589 5251 1638 5296 et
1663 5243 1829 5297 vivere
1850 5250 2077 5296 (eterna-

484 5327 616 5385 liter
642 5328 829 5398 instat,
878 5342 971 5386 aut
1020 5335 1326 5405 turpissime
1367 5334 1548 5390 cedere
1596 5343 1647 5389 et
1670 5335 1811 5389 brevi
1837 5334 2079 5404 turpique

486 5421 601 5475 vita
649 5433 955 5493 perpetuam
1005 5437 1229 5481 mortem
1264 5444 1571 5498 comparare
1600 5436 1786 5483 restat.
1836 5424 1939 5482 Sed
1985 5442 2078 5479 nec

490 5513 855 5584 temporalitcr
876 5532 969 5571 nec
990 5518 1314 5574 cternaliter
1330 5520 1496 5574 vivere
1515 5519 1695 5587 liceat,
1717 5534 1869 5590 quem
1892 5527 2081 5572 contra

2176 4614 2324 4670 rege,
2346 4598 2650 4665 levabatur,
2680 4596 2818 4652 adeo
2841 4595 3125 4667 repressit,
3155 4604 3237 4661 ut,
3264 4596 3419 4651 nullo
3456 4603 3641 4651 conatu
3667 4591 3753 4659 vel

2174 4698 2293 4745 arte
2318 4688 2620 4759 remigandi
2644 4688 2711 4743 de
2732 4687 2861 4741 loco
2898 4685 3107 4741 moveri
3139 4685 3224 4740 vel
3260 4701 3430 4739 unam
3465 4683 3534 4739 de
3554 4690 3625 4737 tot
3654 4696 3750 4733 ea.

2173 4782 2335 4837 vibus
2362 4796 2549 4852 posse,
2580 4788 2692 4835 tam
2716 4778 2914 4851 pagani
2937 4793 3103 4849 quam
3126 4777 3433 4832 Christiani
3466 4773 3639 4847 populi
3661 4772 3745 4826 ni-

2176 4875 2283 4931 mis
2318 4873 2677 4928 mirarentur.

2246 4960 2433 5035 Neque
2477 4963 2582 5017 hoc
2635 4960 2855 5017 silentio
2902 4959 3326 5030 pretereudum,
3383 4957 3529 5029 quod
3573 4952 3741 5010 eodm

2180 5068 2327 5108 anno
2354 5052 2553 5108 ibidem
2578 5050 2935 5121 cognovimus
2969 5050 3271 5120 contigisse
3288 5091 3304 5115 ,
3332 5045 3617 5103 venerabili
3640 5040 3741 5095 lle.

2183 5146 2437 5203 rimanno
2457 5143 2790 5214 presbitero,
2821 5142 2916 5212 qui
2947 5150 3079 5197 tunc
3112 5142 3168 5196 in
3197 5150 3387 5196 monte
3409 5138 3592 5194 Oliveti
3617 5149 3738 5191 cel-

2177 5237 2522 5302 versabatur,
2544 5235 2597 5289 in
2629 5236 2746 5291 haec
2774 5235 2940 5290 verba
2964 5233 3237 5290 referente
3271 5252 3284 5288 :
3311 5232 3431 5299 Die,
3456 5229 3632 5303 inquit,
3653 5241 3738 5278 η-

2182 5328 2469 5385 cratissimi
2511 5327 2761 5393 sabbati,
2804 5342 2906 5397 qua
2939 5326 3226 5380 secundum
3276 5326 3507 5396 antiqua:
3553 5316 3735 5375 nisai-

2182 5422 2379 5477 cardic
2396 5419 2609 5474 Domini
2623 5417 2951 5487 paraclgsin,
2968 5416 3291 5487 baptismate
3299 5417 3416 5485 jam
3439 5415 3725 5468 cum

2183 5514 2361 5568 lumen
2387 5512 2453 5567 de
2481 5512 2610 5565 caelo
2641 5510 2789 5564 nobis
2818 5508 3118 5563 ministrari
3144 5509 3315 5565 devoti
3336 5507 3725 5573 κωδωνα-

1777 5629 2013 5687 VAliUE
2048 5620 2453 5692 LECTIONES.

566 5723 686 5796 ’⁷⁸⁸-
716 5724 949 5796 nieopoli
975 5795 978 5796 ν
1002 5724 1067 5780 D.
1130 5723 1224 5796 lla
1305 5725 1403 5796 f7"
1435 5724 1500 5781 G,
1533 5726 1581 5780 ί,

1690 5724 1781 5755 ⁸⁷⁸⁸
1809 5722 2135 5777 venerabilis
2158 5719 2223 5775 ll.

2337 5718 2432 5753 ιω
2450 5717 2515 5772 a.
2547 5716 2615 5772 ιι.
2641 5717 2846 5773 addunt
2873 5730 2894 5768 .-
2923 5715 2980 5769 in
3007 5715 3406 5785 (hereditatem)
3444 5714 3557 5769 sits.
3637 5696 3717 5737 ἠ’

489 5795 634 5857 ὤκει.
657 5793 729 5849 D.
752 5786 859 5853 ll.’
899 5795 991 5829 ⁸⁷⁸⁸
1020 5796 1161 5850 deest
1199 5793 1259 5844 D.
1303 5795 1369 5848 tl.
1446 5797 1537 5827 ¹⁷⁰⁶
1573 5805 1887 5865 tantamque
1917 5793 1973 5851 l.
1997 5792 2047 5848 4.
2077 5791 2129 5847 5.
2162 5791 2227 5844 ιθ
2270 5798 2591 5859 tantamque
2639 5820 2706 5830 —-—
2729 5786 3007 5843 miseriam
3047 5786 3134 5842 9ο.
