3862 6306
59 377 137 437 985

61 496 229 552 lanius,
259 497 405 555 usque
425 479 492 535 ad
525 491 787 549 resperam
832 480 1162 534 orationibus
1198 480 1371 534 solitis
1403 480 1563 534 insti-
1594 482 1639 538 Α

44 586 211 643 «ιτηιιικ
252 585 456 644 tuncque
503 580 716 642 propter
755 581 972 641 peccata
1031 581 1215 626 nostra
1266 571 1566 628 desiderato

60 676 159 729 dono
187 667 387 733 caelesti,
415 663 548 736 quod
572 663 732 717 etiam
776 664 831 717 in
871 673 1150 734 conspectu
1178 665 1411 736 gentium
1438 663 1567 718 olim

60 762 294 822 Christiani
319 768 432 814 ante
456 774 547 812 nos
569 773 771 827 semper
790 757 1054 828 suscipere
1093 756 1351 824 solebant,
1396 758 1569 811 omni-

59 857 175 912 modo
192 852 418 925 frustrati
443 891 460 918 ,
505 848 697 921 absque
743 850 886 905 omni
929 850 1131 920 festiva:
1158 851 1376 920 synaxis
1400 850 1567 920 ofﬁcio

57 958 210 1005 noctem
229 944 364 999 illam
377 942 662 998 Dominicw
687 942 1086 997 resurrectionis
1107 940 1333 1013 lugendo
1356 950 1567 996 tantum

56 1050 90 1095 et
111 1036 313 1091 merendo
339 1036 698 1105 transegimus.
725 1032 939 1088 Summo
960 1045 1137 1090 autem
1160 1049 1312 1089 mane
1333 1050 1453 1088 cum
1472 1034 1568 1088 la:-

55 1131 176 1186 taniis
216 1145 246 1183 a
282 1126 544 1198 sepulchro
598 1125 813 1180 Domini
859 1125 1141 1197 nudipedes
1184 1127 1565 1197 processimus,

54 1222 315 1295 ingressique
337 1219 582 1291 templum
607 1218 855 1295 _Domiui,
878 1236 983 1290 quo
1012 1219 1216 1274 scilicet
1244 1218 1380 1286 loco,
1407 1218 1464 1273 id
1488 1227 1566 1274 est

54 1289 340 1369 montemm'
359 1289 530 1367 Maria
550 1289 758 1366 in.area
778 1289 992 1366 Arcana
1012 1311 1079 1383 (ll
1105 1312 1236 1384 Reg.
1273 1328 1426 1378 xxxv,
1446 1311 1563 1383 23),

53 1405 183 1459 David
207 1407 255 1459 in
273 1406 497 1459 matrima
522 1404 833 1459 exauditam
856 1403 1221 1472 tribulatione,
1253 1413 1566 1475 cunctosque

50 1496 344 1553 exaudiendos
368 1496 456 1568 qui
493 1494 688 1550 ibidem
729 1495 886 1551 corde
917 1495 1102 1550 devoto
1130 1496 1427 1563 oraverint,
1457 1492 1564 1550 Sa-

51 1590 201 1643 lomoni
236 1589 541 1659 promissum
581 1587 804 1660 legimus
830 1603 849 1642 :
870 1602 994 1641 mox
1036 1596 1156 1663 post
1191 1603 1367 1658 preces
1400 1585 1567 1640 lacri-

50 1697 241 1751 masque,
263 1696 321 1735 ne
349 1696 439 1734 nos
471 1679 756 1735 deserendo
787 1678 1031 1737 Christus
1063 1679 1263 1735 nomini
1296 1694 1392 1734 suo
1421 1676 1566 1735 blas-

48 1773 391 1841 phemiaminter
406 1782 582 1844 gentes
602 1780 928 1843 prepararet,
946 1772 1115 1843 fusas,
1129 1771 1349 1825 necdum
1360 1770 1563 1825 atrium

47 1863 148 1917 illud
167 1864 401 1934 famosum
433 1865 760 1936 egredimur,
790 1874 840 1919 et
868 1881 982 1920 ecce
1006 1864 1160 1936 signa
1191 1862 1562 1934 concrepantia

46 1956 186 2011 laudes
207 1955 447 2013 altisonas
469 1957 529 2011 in
551 1973 827 2012 occursum
860 1956 1009 2012 nobis
1031 1955 1095 2010 ab
1125 1956 1206 2010 his
1227 1956 1321 2027 qui
1355 1969 1563 2010 reman-

45 2059 180 2102 serant
214 2050 468 2106 reboantes
512 2050 792 2116 audimus;
815 2051 1076 2104 intrantes
1111 2064 1229 2103 vero
1271 2046 1563 2103 (ecclesiam

44 2143 429 2211 prenominatam,
457 2143 733 2213 lampades
768 2142 904 2198 duas
927 2143 1136 2198 caelitus
1168 2142 1408 2196 incensas
1431 2157 1563 2212 gau-

44 2232 345 2289 dioimmenso
366 2235 549 2305 repleti
577 2235 952 2305 conspicimus.
988 2233 1130 2301 Quid
1153 2233 1348 2303 plura?
1391 2232 1435 2286 Α
1469 2232 1564 2286 ba-

44 2325 177 2391 ptismi
200 2326 377 2395 olﬁcio,
411 2343 518 2397 quo
543 2325 715 2397 pridie
760 2341 1178 2391 cessaveramus,
1219 2324 1560 2394 incipientes,

44 2420 168 2466 totum
189 2415 439 2469 unitatis
472 2424 671 2469 nostra:
708 2430 925 2484 pensum
961 2413 1188 2468 Domino
1211 2412 1411 2467 dudum
1438 2411 1564 2466 sub-

43 2513 248 2572 tractum,
285 2522 440 2577 usque
480 2505 554 2561 ad
578 2506 774 2561 missa:
808 2504 1237 2576 completionem,
1285 2502 1563 2561 laetissima

43 2599 254 2655 devotione
288 2599 662 2671 persolvimus;
710 2600 860 2655 nobis
898 2615 1100 2671 quoque
1127 2598 1383 2670 egressis,
1424 2598 1564 2651 inter

43 2692 209 2745 missam
232 2690 497 2763 Syrorum,
530 2693 621 2764 qui
653 2709 856 2763 semper
877 2701 1003 2762 post
1037 2699 1278 2746 nostrum
1299 2704 1564 2760 egressum

43 2784 176 2837 eodem
206 2784 417 2855 psallere
453 2785 616 2840 choro
636 2785 836 2853 solent,
866 2785 1139 2856 lampades
1162 2784 1286 2840 alia:
1305 2782 1563 2837 diuinitus

43 2876 353 2945 sccenduntur,
388 2887 515 2933 ante
542 2894 782 2948 vesperas
805 2894 922 2933 vero
943 2887 994 2932 ct
1022 2879 1160 2932 inter
1187 2878 1330 2951 ipsas
1352 2891 1560 2946 vesper-

43 2967 146 3021 tiaas
169 2968 334 3025 laudes
354 2986 522 3041 usque
544 2969 614 3023 ad
641 2968 708 3024 i6
727 2969 1032 3040 hujusmodi
1060 2968 1265 3024 lumina
1285 2966 1566 3022 visibiliter

43 3056 344 3125 ampliantur;
372 3061 552 3133 sicque
577 3060 829 3131 contigit,
855 3068 910 3114 ut
940 3060 1096 3130 pauci
1122 3060 1274 3123 hera
1299 3057 1562 3113 Hierusa-

43 3145 113 3197 lem
133 3164 209 3201 seu
235 3132 522 3205 Christiani
567 3132 658 3204 seu
699 3150 896 3221 pagani
927 3150 1296 3221 reperirentur,
1334 3148 1424 3219 qui
1454 3156 1564 3201 tam

43 3236 271 3294 tridentem
310 3241 513 3297 Christi
554 3243 846 3312 potentiam
894 3259 949 3297 se
999 3259 1104 3297 non
1150 3242 1342 3297 cidisse
1403 3248 1564 3295 testa-

43 3337 180 3382 rentur

1594 1848 1638 1907 Β

1589 3199 1632 3257 C

522 3422 587 3477 A.
622 3423 714 3457 ¹’⁰⁸
748 3421 810 3477 Ι).
845 3421 1009 3478 MC".

87 3506 347 3579 Imperator
364 3512 661 3571 Heinricus
689 3515 803 3582 "°’,
839 3515 1026 3570 habito
1066 3528 1189 3569 cum
1226 3511 1566 3585 principibus

43 3600 254 3674 colloquio
278 3608 313 3673 ',
335 3605 571 3661 Romam
597 3623 656 3662 se
675 3605 1047 3678 profecturum
1072 3620 1137 3661 ac
1159 3605 1410 3676 generale
1432 3620 1565 3660 con-

44 3690 179 3747 rilium
215 3695 352 3752 circa
400 3697 567 3754 Febr.
628 3697 905 3754 Kalendas
958 3695 1090 3752 inibi
1136 3704 1565 3752 convocaturum

43 3784 257 3856 toudixit,
282 3791 575 3861 quatinus,
600 3800 713 3846 tam
749 3805 849 3846 sua
879 3805 1043 3860 quam
1070 3787 1258 3843 domui
1284 3786 1567 3857 apostolici

43 3888 162 3933 :ausa
199 3884 452 3940 canonice
476 3884 735 3939 ventilata
756 3925 772 3950 ,
798 3882 1066 3939 catholica
1102 3880 1244 3935 inter
1266 3894 1494 3950 regnum
1516 3885 1571 3933 et

43 3971 352 4030 sacerdotium
406 3977 832 4033 conﬁrmaretur
885 3974 1106 4041 unitas,
1150 3987 1272 4042 quae
1302 3979 1383 4026 tot
1410 3970 1571 4025 annis

43 4063 164 4119 scissa
189 4069 498 4136 permansit.
551 4068 780 4124 Constat
816 4075 996 4122 tamen
1059 4081 1161 4122 nec
1200 4066 1378 4136 ipsum
1415 4065 1570 4135 juxta

43 4156 245 4215 ilacitum
262 4162 497 4228 venisse,
514 4176 617 4216 nec
635 4160 834 4215 nuncia
845 4160 1095 4232 dignitati
1115 4159 1427 4230 apostolicae
1439 4159 1571 4214 sub-

44 4249 272 4306 ectionem
312 4253 625 4323 proﬁtentia
658 4252 895 4308 misisse.
936 4250 1047 4307 Nec
1090 4252 1195 4307 hoc
1230 4251 1398 4316 latet,
1422 4250 1571 4321 quod

43 4336 219 4396 uterum
248 4358 444 4414 papam
487 4342 593 4414 ipsi
648 4342 852 4398 domno
884 4342 1137 4399 Paschali
1164 4357 1568 4422 superponere,

43 4429 65 4481 si
87 4433 181 4487 ﬁeri
207 4445 412 4505 posset,
435 4443 670 4491 conatus
690 4436 798 4504 sit,
830 4451 934 4491 nec
953 4433 1264 4507 profecerit.

138 4564 154 4583 '
182 4561 237 4617 C.
264 4566 433 4635 pergit
462 4606 476 4620 .
508 4574 745 4637 tractare
784 4566 929 4637 cepit
949 4608 963 4633 ,
991 4566 1038 4623 si
1067 4565 1184 4637 ﬁeri
1211 4572 1424 4636 posset,
1452 4563 1568 4619 Ro-
1601 4545 1647 4601 D

195 4650 336 4708 mam
364 4652 425 4692 se
461 4638 610 4692 circa
635 4636 752 4692 Kal.
790 4635 952 4708 Febr.
979 4635 1386 4708 profecturum,
1428 4651 1569 4705 qua-

197 4705 340 4776 tinus
389 4737 465 4746 -—
506 4708 688 4764 unitas
730 4705 1169 4763 conﬁrmaretur.
1216 4705 1339 4776 Ipso
1383 4716 1565 4761 autem

194 4774 310 4831 aliis
321 4778 566 4850 negociis
590 4778 867 4848 impedito,
883 4786 1157 4835 transacta
1173 4774 1350 4832 media
1365 4794 1444 4848 q.,
1462 4785 1562 4833 ctc.

78 4895 351 4962 Transacta
377 4916 504 4976 post
537 4906 654 4964 haec
678 4909 856 4965 media
885 4907 1303 4980 quadragesima
1320 4950 1336 4976 ,
1366 4924 1567 4965 conve-

43 4986 258 5051 dentibus
293 4998 572 5054 universis
596 5000 805 5069 Apulia:
836 4998 1151 5071 Campaniae
1195 5000 1308 5067 ¹⁷¹⁰,
1333 4998 1563 5068 Sicilia,

43 5076 267 5143 7uscanite
290 5090 379 5121 ’⁷⁸⁸
412 5090 691 5162 totiusque
719 5092 883 5148 simul
910 5090 1077 5148 Italia:
1096 5093 1405 5162 presulibus
1425 5135 1441 5161 ,
1480 5093 1564 5153 ul-

43 5186 455 5236 tamontanorum
495 5192 676 5238 autem
727 5199 893 5254 quam
937 5184 1297 5255 plurimorum
1347 5194 1565 5255 patrum

44 5267 203 5335 ’Satis,
225 5272 471 5341 synodus
511 5289 707 5346 magna
743 5274 933 5331 Romae
977 5283 1062 5333 est
1103 5276 1288 5332 habita
1321 5275 1568 5349 (Mart.),

44 5353 90 5411 ibi
115 5373 283 5428 preter
315 5366 546 5437 antiqua
566 5366 790 5423 Patrum
818 5368 1068 5425 instituta
1103 5383 1256 5424 more
1284 5369 1449 5425 solito
1475 5383 1565 5425 re-

43 5458 234 5507 erenter
250 5456 577 5518 conﬁrmata
600 5502 618 5527 ,
646 5460 812 5515 etiam
844 5461 1178 5531 sepedictum
1222 5460 1398 5518 nostri
1424 5470 1568 5522 tem-

43 5538 140 5595 oris
175 5545 374 5603 scisma
406 5549 549 5605 inter
577 5552 866 5624 precipuas
911 5552 1135 5609 hereses
1175 5561 1527 5624 computatur
1550 5594 1565 5622 ,

897 361 1266 425 CllRONlCA.
1305 391 1378 403 -—
1409 357 1801 417 CIIBONICON
1838 359 2293 418 UNIVERSALE.

3141 358 3246 414 σεδ

1665 495 1729 535 ac
1771 488 2034 550 perpetuo
2067 496 2192 536 cum
2218 496 2335 535 SlllS
2375 477 2695 533 auctoribus
2730 485 2893 549 atque
2918 476 3246 548 sequacibus

1665 574 2009 629 anathemate
2050 571 2365 643 hujusmodi
2401 571 2710 641 subscripta
2745 569 3087 642 professione
3106 585 3244 625 con-

1663 665 1953 720 demnatur
1985 681 1999 719 :
2030 664 2435 718 Anathematizo
2455 679 2658 717 onmem
2682 662 2924 731 heresim,
2942 663 3246 733 etprncipue

1662 773 1780 814 eam
1816 773 1933 829 quae
1974 765 2173 811 statum
2210 759 2464 828 presentis
2505 756 2762 810 (ecclesia:
2788 755 3098 826 perturbat,
3126 762 3261 827 quas

1664 852 1813 906 docet
1842 862 1892 907 et
1927 853 2141 918 astruit,
2178 851 2461 905 anathema
2483 848 2951 920 contempnendum
2970 858 3022 903 et
3055 849 3242 903 (eccle-

1663 946 1760 1000 sia:
1785 944 2074 1016 ligamenta
2100 943 2389 1014 spernenda
2410 959 2539 996 esse.
2567 942 2830 995 Promitto
2854 944 2871 963 '
2900 950 3079 995 autem
3106 940 3251 993 οὸω-ί

1663 1038 1919 1092 dientiam
1949 1035 2252 1109 apostolicae
2297 1035 2436 1089 sedis
2476 1034 2717 1105 pontiﬁci
2751 1033 2941 1087 domno
2986 1031 3244 1086 Paschali

1662 1128 1879 1199 ejusque
1896 1126 2287 1182 successoribus
2313 1125 2732 1181 sub'testimonio
2754 1124 2956 1180 Christi
2986 1136 3036 1179 et
3062 1124 3245 1179 (eccle-

1663 1222 1789 1288 siae,
1840 1221 2106 1291 aﬂirmans
2155 1217 2293 1290 quod
2346 1219 2597 1288 afﬁrmat,
2654 1228 2704 1273 et
2765 1218 3061 1280 dampnans
3105 1218 3245 1289 quod

1663 1314 1920 1384 dampnat
1963 1320 2149 1366 sancta
2193 1320 2242 1366 et
2288 1309 2603 1364 universalis
2647 1310 2904 1365 (ecclesia.
2958 1309 3035 1364 lbi
3077 1311 3245 1364 etiam

1664 1418 1827 1473 quam
1850 1403 2174 1459 sententiam
2204 1400 2261 1456 in
2302 1400 2686 1471 imperatorem
2718 1401 2809 1434 ¹⁷¹¹
2835 1402 2920 1457 vel
2951 1402 3244 1471 patricium

1664 1492 1973 1549 Romanum
2033 1489 2350 1547 Heinricum
2403 1488 2547 1545 idem
2608 1491 2942 1560 apostolicus
3006 1489 3247 1547 Pascha-

1663 1588 1732 1644 lis
1762 1585 2312 1657 ‘“.’~promulgaverit
2334 1624 2350 1652 ,
2385 1599 2489 1640 nos
2515 1599 2735 1655 quoque
2764 1584 2906 1639 inter
2929 1585 3247 1640 innumeras

1663 1685 2004 1741 diversarum
2023 1683 2265 1755 gentium
2296 1690 2544 1740 catervas
2574 1683 2818 1754 proxima
2840 1696 2993 1738 caena
3021 1683 3170 1754 (Apr.
3190 1684 3244 1754 ὅ)

1666 1774 1882 1831 Domini
1910 1774 1967 1829 in
2000 1774 2248 1831 ecclesia
2275 1772 2630 1830 Lateranensi
2668 1774 2739 1830 ab
2776 1774 2950 1845 ipsius
2978 1790 3072 1829 ore
3107 1774 3249 1830 didi-

1665 1872 1875 1939 cimus;
1911 1870 2174 1926 nimirum
2223 1879 2513 1942 postquam
2556 1870 2591 1925 8
2652 1869 2771 1925 Kal.
2821 1869 3043 1925 Octobr.
3077 1870 3251 1924 maris

1662 1962 1919 2031 ﬂuctibus
1965 1961 2138 2037 Joppe
2185 1963 2410 2031 traditi,
2440 1962 2629 2018 Roma:
2668 1977 2860 2018 sumus
2904 1978 3001 2033 per
3040 1962 3248 2018 Christi

1664 2054 1893 2126 gratiam
1921 2055 2163 2126 predicta
2188 2055 2383 2126 majori
2411 2054 2714 2111 ebdomada
2739 2055 3054 2109 introducti.
3083 2053 3246 2120 Quia,

1664 2153 1863 2223 inquit,
1896 2153 2128 2207 tunicam
2167 2151 2369 2207 Christi
2388 2151 2644 2218 scindere,
2665 2151 2721 2205 id
2749 2160 2826 2205 cst
2851 2150 3127 2205 ecclesiam
3158 2167 3249 2204 ra-

1662 2249 1801 2320 pinis
1831 2248 2166 2303 et'incendiis
2189 2246 2463 2302 devastare
2481 2288 2495 2314 ,
2522 2246 2795 2312 lnxuriis,’
2817 2246 3066 2317 perjuriis
3092 2254 3247 2316 atque

1663 2342 1964 2397 homicidiis
1994 2339 2398 2409 commaculare,
2423 2348 2527 2394 non
2552 2328 2793 2405 cessavit,
2822 2340 2993 2409 primo
3019 2355 3051 2392 a
3077 2337 3247 2392 beatis

1664 2435 1933 2490 memoria:
1979 2433 2230 2507 Gregorio
2258 2442 2428 2507 papa,
2478 2436 2667 2491 deinde
2697 2454 2728 2490 a
2762 2436 3100 2490 sanctissimo
3135 2434 3248 2489 uiro

1668 2526 1880 2582 Urbano
1901 2526 2260 2598 predecessore
2284 2545 2394 2582 meo
2415 2537 2628 2599 propter
2642 2545 2794 2582 suam
2824 2527 3248 2582 inobmdientiam

1663 2619 2148 2674 excommunicatus
2173 2629 2251 2673 est
2281 2629 2437 2691 atque
2459 2619 2905 2690 condempnatus;
2930 2635 3022 2673 nos
3047 2635 3249 2691 quoque

1664 2712 1721 2765 in
1758 2712 2005 2782 proxima
2054 2710 2253 2783 synodo
2300 2720 2483 2766 nostra
2520 2712 2730 2782 judicio
2787 2712 2950 2765 totius
2998 2710 3250 2766 (ecclesia:

1663 2810 1911 2872 perpetuo
1935 2817 2054 2856 eum
2103 2801 2431 2856 anathemati
2475 2798 2814 2856 tradidimus.
2849 2799 2916 2855 Id
2950 2812 3132 2855 notum
3160 2817 3251 2855 ro-

1665 2892 1840 2948 lumus
1870 2893 2111 2967 omnibus
2139 2902 2191 2949 et
2224 2894 2454 2948 maxime
2479 2893 2893 2948 ultramontanis
2927 2911 3037 2948 esse
3059 2936 3074 2960 ,
3110 2910 3250 2964 qua—

1667 2984 1809 3037 tinus
1832 2982 1896 3037 ab
1920 2983 2086 3053 ipsius
2105 2999 2160 3038 se
2189 2984 2489 3037 contineant
2524 2983 2823 3055 iniquitate.

1808 3078 1827 3098 '
1864 3074 2133 3132 Promitto
2167 3104 2241 3117 ——
2269 3076 2583 3132 contineant
2616 3075 2923 3147 iniquitate.
2951 3077 3138 3131 desunt
3178 3075 3241 3133 C.

1736 3186 2042 3245 Hartwicus
2066 3192 2085 3213 ⁶
2125 3189 2603 3263 Magdeburgensis
2629 3190 3071 3262 archiepiscomis
3092 3191 3248 3257 obiit,

1664 3281 1749 3336 vir
1778 3297 1875 3351 per
1896 3283 2066 3338 multa
2090 3282 2410 3351 laudabilis,
2438 3283 2675 3338 maxime
2714 3293 2895 3339 tamen
2926 3284 3207 3354 popularis
3232 3326 3247 3349 ,

1664 3381 1719 3429 ct
1743 3374 2004 3430 mcclesiae
2054 3374 2143 3430 cui
2189 3382 2403 3445 preerat
2449 3374 2781 3430 utilitatibus
2818 3375 3050 3430 multum
3097 3377 3252 3430 insu-

1666 3464 1803 3520 dans
1827 3464 2148 3533 dilatandis,
2180 3481 2281 3536 pm
2308 3466 2563 3521 scismate
2587 3481 2806 3537 quoque
2836 3481 2962 3537 sepe
2988 3466 3131 3521 dicto
3160 3483 3253 3521 re-

1668 3558 1954 3614 sarciendo
1988 3557 2128 3614 inter
2150 3567 2439 3630 utramque
2467 3566 2674 3630 partem
2702 3558 2972 3614 mediator
2991 3558 3251 3631 infatiga-

1667 3651 1812 3707 bilis.
1878 3681 1950 3693 —
2023 3650 2360 3722 Ruotpertus
2426 3652 2718 3723 episcopus
2787 3650 3255 3723 Babenbergensis

1667 3744 1829 3810 obiit;
1857 3744 1947 3799 cui
1981 3759 2081 3814 per
2120 3744 2504 3815 imperatorem
2558 3743 2876 3800 lleinricum
2917 3742 3074 3810 Otto,
3115 3759 3250 3799 can-

1668 3838 1922 3893 cellarius
1943 3837 2085 3908 ejus,
2112 3837 2463 3893 substituitur
2482 3837 2583 3905 vir,
2613 3846 2674 3893 ut
2698 3839 2940 3894 creditur
2958 3881 2973 3905 ,
3008 3837 3147 3893 bene
3170 3853 3253 3893 re-

1669 3930 1916 3999 ligiosus.
1951 3960 2024 3969 —
2045 3929 2224 3984 Aerbo
2244 3930 2358 3999 jam
2388 3931 2720 3999 grandevus,
2748 3930 2945 3986 nobilis
2966 3930 3032 3985 de
3056 3929 3261 3985 Carinq

1670 4021 1783 4076 tliia
1806 4021 2060 4092 princeps
2087 4029 2143 4076 et
2174 4023 2451 4092 quondam
2487 4023 2763 4094 palatinus
2788 4023 2843 4077 in
2879 4022 3129 4093 Bajoaria
3157 4039 3256 4078 co-

1671 4130 1788 4169 mes
1804 4156 1818 4179 ,
1851 4113 2104 4185 migravit
2129 4113 2185 4167 in
2214 4112 2466 4169 Domino.

1816 4227 1831 4248 ⁶
2107 4225 2309 4297 reliqua
2359 4225 2515 4297 hujus
2566 4227 2697 4297 arini
2757 4227 2835 4280 ita
2904 4226 3190 4297 disponunt
3236 4241 3256 4277 :

1883 4294 2145 4366 Erboj'“
2174 4294 2245 4335 4
2284 4294 2526 4351 domino.
2565 4296 2899 4366 Rtintpertus
2926 4294 3001 4366 :4
3033 4296 3256 4366 religio-

1886 4381 2003 4439 sus.
2035 4365 2344 4439 Hartwicus
2384 4397 2456 4407 ——
2498 4364 2869 4439 infatigabilis.
2921 4364 2987 4422 In
3030 4366 3092 4439 (3.
3140 4364 3263 4420 uero

1883 4437 1995 4520 haec
2026 4446 2247 4520 tantum
2274 4437 2522 4520 leguntur
2552 4454 2570 4492 :
2595 4437 3257 4520 Ruotpertusfpiscopus

1885 4508 2265 4581 substituitur,
2288 4508 2371 4563 vir
2396 4524 2492 4581 per
2513 4510 2697 4565 omnia
2717 4509 2859 4581 bene
2882 4508 3170 4578 religiosus
3203 4514 3260 4561 et

1882 4578 2374 4651 precipuedomno
2396 4578 2731 4651 imperatori
2779 4595 2943 4650 super
2982 4594 3172 4634 omnes
3205 4586 3268 4637 et.

1881 4664 1977 4718 pre
2018 4650 2275 4705 omnibus
2314 4650 2507 4720 usque
2544 4652 2610 4707 ad
2660 4660 2890 4706 mortem
2934 4650 3099 4704 etiam
3145 4663 3258 4703 non

1883 4719 2003 4791 sine
2026 4720 2239 4791 magnis
2262 4719 2519 4791 periculis
2545 4723 2917 4779 ﬁdelissimus.
2948 4720 3270 4791 Hartwigua

1888 4789 2373 4864 Magdeburgensis
2396 4793 2688 4865 episcopus
2712 4793 2868 4848 obiit.

1737 4917 2106 4976 Commissum
2138 4924 2154 4944 '
2188 4929 2273 4977 est
2295 4922 2462 4977 etiam
2510 4922 2757 4994 praelium
2804 4921 2966 4995 (Jul.)
3000 4938 3030 4977 a
3055 4921 3265 4977 Βριαυῆ

1668 5010 1795 5065 vino
1840 5019 1897 5067 et
1947 5011 2034 5068 bis
2071 5013 2165 5084 qui
2197 5029 2384 5071 secum
2426 5024 2584 5072 erant
2611 5014 3031 5072 Hierosolimitis
3064 5022 3261 5071 contra

1674 5101 1944 5159 inﬁnitam
1970 5103 2403 5164 Sarracenorum
2432 5109 2868 5176 multitudinem;
2901 5108 2992 5163 ubi
3013 5107 3145 5163 dum
3175 5106 3260 5160 ἰηο.

1671 5195 2013 5253 considerate
2052 5214 2144 5255 res
2199 5201 2398 5273 agitur,
2441 5201 2796 5257 circumventi
2849 5201 3262 5273 sagittariorum

1674 5286 2069 5342 numerositate
2113 5290 2315 5356 nostri,
2359 5299 2544 5360 utpote
2592 5291 2707 5361 jam
2761 5291 3055 5347 admodum
3098 5290 3259 5361 pauci

1672 5372 1823 5441 lacti,
1863 5376 2002 5432 intra
2035 5394 2225 5435 muros
2253 5380 2493 5437 civitatis
2529 5380 2730 5450 Rama,
2758 5398 2881 5453 qua:
2911 5383 3093 5439 vicina
3119 5391 3256 5446 erat,

1674 5465 1865 5519 cedere
1885 5469 2306 5538 compelluntur,
2330 5487 2422 5526 rex
2452 5488 2583 5529 vero
2609 5489 2733 5528 cum
2760 5475 2938 5530 tribus
2961 5517 2976 5542 ,
2997 5482 3057 5529 ut
3079 5474 3255 5538 aiunt,

1674 5555 1953 5625 equitibus
1976 5558 2169 5615 evasit.
2198 5559 2424 5617 Barbari
2461 5572 2643 5618 autem
2687 5579 2812 5620 cum
2839 5565 3023 5636 plures
3060 5563 3258 5633 lapidi—

1286 5644 1520 5701 VARI/E
1562 5645 1967 5704 LECTIONES.

76 5721 158 5757 ""
195 5740 386 5807 monte
408 5731 477 5807 l_l.
521 5806 529 5807 ί
557 5735 649 5766 ’⁷⁸⁸
680 5736 731 5790 5.
761 5737 1038 5806 prmmittit
1083 5735 1291 5807 ωδε).
1329 5736 1422 5768 ¹⁷⁰⁹
1449 5732 1514 5790 ll.
1550 5735 1574 5790 1
1611 5736 1824 5807 stupius.
1859 5738 1950 5769 ¹⁷¹⁰
1979 5738 2123 5793 deest
2152 5737 2251 5799 Dl.
2290 5741 2376 5774 ¹⁷¹¹
2407 5742 2594 5799 tuscis:
2623 5742 2686 5798 (Ζ.

68 5809 188 5851 rorr.
217 5800 263 5855 1.
295 5801 389 5841 ¹⁷¹³
420 5803 481 5857 Ρ.
515 5806 533 5860 1
563 5800 776 5877 sa'pius.
858 5807 948 5839 ‘7“
973 5806 1152 5862 Aerbo
1175 5804 1274 5862 El.

2777 5744 2867 5775 ⁸⁷⁸³
2896 5759 3007 5807 em.
3040 5758 3094 5802 γ,
3129 5758 3182 5812 p.
3210 5758 3253 5795 r.
