3862 6306
555 358 664 417 987

1718 352 2117 412 EKKEHARDI
2153 348 2617 409 URAUGIENSIS
3704 359 3772 415 κδ

556 475 665 529 bus
685 472 852 529 castri
878 472 971 506 “"
994 472 1308 529 viderentur
1330 513 1344 539 ,
1390 472 1443 527 in
1469 472 1620 528 brevi
1645 473 1898 529 universa
1936 472 2138 529 moenia
2170 474 2216 534 Α
2244 470 2435 541 quium
2472 481 2747 541 spectans,
2794 469 3013 527 insidiis
3052 468 3325 538 vallatur;
3375 485 3437 526 re
3482 484 3683 540 quoque
3710 489 3775 528 eo-

559 567 931 622 demoliuntur
955 582 969 631 ;
995 565 1278 635 captisque
1309 581 1375 620 ac
1415 565 1557 621 cesis
1585 566 1857 622 universis
1882 581 2024 636 quos
2052 566 2139 620 in-

560 666 863 724 venerant:
888 657 1038 728 ipsos
1073 657 1318 726 captivos
1339 672 1466 711 cum
1500 658 1717 713 nunciis
1759 655 2003 713 victoria
2029 670 2143 712 sua

562 747 893 820 Babylonem
922 748 1276 819 premittunt,
1305 757 1482 804 castra
1514 758 1695 803 autem
1724 764 1821 804 sua
1857 749 2142 815 securiter,

561 849 617 895 et
636 840 795 910 quasi
814 839 929 911 jam
957 848 1156 896 terram
1179 840 1326 894 illam
1355 840 1548 911 gladiis
1571 840 1898 911 acquisitam
1928 856 2147 912 posses-

565 932 701 998 suri,
726 931 942 986 interim
967 932 1142 988 donec
1162 932 1349 987 nuncii
1372 934 1517 1004 regis
1539 933 1625 989 sui
1649 933 1892 1000 redeant,
1918 933 1972 988 in
1998 948 2149 989 eam-

563 1024 837 1095 pestribus
895 1023 1002 1080 illis
1045 1032 1274 1095 ponunt.
1327 1023 1435 1080 Sed
1474 1040 1585 1080 non
1635 1024 1802 1081 cessit
1822 1024 1903 1080 eis
1946 1025 2151 1095 inpune

565 1116 796 1171 victoria
819 1115 908 1170 illa
927 1155 944 1182 ,
970 1131 1080 1170 non
1117 1131 1217 1172 sua
1246 1116 1447 1171 virtute
1480 1116 1574 1172 sed
1597 1116 1778 1172 divina
1792 1116 2152 1187 dispositione

569 1210 625 1263 in
655 1209 768 1274 his,
807 1223 949 1278 quos
981 1208 1097 1278 ipse
1131 1224 1242 1264 non
1276 1218 1449 1264 terras
1492 1210 1633 1265 ultra
1686 1209 1781 1265 sed
1821 1210 2153 1282 paradysum

568 1299 739 1353 voluit
771 1299 1041 1365 incolere,
1066 1301 1395 1371 conquisita.
1430 1299 1565 1355 Nam
1594 1301 1762 1357 tercia
1784 1301 1872 1357 die
1901 1302 2157 1358 Balduvi»

570 1409 677 1448 nus
715 1393 1104 1464 superveniens
1131 1410 1255 1449 cum
1277 1394 1518 1449 exercitu
1544 1395 1786 1464 copioso,
1810 1410 1976 1466 quem
2002 1396 2155 1465 prius

569 1495 888 1556 expectasse
911 1486 1192 1553 debuerat,
1209 1494 1360 1541 tanta
1384 1486 1506 1542 illos
1519 1488 1747 1557 proterit
1771 1488 2154 1554 internetione,

572 1589 757 1634 utnec
787 1580 1009 1634 libuerit
1033 1594 1134 1635 nec
1171 1579 1441 1650 profuerit
1466 1580 1679 1636 vicisse.
1716 1579 1929 1635 Novum
1973 1589 2156 1636 autem

574 1673 725 1727 illum
750 1673 1048 1727 exercitum
1077 1681 1184 1728 tam
1209 1671 1622 1743 Reginmundus
1661 1689 1690 1728 a
1727 1672 1955 1744 Tripoli,
1992 1689 2158 1744 quam

575 1778 752 1832 nuper
772 1763 1065 1831 devicerat,
1093 1780 1257 1835 quam
1287 1766 1357 1819 ab
1374 1763 1663 1820 Antiochia
1685 1765 2041 1821 Dankeradus
2064 1767 2162 1822 du-

575 1855 760 1922 cebat;
789 1871 914 1910 nam
944 1872 1077 1912 suus
1100 1857 1403 1913 avunculus
1443 1856 1781 1913 Boimundus
1805 1900 1821 1925 ,
1847 1867 1973 1914 ante
2004 1859 2160 1914 hien-
2191 1834 2231 1892 υ

577 1946 730 2001 nium
765 1963 794 2003 a
824 1946 1057 2006 Thurcis
1085 1950 1212 2006 dolo
1236 1959 1450 2023 captus,
1487 1951 1793 2008 Antiochia:
1822 1952 1925 2006 sibi
1952 1952 2160 2023 princi-

576 2048 763 2110 patum
795 2042 1099 2099 dimiserat.

718 2137 735 2157 ⁶
773 2134 1143 2207 Commissum
1186 2167 1259 2177 -—
1302 2136 1663 2207 principatum
1712 2134 2014 2193 dimiserat.
2062 2139 2161 2194 hoc

796 2206 910 2260 loco
937 2208 1123 2262 desunt
1151 2207 1213 2262 D.
1241 2206 1317 2262 ΕΣ
1328 2224 1489 2279 neque
1516 2209 1570 2261 in
1592 2206 1653 2262 C.
1682 2207 1945 2278 leguntur.

1128 2300 1177 2355 A
1203 2300 1315 2355 ⁸⁷³⁸.
1344 2300 1407 2355 D.
1438 2299 1624 2354 MClll.

2243 564 2391 636 gnita
2423 562 2638 637 fugiens
2664 565 2731 621 ad
2758 580 2930 633 mare,
2955 566 3277 621 vulneratur
3305 580 3339 619 a
3360 565 3569 630 nautis,
3608 565 3728 620 simul
3744 577 3780 621 et

2245 657 2561 715 suffocatur.
2595 658 2770 730 Hujus
2795 659 2935 716 tanti
2972 659 3097 726 viri,
3125 660 3222 731 qui
3253 658 3519 715 nimirum
3544 659 3779 714 totius:-

2244 750 2421 806 xonize
2468 750 2833 822 principatum
2862 752 3137 808 secundus
3166 767 3197 806 a
3231 768 3358 823 rege
3391 752 3641 824 gerebat,
3668 753 3782 807 intu-

2246 842 2355 898 itus
2381 843 2451 897 ab
2473 842 2730 899 universo
2749 859 2919 915 regno
2948 843 3249 900 Teutonico
3274 844 3517 916 graviter
3545 842 3784 907 ferebatur,

2248 932 2425 1004 isque,
2448 943 2508 989 ut
2535 933 2797 1002 diximus,
2829 934 2989 991 dolor
3016 950 3163 991 nunc
3196 933 3385 991 fratris
3410 934 3537 1005 ejus
3569 932 3788 991 Cum

2249 1038 2382 1079 nece
2406 1024 2738 1094 duplicatur.

2321 1115 2610 1173 Heinricus
2658 1117 2907 1173 marcbio
2944 1120 2985 1184 ',
3008 1117 3097 1172 vir
3121 1116 3207 1174 sui
3235 1117 3505 1189 temporis
3530 1117 3599 1171 in
3623 1116 3791 1173 Suom

2252 1207 2787 1279 prepotentissimus,
2819 1208 2973 1263 obiit.

2400 1304 2415 1323 '
2436 1299 2508 1355 M.
2533 1300 2600 1355 de
2624 1298 2827 1372 Iliburg
2847 1298 2910 1354 C.
2935 1298 3000 1355 D.
3026 1298 3092 1355 E.

2490 1430 2498 1440 .
2783 1392 2851 1447 A.
2894 1392 2988 1424 ⁸⁷¹⁹
3025 1390 3091 1447 D.
3128 1389 3321 1446 MCIV.

2326 1482 2615 1541 Heinricus
2652 1483 2951 1555 imperator
2995 1483 3231 1540 natalem
3278 1481 3510 1537 Domini
3554 1480 3797 1552 Batiam:

2257 1577 2568 1632 celebravit.
2617 1577 2866 1649 Cumque
2908 1576 3110 1632 ibidem
3150 1574 3484 1646 aliquandiu
3535 1585 3795 1640 moraretur,

2257 1678 2380 1725 orto
2423 1669 2660 1740 quodam
2698 1670 2853 1740 prius
2884 1684 3167 1726 murmure
3192 1668 3336 1723 inter
3361 1667 3798 1737 Bajoariapriad—

2260 1777 2377 1832 pes,
2400 1776 2465 1817 eo
2497 1761 2646 1832 quod
2665 1759 2913 1816 Saxones
2941 1760 3027 1816 vel
3052 1753 3252 1815 Franci
3278 1758 3628 1813 familiarius
3660 1757 3743 1812 illic
3766 1771 3801 1811 et

2261 1853 2639 1908 honorabilius
2671 1868 2838 1923 quam
2868 1851 3137 1923 indigenae
3184 1850 3256 1906 ab
3300 1850 3643 1920 imperatore
3669 1856 3801 1904 uada-

2259 1953 2454 1999 rentur
2491 1943 2816 2016 Sigihardus
2841 1959 3047 2011 comes,
3093 1943 3193 2014 qui
3237 1942 3577 2014 hujusmodi
3616 1943 3803 2012 sapic

2259 2053 2385 2092 nem
2409 2036 2649 2093 maxime
2674 2037 2920 2104 notabat,
2944 2037 3089 2108 cepit
3117 2035 3445 2106 imperatori
3474 2034 3718 2106 paulatim
3746 2035 3803 2086 in.

2257 2130 2413 2186 visus
2439 2130 2652 2197 haberi,
2678 2138 2900 2201 propter
2928 2130 3035 2185 huc
3062 2138 3244 2185 autem
3275 2128 3533 2184 maxime
3586 2126 3711 2198 quod
3729 2127 3805 2196 ips:

2261 2222 2413 2276 solus
2461 2236 2558 2291 pre
2607 2220 2822 2276 cunctis
2865 2219 2963 2291 qui
3014 2230 3146 2277 tunc
3194 2219 3434 2275 aderant
3490 2219 3803 2290 principibus.

2261 2312 2647 2370 abundantiori
2672 2313 2909 2369 militum
2936 2314 3092 2384 copia
3118 2313 3380 2380 adducta,
3409 2312 3483 2367 ad
3508 2312 3806 2367 resiste-du

649 2390 941 2449 Heinricus
965 2394 985 2415 ‘
1014 2392 1310 2463 imperator
1335 2392 1671 2448 nativitatem
1695 2392 1912 2450 Domini
1938 2392 2164 2465 Mogon—
2262 2422 2344 2474 se,
2376 2406 2422 2463 si
2445 2405 2586 2462 forte
2614 2407 2683 2462 de
2709 2407 2863 2462 curia
2886 2406 3181 2478 quicquam
3208 2420 3373 2461 secus
3396 2405 3639 2471 eadem,
3660 2402 3809 2458 videb-

581 2485 669 2539 tize
697 2485 979 2543 celebrans
999 2528 1015 2554 ,
1053 2486 1166 2541 ﬁlio
1215 2502 1317 2542 suo
1359 2484 1617 2543 lleinrico
1651 2487 1764 2559 regi
1788 2503 1976 2545 rerum
2003 2505 2161 2544 sum-
2260 2506 2354 2553 ιιιιι
2381 2496 3072 2554 communisse.—Diebus
3096 2506 3221 2569 post
3244 2497 3365 2553 haec
3395 2497 3617 2568 aliquot
3642 2497 3810 2552 exactis-

580 2592 725 2632 mam
751 2577 1108 2634 dimissurum
1136 2593 1303 2649 seque
1344 2578 1693 2649 sepulchrum
1735 2578 1951 2635 Domini
1980 2581 2167 2637 visita-
2265 2606 2393 2647 cum
2419 2591 2533 2663 iam
2566 2591 2815 2648 securior
2855 2590 3036 2647 [actus
3070 2592 3215 2647 idem
3255 2603 3451 2647 comes
3485 2606 3701 2647 δυοη,
3732 2600 3811 2642 ω.

581 2686 796 2737 turum,
829 2686 927 2741 per
959 2670 1326 2727 Emehardum
1361 2671 1682 2743 episcopum
1719 2672 1938 2743 publice
1978 2673 2165 2744 predi-

2273 2700 2387 2740 mas
2406 2684 2644 2741 defluere
2664 2684 3029 2756 permisisset,
3062 2685 3335 2741 excitatur
3363 2684 3424 2739 in
3453 2684 3631 2748 illum,
3657 2682 3816 2750 ωιςρ

579 2763 695 2819 cari
739 2762 904 2831 fecit;
957 2763 1190 2835 indeque
1233 2762 1475 2820 favorem
1526 2764 1828 2821 maximum
1872 2775 1985 2822 tam
2022 2766 2165 2838 vulgi

2273 2778 2517 2834 rantibus
2547 2788 2658 2833 tam
2701 2777 2929 2834 urbanis
2958 2776 3463 2848 Ratisponensibus
3497 2792 3661 2847 quam
3684 2775 3815 2828 diver-

582 2872 748 2927 quatn
771 2857 1082 2928 principum
1123 2864 1177 2912 et
1216 2856 1543 2914 clericorum
1566 2858 1830 2929 regnique
1859 2859 2033 2915 totius
2071 2875 2167 2915 ac-
2270 2887 2458 2928 sarum
2479 2870 2715 2941 partium
2739 2869 3113 2926 ministerialis
3126 2867 3338 2924 ordinis
3361 2868 3678 2923 hominibus
3691 2864 3815 2935 (Ἀῶ.

581 2950 844 3020 quisivit,
879 2949 1191 3021 multosque
1224 2965 1255 3006 e
1283 2949 1487 3006 diversi
1515 2950 1606 2981 ""
1636 2951 1791 3023 regni
1828 2952 2078 3023 partibus
2102 2951 2165 3008 ad

2273 2961 2469 3018 seditio
2495 2959 2810 3027 furibunda,
2839 2975 2962 3031 qua:
2983 2959 3134 3015 nullo
3160 2958 3347 3025 modo,
3370 2959 3464 3013 vel
3492 2958 3616 3029 ipso
3640 2957 3811 3025 inpas-

581 3042 829 3112 eiusdcm
878 3040 1089 3100 itineris
1110 3042 1432 3100 comitatum
1472 3056 1534 3098 se
1574 3058 1871 3115 preparare
1898 3053 2026 3101 voto
2052 3046 2173 3116 ipso
2272 3054 2411 3111 toris
2436 3054 2547 3110 lilio
2566 3053 2983 3121 interveniente,
3006 3050 3187 3108 sedari
3207 3051 3414 3122 potuit,
3437 3050 3616 3105 donec
3634 3048 3697 3103 ab
3722 3048 3815 3101 bon

584 3136 887 3192 succendit.
2200 3195 2239 3217 η
2272 3147 2382 3204 diei
2421 3146 2588 3203 tercia
2624 3160 2798 3217 usque
2820 3145 2889 3201 ad
2910 3144 3106 3200 horam
3137 3158 3344 3198 nonam
3393 3143 3452 3197 in
3492 3142 3720 3213 hospitio
3750 3139 3817 3193 ob-
3860 3146 3862 3203 ξ

731 3230 748 3251 ’
784 3225 1016 3311 C._ita_:.
1033 3225 1647 3311 Imperatorelleinrico
1690 3229 2026 3311 nativitatem
2061 3226 2170 3284 Do-
2198 3195 2240 3251 α
2274 3257 2484 3308 ερεςυε,
2521 3195 2849 3311 undantique
2892 3237 3082 3293 fractis
3118 3236 3355 3303 foribus,
3398 3235 3539 3306 ipse,
3567 3195 3820 3306 priuatae-
3860 3230 3862 3243 ⁵

799 3297 934 3352 mini
968 3297 1257 3369 Mogontiaa
1299 3300 1557 3355 cebrante
1589 3317 1654 3356 ac
1688 3300 1994 3355 necessaria
2021 3315 2169 3369 quae-

799 3383 907 3437 que
946 3370 1305 3440 superiregni
1331 3380 1474 3425 statu
1515 3387 1641 3426 eum
1681 3371 2020 3440 principibus
2056 3377 2170 3425 tra-

802 3446 985 3494 ctante
1007 3480 1022 3506 ,
1059 3439 1465 3512 subitogrumor
1488 3440 1629 3496 forte
1649 3439 1979 3511 divulga’tur,
2004 3442 2176 3512 impe-

801 3518 1039 3564 ratorem
1086 3507 1340 3565 Heinrico
1395 3511 1507 3566 ﬁlio
1542 3528 1643 3567 suo
1686 3507 1869 3567 reru'm
1902 3507 2174 3567 summam

694 3628 697 3631 .
802 3580 1163 3636 dimissurum
1201 3596 1369 3651 seque
1404 3583 1754 3652 sepulchrum
1796 3582 2012 3652 Domini
2042 3582 2176 3637 visi-

807 3652 973 3721 tando
989 3666 1090 3721 pro
1111 3653 1347 3721 peccatis
1369 3651 1486 3709 suis
1504 3653 1725 3708 Christo
1740 3651 2175 3709 satisfacturum.

807 3719 963 3795 Unde
992 3719 1046 3777 et
1073 3719 1324 3777 nonnulli
1357 3739 1483 3779 cum
1521 3725 1761 3780 maximo
1793 3724 1978 3795 favore
2006 3724 2073 3779 ad
2099 3724 2180 3795 ip.

807 3792 922 3847 sius
949 3808 1008 3848 se
1037 3808 1398 3864 preparavere
1422 3795 1762 3850 comitatum.
1794 3794 2006 3863 Cuono,
2032 3792 2131 3850 etc;

664 3883 879 3953 Cnono,
911 3886 1054 3943 [ilius
1083 3885 1298 3944 Ottonis
1319 3887 1467 3960 (29$)
1492 3888 1669 3957 ducis,
1698 3889 1765 3945 de
1794 3889 2007 3961 magnis
2028 3889 2181 3960 prin-

595 3980 808 4052 cipibus
836 3998 998 4046 unus,
1035 3990 1092 4037 et
1130 3981 1219 4037 cui
1249 3982 1386 4038 nihil
1421 3981 1477 4037 in
1509 3982 1659 4037 omni
1698 3999 1880 4039 rerum
1909 3982 2182 4038 humana-

596 4089 717 4129 rum
751 4074 1013 4145 dignitatc
1045 4092 1231 4146 supra,
1262 4084 1394 4131 natu
1432 4076 1658 4143 scilicet,
1688 4076 1971 4132 literarum
2018 4076 2184 4131 etiam

595 4166 845 4234 scientia,
870 4166 1189 4224 fortitudine
1230 4178 1395 4240 atque
1443 4169 1647 4225 divitiis
1680 4168 1815 4224 satis
1855 4169 2183 4240 prepollens,

594 4259 860 4331 elegantia
897 4272 1059 4332 atque
1093 4259 1345 4317 facundia
1376 4261 1536 4318 bonis
1565 4261 1822 4317 omnibus
1862 4262 2112 4318 amabilis
2134 4270 2189 4318 et

596 4352 850 4419 all‘ahilis,
894 4354 1236 4424 quorundam
1273 4352 1614 4410 funestorum
1646 4354 1928 4409 hominum
1968 4354 2189 4425 conspi-

597 4444 827 4511 ratione,
851 4454 1036 4513 noctu,
1053 4447 1182 4501 dum
1205 4446 1307 4502 iter
1328 4455 1530 4518 ageret,
1550 4447 1825 4502 invaditur
1842 4455 1897 4502 et
1916 4445 2189 4502 interimi-

2274 3333 2511 3390 fessione
2561 3332 2728 3400 facta,
2768 3339 2988 3402 sumpto
3038 3329 3206 3385 etiam
3240 3327 3521 3383 Dominici
3555 3334 3818 3382 sna-anan

2274 3428 2496 3493 viatico,
2524 3425 2700 3496 capite
2729 3433 3015 3481 truncatus
3046 3421 3327 3480 occubuit.
3371 3420 3451 3477 De
3479 3426 3500 3443 ‘
3534 3435 3640 3491 quo
3667 3416 3819 3474 sulm

2277 3518 2698 3589 supersedemus
2721 3517 2878 3588 plura
2916 3515 3142 3582 referre,
3190 3513 3486 3584 presertim
3528 3527 3646 3568 cum
3688 3508 3819 3564 adh:

2278 3612 2514 3668 ultiones
2534 3619 2840 3680 caeteraque
2860 3609 3005 3665 mala
3032 3607 3322 3678 sequentia
3344 3615 3627 3661 versentur
3653 3604 3701 3657 in
3720 3614 3819 3654 ocl-

2278 3704 2368 3772 lis,
2396 3712 2451 3760 et
2471 3719 2635 3775 quem
2658 3702 2768 3759 sint
2789 3703 2952 3757 linem
2977 3701 3254 3766 habitura,
3280 3714 3614 3770 nequeamus
3631 3693 3823 3751 scim-

2281 3795 2378 3851 llis
2402 3805 2584 3851 tamen
2606 3795 2868 3866 exceptis,
2897 3794 3140 3864 undique
3162 3801 3312 3848 terra
3338 3791 3477 3847 satis
3497 3789 3705 3860 quievit,
3724 3798 3821 3855 βα

2284 3888 2448 3943 simul
2492 3897 2545 3945 et
2589 3886 2888 3954 fertilitate,
2941 3902 3159 3941 necnon
3198 3885 3348 3941 aeris
3381 3884 3631 3955 qualitate
3672 3892 3823 3945 σαβ-

2284 3996 2518 4051 rumque
2543 3980 2776 4036 sanitate
2811 3980 2905 4011 "'°
2940 3977 3340 4034 delectabiliter
3374 3975 3673 4047 joenndata.
3708 3968 3821 4022 Sa-

2285 4074 2423 4129 nulli
2448 4074 2614 4130 etiam
2635 4072 2859 4143 palmati
2883 4072 2950 4127 de
2980 4069 3344 4126 Hierosolima
3368 4068 3664 4129 redeuntes,
3683 4061 3823 4115 Acis.

2287 4181 2411 4238 quae
2446 4174 2500 4220 et
2539 4166 2807 4230 Accaron,
2838 4180 2870 4219 a
2894 4163 3098 4218 nostris
3145 4169 3531 4233 expugnatam,
3567 4152 3821 4210 numini.

2289 4260 2396 4314 alia
2419 4272 2639 4329 quoque
2674 4265 2856 4327 preter
2880 4255 2997 4311 hac
3022 4270 3131 4309 non
3157 4268 3358 4324 pauca,
3386 4266 3506 4322 quae
3529 4248 3735 4303 multam
3753 4257 3824 4295 ao-

2290 4352 2375 4407 bis
2407 4350 2658 4406 laeticiam
2686 4348 3083 4415 ministrarent,
3110 4346 3292 4401 fausta
3327 4360 3488 4415 super
3510 4334 3822 4395 [iterasti-i-

2292 4452 2435 4499 tante
2459 4441 2719 4499 aecclesize
2748 4448 2891 4497 statu
2921 4448 3167 4494 narrant.

598 4545 708 4603 tur,
737 4537 1009 4608 ingentem
1034 4540 1346 4611 relinquens
1381 4540 1655 4596 nobilibus
1686 4540 1836 4613 regni
1878 4540 2084 4597 luctum
2112 4539 2191 4595 si-
2223 4555 2267 4609 ι)
2436 4539 2453 4557 “
2479 4532 2555 4590 De
2579 4549 2688 4605 quo
2707 4562 2778 4573 -—
2802 4532 3021 4589 civitate
3043 4532 3185 4602 ipsa.
3216 4530 3408 4584 desunt
3428 4526 3487 4583 Ο.
3630 4612 3671 4615 _
3702 4612 3713 4615 _
3792 4610 3799 4615 ἱ

599 4628 713 4683 mul
742 4638 796 4684 et
816 4629 1195 4701 suspitionem,
1220 4631 1349 4687 dum
1374 4632 1444 4688 ab
1465 4632 1668 4688 inlimis
1689 4631 1744 4686 in
1760 4612 2015 4688 summos
2040 4639 2190 4687 tanta
2368 4627 2505 4684 Boto
2531 4642 2738 4695 eomes,
2779 4633 3144 4697 cognomento
3179 4622 3386 4688 Fortis,
3432 4620 3565 4675 illius
3602 4612 3825 4668 ﬁbulis

600 4721 804 4776 scelera
861 4733 1272 4793 presumuntur.
1321 4755 1394 4764 —
1436 4724 1575 4781 Ante
1637 4725 1931 4781 triennium
1989 4725 2191 4796 quippe
2293 4724 2452 4793 cujus
2472 4718 2725 4791 superius
2762 4717 2911 4789 (296)
2956 4717 3289 4772 mentionem
3318 4714 3821 4781 fecimusgtmi

603 4810 889 4870 lleinricus
909 4812 1165 4883 Crassus,
1192 4816 1435 4887 ejusdem
1461 4816 1745 4873 Cuononis
1773 4818 1864 4850 ⁸⁷⁸⁸
1898 4832 2191 4890 germanus
2289 4819 2403 4890 jam
2432 4819 2626 4888 plenus
2653 4816 2866 4872 dierum
2894 4830 3000 4869 non
3023 4812 3184 4883 longe
3208 4828 3239 4865 a
3272 4810 3553 4878 Ratispoua
3575 4799 3825 4890 defundit

603 4916 655 4961 et
676 4914 804 4962 natu
830 4908 1031 4976 senior,
1055 4910 1184 4965 dum
1210 4910 1263 4964 in
1292 4908 1491 4966 Fresia:
1512 4912 1812 4978 marcham,
1841 4910 1930 4966 cui
1956 4908 2190 4981 preerat,

606 5014 693 5054 res
719 5008 942 5057 acturus
976 5002 1361 5073 proficiscitur,
1404 5018 1437 5057 a
1491 5004 1809 5075 vulgaribus
1834 5003 2189 5067 Fresonibus,

606 5089 806 5156 quibus
845 5092 1236 5150 dominationis
1269 5108 1385 5149 sua:
1429 5093 1616 5165 iugum
1662 5110 1825 5150 prave
1866 5093 1989 5161 fuit,
2033 5093 2167 5149 obse

2293 4888 2396 4975 est,
2427 4917 2481 4965 et
2512 4908 2579 4963 ad
2604 4906 2995 4963 monasterium
3023 4902 3376 4958 Tharisiense
3401 4898 3555 4972 (£97),
3575 4891 3711 4963 qud
3738 4888 3824 4954 ἔρα

2295 5000 2413 5057 suis
2443 4999 2642 5069 opibus
2688 5005 2853 5067 atque
2885 4993 3089 5065 prediis
3132 4994 3284 5064 large
3328 4992 3586 5047 ditaverat.
3623 4978 3824 5034 (18³³³⁵-

2295 5091 2482 5163 ibique
2518 5092 2797 5146 humatus.
2845 5087 2908 5142 Hi
2952 5087 3062 5142 duo
3100 5085 3320 5151 fratres,
3371 5082 3527 5137 Ait-bo
3561 5074 3750 5131 milia!
3784 5080 3825 5121 α

1888 5245 2123 5302 VARIE.
2151 5244 2557 5301 LECTIO'NES.

691 5361 781 5394 ¹⁷¹⁵
824 5364 1026 5437 includi
1055 5365 1181 5419 add.
1215 5364 1301 5437 ll.
1330 5366 1420 5437 qui
1442 5364 1615 5437 locum
1644 5363 1787 5437 [tend
1918 5361 2201 5416 intellexit.

2324 5360 2418 5392 ¹⁷¹⁶
2445 5359 2498 5413 5.
2555 5359 2682 5414 add.
2737 5358 2826 5414 47.
2878 5310 2970 5413 20.
3083 5357 3173 5388 ”"
3242 5357 3319 5408 ita
3356 5354 3402 5407 Ι.
3480 5344 3696 5399 ¹¹¹¹ίῖοί
3742 5337 3821 5394 “-

611 5433 877 5489 chunradi
906 5434 964 5489 Ι).
1046 5437 1136 5467 ¹⁷¹⁹
1160 5435 1287 5490 add.
1315 5431 1448 5491 {48.
1482 5436 1573 5489 21.
1654 5435 1746 5466 ¹⁷⁸⁶
1782 5434 2020 5489 sanitata
2049 5450 2188 5487 corr.
2220 5431 2454 5487 sanitate
2488 5431 2536 5485 i.

2115 5577 2344 5636 NOTAE.

683 5691 832 5761 (ΞΜ)
872 5691 947 5746 De
969 5690 1274 5758 Northeim,
1299 5706 1454 5747 (tuens
1486 5695 1765 5762 bajoarlaa.

683 5754 833 5840 (395‘)
868 5763 953 5817 Cf.
992 5764 1059 5817 de
1091 5764 1195 5817 hoc
1224 5754 1347 5815 loco
1374 5754 1585 5816 Stench
1617 5764 1656 5826 1,
1773 5763 1878 5819 582
1911 5772 1966 5819 et
1998 5764 2201 5819 consti-

683 5841 880 5886 ltonctu
935 5834 1000 5887 de
1057 5833 1174 5887 iure
1242 5833 1625 5886 adxmatorutn
1692 5834 1835 5887 .lon.
1902 5834 2062 5887 L022.
2121 5834 2160 5887 ll
2184 5875 2199 5887 .

612 5831 880 5887 lationem
935 5834 1000 5887 de
1052 5833 1174 5901 jure
1242 5833 1625 5886 advoratorum
1692 5831 1835 5890 Men.
1902 5834 2062 5907 Legg.
2121 5834 2199 5902 ll,

2308 5709 2360 5763 ν’
2383 5693 2532 5829 (33(3)
2574 5760 2638 5813 Α.
2673 5756 2831 5822 nos,
2855 5756 2960 5812 col.
2990 5752 3118 5829 sse.

2384 5825 2531 5902 (297)
2576 5829 2781 5887 Theres
2812 5843 2979 5899 prope
3003 5825 3262 5881 Munium.
