3862 6306
81 394 158 453 989

78 512 194 569 Boto,
214 508 420 573 paterno
444 504 506 547 oe
536 484 804 557 sanguine
827 480 1038 535 Norica:
1068 492 1169 549 gen

79 614 185 657 mam
208 590 511 650 nobilitatem

77 687 282 749 Erbonis
315 676 508 754 posteri
550 687 713 744 quem
753 670 810 723 in
847 672 1044 722 venatu
1087 676 1119 716 a
1159 658 1378 713 visonta
1412 649 1591 707 bestia

76 751 330 841 confossum
355 817 370 842 ,
415 770 662 840 vulgares
719 761 898 817 adhuc
948 754 1235 812 cantilenae
1283 751 1589 808 resonant,

322 833 535 937 palatini
572 854 791 914 comitis
833 849 969 916 ﬁlii,
1011 845 1106 917 qui
1153 852 1448 915 germanus
1490 833 1595 889 fuit

76 928 184 1025 illius
219 928 469 1034 Sigibardi
512 957 551 1019 ',
588 948 685 1021 qui
734 942 1083 1017 Sigihardum
1131 939 1393 1009 genuerat
1440 928 1596 983 Bati-

73 1072 216 1133 sponte
233 1029 569 1126 peremptum.
603 1042 906 1097 Maternum
933 1048 1061 1089 vero
1089 1029 1195 1085 illis
1221 1033 1338 1083 erat
1364 1033 1595 1119 stemma

72 1112 359 1206 d‘eiirSax-onia
398 1112 843 1204 lmmidingorum
887 1125 1060 1182 tribus
1109 1116 1343 1193 egregia,
1378 1112 1501 1187 quae
1541 1119 1598 1168 et

73 1228 279 1296 Ottonum
304 1231 506 1302 inclyta:
525 1224 681 1295 stirpi
709 1220 941 1278 traditur
964 1213 1161 1272 vicina.
1190 1209 1327 1266 Nam
1350 1206 1595 1279 ejusdem

73 1330 221 1386 lmmid
240 1326 318 1381 his
339 1300 515 1379 verbis
544 1318 826 1373 Saxonum
861 1308 1103 1384 hystoria
1134 1304 1283 1378 (298)
1307 1300 1595 1358 meminit:

73 1424 192 1487 Erat,
215 1417 394 1490 inquit,
428 1413 576 1468 clara
612 1419 660 1465 et
700 1405 1033 1463 nobilissima
1063 1417 1126 1455 ac
1155 1396 1444 1470 singularis
1467 1410 1597 1464 pru-

72 1514 221 1570 dentia:
238 1488 422 1581 regina,
452 1501 766 1560 Mahthildis
788 1497 1010 1563 scilicet,
1043 1493 1219 1563 magni
1253 1488 1461 1546 Ottom's
1484 1502 1602 1540 ma-

74 1617 145 1672 ter,
175 1579 635 1674 filiaiTlteodorici,
678 1592 832 1663 cujus
866 1591 1060 1661 fratres
1105 1592 1258 1640 erant
1299 1579 1599 1646 Witultiud,

72 1669 227 1751 lmimid
246 1702 289 1749 et
313 1689 620 1762 Reginbern.
654 1682 946 1755 Reginbern
986 1686 1162 1733 autem
1197 1674 1308 1745 ipse
1337 1680 1473 1738 erat,
1510 1669 1600 1741 qui

70 1788 272 1859 pugnavit
302 1793 479 1839 contra
505 1780 686 1835 Danos
721 1773 888 1831 multo
924 1782 1151 1843 tempore
1186 1767 1480 1824 Saxoniam
1512 1782 1603 1819 va-

69 1852 248 1945 stantes,
279 1878 497 1947 vicitque
531 1872 687 1938 illos,
736 1869 966 1924 liberam
1003 1852 1243 1936 patriam
1278 1860 1342 1914 ab
1385 1858 1603 1913 illorum

71 1970 401 2025 incursionibus
429 1980 593 2038 usque
625 1965 683 2018 in
718 1960 1030 2016 hodiernum
1064 1956 1224 2010 diem.
1261 1951 1332 2005 Et
1367 1950 1420 2004 Iti
1451 1957 1603 2004 erant

69 2063 211 2133 stirpis
264 2062 434 2133 magni
491 2059 645 2113 ducis
688 2052 1010 2119 Witukindi,
1055 2048 1145 2121 qui
1186 2044 1378 2103 bellum
1423 2053 1603 2115 potens

69 2152 191 2222 gessit
211 2160 380 2206 contra
406 2164 659 2220 magnum
694 2142 959 2199 Karolum
995 2157 1088 2211 per
1124 2137 1194 2194 '50
1223 2137 1386 2208 ferme
1414 2149 1599 2188 annos.

68 2244 284 2312 Quorum,
320 2252 381 2299 ut
412 2242 673 2307 diximus,
712 2232 1147 2294 clarissimorum
1176 2228 1484 2300 principum
1520 2241 1605 2283 se-

70 2338 179 2392 mine
203 2335 386 2392 nobilis
406 2332 699 2397 Friderdn,
739 2325 996 2383 Erbonis
1019 2332 1075 2380 et
1098 2321 1324 2378 Botonis
1355 2329 1548 2386 mater,
1573 2334 1605 2374 a

69 2428 271 2501 Retingo,
318 2428 428 2484 ﬁlio
466 2426 715 2491 Botoms,
758 2420 853 2475 ﬁlii
895 2416 1111 2488 Retingi
1135 2414 1201 2471 de
1227 2413 1467 2470 secundo
1496 2410 1606 2466 Bo.

67 2529 161 2575 lene
187 2521 308 2589 nati,
340 2526 701 2590 procreatur;
738 2527 862 2585 quae
904 2518 1031 2582 post
1066 2515 1298 2564 mortem
1346 2502 1606 2560 Hartwici

65 2613 209 2667 statim
234 2612 508 2669 viduitatis
536 2608 804 2665 velamine
848 2608 1223 2667 consecratur,
1268 2597 1450 2653 adhuc
1486 2595 1610 2650 Aﬁr-

66 2702 172 2760 bone
188 2706 418 2776 parvulo,
440 2705 652 2761 Botone
672 2701 989 2771 inpregnata
1015 2693 1329 2766 postbumo.
1358 2689 1605 2758 Quorum

65 2803 308 2868 utrumque
350 2797 528 2853 literis
547 2803 603 2851 et
633 2792 803 2848 armis
843 2799 1008 2861 atque
1036 2787 1203 2843 rebus
1247 2784 1383 2842 satis
1425 2781 1608 2853 profe-

62 2890 173 2945 cisse
189 2891 567 2962 cognovimus;
601 2895 840 2943 attamen
878 2881 1162 2945 Botonem,
1189 2875 1352 2935 sicuti
1379 2889 1608 2945 corpore

60 2982 377 3049 proceriorem
411 2991 467 3039 et
498 2978 910 3053 elegantiorem,
946 2974 1021 3028 ita
1065 2970 1229 3026 rebus
1255 2967 1463 3024 bellicis
1483 2980 1608 3036 pre-

62 3073 332 3129 stantiorem
354 3082 527 3144 atque
551 3070 923 3134 famosiorem,
949 3063 1118 3121 totius
1144 3075 1282 3131 pene
1303 3056 1608 3115 Germaniae

61 3173 191 3235 atque
220 3164 379 3221 Italiie
402 3171 642 3221 testatur
674 3161 929 3232 populus.
976 3153 1262 3211 Pannonia
1286 3168 1416 3207 vero
1444 3159 1497 3205 ta

62 3254 179 3311 illum
213 3274 271 3314 ac
301 3266 520 3314 tantum
555 3272 615 3313 se
647 3254 847 3310 fatetur
875 3248 1169 3322 aliquando
1190 3244 1449 3310 sensisse,
1481 3249 1541 3298 ut
1569 3243 1617 3297 is

61 3363 160 3403 vere
180 3351 240 3406 de
258 3351 573 3423 gigantibus
604 3346 844 3418 antiquis
874 3360 1020 3400 unus
1044 3340 1188 3413 apud
1216 3337 1340 3394 illos
1365 3336 1619 3392 credatur

61 3439 215 3498 fuisse.
272 3444 347 3500 De
396 3458 516 3515 quo
576 3441 734 3512 plura
783 3437 988 3495 referre
1044 3433 1201 3506 copia
1263 3431 1575 3502 subpeteret
1599 3470 1615 3495 ,

61 3531 96 3587 si
140 3536 501 3607 compendiosi
551 3533 718 3606 hujus
758 3531 941 3605 operis
980 3528 1323 3603 propositum
1370 3539 1482 3580 non
1524 3538 1618 3578 ve-

58 3630 185 3681 ψει.

173 3739 465 3799 'Frideriei
505 3741 653 3814 (299)
679 3739 741 3795 D.
768 3738 832 3794 E.

108 3873 363 3935 lohannes
405 3883 423 3902 ⁶
458 3876 739 3950 Spirensis
760 3874 1051 3945 episcopus
1073 3877 1251 3927 tactus
1272 3867 1453 3923 ulcere
1478 3879 1619 3936 quo-

51 3965 154 4024 dam
191 3971 332 4029 circa
370 3972 639 4039 verenda,
674 3970 742 4029 de
770 3982 883 4041 quo
922 3966 1088 4022 etiam
1135 3963 1318 4034 aliqua
1361 3957 1621 4015 notabilia

921 356 1290 418 CHRONlCA.
1328 382 1398 394 -——
1434 334 1829 404 CHRONICON
1871 328 2314 389 UNIVERSALE

1174 474 1245 530 tis
1267 463 1593 539 antiquissi—
1621 463 1672 523 Α
1697 452 2140 516 diﬁ‘amahantur,
2168 449 2328 517 longa
2375 442 2635 499 deficiens
2665 439 3000 507 inﬁrmitate,
3027 436 3287 493 humatur

538 544 846 641 trahebant,
898 573 1045 627 illius
1072 544 1348 623 nimirum
1390 556 1589 614 famosi
1694 548 1748 603 in
1776 547 1993 605 civitate
2016 544 2154 615 ipsa.
2204 544 2245 565 ⁶⁴¹

1835 641 1853 661 θ
1896 636 2176 691 Iohannes
2198 662 2269 672 —
2289 647 2409 687 sua.
2439 629 2630 685 desunt
2656 627 2755 683 Dl.

1837 712 1877 733 “
1932 706 2235 778 Episcopus
2257 702 2411 768 obiit,
2434 708 2510 778 _et_
2525 709 2858 778 monasterio
2873 710 2992 778 sunt:
3000 695 3148 778 quod
3170 708 3288 778 ipse

1906 765 2287 834 construierat
2308 765 2449 844 apud
2477 769 2844 826 Sunnesheim
2867 766 3032 891 (30οζἶ
3042 765 3288 835 sepultus

1908 856 2011 891 pet-
2058 846 2120 891 Ε-
2144 845 2272 891 -11-
2298 843 2352 891 in
2382 839 2719 891 monasterio
2751 837 2995 891 Sunnins
3038 836 3145 891 eim
3170 836 3286 891 ¹⁷²¹.

1908 856 2012 905 est.
2058 846 2121 901 E.
2144 845 2272 900 —b.
2298 836 2361 898 in
2381 839 2719 898 monasterio
2751 836 3145 894 Sunninsheim
3170 836 3286 899 ¹⁷²¹,

1909 918 2056 991 quod
2083 918 2199 989 ipse
2221 921 2620 971 construxerat.
2657 912 2691 966 4
2716 940 2788 951 —-
2808 910 2896 963 11.

1768 1011 2096 1070 Cuonradus
2125 1008 2464 1074 adolescens,
2495 1005 2641 1060 ﬁlius
2670 1000 2934 1059 Beatricis
2956 996 3286 1064 marcbisize,

1696 1117 2012 1179 postquam,
2036 1100 2236 1174 spretis
2257 1100 2565 1154 litterarum
2589 1095 2807 1162 studiis,
2830 1093 3032 1164 quibus
3042 1090 3290 1161 apprime

1698 1203 1922 1258 inbutus
1962 1202 1981 1223 ⁶
2032 1204 2169 1262 erat,
2208 1193 2378 1251 armis
2420 1206 2637 1262 operam
2686 1189 2853 1256 dedit,
2881 1188 3038 1258 j’uxta
3080 1181 3290 1239 Christi

1698 1291 2009 1364 presagium
2033 1331 2049 1357 ,
2096 1286 2225 1360 quia
2288 1283 2527 1355 gladium
2590 1280 2795 1352 accepit
2821 1321 2837 1347 ,
2893 1276 3072 1350 gladio
3127 1272 3292 1345 periit

1702 1383 1922 1458 (Matth.
1950 1398 2101 1448 xxvi,
2130 1378 2243 1449 5‘2).
2283 1373 2394 1432 Nec
2423 1373 2597 1429 multo
2629 1380 2755 1443 post
2795 1370 2961 1426 etiam
3006 1368 3124 1439 ipsa
3154 1366 3290 1421 Bea-

1700 1479 1808 1533 trix
1834 1475 1987 1541 obiit,
2011 1482 2066 1529 et
2090 1475 2131 1495 “
2151 1471 2309 1543 juxta
2338 1476 2547 1538 patrem
2592 1478 2752 1520 suum
2795 1460 3047 1518 Ottonem
3092 1458 3290 1515 ducem

1703 1571 1926 1628 castello
1949 1564 2226 1623 ‘Suinl‘urti
2256 1561 2594 1633 sepulturam
2620 1554 2829 1627 accepit

1846 1665 1863 1684 ‘
1893 1659 2148 1715 Ernditus
2169 1655 2232 1711 C.

1848 1712 1990 1786 "ﬁEt
2008 1712 2164 1800 juxta
2185 1756 2259 1766 —
2287 1724 2578 1778 videretur.
2609 1729 2659 1774 et
2688 1732 2819 1774 vero
2842 1715 3029 1770 desunt
3057 1712 3120 1767 C.

1634 1808 1677 1868 Β
1773 1825 1934 1881 Circa
1968 1820 2264 1879 solstitium
2294 1814 2536 1872 :estivale
2557 1817 2894 1869 commutato
2915 1807 2970 1861 in
3001 1811 3298 1873 tempesta-

1703 1923 1812 1971 tem
1846 1929 1973 1980 aere,
2006 1909 2274 1967 decidisse
2316 1905 2489 1960 fertur
2526 1903 2670 1956 inter
2717 1897 3044 1971 grandinum
3091 1892 3300 1963 lapides

1705 2008 1761 2063 in
1789 2022 1931 2080 pago
1970 1996 2405 2080 Wircibnrgensi
2444 2002 2611 2051 tanta:
2649 1987 3043 2061 magnitudinis
3078 1984 3301 2058 glacies,

1703 2071 1829 2172 qua:
1862 2071 1917 2154 111
1953 2105 2189 2171 quatuor
2219 2071 2416 2157 divisa,
2443 2086 2663 2145 totidem
2691 2081 3008 2140 hominibus
3034 2080 3301 2149 importa-

1704 2194 1831 2250 bilis
1871 2192 2165 2247 videretur.
2210 2185 2269 2241 In
2303 2180 2585 2256 episcopio
2623 2193 2755 2236 vero
2791 2175 3036 2246 Spirensi
3078 2170 3304 2242 sanguis

1705 2301 1773 2341 ex
1797 2284 2033 2357 panibus
2062 2281 2228 2337 ﬂuere
2260 2277 2439 2342 visus,
2476 2287 2692 2330 necnon
2735 2278 2791 2326 et
2827 2269 2884 2323 in
2917 2265 3302 2322 lenticularum

1705 2355 1893 2432 edulio
1937 2370 2249 2445 prodigiose
2291 2373 2562 2438 repertus,
2591 2361 2752 2419 civile
2791 2359 2960 2415 immo
2985 2355 3305 2412 intestinum

1705 2468 1909 2523 bellum
1969 2461 2293 2535 portendere
2316 2501 2330 2525 ,
2379 2455 2682 2513 secundum
2722 2452 3002 2521 antiquam
3040 2447 3299 2521 hystoriae

1707 2562 1970 2618 Romanae
1999 2558 2146 2632 (501)
2175 2553 2589 2612 similitudinem
2618 2547 3032 2618 conjiciebatur.

2252 2668 2321 2723 A.
2357 2668 2450 2699 ‘7”
2489 2663 2553 2718 D.
2592 2659 2759 2717 MCV.

1778 2765 1947 2820 Dnm'
1964 2757 2560 2833 imperatorlleinricus
2572 2752 2805 2809 natalem
2830 2747 3048 2804 Domini
3079 2745 3308 2818 Mogon-

1710 2859 1796 2914 tim
1807 2855 2066 2920 celebrat,
2082 2849 2391 2916 Heinricus,
2407 2847 2556 2902 ﬁlius
2567 2844 2709 2915 ejus,
2722 2839 2962 2902 nominis
2974 2837 3121 2892 illius
3142 2835 3306 2908 quin-

1706 2959 1798 3007 tus
1811 2966 1906 3005 rex
1919 2947 2119 3013 dictus,
2134 2941 2543 3002 rebellationem
2554 2935 2817 2992 adversus
2825 2938 3035 3004 patrem
3052 2928 3109 2983 in
3119 2926 3313 2982 Baioa-

1706 3042 1787 3096 ria
1809 3034 2251 3095 machinantibus
2266 3030 2475 3089 scilicet
2486 3024 2771 3097 Diotpaldo
2787 3020 3126 3085 marehione,
3144 3016 3313 3072 Bern—

1637 3164 1683 3226 Ο
1712 3148 1842 3206 gero
1878 3129 2097 3195 comite,
2127 3136 2182 3182 et
2213 3123 2413 3180 Ottone
2443 3120 2682 3193 quodam
2719 3115 2887 3171 nobili
2934 3113 3054 3167 viro
3098 3108 3315 3180 sibique

2071 3222 2081 3226 _
2399 3223 2405 3226 _
2798 3223 2841 3226 Α
2870 3206 3008 3226 “HL
3059 3212 3105 3226 ﬂ
3156 3203 3279 3226 Mn“

1729 3203 1976 3281 materna
2015 3222 2186 3290 stirpe
2214 3223 2470 3289 cognato,
2503 3226 2740 3284 quorum
2785 3206 3016 3265 consilio
3053 3212 3108 3260 et
3154 3203 3313 3273 adju-

1726 3317 1870 3374 torio
1904 3323 2033 3371 ante
2060 3326 2268 3384 paucos
2317 3308 2436 3365 dies
2478 3322 2510 3362 a
2537 3303 2710 3376 patris
2743 3301 2913 3356 latere
2965 3297 3312 3355 discesserat.

1724 3409 1911 3465 Primo
1933 3406 2136 3479 quippe
2166 3401 2405 3460 heresim
2431 3396 2792 3471 prescriptam
2826 3388 3315 3452 anathematizans,

1723 3501 2037 3574 apostolicae
2086 3496 2232 3554 sedis
2276 3490 2523 3566 pontiﬁci
2564 3488 2799 3544 debitam
2847 3483 3132 3556 proﬁtetur
3181 3480 3319 3536 ohe-

1724 3573 2010 3661 dientiam,
2024 3590 2261 3661 indeque
2283 3584 2566 3643 fmderatis
2590 3580 2692 3638 sibi
2720 3574 2935 3634 Noricis
2955 3573 3318 3647 principibus,

1725 3696 1889 3758 atque
1914 3685 1984 3740 ab
2012 3679 2337 3738 Alemannia
2367 3692 2580 3734 necnon
2613 3670 2867 3729 orientali
2892 3667 3125 3724 Francia
3176 3680 3320 3720 non-

1726 3777 1892 3832 nullis
1923 3773 2220 3841 nobilibus,
2250 3770 2319 3827 ad
2350 3770 2601 3825 Saxones
2636 3762 2992 3821 convertitur.
3036 3760 3083 3813 A
3116 3758 3321 3829 quibus

1726 3866 2030 3923 honoriﬁce
2096 3871 2421 3933 susceptus,
2481 3867 2538 3915 et
2604 3857 2660 3912 in
2719 3850 3159 3924 Quitilingeburg
3219 3864 3321 3920 pa-

1729 3959 1859 4014 scha
1927 3956 2211 4014 celebrans
2283 3953 2437 4024 (Apr.
2496 3949 2584 4020 9),
2655 3949 2710 4002 in
2793 3944 2943 4001 brevi
3013 3942 3320 4007 universis,

1352 4071 1583 4128 νΑῐιιιΕ
1622 4068 2023 4128 LECTiONES.

111 4174 594 4253 ":[suoninsbeim
621 4191 760 4231 corr.
794 4171 1171 4253 suaninslreim
1205 4171 1259 4226 5.
1339 4169 1429 4201 ¹⁷¹¹
1453 4168 1505 4223 5.
1533 4167 1659 4222 add.
1704 4166 1919 4220 rubrum
1949 4181 1967 4219 :
2003 4163 2147 4219 Anni
2175 4158 2416 4219 lleinrics
2443 4165 2621 4230 quinti
2652 4162 2702 4210 et
2733 4168 2976 4209 numeros
3002 4150 3322 4223 marginales

1552 4348 1788 4407 NOTAE.

1187 4731 1200 5013 ἰ

53 4245 124 4300 49.
147 4247 230 4301 22.
255 4248 306 4302 1.

107 4448 244 4591 (298}
282 4452 613 4509 Widukind.
643 4451 686 4518 1,
710 4452 800 4507 5..

108 4519 224 4586 (ἳ99
281 4522 425 4578 Cum
451 4522 800 4579 Ekkehardus

47 4585 295 4657 ejusmodi
323 4602 450 4650 est:

1111 4658 1319 4714 lmmed

1119 5012 1257 5068 Belo

1044 5085 1313 5228 Retirjgus

1130 5226 1266 5352 3.1..

1054 5368 1317 5509 Retirligus

281 4522 425 4578 Cum
451 4486 810 4579 Ekk‘e'hard’us
833 4520 939 4575 hoc
962 4533 1161 4575 nomen
1192 4498 1332 4573 libro
1367 4516 1622 4573 secundis
1656 4513 1808 4571 euris
1872 4509 2137 4580 castigato
2196 4502 2497 4575 scripserit,
2523 4493 2919 4571 pmterenduni
2943 4498 3045 4547 est.
3082 4486 3325 4542 Stemma

1951 5299 2016 5483 1.

1038 5569 1779 5635 Fride'rumzzllartwicus
1819 5569 2133 5627 Fridericus

1112 5651 1251 5707 Boto

316 5748 607 5836 ﬁnzheim
635 5747 931 5836 1111111Ξὲ90
959 5746 1161 5805 ducatu
1194 5745 1448 5802 Badensi.

130 5819 277 5894 (301)
313 5821 406 5877 Cl".
437 5836 605 5892 supra
634 5819 735 5877 col.
774 5819 898 5875 655.

1429 5649 1634 5705 Aerbo.

1795 5640 2139 5715 Sigibardus.
