3892 6308
54 306 135 364 995

53 437 130 480 nes
146 413 278 490 mgni
303 427 551 486 proceres
580 411 720 467 inter
749 425 806 466 se
833 410 1192 479 trutinabant,
1223 420 1374 481 patre
1422 412 1575 482 regni
1608 418 1651 474 Α

51 510 328 569 divisionem
356 514 408 560 et
433 502 775 559 hereditaria
814 502 1180 558 successionis
1201 502 1580 558 confirmatio-

53 619 150 660 nem
181 597 466 671 pollicente,
497 596 608 651 filio
630 609 759 650 vero
791 595 864 649 nil
896 595 1002 650 nisi
1047 596 1362 665 apostolica:
1407 597 1588 667 subje-

52 695 213 754 ctionis
241 699 292 746 et
341 688 722 745 azcclesiastice
749 687 976 742 unitatis
1019 687 1366 743 eflicientiam
1423 702 1588 758 expo-

53 787 264 842 stulante.
335 779 423 834 Sic
483 780 666 835 inacte
731 778 821 809 ¹⁷²⁷
893 777 1210 844 discedens,
1268 775 1583 848 Wirziburg

53 875 233 934 devenit
275 870 453 943 (Jul.),
490 873 508 892 ‘
557 869 922 940 Errolongum
967 872 1008 892 "
1062 869 1366 939 quendam,
1417 883 1582 940 quem

51 966 217 1024 dudum
249 961 544 1017 Emehardo
568 959 826 1016 defuncto
851 959 1126 1030 presulem
1157 959 1455 1030 imperator
1479 960 1577 1016 dc-

52 1060 333 1129 signaverat,
361 1052 654 1122 expellens,
687 1049 1072 1121 Ruotpertum,
1109 1051 1353 1129 ejusdem
1393 1050 1583 1105 accele-

53 1125 126 1205 siie
147 1146 482 1218 prepositum,
514 1147 650 1200 et
683 1153 796 1198 tam
831 1144 986 1214 prius
1016 1159 1181 1214 quam
1225 1125 1355 1199 tunc
1379 1160 1408 1198 a
1437 1144 1584 1200 clero

53 1253 94 1298 et
117 1241 292 1313 populo
330 1239 579 1304 electum,
611 1253 708 1307 per
756 1237 1060 1307 predictum
1107 1236 1582 1307 archiepiscopum

58 1333 391 1390 lluothardum
430 1331 520 1362 ⁸⁷⁸⁸
553 1330 975 1397 intlironizavit;
1009 1331 1194 1400 sicque
1220 1329 1465 1384 aacclesia
1493 1344 1584 1383 ea-

52 1427 148 1481 dem
186 1422 484 1494 apostolicae
509 1421 885 1476 communioni
925 1421 1300 1487 reconciliata,
1337 1435 1600 1475 aescen-~

54 1519 182 1573 ritate
205 1516 266 1571 ab
284 1514 505 1570 urbanis
535 1521 779 1583 accepta,
819 1513 1066 1569 dimissis
1115 1512 1598 1584 Saxonibus,_ipse.

55 1627 154 1666 cum
203 1607 459 1679 Bajoariis
524 1605 592 1660 ad
646 1605 920 1660 obsidium
979 1605 1186 1660 castelli
1249 1597 1589 1658 Naurinberc

54 1715 323 1768 conversus,
369 1698 613 1770 illudque
646 1706 770 1769 post
796 1699 936 1754 duos
963 1698 1044 1752 vel
1096 1697 1332 1768 amplius
1370 1712 1587 1752 menses

55 1796 178 1866 (Aug.
218 1791 525 1864 Septembr.)
561 1808 818 1863 prospere
843 1791 1084 1862 capiens,
1111 1791 1292 1845 soluto
1318 1789 1584 1854 exercitu,
1619 1790 1660 1850 Β

55 1887 318 1956 Ratisponae
344 1900 401 1940 se
426 1885 676 1940 contulit.
722 1883 892 1950 Quem
932 1893 1088 1954 pater
1131 1898 1162 1937 e
1191 1881 1422 1953 vestigio
1454 1881 1584 1937 sub-

54 1995 276 2050 sequens,
337 1976 702 2048 Errolongum
764 1969 1344 2046 Wirziburgensibus,
1399 1972 1586 2045 fugato

56 2073 326 2142 Ruotperto,
355 2071 614 2138 restituit,
646 2069 882 2140 indeque
925 2070 1109 2124 omnia
1153 2084 1274 2138 qua:
1311 2067 1586 2122 fautorum

55 2175 176 2219 erant
219 2164 304 2218 filii
351 2163 664 2228 devastans,
690 2161 906 2216 tandem
943 2160 1250 2215 faventibus
1297 2159 1402 2216 sibi
1446 2158 1588 2214 dolis

58 2257 510 2327 Ratisponensium,
539 2256 711 2310 filium
737 2255 871 2310 urbe
909 2253 1134 2325 fugavit.
1168 2252 1286 2319 Qua
1319 2251 1586 2318 residens,

58 2349 278 2419 presulem
305 2347 477 2402 eidem
511 2345 786 2402 kathedra:
803 2345 1076 2416 quendam
1098 2343 1586 2414 adolescentulum,

59 2442 236 2495 nomine
282 2439 628 2494 Oudelricum
678 2437 769 2470 ‘7"
960 2435 1222 2508 prefecit,
1290 2436 1588 2490 exercitum

59 2532 386 2602 undecumque
415 2531 787 2602 congregavit,
832 2544 1298 2602 progressusque,
1346 2543 1587 2583 marcam

60 2621 283 2692 Diotpaldi
310 2639 401 2693 per
422 2623 691 2679 Boemicze
713 2623 889 2694 gentis
932 2623 1170 2678 maxime
1213 2621 1590 2678 crudelitatem

21 2716 329 2796 gdevastavit.
372 2714 484 2772 Nec
520 2717 642 2787 plus
676 2733 785 2770 una
840 2731 965 2770 cum
1032 2731 1136 2772 suo
1177 2714 1400 2770 domino
1456 2713 1592 2785 regii

62 2823 297 2867 morantur
317 2812 541 2879 milites,
577 2820 907 2868 conventum
956 2826 1350 2883 usquequaque
1391 2809 1591 2877 facere,

63 2903 326 2958 czesarianis
362 2920 393 2958 a
439 2913 594 2974 tergo
647 2903 883 2958 flammis
936 2903 1212 2974 predaque
1249 2903 1422 2957 vicem
1469 2901 1593 2956 red-

64 2996 184 3062 dere,
227 3005 495 3066 postremo
543 3013 668 3052 cum
731 2995 904 3050 10000
944 2997 1128 3052 electa:
1179 2994 1482 3066 juventutis
1536 2994 1591 3048 in

63 3088 258 3159 quinque
302 3090 542 3161 legiones
588 3087 890 3160 dispertitis
931 3103 1285 3160 congressum
1315 3095 1586 3158 expetere.

64 3178 155 3235 iam
173 3184 350 3238 castris
378 3183 430 3237 in
460 3184 798 3239 contrarium
826 3183 1042 3254 positis,
1073 3182 1385 3253 spectaculo
1423 3182 1590 3238 nimis
1619 3144 1662 3205 Ο

67 3272 299 3342 horribili,
350 3292 444 3347 per
503 3276 749 3331 triduum
811 3276 1132 3331 continuum
1186 3291 1254 3331 ex
1312 3291 1421 3329 una
1474 3275 1592 3344 ripa

67 3363 218 3437 Regini
253 3367 488 3424 fluminis
522 3369 888 3439 imperatoris,
919 3384 987 3424 ex
1032 3368 1198 3424 altera
1230 3367 1376 3438 regis
1398 3367 1594 3422 volita-

67 3456 167 3512 bant
207 3460 380 3532 signa;
427 3462 547 3532 jam
595 3460 899 3532 frequentia
930 3461 1321 3532 grassabantur
1372 3460 1428 3515 in
1475 3460 1595 3530 ipso

67 3547 260 3606 fluminis
303 3553 453 3608 alveo
499 3553 702 3620 duella,
735 3552 875 3608 inter
902 3570 1024 3624 qua:
1062 3560 1117 3608 et
1152 3555 1261 3574 “‘“
1291 3551 1596 3608 Hartwicus

67 3656 212 3697 comes
251 3659 312 3698 ⁸³
363 3653 521 3716 Parte
569 3645 917 3715 imperatoris
973 3645 1257 3702 occubuit.
1496 3661 1597 3700 nec

67 3745 233 3800 paucos
263 3752 322 3791 ex
374 3745 612 3808 utraque
658 3747 812 3808 parte
859 3737 1048 3793 Martis
1092 3754 1215 3794 sors
1260 3753 1462 3806 anceps
1501 3737 1599 3792 ab-

69 3827 276 3896 sumpsit.
319 3828 578 3886 Attamen
629 3830 714 3885 die
763 3847 886 3901 qua:
927 3831 1236 3902 generalem
1293 3830 1600 3885 certissime

67 3919 453 3988 congressionem
483 3921 830 3992 precedebat,
861 3921 1135 3992 principes
1161 3921 1256 3992 qui
1291 3920 1470 3991 capita
1509 3935 1601 3975 ro-

67 4007 235 4081 burque
286 4016 575 4086 utriusque
626 4016 953 4070 videbantur
1005 4015 1312 4082 exercitus,
1356 4013 1601 4084 pacificis

69 4100 256 4160 invicem
300 4108 581 4164 concessis
621 4109 930 4179 colloquiis,
960 4116 1084 4178 post
1126 4123 1344 4163 morose
1367 4106 1600 4162 ventila-

68 4202 151 4248 tam
179 4196 305 4252 inter
333 4215 391 4254 se
412 4199 544 4255 belli
565 4200 838 4270 presentis
865 4216 1114 4266 causam,
1149 4200 1366 4256 tandem
1390 4199 1600 4268 divino,

68 4294 112 4336 ιιι
129 4288 357 4358 creditur,
381 4291 564 4347 edocti
584 4293 801 4362 spiritu,
829 4309 1023 4363 parum
1047 4294 1276 4364 justitize
1297 4308 1604 4365 parumque

67 4379 368 4437 emolumenti
394 4393 508 4440 tam
532 4385 672 4440 duro
694 4394 915 4456 tamque
943 4387 1253 4456 periculoso
1289 4387 1470 4443 inesse
1507 4402 1605 4441 ne-

69 4472 209 4539 gocio,
229 4477 464 4532 unanimi
487 4479 926 4536 consideratione
949 4479 1334 4549 conferebant;
1370 4481 1603 4551 indeque
1637 4494 1684 4553 ι)

70 4561 282 4622 nimirum
331 4568 632 4639 fratribus,
685 4571 738 4626 id
791 4580 875 4628 est
928 4573 1131 4643 populo
1185 4582 1416 4644 utraque
1449 4580 1603 4644 parte

68 4651 365 4731 Christiano,
405 4665 766 4734 parcendum,
822 4666 990 4721 immo
1042 4667 1354 4738 parricidali
1420 4681 1600 4739 pugna

69 4754 370 4824 cessandum,
396 4758 518 4826 pari
565 4766 690 4813 voto
729 4759 1066 4829 judicabant.
1101 4760 1216 4816 Rex
1256 4762 1420 4816 etiam
1467 4763 1602 4816 ado-

69 4833 258 4911 lescens,
285 4846 411 4902 dum
459 4849 598 4918 jam,
627 4859 685 4904 ut
709 4850 971 4918 diximus,
1003 4867 1100 4921 per
1145 4852 1424 4907 ordinatas
1452 4852 1603 4906 omni

67 4945 189 5000 parte
226 4941 364 4998 acies
400 4943 548 4999 Mars
578 4956 838 5000 cruentus
879 4947 1114 5016 cepisset
1148 4944 1420 5012 frendere,
1453 4961 1605 5001 com-

69 5030 200 5085 motis
224 5034 522 5090 visceribus
563 5052 726 5106 super
757 5045 908 5108 patre
935 5053 1036 5094 suo
1079 5038 1384 5109 lugubriter
1434 5036 1606 5093 fertur

69 5115 389 5183 inclamasse:
443 5127 654 5197 Grates,
703 5130 903 5201 inquit,
950 5149 980 5184 ο
1034 5131 1154 5185 boni
1197 5131 1600 5197 commilitones,

69 5212 244 5280 ασθαιιί
273 5221 412 5276 circa
437 5239 519 5276 me
541 5232 709 5277 vestro
733 5241 1062 5295 summopere
1094 5226 1292 5296 refero;
1322 5225 1603 5296 unicuique

67 5318 256 5366 vestrum
283 5331 380 5385 par
399 5317 522 5387 pari
548 5317 759 5386 referre,
784 5318 832 5370 si
859 5334 937 5371 res
967 5320 1226 5390 exegerit,
1256 5334 1360 5370 non
1389 5317 1599 5381 abnuo;

69 5411 187 5454 nemo
209 5415 372 5462 tamen
401 5409 458 5462 in
483 5409 582 5463 hoc
613 5425 692 5464 me
730 5409 832 5463 sibi
881 5410 1003 5464 uelit
1043 5411 1121 5464 vel
1156 5411 1334 5466 credat
1365 5411 1476 5480 fore
1505 5409 1598 5441 ¹⁷³⁰

69 5493 434 5569 Ιωαεναιωη,αι
467 5502 740 5556 dominum
778 5511 828 5557 et
849 5512 1052 5573 patrem
1095 5520 1263 5558 meum
1292 5521 1386 5573 per
1411 5519 1464 5559 se
1490 5502 1604 5574 glo-

911 295 1280 352 CHRO‘NICA.
1321 327 1380 338 -—
1429 296 1820 358 CilRONlCON
1865 304 2321 369 UNIYERSALE.

3166 321 3272 377 991

1682 417 1851 506 rietur
1871 424 2100 478 occisum
2143 427 2222 478 re!
2250 442 2482 498 unquam
2507 427 2716 482 estimet
2758 427 3273 502 occidendum.‘Ego

1681 509 1891 579 quidem
1918 512 2240 571 Christianis
2269 519 2428 573 michi
2451 517 2651 591 legibus
2675 521 3018 574 subarratum
3043 519 3262 593 regnum

1683 610 1740 654 ut
1769 602 1915 658 heres
1939 608 2096 629 “'““
2126 617 2176 662 et
2215 627 2485 665 successor
2525 614 2740 684 augusti
2779 623 2979 679 tenere,
3011 615 3059 667 si
3094 623 3274 666 tamen

1683 709 1858 748 rerum
1878 698 2114 753 omnium
2137 701 2464 758 dominatori
2494 705 2895 775 complacuerit,
2931 708 3118 777 cupio;
3144 724 3271 777 par-

1682 787 1856 841 ricida
1891 791 2070 844 uocari
2099 792 2178 845 uel
2204 809 2314 848 esse
2359 789 2502 852 uela.
2537 795 2741 862 Quodsi
2771 808 2926 869 pater
2955 815 3099 852 meus
3131 815 3271 869 apo-

1681 879 1867 934 stolice
1894 897 1948 936 se
1967 883 2248 953 subjecerit
2278 887 2605 945 obmdientia:
2634 890 2787 961 jngo,
2818 899 2924 962 ego
2951 891 3076 945 mox
3105 893 3156 944 in
3186 892 3274 945 Itis

1681 990 1799 1047 qua:
1827 990 1926 1028 sua
1952 975 2235 1031 dumtaxat
2268 981 2427 1034 michi
2453 981 2736 1038 clementia
2777 986 3111 1054 concesserit,
3144 1003 3272 1039 con-

1685 1073 1854 1120 tentus
1875 1081 1993 1132 ero,
2021 1069 2242 1122 interim
2272 1087 2465 1126 menon
2491 1075 2911 1146 impugnatorem
2939 1093 3048 1131 esse
3076 1079 3272 1147 patris,

1682 1159 1773 1214 sed
1801 1162 2010 1230 paterni
2037 1164 2183 1234 regni
2208 1177 2650 1236 propugnatorem
2677 1173 2950 1226 noveritis.
3003 1167 3274 1243 Vespera-

1685 1262 1869 1308 scente
1898 1255 2081 1325 itaque
2099 1255 2213 1326 jam
2239 1257 2345 1323 die,
2370 1275 2585 1315 cessere
2614 1262 2736 1317 loco
2758 1266 2919 1335 regia:
2949 1266 3266 1337 phalanges,

1684 1343 2055 1414 imperatoria:
2083 1347 2819 1417 majestati-sereverentiam
2855 1356 3116 1411 exhibere
3152 1358 3268 1412 cla-

1685 1435 1917 1491 mantes.
1953 1435 2257 1507 Imperator
2278 1449 2458 1494 autem
2478 1441 2609 1496 dum
2633 1442 2687 1496 in
2712 1445 2914 1499 castris
2938 1445 3005 1501 de
3027 1447 3272 1503 crastino

1685 1521 1886 1584 c'ertiOr
1914 1528 2171 1585 conflictu
2193 1531 2458 1602 disponit,
2477 1549 2578 1589 nec
2605 1551 2843 1605 pugnam
2865 1552 2972 1614 nec
2997 1540 3272 1611 pugnandi

1685 1631 1871 1676 votum
1920 1622 2258 1692 principibus
2303 1640 2446 1691 esse,
2475 1641 2561 1694 per
2615 1625 2855 1682 Boemia:
2879 1627 3075 1682 dueem
3121 1646 3272 1684 mar-

1687 1714 2053 1784 chionemque
2092 1715 2420 1786 Liupaldum
2467 1725 2661 1772 contra
2707 1733 2860 1790 spem
2905 1719 3132 1775 audivit.
3169 1720 3276 1788 Qui

1689 1824 1817 1862 mox
1869 1808 2054 1890 animo
2085 1818 2492 1887 consternatus,
2525 1812 2753 1884 supplex
2802 1813 3026 1870 illorum
3059 1812 3278 1884 adjuto-

1689 1901 1834 1956 rium
1861 1889 2014 1971 petit,
2047 1917 2150 1958 nec
2177 1902 2467 1973 impetrat;
2503 1904 2807 1963 instructus
2852 1906 3018 1962 etiam
3050 1906 3280 1962 secretis

1688 1994 1785 2050 ﬁlii
1817 1995 2066 2062 nunciis,
2109 2011 2337 2050 suorum
2391 1997 2857 2067 conspirationem
2906 1999 3170 2056 adversus
3218 2014 3281 2055 se

1688 2085 1925 2154 factam,
1974 2087 2206 2142 latenter
2243 2103 2274 2143 e
2307 2077 2530 2146 'castris
2584 2104 2711 2144 cum
2753 2091 2944 2162 paucis
2981 2090 3277 2147 admodum

1689 2179 1824 2234 viris
1867 2178 2246 2246 subtrahitur;
2293 2167 2481 2250 sicque
2525 2181 2708 2235 divina
2755 2181 3134 2251 dispositione,
3166 2197 3280 2238 uno

1691 2272 1862 2337 salvo,
1893 2272 2214 2339 multorum,
2246 2273 2340 2343 qui
2391 2271 2702 2329 fundendus
2747 2276 3106 2343 credebatur,
3153 2292 3281 2332 san-

1691 2365 1814 2436 guis
1841 2365 2104 2419 salvatur.
2130 2363 2266 2419 Nam
2297 2365 2548 2437 protinus
2579 2367 3004 2439 utimperatoris
3031 2369 3280 2424 absentia

1694 2453 1821 2514 totis
1848 2459 2311 2530 undiqueversum
2358 2459 2557 2515 castris
2595 2460 2850 2529 innotuit,
2899 2463 3282 2532 unusquisque

1691 2553 1913 2624 propria
1939 2560 2204 2624 repetere,
2236 2553 2476 2606 maxime
2504 2552 2683 2609 noctis
2725 2569 2910 2624 opacae
2936 2553 3164 2608 latibulo
3191 2554 3278 2608 di-

1692 2648 1938 2705 vertendi
1967 2647 2320 2703 securitatem
2353 2645 2716 2712 ministrante,
2744 2646 3128 2701 eontendit.At
3157 2662 3275 2713 rex,

1692 2723 1824 2796 dum
1872 2741 2195 2796 disturbatis
2245 2739 2486 2794 inimicis
2533 2738 2603 2794 ad
2645 2739 2858 2794 libitum
2915 2738 3024 2793 frui
3070 2748 3278 2809 posset,

1694 2849 1920 2904 parcere
1968 2849 2134 2904 quam
2177 2832 2433 2903 persequi
2481 2831 2824 2897 deliberans,
2873 2831 3147 2887 civitatem
3206 2831 3279 2887 ob

1692 2925 1804 2980 dati
1861 2925 2015 2996 prius
2064 2924 2287 2980 fmderis
2344 2922 2616 2978 defectum
2667 2924 2959 2978 austeriori
3015 2923 3280 2978 nimirum

1694 3023 1854 3087 pacto
1886 3013 1990 3072 sibi
2027 3016 2337 3081 confirmat,
2367 3013 2702 3069 Hartwncum
2739 3015 2850 3082 ‘7",
2877 3015 3056 3069 virum
3087 3016 3281 3085 utique

1696 3109 1985 3180 probatum
2021 3107 2354 3162 catholicum
2385 3115 2549 3176 atque
2577 3089 2856 3172 nobilem,
2877 3106 3132 3161 abdicato
3171 3105 3284 3160 Ou-

1693 3202 1901 3258 delrico
1953 3201 2044 3232 ¹⁷³²
2106 3200 2306 3254 ibidem
2369 3199 2740 3264 inthronizat,
2799 3200 3047 3270 presules
3114 3199 3284 3254 etiam

1695 3294 1963 3366 quosdam
1990 3309 2054 3348 ac
2083 3291 2357 3363 principes
2375 3298 2616 3362 paterna:
2649 3290 2858 3345 militia:
2889 3292 3032 3345 intra
3063 3307 3286 3346 murum

1693 3394 1943 3458 repertos
1982 3387 2087 3440 sibi
2113 3385 2392 3451 conciliat,
2441 3399 2682 3454 moxque
2734 3382 2980 3438 Francia:
3020 3383 3286 3451 redditus,

1695 3480 1886 3535 eodem
1914 3478 2225 3549 propinavit
2248 3477 2418 3532 calice
2465 3476 2688 3546 perfidis
2743 3475 2847 3531 sibi
2877 3475 3288 3546 Wirciburgen-

1698 3572 1872 3628 sibus.
1889 3569 2035 3625 lnter
2060 3572 2238 3592 “‘“'“
2259 3569 2374 3624 haec
2395 3569 2672 3641 predictus
2694 3561 3030 3642 Errolongus
3058 3569 3168 3635 ⁸⁷³⁸,
3192 3570 3287 3640 qui

1700 3661 1936 3733 presulis
1992 3659 2126 3714 inibi
2159 3675 2358 3714 nomen
2411 3668 2801 3730 usurpaverat,
2839 3675 2935 3730 spe
2987 3659 3290 3716 frustratus

1699 3763 1982 3825 concepta,
2011 3753 2315 3823 Ruotperto
2347 3752 2476 3807 sede
2523 3753 2744 3820 cedens,
2796 3755 2909 3824 regi
2951 3753 3189 3819 deditur,
3235 3760 3291 3807 ct

1700 3869 1765 3907 ex
1815 3851 1918 3905 hoc
1969 3850 2112 3904 inter
2165 3864 2298 3906 suos
2349 3849 2662 3919 capellanos
2718 3864 2873 3919 atque
2927 3849 3103 3906 fidelis
3156 3851 3290 3906 esti-

1701 3951 1901 3998 matur.

1849 4067 1865 4089 ⁶
1889 4064 1950 4120 C.
1977 4066 2057 4119 ita
2081 4081 2099 4118 :
2129 4071 2366 4130 nevemt,
2391 4063 2574 4134 ibique
2604 4072 2758 4118 extra
2799 4063 3072 4118 civitatem
3107 4073 3294 4120 castra

1953 4137 2118 4191 osuit.
2167 4136 2519 4191 Successerat
2557 4136 2748 4189 eodem
2800 4149 2978 4200 anno,
3031 4134 3289 4190 defuncto

1942 4207 2228 4262 Emehardo
2251 4206 2529 4276 episcopo,
2557 4205 2640 4259 vir
2671 4205 2968 4276 singularis
2997 4206 3290 4275 probitatis

1916 4287 1972 4333 et
1998 4279 2213 4334 eximiae
2240 4275 2542 4348 prudentiae
2589 4275 3057 4348 Baben’bcrgcnsis
3098 4276 3291 4348 accele-

1925 4350 2021 4405 size
2041 4347 2345 4405 canonieus
2372 4347 2668 4419 Erlungus,
2693 4348 2786 4417 qui
2817 4349 2848 4401 a
2881 4347 3001 4401 viro
3032 4347 3290 4419 scolasti-

1921 4422 2147 4476 cissimo
2192 4418 2567 4486 Meginhardo,
2607 4419 2880 4474 avunculo
2925 4418 3134 4476 scilicet
3163 4434 3289 4485 suo,

1921 4493 2166 4561 ejusdem
2200 4490 2346 4546 sedis
2393 4490 2598 4546 dudum
2623 4490 2947 4562 episcopo,
2984 4490 3291 4562 diligentis-

1931 4560 2067 4618 sime
2096 4563 2360 4616 educatus
2386 4570 2438 4616 et
2483 4560 2726 4631 apprime
2768 4560 3291 4616 liberalibus‘disci-

1925 4635 2088 4704 plinis
2117 4635 2438 4700 instructus,
2469 4635 2540 4688 ob
2568 4632 2726 4704 fama:
2773 4648 2887 4687 suae
2925 4633 3126 4704 bonum
3158 4631 3292 4704 odo-

1926 4703 2044 4760 rem
2089 4704 2158 4758 de
2183 4705 2424 4760 claustro
2472 4703 2905 4774 Babenbergensi
2931 4703 2990 4757 in
3028 4703 3289 4773 palatium

1925 4784 2273 4846 assumptus,
2333 4774 2646 4831 cancellarii
2697 4775 3054 4846 perialiquot
3114 4789 3293 4846 annos

1923 4844 2141 4902 strenue
2187 4853 2401 4902 rexerat
2447 4844 2712 4915 ciliciqu
2740 4844 2972 4915 indeque
3017 4853 3126 4899 tam
3159 4844 3289 4899 cleri

1925 4933 2091 4988 quam
2123 4919 2306 4988 populi
2343 4933 2615 4988 consensu
2647 4914 3141 4988 Wircibu’rgensem
3175 4930 3290 4988 sor-

1925 4986 2056 5044 titus
2079 4986 2164 5044 est
2179 4986 2571 5059 episcopatum.
2591 4987 2643 5042 ls
2665 4987 2918 5059 virtutem
2954 4986 3081 5040 boni
3107 4986 3296 5059 operis

1921 5057 2384 5130 perseverantiam
2435 5075 2558 5114 esse
2612 5058 3000 5125 considerans,
3063 5057 3289 5130 maluit,

1919 5128 2360 5201 quandoquidem
2389 5130 2618 5184 necdum
2633 5139 2749 5184 erat
2777 5136 3150 5201 consecratus,
3167 5128 3292 5201 loco

1922 5198 2115 5257 cedere
2153 5198 2316 5270 quam
2346 5201 2414 5254 ab
2445 5201 2792 5270 imperatore,
2817 5199 2903 5254 cui
2945 5198 3291 5270 eatenusginu

1921 5268 2192 5327 indefessa
2242 5268 2552 5328 sinceritate
2597 5271 2879 5336 servierat,
2932 5270 3014 5324 vel
3057 5268 3287 5324 minima

1921 5342 2239 5397 infidelitate
2283 5343 2481 5397 notari.
2532 5341 2652 5407 Quo
2697 5342 2920 5397 cedente
2987 5355 3082 5396 rex
3118 5338 3291 5394 Ruot-

1921 5422 2156 5483 pertum,
2184 5427 2283 5470 etc.

1856 5508 1896 5526 “
1926 5503 2249 5578 Erlungum,
2273 5520 2435 5576 quem
2468 5503 2530 5558 Ι).
2565 5504 2623 5558 Ε.

1343 5593 1427 5649 VA
1437 5594 1573 5650 RIIE
1611 5595 1908 5652 LEC'l'iON
1918 5596 2022 5651 ES.

127 5681 202 5713 ’⁷⁸⁷
229 5684 280 5738 in
305 5710 463 5743 nume
486 5704 514 5740 e
542 5703 679 5742 corr.
720 5689 782 5740 (Σ.
891 5687 981 5718 ⁸⁷⁸⁸
1018 5684 1082 5738 Β.
1123 5687 1172 5740 1.
1275 5686 1366 5717 ¹⁷¹⁹
1407 5701 1459 5740 0.
1496 5687 1546 5741 f.

69 5754 268 5822 largine
287 5757 344 5812 1.
431 5758 523 5791 ¹⁷³¹
552 5773 605 5813 0.
639 5759 687 5812 1.
721 5758 860 5828 (μιυά
889 5755 952 5813 D.
981 5757 1212 5828 legerunt
1240 5758 1326 5814 9°.
1357 5757 1405 5813 f.
1435 5757 1558 5814 HO.

1648 5687 1738 5719 ³⁷³⁸
1777 5703 2042 5755 superscr.
2098 5688 2147 5741 1.

1644 5759 1733 5792 17³3
1765 5757 1826 5812 Ε.
1861 5759 1909 5812 ί.

2272 5689 2357 5721 ‘7"
2403 5685 3179 5743 l-lartwicum—-intltr0nizat
3229 5687 3286 5740 in
