3862 6306
76 273 152 333 997
907 258 1275 316 CHRONICA.
1315 289 1385 301 —-
1420 254 1814 322 CHIiONlCON
1854 258 2314 318 UNIVERSALE.

3155 268 3259 324 998

75 380 434 452 mensium,
460 374 712 443 Thurcis,
746 373 950 446 quibus
969 375 1095 446 jam
1124 368 1273 429 nulla
1324 373 1408 428 vel
1457 387 1580 448 rara
1612 372 1653 428 Α
1680 372 1883 429 Christi
1907 385 1962 430 et
1993 375 2138 432 beati
2179 376 2325 433 Petri
2359 378 2701 448 auctoritate,
2733 379 2918 436 multis
2954 380 3069 451 jam
3104 386 3265 441 annis

73 483 114 537 in
132 477 305 533 oriente
331 466 578 539 regnandi
616 479 744 536 spes
787 474 1148 530 remanserat,
1198 479 1258 520 se
1303 463 1576 519 tutissime

72 566 287 629 conciliat,
312 570 363 618 et
386 574 416 614 ο
443 558 819 629 turpissimum
850 545 1095 613 facinus!
1125 553 1369 624 Niceam,
1409 544 1573 626 quam

70 663 164 718 olim
188 654 294 712 ﬁdei
322 659 510 708 nostra:
549 649 745 704 turrim
772 648 1088 719 dudumque
1116 646 1290 705 multo
1309 646 1576 703 Christia-

71 765 219 808 norum
268 742 512 816 sanguine
572 750 941 813 comparatam
990 741 1081 773 ¹⁷³⁷
1132 740 1573 812 prescripsimus,

71 838 291 900 Solomaui
330 834 533 908 tyranni
575 834 705 890 ﬁliis
756 833 1011 901 reddidit,
1049 833 1329 889 custodias
1377 832 1468 865 ¹⁷³⁸
1506 831 1575 887 ad

68 928 396 1005 prohibendum
439 924 731 980 transitum
781 924 1083 996 peregrinis
1135 932 1281 979 terra
1328 920 1577 993 marique

66 1024 310 1089 constituit,
340 1019 725 1092 Babylonicum
760 1034 943 1089 regem
988 1026 1181 1082 contra
1214 1026 1434 1073 nostros
1461 1015 1575 1072 fre-

65 1116 300 1190 quentibus
324 1112 532 1168 nunciis
559 1111 841 1166 animavit.
878 1110 1051 1181 Cujus
1076 1110 1168 1150 ¹⁷³⁹
1198 1110 1406 1166 classes
1438 1124 1575 1164 con-

66 1224 122 1267 tra
143 1207 474 1264 Anthiocenos
503 1206 741 1261 directas
778 1205 884 1276 ipsi
926 1204 1067 1260 bello
1104 1212 1386 1275 ceperunt,
1426 1211 1481 1259 et
1520 1203 1576 1259 in

62 1301 375 1357 confusionem
414 1298 587 1354 Alexii
615 1297 768 1353 nasis
805 1305 967 1369 atque
1006 1296 1294 1368 pollicibus
1330 1295 1576 1350 omnium

62 1394 259 1459 abscisis,
290 1409 449 1448 unam
481 1393 549 1447 de
580 1391 742 1448 scalis
774 1389 901 1446 inde
926 1400 1238 1457 onerantes,
1260 1389 1576 1461 hujusmodi

60 1488 335 1557 pulmentum
355 1485 524 1540 eidem
552 1484 685 1556 regi,
705 1483 1004 1539 multorum
1030 1484 1239 1538 milium
1267 1483 1576 1553 homicidae,

61 1579 433 1633 transmiserunt.
464 1575 724 1632 Boimunt
747 1592 985 1648 quoque,
1019 1576 1133 1646 jam
1163 1576 1365 1631 trienni
1406 1576 1579 1647 capti-

59 1670 183 1723 vitate
224 1684 312 1739 per
355 1669 595 1724 divinam
653 1668 867 1724 solutus
912 1668 1332 1739 providentiam,
1368 1667 1577 1725 Italiam

59 1762 228 1833 navigio
266 1762 425 1827 venit,
454 1762 641 1832 ibique
685 1762 890 1818 classes
928 1761 1185 1818 fabricari
1218 1762 1578 1834 constituens,

59 1854 140 1923 ipse
163 1871 317 1926 usque
353 1854 418 1910 ad
448 1852 728 1925 Hispania
771 1870 938 1927 regna
965 1870 1257 1925 peragrare
1293 1865 1580 1912 cunctam-

59 1959 132 2011 que
149 1961 291 2016 quam
315 1955 497 2016 posset
526 1945 777 2001 militiam
815 1962 1164 2018 quocumque
1202 1955 1363 2019 pacto
1389 1956 1581 2004 contra

59 2045 291 2105 tyrannum
315 2038 679 2109 prescriptum
706 2039 847 2109 cepit
870 2055 1222 2111 congregare.

161 2131 175 2149 '
205 2125 309 2252 Illoc
344 2146 493 2254 Βηιὲ)
524 2161 597 2170 -
632 2146 985 2203 congregare.
1045 2132 1235 2186 desunt
1283 2131 1346 2187 C.
1391 2142 1441 2187 et
1486 2131 1582 2187 hoc

236 2216 323 2253 ora
393 2240 407 2254 .
483 2240 498 2254 .

236 2216 323 2253 ουο
344 2216 407 2254 υ.
434 2216 498 2255 L.

103 2287 378 2349 Fridericus
413 2293 530 2349 dux
563 2294 719 2362 obiit,
768 2295 854 2350 vir
885 2295 1196 2366 prudentia,
1243 2295 1491 2352 moribus
1530 2304 1585 2352 et

59 2381 277 2439 mobilitate
300 2386 430 2443 satis
453 2388 662 2454 clarus,
688 2387 784 2443 sed
804 2389 1111 2444 clarissimo
1131 2398 1185 2443 et
1202 2390 1501 2462 singularis
1520 2406 1586 2446 ac

65 2475 206 2531 adita;
226 2476 376 2535 fama:
406 2480 725 2536 Adelbeida:
747 2480 862 2548 ¹⁷δ⁰,
900 2482 1027 2537 ﬁliae
1052 2481 1261 2538 scilicet
1287 2483 1584 2553 imperato-

59 2563 120 2631 'is,
146 2570 477 2629 matrimonio
503 2580 562 2629 et
587 2588 653 2629 ex
675 2572 865 2630 eadem
889 2574 1042 2630 mirae
1079 2575 1277 2631 indolis
1296 2576 1450 2647 prole
1491 2575 1582 2633 de-

59 2668 241 2717 :oratus.
264 2664 283 2685 ‘
885 2663 892 2671 '

156 2776 172 2798 ⁸
193 2775 250 2833 F.
279 2778 330 2835 d.
368 2780 454 2836 vir
474 2811 553 2821 —
575 2779 867 2839 decoratus
919 2784 1073 2840 obiit.
1142 2784 1203 2841 C.
1246 2784 1310 2840 D.
1342 2784 1403 2841 Ε.
1429 2816 1498 2826 —-
1521 2787 1584 2843 C.

214 2850 400 2929 addit:
431 2852 612 2922 Cujus
634 2853 894 2929 ducatum
928 2853 1262 2929 Fridericus,
1289 2857 1433 2914 ﬁlius
1468 2859 1588 2929 ejus

214 2921 383 3004 major
425 2921 817 3004 natu,._adhuc
856 2940 992 2995 puer
1021 2921 1361 3004 suscipiens,
1390 2921 1590 3000 magno

213 2992 425 3066 sibique
453 2993 734 3065 condigno
770 2992 872 3051 est'
894 2997 1037 3066 apud
1065 2992 1396 3053 avunculum
1426 2992 1587 3056 suum

1678 474 2078 534 scquestratum
2106 469 2198 501 ‘7"
2219 470 2634 527 conﬁrmabant.
2688 471 2805 539 Qua
2838 473 2909 528 de
2939 488 3105 530 causa
3130 475 3263 530 dum

1678 558 1794 627 ipse
1821 574 1880 615 se
1906 558 1974 614 de
1992 559 2219 637 castello
2244 576 2355 632 quo
2376 563 2631 619 manebat
2654 562 2983 635 Mogontiam
3006 567 3266 624 exhibere

1677 656 2000 720 temptaret,
2048 651 2326 722 principes
2360 663 2580 725 propter
2622 657 2924 712 cavendum
2968 660 3265 716 tumultum

1675 741 1847 813 vulgi,
1878 758 1995 798 suae
2031 745 2216 815 potius
2240 761 2407 816 quam
2450 746 2551 802 lilii
2592 749 2734 819 parti
2782 747 2966 805 favere
3012 744 3262 819 solentis,

1678 833 1785 906 ipsi
1819 833 2170 908 lngilenheim
2192 848 2553 895 occurrerunt
2577 841 2689 911 (an.
2710 840 2850 898 “05
2863 841 3109 898 Decemb.
3138 844 3263 915 5i);

1676 928 2008 999 tandemque
2036 930 2276 1000 generali
2304 930 2458 986 illum
2480 932 2974 990 circumvenientes
3008 935 3262 1002 consilio,

1677 1033 1854 1088 usque
1884 1019 1951 1073 ad
1968 1027 2155 1075 reatus
2186 1019 2588 1077 confessionem
2614 1021 3115 1099 satisfactionisque
3136 1039 3266 1094 pro-

1679 1110 1973 1167 fessionem
1998 1110 2324 1182 perducunt.
2354 1112 2457 1168 Cui
2485 1129 2609 1168 cum
2638 1114 2799 1186 legati
2819 1116 3263 1171 communionem

1679 1219 1776 1260 seu
1807 1204 2141 1274 poenitentiae
2180 1206 2404 1260 modum
2452 1205 2660 1277 absque
2702 1208 2969 1279 generalis
2990 1207 3183 1280 synodi
3211 1214 3267 1263 et

1679 1298 1993 1370 apostolicae
2022 1297 2383 1363 discussionis
2408 1313 2641 1354 censura
2684 1299 2906 1356 reddere
2935 1301 3003 1355 ad
3038 1315 3265 1371 presens

1679 1407 1788 1447 non
1818 1401 2061 1462 possent,
2081 1391 2199 1462 ipse
2218 1390 2393 1462 partis
2414 1390 2703 1461 utriusque
2724 1392 2968 1448 consiliis
2991 1407 3263 1459 annuens,

1679 1484 1884 1557 regalia
1927 1485 2012 1541 vel
2058 1484 2362 1556 imperialia
2407 1485 2666 1557 insignia,
2708 1499 2926 1540 crucem
2966 1486 3172 1542 scilicet
3212 1496 3267 1542 et

1679 1575 1946 1643 lanceam,
1980 1585 2280 1647 sceptrum,
2312 1577 2533 1647 globum
2573 1585 2737 1647 atque
2762 1577 3139 1650 coronamjilii
3169 1593 3267 1648 po-

1682 1669 1865 1725 testati
1895 1668 2115 1724 tradidit
2139 1668 2250 1738 (an.
2280 1667 2439 1736 1106,
2461 1667 2640 1740 Iam),
2665 1682 2928 1739 prospera
2956 1667 3033 1723 illi
3061 1669 3265 1740 impre~

1680 1776 1834 1828 cans,
1866 1761 2019 1817 illum
2055 1760 2383 1832 primatibus
2406 1760 2578 1816 multo
2611 1759 2739 1816 ﬂetu
2773 1760 3186 1827 commendans,
3212 1769 3271 1816 et

1680 1865 1881 1912 extunc
1905 1855 2063 1926 juxta
2095 1854 2299 1910 summi
2341 1853 2643 1910 sacerdotis
2689 1854 2966 1925 totiusque
3011 1853 3271 1910 aceclesize

1680 1949 1899 2005 decreta
1934 1963 2048 2004 suae
2076 1947 2457 2004 consulturum
2493 1947 2690 2003 anima:
2716 1946 2991 2016 promisit.
3029 1944 3145 2001 Hoc
3174 1961 3270 2001 or-

1680 2041 1809 2098 dine
1840 2039 2151 2108 Heinricus,
2192 2031 2345 2097 illius
2380 2038 2622 2096 nominis
2670 2038 2920 2111 quintus,
2952 2037 3191 2109 primum
3235 2052 3267 2091 a

1682 2142 1836 2205 patre
1861 2133 2056 2190 deinde
2094 2133 2164 2189 ab
2196 2133 2470 2189 universis
2507 2131 2812 2188 Germaniae
2844 2130 3185 2203 principibus
3214 2129 3271 2184 in

1682 2242 1866 2298 regem
1896 2226 2012 2297 jam
2053 2226 2295 2282 secundo
2320 2225 2547 2293 electus,
2594 2225 2664 2280 ab
2694 2222 3013 2295 apostolicis
3050 2237 3273 2293 quoque

1684 2317 1877 2388 legatis
1905 2331 2002 2388 per
2034 2331 2233 2372 manus
2258 2315 2666 2386 impositionem
2689 2313 2956 2370 catholice
2979 2312 3275 2370 conﬁrma-

1686 2416 1795 2475 tus,
1829 2407 2069 2478 acceptis
2109 2415 2221 2462 tam
2270 2407 2339 2462 ab
2388 2406 2663 2476 episcopis
2705 2420 2871 2476 quru
2919 2404 3075 2460 laicis
3116 2403 3276 2474 juxta

1685 2514 1896 2555 morem
1928 2498 2118 2569 patriae
2148 2497 2529 2564 sacramentis,
2565 2511 2797 2568 regnare
2832 2495 2995 2567 cepit,
3031 2494 3126 2550 88°
3152 2495 3275 2550 loco

1686 2594 1757 2648 ab
1782 2593 2054 2663 Augusto,
2087 2589 2179 2647 50°
2208 2590 2381 2662 patris
2423 2590 2510 2645 sui
2538 2604 2716 2657 anno,
2778 2588 2837 2647 ab
2869 2586 3017 2645 Urbe
3052 2587 3275 2643 condita

1687 2683 1816 2740 857°
1845 2684 1937 2716 ‘7“
1988 2698 2155 2749 anno,
2212 2684 2282 2737 ab
2336 2682 2548 2754 origine
2583 2680 2775 2736 mundi
2810 2679 2975 2737 5058“
3030 2679 3143 2746 "",
3168 2679 3276 2734 Duo

1689 2777 1905 2833 minicze
1961 2792 2093 2835 vero
2142 2775 2560 2843 incarnationis,
2607 2784 2667 2830 ut
2717 2773 2926 2830 dictum
2970 2771 3274 2843 est,1106°

1692 2886 1854 2925 anno.

1761 2959 1965 3016 Relatis
1986 2959 2151 3032 igitur
2193 2973 2380 3016 coram
2415 2975 2540 3031 rege
2574 2957 2895 3029 cunctisque
2940 2956 3109 3013 totius
3138 2955 3275 3014 Ger-

210 3050 706 3138 regein_hqnp_r§”9t
728 3081 919 3138 ρεηρςς
932 3050 1449 3138 ξεθῂιῇέῇιᾎῇἷῶεξ
1463 3050 1591 3125 ᾗῇ
1617 3056 1889 3138 αᾼηιδιιὶω
1913 3054 2273 3126 optimatibus
2300 3063 2358 3110 et
2393 3052 2704 3124 presulibus
2733 3050 2994 3122 omnique
3026 3051 3174 3108 clero
3202 3053 3280 3108 si-

212 3129 430 3189 PlIlClT
475 3134 685 3190 LIBER
723 3129 1108 3195 SECUNDUS.

90 3239 248 3300 Pridie
272 3256 399 3304 ante
434 3249 686 3321 vigiliam
719 3249 1023 3306 nativitatis
1069 3251 1272 3309 Coristi
1326 3253 1478 3312 visus
1507 3263 1592 3311 est

59 3331 94 3385 ib
115 3337 378 3396 occidente
410 3348 605 3399 tantus
634 3342 781 3399 inter
813 3345 992 3401 sidera
1028 3345 1171 3416 ignis
1205 3345 1507 3416 ﬂammare,
1530 3358 1592 3405 ut

59 3426 142 3482 olis
165 3428 320 3499 jubar
355 3435 702 3503 crederetur,
733 3436 782 3492 si
804 3436 863 3492 in
893 3437 1123 3494 orientis
1152 3449 1300 3495 esset
1323 3450 1498 3511 parte.

539 3568 609 3623 A.
635 3568 728 3602 ¹⁷⁸¹
766 3567 829 3624 D.
870 3568 1058 3626 MCVI.

87 3676 335 3742 Mediante
361 3687 456 3721 m'
488 3688 751 3747 Heinrico
791 3691 1033 3763 juniore,
1073 3699 1260 3748 tantus
1287 3692 1430 3764 apud
1474 3691 1592 3749 Mo-

59 3777 238 3833 ontiam
265 3779 454 3840 factus
485 3793 579 3841 est.
618 3785 673 3840 in
718 3786 885 3841 natali
928 3785 1217 3843 Dominico
1242 3786 1410 3842 totius
1439 3786 1592 3858 regni

59 3863 287 3927 'eutonici
308 3884 649 3945 conventus,
680 3888 922 3948 quantus
967 3895 1066 3949 per
1106 3880 1278 3934 multa
1320 3894 1593 3936 annorum

59 3959 266 4018 urricula
293 3981 585 4037 nusquam
607 3977 690 4023 est
717 3968 887 4025 visus.
914 3968 1182 4026 Referunt
1198 3971 1345 4026 enim
1375 3969 1470 4041 qui
1497 3969 1594 4025 ad-

59 4061 174 4119 rant,
204 4055 272 4110 52
292 4058 369 4114 ibi
395 4068 536 4116 tunc
563 4060 855 4131 optimates
880 4063 966 4117 vel
986 4077 1052 4118 eo
1081 4063 1316 4134 amplius
1345 4062 1590 4131 all‘uisse,

1692 3146 1808 3201 mul
1834 3154 1888 3201 et
1915 3146 2118 3216 populo
2139 3144 2504 3218 legationibus
2526 3143 2787 3201 Romana
2800 3143 2967 3210 sedis,
2992 3158 3157 3214 super
3183 3159 3276 3199 ec-

1691 3238 1982 3294 clesiarum
2031 3238 2185 3310 regni
2224 3237 2388 3294 istius
2436 3235 2930 3292 commaculatione
2978 3234 3193 3321 diversa
3225 3243 3279 3289 et

1693 3327 2015 3395 inveterata,
2055 3335 2277 3384 econtra
2317 3324 2700 3382 emendatione
2741 3325 2811 3380 ab
2848 3324 3122 3380 universis
3149 3339 3281 3380 una-
3375 3368 3380 3373 .

1692 3422 1914 3479 nimiter
1936 3420 2228 3491 promissa,
2251 3419 2456 3490 placuit
2474 3432 2585 3474 tam
2604 3416 2717 3489 regi
2739 3431 2905 3487 quam
2924 3415 3276 3486 primoribus,

1692 3515 1760 3570 ad
1794 3520 2042 3569 sanctam
2080 3518 2311 3567 matrem
2341 3500 2646 3565 Romanam
2678 3506 2980 3564 aecclesiam
3005 3514 3186 3561 tantos
3214 3522 3280 3561 ac

1695 3607 1831 3663 tales
1862 3621 1893 3661 a
1932 3603 2179 3676 partibus
2223 3603 2343 3659 istis
2382 3602 2591 3673 legatos
2624 3598 2945 3665 transmitti,
2986 3598 3083 3669 qui
3132 3606 3187 3653 et
3212 3596 3280 3652 de

1693 3698 1922 3769 objectis
1945 3697 2048 3753 rite
2067 3695 2335 3752 rationem
2358 3694 2583 3750 reddere
2605 3692 2747 3749 etde
2767 3691 2993 3749 incertis
3012 3692 3281 3763 sagaciter

1694 3791 2027 3861 investigare
2067 3803 2133 3844 ac
2165 3804 2263 3858 per
2295 3786 2482 3843 omnia
2513 3786 2846 3840 utilitatibus
2878 3784 3282 3840 aecclesiasticis

1694 3880 1971 3953 sapienter
2011 3878 2295 3936 consulere
2324 3878 2436 3933 sint
2480 3877 2681 3932 idonei.
2716 3875 3051 3947 Separantur
3080 3877 3137 3931 in
3178 3876 3282 3931 hoc

1694 3987 1835 4044 opus
1863 3970 1966 4026 viri
1995 3969 2190 4040 Spiritu
2216 3967 2495 4038 sapientiae
2520 3968 2686 4039 pleni,
2712 3967 3090 4039 dignitatibus,
3121 3977 3281 4023 nata-

1694 4066 1840 4121 libus
1864 4072 1919 4120 et
1945 4062 2213 4134 elegantia
2250 4077 2347 4117 seu
2371 4060 2580 4117 divitiis
2606 4059 2872 4131 preeipui,
2903 4060 3161 4130 nullaque
3191 4074 3281 4115 se-

60 4140 134 4198 leo
162 4155 218 4203 ut
244 4151 401 4209 solus
438 4153 557 4209 dux
593 4152 867 4221 Saxoniaa,
897 4152 1123 4226 Magnus
1146 4156 1387 4224 nomine,
1429 4171 1581 4227 quem

1695 4157 1937 4216 cundum
1963 4155 2134 4211 Deum
2181 4154 2296 4209 sive
2328 4152 2577 4208 scculum
2602 4151 2954 4208 veneratione
2988 4150 3218 4222 indigni,
3250 4166 3283 4204 a

59 4251 115 4289 tm
152 4242 368 4309 gravior
417 4254 561 4303 aetas
614 4245 962 4317 impediebat,
1004 4256 1284 4304 notaretur
1327 4247 1590 4305 defuisse.
1695 4248 2051 4320 Lotboringia
2077 4247 2262 4302 Bruno
2286 4244 2645 4312 Trevirensis,
2673 4260 2705 4299 a
2728 4242 2967 4299 Saxonia
2992 4242 3284 4300 Heinricus

59 4329 83 4384 vi
97 4339 548 4405 supervenientes
574 4341 888 4412 apostolicae
917 4341 1064 4397 sedis
1085 4340 1270 4413 legati,
1301 4343 1593 4413 episcopus
1695 4338 2201 4416 Magdaburgensis,
2233 4354 2264 4395 a
2295 4338 2526 4395 Francia
2560 4336 2688 4394 Otto
2730 4335 3218 4409 Babenbergensis,
3251 4353 3284 4392 a

59 4423 201 4483 :ilicet
226 4432 484 4490 Albanus
520 4450 648 4491 cum
675 4433 1104 4503 Constantiensi,
1141 4436 1462 4492 sententiam
1490 4451 1592 4491 an-
1623 4427 1672 4487 D
1700 4434 1951 4507 Bajoaria
2000 4432 2353 4490 Eberhardus
2398 4431 2795 4500 Eihstatensis,
2849 4431 2919 4486 ab
2965 4430 3285 4488 Alemannia

59 4515 281 4580 .hematis
305 4523 367 4581 in
404 4525 737 4583 Heinricum
775 4528 1049 4584 seniorem
1071 4528 1279 4584 dictum
1303 4529 1594 4600 imperato-
1700 4529 2056 4587 Gebebardus
2085 4526 2544 4593 Constantiensis,
2572 4542 2605 4581 a
2634 4525 2950 4599 Burgundia
2977 4523 3283 4590 Curiensis,

59 4622 113 4662 tm
138 4627 167 4666 a
210 4623 293 4671 tot
333 4618 447 4674 sibi
497 4619 924 4677 succedentibus
948 4620 1262 4692 apostolicis
1287 4622 1472 4691 sepius
1500 4636 1593 4678 se-
1699 4621 1951 4678 nonnulli
1975 4620 2142 4676 etiam
2183 4618 2396 4675 nobiles
2422 4617 2490 4674 de
2518 4617 2690 4673 latere
2720 4617 2865 4688 regis
2893 4617 3046 4671 laicae
3074 4613 3287 4685 profes-

62 4714 219 4775 tisque
242 4712 671 4784 promulgatam
710 4713 930 4784 scriptis
968 4713 1133 4769 simul
1160 4722 1217 4770 et
1243 4713 1406 4771 dictis
1439 4715 1617 4771 testia
1701 4714 1905 4782 sionis;
1936 4713 2100 4784 idque
2130 4711 2272 4767 inter
2315 4718 2510 4766 caetera
2545 4708 2853 4770 suscipiunt
2900 4707 2955 4762 in
2989 4703 3283 4769 mandatis,

59 4805 234 4868 iantes,
266 4805 604 4862 universam
627 4806 1054 4874 multitudinem,
1079 4807 1247 4863 immo
1275 4817 1442 4864 totam
1480 4817 1605 4866 toto
1704 4818 1784 4875 ut,
1814 4807 1861 4863 si
1892 4805 2010 4862 ﬁeri
2042 4804 2238 4876 possit,
2268 4802 2456 4859 domui
2491 4801 2779 4872 apostolici
2815 4798 3144 4870 prcsentiam
3187 4795 3284 4850 Ci-

59 4885 123 4946 be
170 4894 439 4956 ditl‘usam
504 4901 814 4959 aacclesiam
875 4901 944 4957 ab
1004 4900 1126 4972 ejus
1186 4903 1593 4973 communione,
1704 4884 1931 4970 Salpinis
1957 4897 2207 4969 partibus
2226 4896 2517 4967 impetrent
2535 4893 2781 4951 exhiberi
2808 4892 2919 4949 '7“.

1370 5050 1605 5107 VABUE
1644 5047 2049 5108 LECTIONES.

60 5135 171 5220 νηί
196 5141 563 5220 redemptam
614 5140 676 5196 Ι).
727 5140 792 5197 Η.
907 5143 1437 5220 "“_Babylonicum
1482 5175 1549 5185 —
1604 5144 1916 5220 anima_vit__,
1988 5142 2266 5220 custodias
2305 5142 2699 5220 —{§unstituit
2746 5140 2924 5220 D.__ll_.
3022 5142 3138 5220 _‘_"”
3186 5159 3289 5220 eu-

59 5212 520 5285 ectiamgcla‘sses
552 5228 875 5285 numerosa_s
901 5214 1122 5269 navium
1161 5212 1524 5271 rostratarum
1553 5226 1745 5272 contra
1772 5215 1835 5269 D.
1869 5214 1934 5269 ll.
2018 5216 2109 5247 '7“
2144 5213 2366 5285 Agneue
2405 5212 2468 5268 C.
2525 5229 2552 5268 e
2587 5230 2727 5269 corr.
2828 5214 2919 5245 m‘
2964 5212 3093 5285 add,
3131 5228 3152 5267 :
3192 5214 3284 5269 50.

59 5278 79 5355 ἐς
238 5282 705 5355 ’ἔξεῌειὶᾳιέᾳᾲεπ
730 5285 779 5339 l.
826 5283 917 5355 Ita
944 5285 1107 5355 etiam
1155 5287 1210 5340 in
1253 5288 1694 5342 L—ll.exstaut.
1735 5287 1869 5354 Quae
1895 5285 1958 5342 C.
1992 5285 2055 5340 Ι).
2089 5285 2151 5340 E.
2191 5278 2381 5339 habent
2406 5300 2541 5355 mox
2575 5294 2875 5355 sequentur.
2990 5278 3087 5355 "ff
3119 5285 3198 5355 ita
3229 5285 3282 5355 ᾖ.

59 5347 226 5430 ’δλερε
254 5352 437 5430 i§57._
461 5425 477 5430 _
507 5347 520 5354 ’
549 5353 640 5430 ‘1"
671 5355 830 5430 it_¢_1_52
858 5353 963 5430 {0._
983 5354 1145 5409 LVlll
1177 5357 1229 5412 4.
1274 5360 1478 5412 numeri
1508 5360 1565 5412 in
1592 5359 1639 5414 l.
1676 5347 1876 5430 partim
1898 5356 2094 5430 abscisi
2116 5364 2277 5430 sunt;
2303 5354 2416 5430 VIII
2448 5365 2625 5410 tamen
2643 5347 2755 5430 tegi
2779 5356 3007 5411 videtur.
3040 5352 3285 5430 γης-(99.

89 5418 249 5499 ξδζϐ.
282 5424 380 5499 9f.
414 5425 511 5499 ll.
547 5422 639 5499 βίᾳ
666 5424 964 5499 Ekkehardi
993 5429 1381 5499 computatione
1414 5430 1483 5496 (υ.
1514 5447 1566 5483 α.
1595 5418 1781 5499 1039.)
1813 5447 1865 5482 a.
1899 5427 2059 5499 5067.
2090 5418 2398 5499 scribendas
2420 5436 2556 5499 erat.
2634 5418 2729 5499 f7“
2756 5444 2915 5484 manu
2947 5425 3130 5483 siccati
3154 5424 3203 5480 Χ
3222 5423 3285 5481 γ.

73 5489 170 5559 ﬁne
198 5495 411 5552 codicis
441 5495 501 5551 «Ι.
534 5493 801 5553 habetur:
831 5496 993 5554 Anno
1026 5489 1237 5555 doinini
1275 5489 1565 5555 M°CCCC°
1600 5489 1773 5554 ΙΝΙΙό
1806 5498 2096 5558 laodillaus
2132 5512 2231 5554 rex
2262 5498 2399 5555 obiit
2427 5497 2699 5555 bobcmic.
2742 5569 2747 5573 ρ
