3862 6306
557 335 665 394 999
1761 308 2155 367 EKKEHARDI
2194 308 2664 367 unsucmusrs
3681 313 3781 370 tut

576 457 3771 498 Mm

1520 591 1978 710 PARS
2084 590 2870 707 ALTERA.

1874 789 2067 854 ANNI
2113 792 2530 854 1106—1125.

637 976 832 1037 Amas
866 971 954 1003 nu
983 966 1115 1035 tuis,
1156 979 1191 1020 ο
1218 977 1316 1019 rex
1349 960 1406 1015 in
1436 966 1702 1015 aeternum
1738 955 1969 1021 victure,
2006 960 2148 1008 tem-
2178 965 2225 1023 Α
2257 955 2353 1010 tibi
2399 953 2683 1012 Romanus
2726 973 2758 1012 a
2799 960 3023 1030 pulvere
3061 964 3176 1032 jam
3216 960 3608 1034 εκρει-είεοεηε
3635 964 3792 1022 πω,

564 1072 792 1146 poribus
820 1079 919 1136 ego
945 1060 1189 1117 tantillus
1215 1053 1510 1112 homuncio
1542 1048 1891 1106 Ekkibardus
1915 1047 2007 1079 ¹⁷⁸⁸
2027 1054 2154 1118 post
2258 1046 2399 1104 mari
2426 1065 2601 1120 usque
2626 1051 2695 1106 ad
2716 1067 2888 1119 mare,
2917 1053 3088 1109 immo
3109 1064 3263 1111 totus
3285 1071 3319 1110 a
3356 1055 3501 1111 solis
3526 1065 3643 1111 ortu
3670 1073 3793 1129 usque

568 1139 808 1226 annosus
839 1154 1097 1218 miserias
1121 1153 1385 1219 redditus,
1422 1166 1488 1206 ac
1526 1156 1653 1221 post
1681 1145 1947 1203 deaurata
1978 1145 2159 1201 diver-
2259 1139 2327 1195 ad
2363 1154 2624 1196 occasum
2652 1143 2912 1210 mundus,
2939 1143 3297 1200 inenarrabili
3336 1146 3583 1216 tripudio
3617 1162 3794 1217 congn-

568 1272 757 1315 sorum
786 1246 1327 1321 chronographorum
1358 1240 1644 1312 opuscula,
1685 1238 1754 1295 ab
1788 1238 1910 1308 ipso
1950 1244 2160 1308 tempo-
2261 1232 2484 1287 tulatur.
2516 1231 2577 1287 In
2603 1242 2657 1289 te
2685 1234 3011 1290 suscitatam
3039 1234 3212 1291 David
3239 1252 3475 1307 germen
3504 1236 3694 1305 justum
3711 1242 3797 1293 uni.

567 1364 693 1404 ιιιηη
721 1343 947 1401 exordio
977 1349 1287 1409 temporum
1317 1333 1584 1389 decursus
1614 1329 1878 1395 ferentem
1912 1328 2159 1384 carinam
2259 1337 2417 1378 versa
2446 1338 2642 1378 sanum
2679 1325 2945 1396 sapientia
2975 1326 3141 1380 corda
3176 1328 3570 1397 speculantur;
3602 1329 3683 1384 sed
3712 1345 3799 1400 pn-

569 1458 669 1514 per
693 1434 1044 1494 multimodas
1082 1427 1373 1487 Charibdis
1398 1424 1488 1458 ‘m
1529 1434 1691 1495 atque
1722 1421 1899 1477 Scilla:
1926 1419 2146 1475 commi-
2260 1415 2420 1486 cipue
2465 1413 2578 1514 Deo
2611 1416 2975 1514 servientium
3016 1432 3270 1514 personae
3313 1418 3582 1514 undique
3602 1434 3798 1514 proruu-

570 1508 823 1589 nationes
854 1527 1073 1585 tandem
1108 1521 1333 1594 gloriosi
1366 1519 1447 1574 tui
1477 1517 1691 1589 imperii
1714 1516 1829 1588 jam
1859 1514 2041 1585 portui
2067 1514 2161 1569 de—
2260 1518 2451 1579 pontes
2479 1524 2511 1564 e
2529 1508 2792 1576 latibulis,
2824 1510 3008 1566 lumen
3038 1518 3091 1565 te
3112 1510 3341 1566 sibimet
3358 1511 3419 1565 in
3443 1510 3673 1582 tenebris
3688 1527 3801 1565 etor-

569 1628 737 1682 latam
782 1617 1136 1693 speculando,
1179 1614 1322 1668 ultra
1372 1626 1590 1667 onmem
1640 1609 1896 1664 humana:
1937 1606 2164 1663 estima-
2265 1609 2409 1669 tum,
2455 1602 2641 1657 divina
2686 1601 2921 1673 quedam
2963 1603 3032 1658 de
3078 1611 3132 1658 te
3178 1604 3436 1675 presagia
3489 1601 3800 1669 conferentes,

570 1716 740 1773 tionis
786 1712 1011 1768 modum
1054 1706 1370 1772 letiﬁcatus,
1419 1718 1529 1759 non
1579 1700 2054 1768 inconvenienter,
2102 1705 2165 1754 ut
2260 1704 2478 1767 tempus
2502 1695 2619 1766 jam
2659 1695 2877 1751 venisse
2906 1695 3206 1752 miserandi
3234 1697 3324 1752 sui
3354 1698 3801 1763 testantur,deun

575 1806 835 1872 arbitror,
870 1802 997 1859 stilo
1026 1798 1291 1855 libertatis
1315 1796 1610 1868 premium,
1637 1794 1785 1865 quod
1816 1792 2016 1864 oppido
2045 1792 2161 1863 jam
2263 1789 2445 1844 indole
2493 1788 2623 1859 quid
2670 1789 2885 1860 justum
2936 1789 3128 1844 audire
3176 1789 3263 1845 vel
3314 1782 3605 1856 sanctum,
3654 1798 3803 1843 sanet
3846 1860 3847 1873 χ

572 1902 754 1956 lassus
802 1905 1041 1967 exoptat,
1084 1892 1326 1962 denego;
1378 1891 1547 1945 immo
1587 1888 1768 1960 ipsum
1811 1888 1919 1943 tuis
1964 1886 2162 1942 amodo
2263 1882 2456 1953 quevis
2478 1882 2676 1937 anima:
2705 1881 2791 1937 sui
2813 1897 2943 1953 erga
2966 1880 3252 1937 Christum
3278 1897 3472 1953 regem
3722 1880 3803 1935 im-
3846 1880 3847 1885 “

576 1990 853 2063 precouiis
894 2003 995 2058 pro
1026 1985 1233 2041 viribus
1269 1998 1334 2038 ac
1373 1982 1517 2036 ultra
1545 1981 1693 2036 vires
1747 1978 2163 2045 inserviturum,
2265 1983 2416 2032 ctum
2435 1990 2558 2030 esse
2589 1973 2929 2030 conﬁdenter
2955 1975 3319 2041 arbitrantur.
3346 1972 3517 2029 Beata
3544 1974 3662 2040 erit,
3682 1980 3725 2028 et
3746 1972 3803 2025 Il-

572 2081 834 2154 quamdin
875 2079 959 2133 his
1001 2076 1208 2148 regitur
1236 2073 1486 2140 artubus,
1516 2070 1869 2127 devotissime
1906 2069 2161 2139 subjugo.
2270 2076 2353 2122 tra
2389 2067 2538 2139 ipsas
2580 2066 2739 2122 avita:
2780 2074 3153 2138 maternaque
3192 2065 3386 2147 stirpis
3430 2064 3805 2137 magniﬁcentia

575 2172 816 2242 Quidni?
845 2170 922 2226 Te
964 2171 1165 2241 quippe
1195 2167 1384 2223 multis
1408 2165 1522 2236 jam
1552 2165 1607 2220 in
1643 2163 1871 2221 tristicia
1902 2161 2164 2229 sedentis,
2267 2160 2558 2233 gloriosior
2600 2159 2935 2235 producetur
2964 2169 3101 2215 tetas
3139 2167 3265 2226 tua,
3322 2160 3371 2214 si
3420 2158 3737 2214 mansionem
3768 2156 3805 2208 in
3846 2190 3847 2195 η

573 2264 794 2320 domine
820 2261 1086 2333 gentium,
1111 2258 1413 2329 ploratibus
1450 2272 1481 2311 a
1522 2263 1677 2327 patre
1715 2254 2006 2325 spirituum
2041 2260 2164 2308 lan-
2268 2253 2661 2326 augustissimo
2684 2260 2781 2307 tuo
2821 2261 3041 2323 pectore
3071 2252 3259 2309 fecerit
3293 2251 3562 2324 Spiritus,
3587 2265 3725 2320 quem
3745 2248 3805 2300 die

575 2357 699 2412 dem
724 2363 778 2409 et
808 2354 897 2408 vix
932 2353 1279 2423 impetratum
1306 2357 1488 2419 caput,
1519 2364 1630 2407 non
1667 2347 1942 2403 immerito
1984 2345 2165 2417 quod-
2198 2346 2241 2405 Β
2268 2356 2542 2418 noctuque
2582 2345 2841 2401 universa
2886 2343 2997 2401 Deo
3029 2345 3368 2417 placentium
3408 2343 3507 2398 tibi
3531 2346 3808 2413 exoptata

573 2462 682 2518 que
719 2445 1053 2502 catholicum
1097 2452 1151 2497 et
1197 2440 1564 2498 orthodoxum
1609 2439 1855 2511 ejusdem
1903 2436 2165 2493 aecclesite
2269 2439 2642 2510 imprecantur
2663 2444 2810 2494 vota.

574 2538 883 2595 membrum
922 2549 1270 2607 quocumque
1299 2531 1539 2604 prevalet
1566 2529 1751 2586 favore
1784 2527 2161 2601 prosequitur,

1801 2684 2096 2731 examen
2141 2664 2235 2698 ¹⁷⁵⁰
2287 2679 2634 2725 ruowcvs.

1076 2794 1245 2852 Codd.
1283 2793 1348 2850 D.
1376 2793 1439 2849 E.
1467 2793 1661 2848 4—H.
2947 2778 3079 2836 Cod.
3113 2777 3178 2832 C.

851 2887 1126 2964 [INCIPIT
1168 2888 1257 2920 ιη’
1300 2885 1506 2943 LIBER
1544 2881 1897 2956 QUINTUS].
2625 2873 2876 2932 INCIPIT
2915 2871 3125 2930 LIBER
3163 2870 3490 2929 TERCIUS.

1601 3000 1791 3061 Anno
1818 2995 2163 3061 dominium
2190 2992 2657 3059 incarnationis
2689 2994 2863 3056 1106.

672 3132 776 3181 An.
821 3125 980 3193 “05,
1017 3122 1143 3179 Dec.
1180 3121 1299 3193 25.)
1340 3119 1611 3176 Mediante
1646 3117 1738 3150 ‘7"
1775 3115 2033 3172 Heinrico
2070 3116 2164 3187 ju-
2342 3113 2614 3169 Mediante
2640 3111 3130 3185 Heinricojuniorc
3152 3122 3345 3169 tantus
3364 3115 3512 3186 apud
3538 3113 3806 3186 legentu-

580 3222 738 3276 niore
776 3226 963 3273 tantus
1009 3217 1153 3286 apud
1201 3213 1535 3285 Mogontiam
1579 3210 1757 3268 Iactus
1785 3219 1870 3267 est
1912 3210 1967 3265 in
1998 3210 2168 3265 natali
2272 3207 2452 3264 factus
2481 3215 2569 3263 est
2600 3208 2656 3262 in
2684 3209 2853 3262 natali
2872 3207 3160 3264 Dominico
3195 3209 3370 3265 totius
3398 3210 3555 3281 regni
3588 3209 3809 3265 Teutonici

585 3310 873 3367 Dominico
923 3309 1102 3364 tocius
1162 3307 1316 3379 regni
1361 3304 1647 3360 Teutonici
1698 3305 1807 3337 ιη’
1834 3311 2166 3370 conventus,
2274 3308 2597 3368 conventus,
2642 3310 2884 3371 quantus
2925 3317 3021 3372 per
3061 3301 3235 3357 multa
3278 3317 3557 3358 annorum
3596 3304 3809 3359 curricula
3846 3372 3847 3383 χ

584 3410 824 3475 quantus
859 3415 956 3471 per
984 3397 1153 3454 multa
1183 3411 1455 3453 annorum
1487 3396 1760 3452 curricula
1784 3410 2053 3465 nusquam
2085 3404 2171 3451 est
2198 3443 2241 3475 ρ
2275 3409 2549 3465 nusquam
2585 3402 2670 3449 est
2704 3394 2876 3449 visus.
2910 3392 3175 3449 Referunt
3205 3394 3355 3449 enim
3390 3395 3487 3465 qui
3517 3397 3738 3462 aderant,
3762 3393 3810 3447 Β

581 3495 756 3550 visus.
790 3491 1055 3548 Referunt
1091 3490 1235 3546 enim
1278 3488 1374 3561 qui
1403 3488 1651 3555 aderant,
1681 3487 1752 3543 52
1782 3487 2072 3558 optimates
2098 3486 2172 3543 ibi
2202 3486 2243 3503 “
2277 3486 2571 3557 optimates
2601 3486 2675 3541 ibi
2712 3496 2847 3543 tunc
2880 3487 2965 3541 vel
2990 3502 3058 3542 eo
3092 3487 3332 3558 amplius
3359 3487 3608 3554 affuisse,
3637 3487 3810 3543 adeon
3846 3542 3847 3547 η

582 3595 717 3640 tunc
739 3584 824 3639 vel
855 3598 923 3638 eo
951 3582 1190 3652 amplius
1217 3580 1439 3637 aﬁ'uisse
1471 3579 1584 3647 ⁸⁸⁷⁸⁸,
1625 3580 1763 3635 adeo
1796 3586 1858 3634 ut
1878 3579 2027 3635 solus
2060 3580 2173 3636 dux
2274 3580 2427 3635 solus
2471 3580 2583 3635 dux
2629 3579 2902 3646 Saxonim,
2953 3579 3184 3652 Magnus
3228 3581 3489 3646 nomine,
3548 3596 3695 3652 quem
3728 3579 3807 3648 jac
3846 3622 3847 3627 η

589 3675 865 3743 Samnite,
892 3674 1122 3747 Magnus
1151 3674 1391 3741 nomine,
1430 3689 1592 3745 quem
1625 3672 1740 3744 jam
1782 3673 2001 3745 gravior
2039 3681 2174 3729 tetas
2276 3672 2495 3743 gravior
2517 3679 2651 3727 aetas
2681 3672 3029 3743 impediebat,
3055 3682 3343 3729 notaretur
3371 3672 3633 3730 defuisse.
3658 3671 3724 3727 Ibi
3745 3687 3809 3725 Sl-
3846 3706 3847 3713 η

584 3768 936 3840 impediebat,
978 3776 1265 3823 notaretur
1309 3766 1568 3823 defuisse.
1606 3766 1685 3822 Ibi
1727 3766 2173 3838 supervenientes
2275 3752 2655 3835 pervenientes
2688 3766 3003 3836 apostolica:
3033 3765 3178 3821 sedis
3201 3766 3393 3838 legati,
3428 3767 3705 3837 episcopus
3730 3764 3808 3819 sci-

583 3860 899 3933 apostolica:
940 3859 1089 3916 sedis
1131 3860 1315 3932 legati,
1353 3859 1644 3931 episcopus
1680 3859 1890 3916 scilicet
1929 3859 2175 3916 Albanus
2275 3856 2402 3914 licet
2425 3857 2669 3913 Albanus
2688 3873 2815 3913 cum
2836 3856 3272 3926 Constantiensi,
3300 3860 3812 3928 sententiamaposto-
3846 3904 3847 3907 η

584 3969 711 4008 cum
732 3952 1160 4021 Constantiensi,
1185 3952 1511 4009 sententiam
1537 3952 1899 4008 anathematis
1926 3952 1980 4007 in
2004 3951 2175 4008 llein-
2276 3949 2367 4005 lici
2401 3950 2658 4020 pastoris,
2696 3964 2820 4022 quae
2850 3950 3115 4007 domuum
3155 3951 3548 4023 imperatorem
3576 3951 3641 4006 de
3668 3949 3812 4005 multis

586 4047 761 4102 ricum
791 4045 1065 4101 seniorem
1095 4041 1302 4101 dictum
1339 4046 1720 4117 imperatorem
1752 4061 1784 4101 a
1816 4054 1896 4100 tot
1921 4045 2025 4101 sibi
2047 4060 2175 4102 suc-
2277 4044 2811 4116 transgressionibus
2835 4042 3146 4112 incusabat,
3177 4046 3402 4117 scriptis
3425 4045 3590 4102 simul
3615 4055 3666 4101 et
3692 4041 3811 4099 dictis

581 4139 902 4194 cedentibus
922 4138 1238 4209 apostolicis
1254 4138 1440 4209 sepius
1460 4139 1753 4210 sepiusque
1771 4139 2174 4211 promulgatam
2278 4136 2333 4190 in
2362 4136 2600 4191 medium
2631 4135 2999 4207 proferebant.
3052 4135 3173 4204 Qua
3206 4137 3280 4194 de
3308 4154 3481 4195 causa
3505 4139 3633 4194 dum
3770 4146 3810 4187 St

582 4228 804 4301 scriptis
826 4231 991 4287 simul
1019 4239 1075 4286 et
1100 4231 1262 4287 dictis
1289 4228 1665 4299 testiﬁcantes,
1689 4232 2003 4288 universam
2027 4232 2175 4286 mul-
2275 4228 2604 4300 Mogontiam
2646 4228 2715 4284 de
2743 4230 2967 4286 castello
2997 4245 3108 4301 quo
3144 4232 3406 4286 manebat
3434 4231 3680 4287 exhibere
3709 4238 3809 4283 tcu-

582 4323 895 4391 titudinem,
918 4323 1088 4379 immo
1109 4332 1279 4379 totam
1303 4332 1417 4380 toto
1437 4325 1569 4379 orbe
1591 4324 1846 4380 diffusam
1869 4324 2174 4381 aecclesiam
2275 4330 2475 4394 ptaret,
2500 4323 2776 4394 principes
2799 4331 3020 4394 propter
3042 4324 3349 4380 cavendum
3373 4325 3661 4379 tumultum
3685 4318 3807 4388 vulgi.

583 4415 657 4470 ab
691 4416 811 4488 ejus
837 4416 1245 4483 communione,
1270 4416 1476 4473 Christi
1498 4425 1554 4472 et
1590 4417 1734 4473 beati
1756 4416 1904 4473 Petri
1934 4418 2177 4473 auctori-
2278 4431 2392 4471 suae
2415 4416 2595 4486 potius
2629 4416 2770 4487 parti
2804 4432 2969 4487 quam
3003 4416 3101 4472 ﬁlii
3139 4416 3325 4474 favere
3354 4417 3599 4484 solentis,
3630 4415 3719 4487 ipsi
3748 4413 3807 4465 Ir
3846 4450 3847 4455 η

583 4516 716 4576 tate,
756 4508 945 4563 multis
975 4506 1095 4579 jam
1125 4509 1286 4564 annis
1322 4518 1717 4580 sequestratam
1753 4510 2171 4568 conﬁrmabant.
2277 4510 2569 4582 gilenbeim
2596 4521 2912 4579 occurrunt,
2944 4514 3279 4584 tandemque
3302 4514 3536 4586 generali
3567 4514 3705 4567 illum
3727 4509 3806 4563 cir-
3846 4550 3847 4565 χ

580 4597 704 4665 Qua
744 4599 814 4654 de
849 4615 1016 4655 causa
1058 4600 1190 4655 dum
1228 4600 1346 4671 ipse
1385 4615 1444 4656 se
1477 4599 1810 4673 Mogontiam
1837 4604 1906 4660 de
1950 4605 2174 4661 castello
2277 4605 2687 4661 cumvenientcs
2718 4605 2972 4674 consilio,
3005 4622 3179 4678 usque
3206 4608 3277 4664 ad
3312 4606 3691 4664 satisfactionis
3716 4618 3805 4673 pro-
3846 4634 3847 4645 ι

578 4705 698 4759 quo
724 4692 983 4747 manebat
1010 4692 1270 4749 exhibere
1302 4701 1610 4764 temptaret,
1646 4696 1919 4767 principes
1954 4706 2176 4769 propter
2277 4693 2572 4751 fessionem
2604 4696 2928 4766 perducunt.
2969 4696 3072 4753 Cui
3108 4714 3236 4754 cum
3269 4700 3435 4772 legati
3463 4698 3807 4755 absolutiom

578 4785 888 4840 cavendum
930 4786 1222 4841 tumultum
1266 4786 1436 4858 vulgi,
1479 4803 1595 4844 suae
1636 4788 1816 4859 potius
1861 4807 2028 4861 quam
2073 4791 2171 4846 lilii
2202 4795 2249 4857 ι)
2275 4802 2371 4845 seu
2394 4788 2726 4858 ptenitentize
2753 4790 2979 4846 modum
3009 4790 3219 4862 absque
3243 4793 3510 4864 generalis
3539 4789 3715 4865 synodi
3729 4787 3807 4840 ds—
3846 4804 3847 4851 ἒ

580 4874 724 4944 parti
748 4874 933 4931 favere
957 4876 1202 4945 solentis,
1231 4876 1335 4948 ipsi
1360 4877 1715 4949 Ingilenbeim
1732 4880 1826 4913 ¹⁷⁸³
1849 4892 2174 4952 occurrunt;
2271 4882 2529 4937 cussione
2574 4889 2630 4937 et
2663 4882 2979 4953 apostolicae
2997 4885 3143 4940 sedis
3165 4899 3405 4941 censura
3427 4902 3482 4941 se
3502 4884 3710 4940 reddere
3728 4894 3803 4932 ιιω
3846 4880 3847 4943 ἕ

581 4969 916 5040 tandemque
945 4970 1188 5041 generali
1222 4969 1376 5026 illum
1407 4971 1897 5031 circumvenientes
1921 4977 2174 5046 consilio,
2272 4987 2436 5043 posse
2476 4963 2856 5045 perhiberent,
2898 4975 3016 5047 ipse
3055 4978 3230 5047 partis
3282 4978 3565 5048 utriusque
3611 4968 3805 5030 coasia‘iis
3846 4968 3847 5029 ἐ

581 5062 763 5129 usque
786 5061 854 5115 ad
879 5070 1065 5118 reatus
1091 5060 1496 5119 confessionem
1519 5063 2022 5139 satisfactionisque
2050 5083 2179 5139 pro-
2273 5083 2545 5134 annuens,
2590 5069 2792 5141 regalia
2841 5071 2927 5126 vel
2971 5070 3279 5141 imperialia
3328 5071 3579 5142 insignia,
3633 5077 3803 5122 aut!

582 5146 879 5206 fessionem
906 5154 1232 5224 perducunt.
1269 5155 1372 5211 Cui
1393 5171 1518 5212 cum
1545 5157 1707 5230 legati
1735 5161 2178 5218 communionem
2272 5161 2480 5218 scilicet
2512 5170 2568 5218 et
2600 5163 2870 5230 lanceam,
2908 5171 3207 5234 sceptrum,
3234 5165 3457 5237 globum
3492 5172 3654 5232 atque
3686 5171 3803 5213 om"

579 5258 686 5298 seu
729 5246 1039 5315 penitentiaa
1072 5249 1299 5307 modum
1341 5250 1551 5325 absque
1594 5253 1862 5324 generalis
1900 5256 2095 5328 synodi
2125 5266 2181 5312 et
2273 5271 2423 5325 nam,
2448 5256 2546 5312 ﬁlii
2573 5257 2830 5327 potestati
2860 5257 3103 5324 tradidit,
3129 5273 3395 5329 prospera
3426 5257 3495 5311 illi
3521 5256 3800 5324 impletus.

580 5337 904 5407 apostolicae
931 5340 1294 5401 discussionis
1324 5359 1558 5402 censura
1586 5345 1812 5403 reddere
1845 5348 1913 5404 ad
1947 5364 2177 5419 presens
2273 5349 2429 5405 illum
2451 5350 2781 5423 primatibus
2802 5351 2977 5406 multo
2996 5349 3123 5407 ﬁetu
3150 5350 3557 5413 commendans,
3578 5356 3629 5401 et
3647 5350 3799 5399 eum

1848 5526 2081 5585 manu
2115 5524 2525 5603 LECTIONES.

659 5628 752 5714 1“:
780 5627 911 5714 ιζςεο
926 5631 1185 5714 _pr¢e_f_atio
1218 5650 1283 5689 ex
1433 5633 1494 5691 E.
1576 5638 1668 5671 'm
1690 5638 1940 5714 Ercodd.
1980 5640 2078 5697 El.
2118 5644 2173 5698 2.
2278 5642 2369 5675 '7“
2395 5643 2599 5701 caribis
2623 5643 2722 5699 DI.
2838 5644 2932 5677 ""
2958 5640 3021 5698 Ε.
3048 5659 3101 5714 p.
3134 5642 3324 5697 desunt
3352 5639 3490 5714 ω,
3511 5627 3789 5714 ξ”ᾚζηηξξ

584 5699 882 5788 {3"C9d51;
1151 5721 1313 5788 πείθεις
1352 5707 1646 5788 immittam;
1694 5712 2106 5788 exitiberiﬂqum
2130 5714 2180 5788 I.
2205 5698 2915 5788 suprag'dt'toﬂconueniunt.
3016 5698 3111 5746 '7'”
3137 5711 3424 5769 tbcutonici
3455 5706 3555 5762 Dl.
3612 5698 3787 5759 I01".

582 5773 886 5831 theotonici
906 5773 967 5830 9°
994 5782 1043 5828 et
1069 5774 1147 5828 ita
1176 5773 1370 5844 «cpias
1430 5773 1538 5811 ’⁸⁷⁸³
1563 5779 1733 5838 fuisse
1749 5780 1845 5836 Dl.
1924 5784 2017 5816 ’⁷⁸⁸
2047 5773 2362 5857 ingileltéim
2382 5784 2479 5841 ΕΞ.
