3892 6308
94 354 199 410 ιουι

967 344 1340 401 CHRONICA.
1380 374 1453 383 —
1488 340 1882 399 CHRONICON
1923 342 2385 404 UNIVERSALE.

3178 343 3318 407 l002

93 488 181 525 nou
228 477 471 538 possent,
520 465 635 534 ipse
680 461 850 533 partis
892 458 1478 531 utriusque~consiliis
1530 472 1632 512 an-
1660 462 1707 521 Α
1731 458 1890 530 juxta
1918 461 2119 517 summi
2145 461 2447 518 sacerdotis
2489 460 2765 533 totiusque
2808 456 3071 519 aec'clcsite
3104 464 3323 525 decreta

90 576 255 625 nuens,
290 557 483 628 regalia
518 556 602 611 vel
634 554 934 625 imperialia
965 553 1224 624 insignia,
1254 566 1476 607 crucem
1514 549 1625 605 sci-

88 655 193 708 licet
216 661 265 707 et
292 650 551 716 lanceam,
574 656 868 718 sceptrum,
900 645 1119 716 globum
1145 653 1308 714 atque
1341 655 1625 707 coronam,

1735 566 1849 607 sua:
1877 552 2258 610 consulturum
2281 554 2478 611 anima:
2502 555 2775 627 promisit.

89 746 167 803 ﬁlii
185 740 419 815 potestati
444 739 686 806 tradidit,
710 753 973 810 prospera
994 737 1073 792 illi
1098 720 1432 808 imprecaris,
1462 734 1614 789 illum
1646 728 1974 801 primatibus
1996 732 2169 788 multo
2190 731 2318 789 ﬂetu
2345 735 2761 801 commendans,
2791 745 2847 793 et
2873 752 2959 792 ex-

87 853 194 896 tunc
206 837 352 908 juxta
374 831 575 889 summi
603 832 905 889 sacerdotis
940 831 1227 901 tociusque
1245 828 1506 886 mcclesize
1529 827 1749 884 decreta
1771 837 1886 878 suae
1908 823 2289 879 consulturum
2319 826 2518 881 animae
2546 828 2818 897 promisit.

143 933 239 997 Hoc
258 931 444 988 ordine
463 928 754 986 Heinricus
788 928 935 984 illius
962 926 1204 983 nominis
1234 925 1484 997 quintus,
1514 924 1632 995 pri-

86 1041 210 1083 mum
249 1040 277 1079 a
318 1030 491 1094 patre,
530 1021 725 1078 deinde
770 1021 840 1076 ab
882 1020 975 1053 ⁸⁷⁸⁸
1004 1018 1277 1075 universis
1325 1016 1634 1074 Germaniae

83 1117 381 1191 principibus
410 1114 465 1170 in
503 1130 683 1187 regem
703 1115 818 1186 jam
846 1113 1089 1171 secundo
1109 1113 1317 1170 electus
1340 1110 1538 1184 (Iam),
1563 1110 1633 1167 ab

81 1208 357 1283 apostolicis
390 1222 610 1278 quoque
635 1207 828 1279 legatis
857 1222 953 1279 per
989 1221 1189 1263 manus
1225 1203 1630 1275 impositionem

85 1301 311 1359 catholico
356 1300 736 1367 confirmatus,
790 1299 1029 1370 acceptis
1080 1307 1193 1354 tam
1237 1297 1308 1353 ab
1355 1296 1628 1368 episcopis

80 1406 219 1464 quam
256 1389 405 1446 laicis
436 1388 595 1461 juxta
634 1402 844 1445 morem
886 1387 1078 1460 patria:
1112 1387 1492 1453 sacramentis,
1540 1404 1627 1444 re-

80 1497 222 1555 gnare
240 1481 372 1552 cepit
392 1480 491 1535 82°
518 1481 640 1536 loco
662 1481 733 1535 ab
754 1480 1025 1552 Augusto,
1047 1478 1146 1535 50°
1172 1478 1323 1557 regni
1347 1478 1519 1549 patris
1541 1479 1627 1535 sui

79 1590 221 1641 anno,
238 1574 301 1629 ab
320 1572 465 1630 Urbe
484 1574 705 1629 condita
734 1573 903 1630 l858°
926 1588 1092 1641 anno,
1114 1573 1184 1629 ab
1204 1572 1416 1646 origine
1436 1573 1627 1629 mundi

79 1662 552 1727 5058°,Dominica3
583 1678 714 1719 vero
743 1662 1159 1731 incarnationis,
1192 1673 1253 1718 ut
1278 1662 1486 1720 dictum
1520 1672 1624 1730 est,

80 1756 221 1810 “06°
246 1770 403 1813 anno.

1804 916 1918 974 lloc
1947 918 2140 974 ordine
2160 917 2449 977 Heinricus
2470 920 2633 989 illius
2662 924 2901 981 numinis
2926 927 3179 998 quintus,
3212 929 3324 1001 pri-

1732 1028 1885 1068 mum
1918 1028 1950 1066 a
1976 1020 2151 1082 patre,
2188 1012 2384 1069 deinde
2423 1014 2494 1070 ab
2527 1016 2802 1073 universis
2830 1014 3141 1076 Germania:
3171 1023 3323 1091 prin-

1731 1102 1945 1174 cipibus
1968 1103 2020 1158 in
2046 1118 2227 1175 regem
2246 1103 2362 1175 jam
2385 1107 2626 1162 secundo
2647 1108 2855 1165 electus
2877 1109 3076 1182 (lam),
3100 1112 3169 1166 ab
3191 1128 3324 1182 apo-

1732 1195 1943 1253 stolicis
1973 1210 2195 1268 quoque
2222 1196 2415 1267 legatis
2440 1213 2536 1269 per
2568 1215 2767 1256 manus
2790 1202 3198 1274 impositionem
3228 1220 3322 1260 ca.

1732 1288 1935 1345 tholice
1960 1287 2340 1356 confirmatus,
2371 1291 2607 1361 acceptis
2627 1300 2739 1348 tam
2762 1293 2831 1349 ab
2855 1295 3127 1367 episcopis
3152 1313 3317 1367 quam

1732 1380 1890 1441 laicis
1916 1383 2073 1454 juxta
2095 1397 2302 1438 morem
2336 1383 2528 1454 patriae
2558 1388 2937 1453 sacramentis,
2969 1403 3197 1459 regnare
3228 1406 3318 1446 cc—

1702 1477 1813 1549 ‘pit
1835 1477 1934 1532 88°
1965 1478 2087 1533 loco
2117 1476 2187 1532 ab
2213 1475 2482 1553 Augusto,
2514 1476 2614 1532 M0
2652 1479 2803 1550 regni
2828 1482 2996 1550 patris
3026 1482 3111 1537 sui
3150 1498 3313 1552 anno,

1734 1568 1805 1625 ab
1845 1567 1992 1624 Urbe
2035 1569 2257 1625 condita
2296 1569 2488 1637 l8570,
2527 1569 2598 1624 ab
2640 1571 2851 1642 origine
2897 1574 3088 1628 mundi
3115 1575 3286 1629 50380

1734 1661 2031 1718 Dominicae
2061 1677 2189 1718 vero
2222 1662 2637 1730 incarnationis,
2674 1672 2733 1718 ut
2760 1663 2968 1719 dictum
3000 1675 3104 1733 cst,
3147 1658 3295 1722 “06"

1732 1760 1898 1810 anno.

133 1847 314 1905 Relatis
350 1849 514 1921 igitur
543 1866 730 1906 coram
763 1865 889 1922 rege
918 1850 1242 1922 cunctisque
1275 1852 1455 1907 tocius
1490 1850 1621 1906 Ger-
1652 1839 1698 1899 Β
1796 1843 2001 1901 Relatis
2050 1846 2218 1917 igitur
2258 1862 2444 1901 coram
2481 1863 2607 1920 rege
2633 1850 2960 1921 cunctisque
2984 1851 3156 1908 totius
3180 1851 3316 1909 Ger-

76 1940 242 1996 maniae
275 1941 626 2012 optimatibus
654 1952 709 1999 et
746 1934 1059 2015 prcsulibus
1080 1938 1342 2014 omnique
1369 1944 1519 2000 clero
1546 1944 1624 1998 si-

76 2033 169 2088 mul
190 2040 239 2088 ct
263 2033 460 2103 pepulo
492 2026 856 2106 legationibus
883 2026 1145 2091 Romanae
1168 2034 1315 2091 sedis
1334 2028 1501 2105 super
1520 2049 1626 2090 atc-

74 2125 335 2180 clesiarum
380 2126 533 2198 regni
578 2126 739 2183 istius
767 2127 1261 2184 commaculatione
1313 2126 1531 2183 diversa
1572 2137 1628 2182 et

76 2218 332 2273 inveterata
348 2260 363 2285 ,
387 2225 443 2273 et
464 2228 689 2275 econtra
709 2219 1095 2275 emendatione
1114 2218 1184 2275 ab
1206 2218 1480 2275 universis
1497 2235 1628 2274 una-

76 2307 264 2364 nimiter
302 2310 595 2380 promissa,
632 2310 839 2383 placuit
877 2320 990 2367 tam
1030 2311 1145 2384 regi
1176 2324 1343 2384 quam
1364 2311 1625 2383 primori-

75 2401 189 2467 bus,
251 2402 315 2456 ad
368 2413 614 2459 sanctam
666 2413 900 2460 matrem
960 2403 1266 2460 Romanam
1319 2405 1625 2461 aecclesiam

74 2500 228 2548 tantos
265 2509 326 2550 ac
373 2495 563 2551 talesa
592 2496 843 2567 partibus
867 2496 988 2552 istis
1030 2497 1238 2568 legatos
1287 2497 1623 2566 transmitti,

73 2586 153 2654 qui
180 2587 310 2641 etde
335 2587 565 2658 objectis
598 2589 703 2643 rite
730 2589 999 2644 rationem
1026 2589 1253 2644 reddere
1279 2598 1334 2645 ct
1361 2589 1429 2645 de
1456 2590 1628 2646 incer—

74 2674 130 2728 tis
146 2674 390 2746 sagaciter
411 2676 740 2749 investigare
760 2693 825 2734 ac
842 2693 937 2748 per
959 2679 1146 2734 omnia
1166 2678 1496 2737 utilitatibus
1516 2696 1625 2737 tec-

76 2767 367 2826 clesiasticis
396 2770 672 2842 sapienter
695 2772 984 2828 consulere
1007 2772 1117 2828 sint
1143 2772 1342 2828 idonei.
1360 2771 1629 2844 Separan-

76 2869 151 2914 tur
175 2860 223 2914 in
251 2861 350 2918 hoc
382 2878 523 2933 opus
552 2864 653 2920 viri
668 2851 1178 2936 spiritu-sapientia:
1198 2865 1365 2936 pleni,
1391 2866 1627 2939 dignita-

74 2950 215 3017 tLbus,
264 2953 536 3009 natalibus
584 2965 637 3010 et
683 2955 953 3028 elegantia
998 2972 1097 3012 seu
1137 2940 1344 3014 divitiis
1396 2958 1626 3029 preclari

74 3043 298 3114 nullaque
328 3047 633 3103 secundum
660 3048 831 3103 Deum
855 3048 969 3104 sive
1007 3049 1253 3105 seculum
1275 3050 1627 3107 veneratione

71 3134 280 3206 indigni,
312 3153 341 3193 a
390 3136 858 3212 Lotharingia‘m
901 3138 1086 3197 Bruno
1129 3140 1474 3199 Trevirensis
1503 3143 1622 3213 ⁸⁷⁸⁸,

71 3242 95 3279 a
145 3227 367 3285 Saxonia
413 3214 701 3289 Heinricus
732 3231 1319 3307 Magdeburgensis‘m
1362 3235 1627 3307 archiepi-

72 3321 230 3391 scopi,
266 3322 332 3377 ab
359 3323 611 3380 orientali
645 3324 876 3383 Francia
907 3324 1035 3383 Otto
1063 3326 1531 3401 Babenhergensis
1554 3372 1570 3399 ,
1594 3347 1624 3385 a

72 3407 292 3480 Bajoaria
314 3411 663 3474 Eberhardus
689 3417 1031 3487 Eistatensis,
1057 3429 1288 3492 uterque
1306 3421 1625 3495 designatus

70 3501 306 3571 pontifex,
332 3505 401 3561 ab
436 3507 761 3564 Alemannia
790 3509 1145 3567 Gebehardus
1165 3510 1622 3579 Constanticnsis,

68 3593 244 3666 aliique
270 3599 514 3654 nonnulli
544 3602 824 3671 presules,
857 3603 1107 3674 plerique
1126 3603 1291 3660 etiam
1316 3604 1526 3662 nobiles
1554 3605 1623 3661 de

69 3690 210 3746 latere
232 3691 373 3763 regis
394 3692 549 3749 laime
570 3694 932 3765 professionis
958 3714 973 3764 ;
1002 3696 1168 3767 idque
1188 3698 1507 3769 precipuum
1540 3698 1624 3754 in-

68 3790 135 3835 ter
153 3790 339 3838 caetera
358 3785 668 3857 suscipiunt
686 3789 950 3855 mandati,
977 3797 1065 3857 ut,
1092 3788 1141 3845 si
1167 3788 1284 3844 fieri
1308 3790 1502 3860 possit,
1528 3806 1625 3860 per

68 3870 169 3926 illos
200 3872 485 3943 impetrata
516 3875 705 3932 domui
745 3878 1031 3950 apostolici
1061 3878 1355 3950 Cisalpinis
1375 3880 1623 3951 partibus

65 3963 360 4021 cxhibeatur
383 3969 678 4038 presentia.

125 4051 206 4109 Sic
254 4055 512 4112 nimirum
540 4100 555 4123 ,
606 4058 687 4115 sic
712 4074 809 4130 per
842 4068 922 4115 tot
950 4061 1060 4149 iam
1104 4075 1280 4117 annos
1303 4061 1621 4118 obnubilata

66 4139 143 4196 lux
183 4143 312 4199 oriri
355 4145 520 4216 cmpit
550 4146 756 4204 nostris
784 4147 838 4203 in
870 4139 1120 4219 partibus
1144 4149 1239 4181 ¹⁷⁶⁰
1278 4150 1617 4219 orthodoxa;

64 4231 411 4304 depublicatur
429 4248 485 4294 et
510 4240 823 4307 ventilatur,
844 4242 1179 4312 dijudicatur
1202 4244 1292 4275 ’⁷⁸⁸
1316 4251 1371 4298 et
1402 4246 1623 4301 convin-

63 4322 204 4392 citur,
237 4325 389 4383 faatet
419 4338 475 4384 et
513 4331 811 4401 respuitur,
844 4334 1278 4405 condempnatur
1299 4344 1355 4391 et
1395 4338 1620 4392 anathe-

66 4416 329 4473 matizatur
364 4420 577 4478 heresis
624 4421 961 4494 Wigbertina
989 4425 1075 4479 vel
1111 4423 1458 4482 Hcinriciana
1484 4428 1574 4460 ¹⁷⁶²
1601 4470 1616 4495 ,

1729 1938 1926 1993 mania:
1960 1938 2318 2009 optimatibus
2353 1948 2408 1995 et
2438 1940 2752 2010 prcsulibus
2789 1943 3051 2013 omnique
3071 1944 3220 2001 clero
3244 1947 3319 2000 si-

1727 2030 1842 2084 mul
1868 2038 1921 2085 et
1943 2031 2146 2101 populo
2177 2032 2544 2103 legationibus
2566 2031 2829 2090 Romana:
2850 2034 2998 2092 sedis
3022 2053 3188 2109 super
3207 2052 3317 2093 tec-

1727 2120 2022 2176 clesiarum
2072 2123 2224 2195 regni
2289 2123 2452 2181 istius
2493 2126 2988 2184 commaculatione
3016 2128 3229 2185 diversa
3265 2138 3321 2185 et

1730 2211 2028 2268 inveterata
2068 2222 2122 2268 et
2145 2222 2368 2270 econtra
2394 2216 2775 2273 emendatione
2795 2218 2866 2273 ab
2886 2219 3158 2276 universis
3186 2237 3321 2276 una-

1729 2303 1950 2361 nimiter
1979 2305 2248 2376 promissa
2275 2349 2291 2374 ,
2334 2307 2539 2377 placuit
2570 2316 2680 2362 tam
2709 2308 2824 2378 regi
2865 2324 3031 2379 quam
3064 2311 3320 2381 primori-

1728 2395 1854 2462 bus,
1884 2396 1953 2451 ad
1982 2405 2228 2452 sanctam
2259 2406 2487 2453 matrem
2529 2396 2831 2454 Romanam
2877 2401 3178 2457 aacclesiam
3202 2411 3323 2458 tan-

1728 2494 1815 2543 tos
1845 2503 1910 2543 ac
1938 2487 2077 2543 tales
2128 2504 2159 2543 a
2194 2488 2442 2560 partibus
2476 2489 2596 2545 istis
2632 2491 2838 2562 legatos
2864 2492 3180 2559 transmitti,
3226 2495 3320 2564 qui

1728 2579 1870 2635 etde
1917 2580 2147 2652 objectis
2188 2581 2292 2635 rite
2333 2581 2599 2637 rationem
2646 2583 2873 2638 reddere
2912 2592 2967 2640 et
2999 2582 3066 2641 de
3098 2586 3321 2643 incertis

1729 2672 1997 2743 sagaciter
2022 2672 2351 2745 investigare
2372 2690 2435 2731 ac
2462 2690 2558 2746 per
2579 2677 2762 2732 omnia
2782 2678 3108 2736 utilitatibus
3128 2682 3319 2739 acele—

1729 2768 1968 2826 siasticis
2009 2769 2283 2841 sapienter
2317 2770 2604 2827 consulere
2636 2772 2746 2827 sint
2794 2771 2995 2828 idonei.
3054 2771 3317 2841 Separan-

1729 2871 1819 2915 tur
1840 2861 1894 2916 in
1933 2861 2037 2917 hoc
2080 2877 2219 2933 opus
2248 2862 2352 2918 viri
2382 2863 2576 2933 spiritu
2610 2866 2888 2935 sapientia:
2936 2866 3101 2936 pleni,
3140 2867 3314 2941 digni.

1729 2952 1953 3019 tatibus,
1998 2955 2271 3009 natalibus
2298 2964 2353 3009 et
2389 2956 2657 3024 elegantia
2687 2973 2785 3013 seu
2817 2957 3025 3014 divitiis
3061 2961 3315 3032 preclari,

1729 3044 1984 3116 nullaque
2021 3046 2323 3103 secundum
2358 3046 2528 3104 Deum
2562 3049 2675 3105 sive
2696 3052 2944 3107 seculum
2971 3054 3317 3111 veneratione

1728 3135 1957 3210 indigni,
1982 3153 2013 3192 a
2042 3136 2394 3211 Lotharingia
2417 3138 2604 3196 Bruno
2630 3140 2992 3213 Trevirensis,
3017 3160 3048 3200 a
3074 3144 3314 3204 Saxonia

1728 3228 2017 3286 Heinrieus
2034 3229 2553 3306 Magadeburgensis
2576 3235 2993 3308 archiepiscopi,
3029 3240 3099 3293 ab
3127 3238 3313 3295 orien-

1728 3323 1821 3378 tali
1847 3321 2079 3380 Francia
2120 3321 2246 3380 Otto
2280 3323 2747 3398 Bahenbergcnsis
2798 3343 2830 3383 a
2859 3328 3109 3400 Bajoaria
3144 3330 3304 3389 Eber-

1726 3412 1934 3471 hardus
1969 3413 2316 3485 Eistatensis,
2350 3425 2580 3490 uterque
2609 3419 2927 3492 designatus
2953 3423 3218 3495 pontifex,
3245 3427 3315 3482 ah

1724 3504 2046 3561 Alemannia
2078 3505 2433 3566 Gebehardus
2459 3509 2917 3583 Constantiensis,
2942 3516 3146 3591 aliique
3175 3536 3313 3578 non-

1724 3594 1862 3650 nulli
1889 3597 2156 3687 presules,
2180 3598 2424 3671 plerique
2450 3602 2615 3658 etiam
2648 3605 2858 3663 nobiles
2885 3608 2952 3665 de
2974 3609 3142 3669 latere
3170 3616 3313 3687 regis

1726 3686 1878 3743 laicze
1928 3686 2326 3759 professionis;
2376 3693 2539 3765 idque
2584 3697 2903 3770 precipuum
2950 3703 3093 3759 inter
3117 3686 3311 3761 caete”

1725 3778 2035 3848 suscipiunt
2068 3781 2346 3851 mandata,
2374 3794 2453 3851 ut,
2485 3786 2533 3840 si
2558 3786 2677 3842 fieri
2722 3800 2925 3859 posset,
2951 3809 3047 3863 per
3066 3794 3190 3853 illos
3210 3797 3315 3851 im-

1724 3874 1932 3935 petrata
1982 3867 2172 3923 domni
2224 3874 2509 3941 apostolici
2552 3874 2846 3949 Cisalpinis
2890 3884 3139 3952 partibus
3160 3887 3313 3941 exhi-

1723 3954 1917 4009 beatur
1943 3958 2236 4027 presentia.

1796 4059 1887 4117 Sic
1940 4063 2221 4131 nimirum,
2276 4066 2357 4124 sic
2396 4085 2487 4139 per
2540 4072 2746 4128 viscera
2802 4077 3190 4135 misericordiae
3217 4080 3311 4137 Dei

1724 4156 1918 4222 nostri,
1970 4164 2123 4212 tanto
2168 4159 2328 4216 nobis
2382 4162 2593 4218 oriente
2641 4164 2892 4235 lucifero,
2944 4185 3042 4240 per
3086 4181 3166 4227 tot
3196 4172 3311 4243 jam

1722 4261 1898 4303 annos
1926 4248 2171 4305 nubilata
2200 4249 2295 4306 lux
2311 4252 2692 4323 splendescere
2716 4258 2881 4327 coepit
2902 4261 3310 4332 :ecclesiastica,

1720 4346 1794 4405 et,
1820 4347 1879 4393 ut
1910 4339 2145 4397 breviter
2174 4342 2409 4413 plurima
2454 4345 2800 4416 concludam,
2856 4361 3172 4421 capessente
3197 4371 3309 4410 rem

1721 4431 1994 4502 publicam
2023 4449 2088 4488 ac
2119 4432 2423 4493 Romanam
2457 4437 2774 4496 defensante
2798 4440 3116 4500 katbedram
3143 4443 3309 4500 Hein-

64 4503 302 4563 abdicatis
338 4508 455 4565 sive
490 4508 691 4580 fugatis
726 4510 1108 4579 hereticis"“,
1133 4511 1401 4569 Catholici
1426 4515 1617 4573 kathe-
1647 4533 1697 4594 υ
1722 4522 1858 4589 rico,
1886 4522 2107 4593 speciali
2130 4527 2300 4583 totius
2333 4529 2485 4586 orbis
2508 4528 2651 4598 flori,
2681 4532 2935 4591 universa
2958 4536 3309 4607 circumqua—

61 4592 159 4649 dris
183 4597 585 4666 pontificalibus
618 4599 984 4667 destinantur,
1017 4617 1049 4656 e
1073 4602 1275 4672 quibus
1319 4604 1485 4659 etiam
1517 4606 1620 4660 ali-

62 4683 139 4751 qui
167 4684 307 4741 inter
332 4687 447 4759 ipsa
496 4687 636 4745 festa
660 4702 1075 4749 consecrantur.
1117 4692 1365 4766 Denique
1405 4696 1463 4751 in
1490 4706 1614 4752 tan-

60 4782 158 4830 tum
202 4778 397 4835 divinae
430 4780 569 4852 legis
609 4782 795 4839 subito
829 4785 980 4841 zelus
1017 4784 1272 4841 eflerbuit
1295 4828 1311 4852 ,
1349 4796 1405 4841 ut
1448 4789 1615 4844 etiam

59 4863 158 4933 ipsa
181 4870 445 4927 cadavera
481 4872 1074 4946 pseudoepiscoporum
1111 4876 1183 4932 ab
1210 4878 1479 4935 melesiis
1508 4881 1615 4935 eli-

1722 4628 1830 4684 que
1850 4614 2205 4672 eliminantur
2226 4618 2293 4673 ad
2313 4636 2511 4690 purum
2530 4623 2852 4680 scismatum
2875 4627 3152 4695 scandala,
3181 4629 3291 4684 scis

1722 4718 1892 4774 saque
1922 4703 2128 4762 Christi
2156 4711 2452 4766 resarcitur
2493 4714 2700 4781 tunica,
2727 4716 2913 4771 electis
2940 4718 3098 4772 bonis
3127 4717 3182 4773 in
3211 4733 3291 4773 tce

1722 4795 1904 4851 clesiae
1930 4812 2063 4853 vasa
2088 4800 2216 4854 mali
2241 4802 2607 4871 projiciuntur
2626 4807 2802 4877 pisces
2823 4808 2889 4864 de
2910 4809 3057 4865 Petri
3083 4827 3305 4882 sagena.

59 4958 396 5031 minarentur,
420 4974 692 5037 quotquot
731 4976 916 5024 autem
934 4969 1005 5024 ab
1041 4968 1177 5039 ipsis
1208 4979 1362 5025 erant
1381 4972 1642 5041 ordinati,
1665 4989 1840 5045 usque
1865 4975 1934 5030 ad
1961 4979 2273 5049 generalem
2302 4982 2635 5040 audientiam
2667 4987 2737 5041 ab
2762 4986 2952 5043 officiis

59 5061 519 5126 suspenderentur.
548 5060 671 5119 Jam
714 5064 863 5121 enim
891 5065 1144 5123 exaltatis
1174 5067 1279 5122 sibi
1303 5067 1569 5125 divinitus
1603 5069 1850 5129 ecclesia
1882 5069 2131 5135 Romana
2154 5075 2436 5142 cornibus,
2480 5078 2547 5132 ad
2576 5078 2949 5136 incutiendum

58 5148 285 5209 timorem
309 5155 524 5212 cunctis
558 5157 651 5191 ⁸⁷⁸³⁵
683 5174 1080 5232 usquequaque
1099 5162 1420 5218 scismatum
1442 5164 1730 5233 membris,
1755 5166 1924 5220 etiam
1967 5168 2161 5238 capitis
2198 5169 2371 5240 ipsius
2396 5186 2542 5237 ossa,
2577 5172 2840 5247 Wigberti
2868 5179 2957 5216 ""

57 5245 244 5303 scilicet
271 5250 405 5307 dicti
444 5266 618 5322 papae,
642 5253 711 5309 de
738 5256 1030 5326 sepulchro
1058 5270 1195 5331 suo,
1213 5257 1360 5328 quod
1382 5274 1479 5329 per
1500 5275 1598 5316 sex
1628 5260 1720 5292 ¹⁷⁶⁶
1739 5261 1855 5332 jam
1894 5276 2073 5320 annos
2096 5263 2151 5319 in
2178 5266 2423 5322 aecclcsia
2458 5245 2803 5331 Ravennvensi
2827 5289 2951 5343 pos-

1325 5445 1405 5498 VA
1416 5444 1553 5500 RIIE
1588 5445 1990 5503 LECTIONES.

118 5569 1939 5669 1".‘.?.'3.‘_'P_‘!?IS‘3.8°'-..‘!s“::'!__.FE-.(i"PF}:’fceee‘eveam
1995 5583 2223 5669 dimidia
2270 5601 2458 5669 creet.
2508 5588 2672 5669 male
2688 5591 2916 5669 ,ιηςρςίςε
2964 5597 3303 5669 nouem.)

58 5634 135 5668 ""
176 5641 505 5718 lntharingia
558 5634 656 5701 E3:

56 5706 133 5740 ιίι
158 5711 488 5740 λΔξ-.¹2.,ΑΔ.--
531 5716 598 5740 ΔΛ
647 5720 656 5740 Α

55 5775 135 5811 ⁸⁷⁸⁸
162 5775 396 5841 wicberti
422 5787 475 5841 4.
513 5789 759 5859 wigpcrti
798 5788 848 5843 7.
888 5789 1103 5857 swpius.

349 5875 624 5940 PATROL.
660 5862 891 5943 culti

758 5647 1219 5730 uel-intrevirensis
1261 5647 1916 5730 C977..Ef-6Yeien§i8:-Eg_
1961 5652 2120 5730 utr-es
2172 5647 2460 5730 magadeb;
2508 5647 2599 5715 El.
2686 5647 2814 5730 "we

157 5711 490 5783 dejudimtitr
528 5716 616 5771 l0.
646 5718 735 5773 ll.
802 5717 900 5750 1'“
926 5717 1262 5775 neinriciaua
1290 5721 1343 5775 4.
1425 5721 1517 5753 ⁸⁷⁸³
1547 5721 1755 5781 heresis
1782 5724 1835 5781 5.
1860 5725 1914 5780 6.
1956 5724 2040 5779 10.
2068 5711 2354 5783 ὴειθείίῖιιε
2406 5711 2599 5786 Mue.
2625 5748 2765 5787 corr.
2809 5711 2865 5787 "-7..

162 5784 396 5841 wicberti
422 5787 475 5841 4.
513 5789 759 5849 wigpcrti
798 5788 848 5843 7.
888 5789 1103 5849 swpius.
1197 5791 1287 5823 "“
1341 5789 1401 5846 ν.
1449 5790 1534 5847 l0.
1582 5794 1665 5849 ll.

2026 5652 2120 5732 "_"
2172 5656 2462 5732 magadeb.
2508 5652 2599 5715 El.
2686 5652 2887 5730 "‘°'_i-.'
2909 5652 2976 5732 pf
3015 5680 3070 5719 n.
3104 5664 3153 5718 7.
3210 5667 3245 5721 9

2955 5705 3296 5791 ὶτὶῖάὲὲεῖιῖ

2907 5898 2987 5956 32
