3862 6306
528 360 669 416 1005

1704 340 2103 400 EKKEHARDI
2144 336 2607 397 UBAUGIENSYS

3650 340 3759 399 lim

529 470 764 533 sederat,
792 462 986 537 projici
1024 459 1244 526 fecerat,
1278 458 1641 527 universaque
1686 456 1779 488 ¹⁷⁸⁷
1814 455 1935 526 ejus
1962 455 2231 521 instituta,
2267 462 2327 509 ut
2366 468 2493 510 vere
2522 468 2632 509 non
2688 452 2778 488 tres
2819 451 3105 523 amsmlici
3133 450 3452 526 ﬂammis,

529 566 627 625 sed
655 575 716 623 ut
738 564 828 597 ¹⁷⁶⁹
855 556 1142 632 apostatici
1170 555 1461 621 invasoris,
1494 551 1769 609 annullari
1792 552 2108 608 decreverat

598 661 744 717 Inter
788 657 907 712 haec
951 650 1315 707 Werinherus
1360 648 1475 716 "7°,
1506 646 1730 719 quidam
1775 661 1842 701 ex
1885 644 2078 700 ordine
2119 643 2562 699 ministerialium
2608 642 2773 715 regis,
2805 641 2901 714 qui
2932 643 3174 698 marchaz
3199 643 3293 675 ³⁷⁷·
3336 660 3459 716 qua:

526 760 584 814 in
620 752 869 828 partibus
916 746 1027 821 [est
1068 742 1187 818 "’"j
1214 742 1447 814 Aquinas
1483 750 1716 814 preerat,
1753 740 1941 817 quasi
1969 739 2207 795 heresim
2255 739 2485 795 eandem
2516 738 2973 806 resuscitaturus,
3016 740 3258 796 collectis
3292 739 3466 795 unde.

527 860 763 920 cumque
812 856 909 915 per
928 835 1139 893 Italiam
1186 832 1382 906 copiis,
1427 830 1711 920 corruptis
1735 845 1957 903 quoque
2006 830 2178 885 multa
2232 830 2467 902 pecunia
2518 829 2785 886 Romanis
2832 831 2927 863 ¹⁷⁷³
2982 831 3285 897 nonnullis,
3329 832 3460 886 dum

528 908 768 999 domnus
801 908 1140 1007 apostolicus
1180 908 1580 986 Beneventanis
1621 928 1949 983 immoratur
2000 926 2225 994 ﬁnibus,
2282 924 2558 997 quendam
2602 926 3069 997 pseudoabbatem
3118 926 3185 981 de
3207 924 3459 994 Farfare,

525 1039 665 1111 proh
684 1034 839 1092 nefas
866 1036 880 1089 ι
929 1028 1210 1089 kathedrze
1237 1026 1412 1084 sancti
1464 1025 1613 1081 Petri
1654 1024 1939 1096 imposuit,
1983 1033 2038 1081 et
2080 1023 2263 1095 ipsum
2306 1038 2506 1095 papam
2535 1024 2757 1079 caesaris
2782 1024 2885 1079 sub
2907 1023 3178 1079 vocabulo
3203 1021 3456 1078 Silvestri

528 1128 790 1203 appellari
812 1126 1003 1183 voluit.
1035 1124 1141 1195 Qui
1191 1133 1375 1181 tamen
1426 1131 1551 1196 post
1593 1122 1875 1195 paululum
1916 1122 2169 1194 turpiter,
2194 1129 2256 1177 ut
2287 1122 2622 1189 merebatur,
2663 1137 2695 1178 a
2726 1121 2820 1154 ¹⁷⁷⁴
2853 1120 3153 1178 Catholicis
3203 1121 3463 1176 elimina—

530 1235 617 1281 tus
639 1224 754 1291 "7",
778 1224 1017 1280 vesaniae
1040 1238 1154 1280 suae
1198 1221 1471 1294 premium
1512 1219 1996 1291 maleoconquisiti
2032 1218 2299 1291 pejusque
2349 1217 2584 1289 dispersi
2633 1217 2760 1274 aeris
2794 1217 2888 1299 ""9
2922 1217 3112 1273 retulit
3132 1216 3457 1287 dampnum,

525 1330 708 1392 preter
728 1321 875 1389 fidei,
904 1320 1055 1392 quod
1081 1319 1249 1377 miser
1271 1334 1419 1376 caeco
1450 1334 1563 1374 non
1593 1318 1769 1374 doluit
1805 1318 1992 1385 corde,
2023 1316 2395 1390 dispendium.

590 1412 765 1470 Porro
794 1428 1050 1484 proceres
1083 1416 1174 1449 "7"
1215 1414 1331 1488 jam
1362 1415 1494 1471 dicti
1535 1414 1665 1470 dum
1710 1430 1741 1471 e
1763 1415 1881 1471 suis
1911 1414 2112 1487 singuli
2140 1418 2191 1478 Α
2288 1412 2462 1469 Porro
2488 1428 2744 1484 proceres
2763 1412 2880 1484 jam
2907 1411 3039 1470 dicti
3065 1411 3200 1469 dum
3241 1427 3272 1468 e
3304 1410 3426 1467 suis
3449 1409 3646 1481 singuli
3674 1425 3773 1480 par-

524 1506 771 1574 partibus
797 1507 854 1562 in
883 1508 1021 1564 valle
1046 1508 1140 1541 "7'
1163 1506 1480 1563 Tridentina
1522 1507 1929 1574 convenientes,
1973 1507 2119 1577 apud

520 1595 770 1665 ejusdem
813 1598 1056 1654 nominis
1104 1597 1401 1666 civitatem,
1442 1596 1497 1652 id
1525 1604 1610 1652 est
1634 1597 1725 1629 "7°
1772 1595 2116 1665 Tridentum,

523 1697 911 1757 pernoctarent
932 1688 1164 1762 (Febr.),
1186 1689 1408 1761 quidam
1431 1687 1754 1745 Adelbertus
1775 1688 2115 1758 adolescens,

525 1779 767 1850 partium
799 1788 980 1836 tamen
1024 1781 1113 1813 ¹¹¹⁸¹
1140 1781 1359 1837 illarum
1402 1780 1643 1852 quodam
1681 1780 1916 1852 insignis
1940 1779 2115 1836 comi-

525 1880 664 1939 tatu,
712 1887 928 1929 summo
963 1888 1122 1930 mane
1160 1889 1326 1945 super
1373 1873 1546 1945 ipsos,
1593 1881 1779 1945 utpote
1808 1873 2045 1929 inermes
2062 1880 2118 1928 et

522 1963 872 2035 peregrinos,
915 1980 1041 2021 cum
1096 1964 1186 1998 ίτθι
1237 1965 1452 2021 civibus
1511 1964 1740 2020 armatis
1784 1964 1878 1997 ¹⁷⁸²
1932 1963 2112 2033 irruit,

524 2055 745 2126 Spoliat,
792 2056 957 2127 capit,
996 2055 1260 2113 custodiae
1306 2056 1472 2111 tradit
1517 2055 1632 2123 "8’,
1675 2054 1840 2126 idque
1886 2055 1989 2111 sibi
2020 2070 2116 2126 per

525 2146 823 2218 legationes
872 2148 1082 2205 domini
1125 2146 1234 2215 sui,
1285 2144 1528 2202 Heinriei
1576 2145 1670 2178 ηδε
1717 2145 1951 2218 [scilicet
1997 2144 2116 2218 ιω]

524 2239 943 2312 cximperatoris
968 2239 1081 2308 ⁸⁷⁸⁸,
1101 2239 1491 2297 demandatum
1525 2239 1862 2309 comprobat.
1890 2237 2115 2295 Artibus

524 2330 725 2400 quippe
749 2330 926 2387 solitis
960 2329 1102 2386 idem
1151 2327 1441 2387 Heinricus
1475 2345 1610 2385 usus
1653 2330 1792 2385 clam
1826 2328 1914 2362 ¹¹¹⁸⁷
1942 2330 2115 2402 [clan-

524 2421 666 2477 culis
712 2421 828 2493 jam
863 2430 917 2478 et
971 2439 1026 2496 q.
1073 2438 1123 2480 c.
1173 2438 1240 2479 ac
1275 2439 1331 2480 n.
1387 2418 1478 2494 E.]
1522 2422 1826 2495 querelosis
1870 2422 2114 2494 epistolis

522 2520 581 2568 et
606 2512 700 2545 ¹⁷⁸³
729 2512 947 2570 nunciis
972 2529 1351 2585 quascumque
1376 2522 1592 2585 poterat
1620 2514 1711 2548 ³⁷⁸⁸
1752 2513 1904 2586 regni
1931 2514 2115 2570 civita-

522 2612 608 2661 tes
634 2613 689 2660 et
710 2604 1026 2678 provincias
1059 2605 1398 2677 impleverat,
1430 2604 1633 2677 quibus
1673 2621 1734 2662 se
1773 2602 1882 2662 vim
1907 2621 1937 2662 a
1962 2605 2113 2677 prin-

518 2697 738 2767 cipibus
771 2712 1017 2768 passum,
1042 2697 1212 2753 immo
1244 2697 1314 2753 ab
1342 2697 1508 2754 unico
1550 2697 1663 2753 ﬁlio
1683 2697 1972 2770 depulsum
2003 2699 2110 2754 im-

2218 1504 2366 1560 tibus
2388 1504 2444 1559 in
2473 1504 2611 1560 valle
2637 1502 2957 1560 Tridentina
2981 1504 3372 1560 convenientes
3398 1501 3548 1573 apud
3570 1502 3774 1572 ejusdem

2219 1595 2461 1651 nominis
2496 1595 2795 1664 civitatem,
2842 1595 2897 1650 id
2922 1604 3009 1652 est
3054 1595 3400 1663 Tridentum,
3434 1604 3776 1667 pernoctauit

2220 1685 2433 1760 (Febr.)
2455 1728 2471 1755 ,
2525 1687 2750 1759 quidam
2792 1687 3120 1744 Adelbertus
3166 1688 3525 1755 adolescens,
3580 1688 3776 1758 partim

2216 1786 2401 1836 tamen
2441 1764 2660 1835 illarum
2703 1778 2945 1851 quodam
2982 1779 3224 1852 insignis
3266 1781 3561 1847 comitatu,
3598 1794 3779 1835 summa

2217 1886 2381 1928 mane
2429 1887 2595 1942 super
2632 1872 2806 1943 ipsos,
2858 1880 3048 1944 utpote
3087 1873 3331 1929 inermes
3376 1882 3437 1928 et
3477 1872 3778 1944 peregrinos.

2217 1978 2342 2020 cum
2367 1964 2580 2020 civibus
2625 1965 2853 2021 armatis
2881 1966 3062 2033 irruit,
3101 1965 3324 2036 spoliat,
3358 1965 3533 2035 capit,
3555 1965 3779 2020 custodi:

2216 2055 2401 2125 tradit,
2430 2056 2594 2128 idque
2621 2057 2725 2112 sibi
2754 2073 2851 2128 per
2879 2057 3178 2129 legationes
3212 2056 3429 2113 domini
3468 2057 3557 2113 sui
3581 2057 3779 2127 impau-

2216 2148 2352 2205 toris
2376 2148 2766 2219 demandatum
2788 2150 3128 2221 comprobat.
3171 2148 3242 2205 At
3267 2148 3457 2215 Iesus,
3478 2149 3578 2220 qui
3602 2164 3780 2218 semper

2214 2256 2384 2313 prope
2411 2250 2495 2298 est
2532 2257 2591 2297 se
2620 2242 3004 2299 invocantibus
3030 2250 3086 2298 et
3121 2242 3205 2298 nis
3233 2241 3396 2313 juxta
3426 2242 3525 2312 qui
3560 2241 3778 2297 tribulato

2215 2342 2345 2390 sunt
2362 2334 2546 2402 corde,
2582 2342 2806 2405 repente
2835 2350 3001 2405 super
3024 2336 3246 2390 eosdem
3296 2335 3658 2391 stultissimos
3681 2344 3777 2389 tan-

2214 2434 2399 2483 torum
2459 2435 2780 2498 magnatum
2823 2427 3187 2498 captivatores
3254 2426 3575 2483 Weifonem
3617 2427 3778 2482 deum

2212 2516 2473 2573 Noricum
2504 2519 2663 2589 quasi
2697 2518 2936 2592 gladium
2962 2519 3215 2574 limatum
3237 2520 3308 2575 de
3331 2521 3539 2593 vagina
3567 2536 3661 2576 sua
3680 2519 3784 2575 adeo

2213 2609 2329 2678 xit;
2353 2610 2449 2682 qui
2475 2610 2642 2667 tercia
2664 2612 3056 2683 superveniens
3080 2612 3169 2668 die
3196 2628 3367 2668 manu
3396 2613 3604 2681 valida,
3631 2614 3782 2668 clusas

2204 2702 2525 2760 obstructas
2566 2694 2795 2776 effregit,
2827 2703 3231 2774 Gebehardum,
3278 2706 3464 2760 virum
3505 2722 3604 2777 per
3628 2706 3783 2762 omnia

522 2788 677 2862 perio
697 2789 1033 2862 deplorabat,
1057 2806 1287 2864 regnum
1312 2790 1404 2824 ¹⁷⁹⁰
1435 2790 1491 2846 in
1516 2791 1631 2847 suis
1661 2791 1897 2848 miseriis
1923 2791 2114 2848 confu-
2147 2768 2190 2824 Β
2216 2795 2564 2863 laudabilem,
2591 2796 2951 2853 constitutum
2975 2812 3007 2852 a
3036 2813 3162 2870 rege
3184 2806 3380 2853 nostro
3402 2798 3660 2853 Heinrico
3685 2796 3781 2851 ‘l‘ri-

522 2881 652 2937 sdm
679 2881 795 2950 ‘7",
822 2881 1037 2938 cunctis
1059 2896 1454 2954 usquequaque
1473 2882 1721 2953 patribus
1754 2883 1845 2915 ³⁷⁸³
1867 2883 2113 2953 ejusdem

524 2971 761 3029 fortuna:
784 2972 877 3005 ⁸⁷⁸³
904 2972 1208 3028 timendum
1244 2971 1360 3028 fore
1388 2973 1748 3044 premonebat
1779 2974 2109 3047 exemplum.

524 3064 645 3135 Qua
675 3063 744 3120 de
764 3080 934 3121 causa
964 3064 1150 3121 nullus
1164 3064 1279 3136 jam
1309 3080 1407 3135 per
1435 3062 1645 3119 Italiam
1683 3064 1821 3120 liber
1849 3064 2113 3120 transitus

484 3140 491 3149 ⁸
520 3161 731 3220 eisdem
747 3162 924 3233 patuit
939 3160 1259 3233 ""legatis.
1288 3159 1643 3216 Gebehardus
1665 3159 1757 3192 ‘7"
1781 3167 1997 3216 tantum
2022 3158 2113 3192 ¹⁷⁹⁶

522 3253 965 3310 Constantiensis
1012 3252 1303 3324 episcopus
1342 3268 1468 3308 cum
1504 3251 1621 3307 suis
1668 3268 1763 3323 per
1788 3253 2113 3310 occultiores

521 3344 745 3416 Alpium
807 3342 1033 3400 semitas
1077 3343 1381 3413 ingressus,
1435 3340 1750 3397 Mabthildis
1802 3342 1891 3375 "9"
1936 3342 2113 3398 comi-

524 3436 695 3505 tissaa,
718 3434 945 3491 alterius
968 3432 1061 3469 ⁸⁷³⁸
1076 3434 1335 3489 nimirum
1355 3432 1614 3490 Debbora‘
1640 3433 1811 3506 (505),
1833 3435 2110 3506 presidiis,

525 3528 838 3605 apostolicis
858 3534 1204 3599 presentatur
1225 3525 1488 3598 vestigiis.
1511 3524 1747 3596 Reliqui,
1773 3534 1834 3581 ut
1854 3525 2110 3593 diximus,

526 3627 829 3693 magnates,
868 3626 929 3673 ut
955 3617 1214 3672 nimirum
1242 3632 1273 3672 a
1308 3616 1633 3673 stultissimo
1654 3616 1985 3687 captivatore
2014 3616 2112 3673 de-

522 3710 804 3785 prehensi,
854 3717 1160 3768 tractantur
1219 3708 1460 3780 indigne,
1511 3717 1692 3779 preter
1725 3706 1978 3765 Ottonem
2004 3708 2112 3765 Ba-

524 3802 952 3874 benbergensem
999 3800 1337 3877 episcopum,
1384 3800 1474 3859 cui
1499 3800 1641 3857 idem
1679 3799 2024 3870 Adelbertus,
2048 3817 2114 3858 eo

522 3890 675 3969 quod
702 3909 837 3950 suus
863 3901 1012 3949 esset
1037 3893 1214 3960 miles,
1260 3907 1486 3963 parcere
1521 3892 1818 3964 cogebatur
1844 3892 1958 3948 ‘7”.
1992 3891 2112 3963 Quo

523 3985 691 4041 etiam
739 3984 1046 4050 mediante,
1100 3982 1286 4040 Bruno
1327 3982 1679 4040 Treverensis
1723 3984 2013 4056 episcopus
2059 3994 2115 4040 et

2215 2886 2451 2943 dentium
2473 2888 2737 2945 aecclesiae
2751 2890 3043 2960 presulem,
3074 2906 3237 2962 quem
3274 2906 3569 2963 nunquam
3597 2907 3654 2948 se
3679 2905 3783 2946 sns-

2214 2989 2468 3051 cepturos
2520 2981 2668 3038 cives
2712 2981 2792 3038 illi
2853 2984 3337 3054 conspiraverant,
3396 2984 3573 3056 recipi
3618 2984 3781 3055 coegit.

2215 3072 2397 3143 ipsum
2421 3089 2640 3146 quoque
2667 3074 3022 3131 Adelbertum
3048 3077 3246 3148 suique
3265 3077 3496 3134 sceleris
3521 3078 3787 3149 complicts

2215 3164 2350 3220 adeo
2379 3165 2692 3236 perterruit,
2720 3175 2781 3222 ut
2807 3168 3036 3224 eductos
3078 3184 3220 3239 quos
3247 3170 3573 3226 clauserant
3614 3170 3787 3241 princi-

2213 3272 2311 3327 pes
2340 3244 2630 3330 ipsumque
2664 3260 2948 3315 castellum
2995 3276 3141 3316 novo
3192 3262 3458 3333 episcopo
3503 3264 3787 3327 redderent,

2214 3348 2319 3420 ipsi
2357 3348 2582 3421 insuper
2622 3350 2923 3422 nudipedes
2969 3352 3039 3407 ab
3062 3352 3150 3408 his
3181 3369 3322 3424 quos
3368 3354 3675 3410 afﬂixerant
3713 3369 3788 3406 re.

2214 3435 2365 3490 niam
2409 3436 2771 3507 postularent.
2823 3436 2979 3494 Tunc
3015 3439 3182 3494 etiam
3219 3455 3254 3494 a
3283 3435 3467 3509 prima
3516 3438 3790 3496 ebdomatb

2214 3526 2667 3598 quadragesimae,
2719 3543 2828 3600 qua
2873 3538 2928 3584 et
2957 3530 3233 3586 mediante
3270 3530 3394 3586 haec
3417 3532 3578 3603 passi
3604 3545 3789 3596 sumus,

2215 3628 2483 3676 cometem
2540 3619 2795 3677 immensi
2859 3621 3090 3694 fulgoris
3132 3638 3231 3694 per
3284 3623 3429 3680 duas
3481 3625 3793 3696 septimanas

2214 3712 2621 3784 conspeximus.
2673 3711 3028 3771 Revertentes
3076 3731 3320 3788 quoque,
3380 3725 3499 3771 tam
3553 3729 3792 3787 pauperes

2214 3821 2381 3878 quam
2415 3804 2633 3873 divites,
2660 3820 2772 3861 non
2798 3806 2919 3862 sine
2955 3807 3176 3880 preprio
3210 3807 3416 3878 singuli
3440 3807 3794 3879 dampno,re-

2214 3912 2338 3969 gem
2386 3903 2640 3953 nostrum
2685 3894 3004 3954 Heinricum
3051 3897 3312 3969 quiddam
3363 3896 3659 3954 infortunii
3690 3911 3793 3967 per-

2214 4002 2438 4058 pessum
2460 4002 2493 4042 a
2519 3986 2913 4045 rebellantibus
2947 3988 3055 4045 sibi
3101 3988 3384 4045 nonnullis
3405 4005 3511 4061 per
3544 3989 3793 4046 Alsaciam

529 4077 841 4151 Wigbertus
884 4076 976 4113 ¹⁸⁰⁹
1003 4092 1189 4134 comes
1233 4092 1300 4133 eo
1328 4085 1488 4148 pacto
1531 4076 1900 4144 dimittuntur,
1931 4076 2113 4146 quati—
2137 4115 2184 4177 ϐ
2216 4078 2514 4147 seditiosis,
2539 4077 2685 4135 fama
2709 4080 2933 4137 sinistra
2956 4082 3300 4153 percepimus
3325 4100 3341 4149 ;
3372 4082 3428 4136 in
3455 4081 3795 4151 Lotbaringia

522 4187 631 4230 nus
653 4171 1108 4242 eximperatorem
1141 4170 1231 4204 ¹⁸⁰¹
1259 4186 1385 4226 cum
1417 4170 1509 4225 illo
1530 4184 1721 4240 pacem
1753 4167 1953 4224 facturi
1979 4184 2112 4224 con-
2142 4167 2182 4177 “
2213 4184 2435 4241 quoque
2458 4168 2775 4225 Heinricum
2803 4171 2996 4227 ducem
3019 4179 3075 4227 et
3100 4171 3421 4243 episcopum
3455 4170 3794 4227 Leodienwl

522 4265 766 4333 veniant,
816 4273 872 4321 et
899 4263 1030 4338 quid
1057 4265 1149 4297 ¹⁸⁰²
1193 4263 1261 4319 de
1299 4262 1525 4334 reliquis
1551 4263 1666 4334 ipse
1687 4260 1951 4333 precipiat
1970 4262 2112 4316 rela-

521 4358 632 4416 turi
663 4356 906 4413 redeant.
936 4354 1006 4410 At
1025 4353 1205 4422 Jesus,
1239 4356 1333 4427 qui
1365 4369 1581 4426 semper
1609 4368 1776 4425 prope
1824 4361 1911 4408 est
1935 4352 2027 4385 ¹⁸⁰³
2053 4368 2113 4410 se

523 4450 907 4507 invocantibus
948 4456 1003 4504 et
1052 4447 1139 4503 his
1173 4447 1328 4518 juxta
1377 4447 1471 4479 ¹⁸⁰⁸
1524 4447 1620 4518 qui
1672 4445 1930 4502 tribulato
1982 4454 2111 4503 sunt

523 4542 709 4609 corde,
759 4548 984 4610 repente
1024 4555 1189 4611 super
1228 4539 1446 4595 eosdem
1479 4539 1584 4594 sibi
1615 4538 1840 4594 rebelles
1870 4537 2108 4595 Wclefo—

524 4649 648 4691 nem
679 4634 772 4667 ¹⁸⁰⁶
802 4633 998 4690 ducem
1042 4631 1298 4688 Noricum
1343 4631 1503 4704 quasi
1546 4630 1785 4703 gladium
1811 4630 1879 4687 de
1911 4630 2103 4704 vagina

2215 4258 2502 4316 Otbertum
2557 4260 2652 4293 ¹⁸⁰⁶
2713 4271 2906 4317 contra
2970 4277 3154 4334 regem
3220 4277 3282 4318 se
3338 4278 3596 4328 armare,
3653 4261 3793 4316 Colo-

2213 4353 2493 4424 niamque,
2532 4351 2806 4410 Iuliacum
2829 4365 2992 4425 atque
3014 4354 3287 4421 Bonnam,
3345 4372 3473 4426 quae
3494 4366 3550 4411 et
3578 4353 3791 4411 Verona.

2216 4454 2520 4518 ceteraque
2545 4448 2625 4504 cis
2656 4463 2722 4504 ac
2746 4449 2883 4504 citra
2920 4447 3173 4505 Rhenum
3213 4451 3413 4522 oppida
3446 4451 3519 4507 ad
3552 4452 3793 4507 resisten-

2215 4538 2346 4595 dum
2375 4554 2435 4596 se
2466 4555 2779 4612 preuararc.

1819 4751 2052 4808 vamzn
2090 4705 2499 4811 LECTIONES.

634 4856 725 4887 ³⁷⁸⁷
773 4853 812 4909 f.
862 4851 1094 4924 ejusque
1136 4851 1283 4924 7.
1327 4850 1419 4883 ³⁷⁸⁸
1467 4850 1583 4924 jam
1630 4862 1741 4924 non
1794 4849 1848 4924 5.

531 4928 588 4982 4.
638 4926 693 4983 5.
754 4924 805 4980 7.
864 4920 952 4979 {0.
998 4920 1086 4978 11.
1196 4921 1289 4954 ³⁷⁷⁸
1334 4921 1577 4977 marchie
1628 4920 1713 4976 9°.

526 4996 619 5028 ³⁷⁷⁵
667 4996 997 5052 elimanatus
1046 4994 1133 5048 10.
1237 4991 1331 5023 ’⁷⁷⁸
1385 4991 1540 5047 eritis
1564 4991 1616 5046 4.

523 5068 579 5123 4.
657 5066 750 5098 ¹⁷⁰⁰
785 5068 842 5121 in
868 5065 952 5120 10.
980 5080 1193 5122 erasum
1215 5073 1313 5131 est,
1342 5062 1484 5116 deest
1524 5062 1610 5131 ll.

521 5135 752 5210 γίνεύὶ
786 5151 1159 5210 nonnunquam
1189 5133 1247 5210 βο
1348 5134 1440 5210 fit"?
1459 5134 1538 5210 ἤια
1566 5130 1629 5210 Ετ

1718 5059 1808 5093 ¹⁷⁸²
1834 5069 1889 5115 et
1933 5059 2103 5115 6.'9°.

524 5279 620 5313 ωδ
643 5278 680 5332 1.
718 5292 773 5349 ι).
804 5277 856 5334 7ο
906 5348 913 5349 ,
965 5277 1059 5349 1'?
1088 5275 1544 5349 ερδθδειηᾱμξθοε

1984 4848 2078 4881 ¹⁷⁶⁹
2125 4850 2270 4905 deest
2328 4850 2415 4906 10.
2484 4850 2570 4904 11.

1823 4918 1915 4952 ¹⁷⁷⁸
1969 4920 2048 4974 ita
2103 4918 2167 4989 E,
2205 4922 2347 4976 deest
2384 4921 2500 4975 rell.

1734 4989 1824 5061 "7"
1846 4989 1961 5061 iam
1996 5005 2051 5061 ι)-
2104 4990 2159 5045 ἀι

1734 5132 1826 5165 ³⁷⁸⁸
1860 5130 2209 5200 imperatoris
2240 5133 2293 5186 4.
2339 5148 2408 5187 ex
2449 5149 2659 5187 erasum
2706 5133 2806 5189 ΕΞ.

525 5199 614 5262 10.
652 5199 741 5261 1-1.
819 5208 911 5241 ⁸⁷⁸⁸
934 5199 1074 5261 deest
1106 5205 1157 5259 7.
1182 5205 1268 5261 9°.
1346 5203 1439 5238 ¹⁷⁹⁰
1466 5205 1523 5259 in
1549 5203 1665 5261 suis
1690 5218 1739 5256 r.
1771 5202 1826 5258 1.
1907 5199 1999 5233 ¹⁷⁹¹
2031 5209 2085 5255 et
2108 5199 2291 5255 fhsum
2318 5201 2371 5256 6.
2419 5202 2657 5258 effusum
2704 5205 2785 5259 7°.
2863 5205 2955 5241 ’ἠ

2706 4852 2798 4884 ¹⁷⁷⁰
2828 4852 3178 4909 vverenherus
3225 4852 3279 4907 6.
3326 4853 3415 4909 9°.
3486 4850 3791 4906 wet-uberes

2653 4922 2746 4953 ’⁷⁷³
2801 4938 2857 4977 n.
2920 4939 2965 4977 r.
3004 4922 3067 4977 E.
3218 4922 3311 4956 ‘m
3363 4924 3513 4976 deest
3582 4923 3666 4975 l0.
3720 4920 3788 4971 ll.

2215 4992 2267 5045 4.
2380 4991 2473 5023 ¹⁷⁷⁸
2504 4991 2629 5047 trid.
2662 4992 2799 5048 inv.
2828 4994 2881 5048 4.
2996 4995 3089 5028 ⁸⁷⁷⁸
3136 4993 3189 5050 id
3253 5004 3337 5051 est
3390 4995 3428 5048 i.
3487 4991 3789 5047 tridentinn

2218 5061 2312 5097 ³⁷⁸⁸
2342 5061 2378 5117 i.
2408 5077 2459 5116 a.
2486 5062 2537 5116 4.
2659 5064 2752 5096 ¹⁷⁸³
2792 5064 3015 5121 tradidit
3055 5065 3106 5120 7.
3222 5066 3319 5098 ⁸⁷⁸⁸
3367 5063 3436 5119 Il.
3493 5064 3659 5117 codd.
3706 5077 3791 5114 ac—

2240 5133 2293 5186 4.
2339 5148 2408 5187 ex
2449 5149 2659 5187 erasum
2706 5133 2806 5189 ΕΞ.
2915 5137 3004 5168 ⁵⁷⁸⁷
3032 5152 3161 5191 nam
3202 5136 3255 5191 6.
3288 5136 3342 5191 7.
3365 5136 3453 5191 9°.
3537 5135 3636 5166 m‘
3664 5134 3787 5186 datst

2991 5152 3001 5168 '
3032 5152 3161 5191 nam
3202 5152 3255 5192 o.
3290 5152 3342 5191 '1.
3365 5152 3453 5191 νε.
3537 5152 3636 5166 υτ*
3664 5152 3783 5186 ικε

2991 5207 3239 5277 partibus
3268 5206 3324 5261 6.
3374 5204 3503 5277 ff?
3555 5206 3698 5258 deat
3736 5204 3783 5277 _l.

1658 5273 1752 5305 ιτοο
1776 5282 1959 5328 tamen
1989 5270 2043 5325 4.
2120 5271 2210 5303 ιτοτ
2242 5271 2521 5328 mathildis
2544 5272 2643 5328 Dl.
2675 5263 2729 5329 ι’.
2757 5263 3020 5332 mathilde
3064 5276 3127 5332 E.
3180 5275 3546 5333 macbthildis
3572 5277 3628 5331 5.
3655 5272 3787 5328 mei-

518 5349 674 5406 tildis
702 5340 756 5403 6.
780 5340 1168 5417 mechtildis'7.
1205 5346 1483 5402 metbildis
1519 5344 1604 5401 9c.
1684 5342 1956 5417 ινξοριωτί
1983 5340 2160 5417 βω.
2231 5342 2322 5375 ιτεο
2341 5343 2635 5417 videbatur
2662 5345 2712 5400 7.
2791 5346 3173 5417 mutamus
3197 5347 3296 5402 Dl.
3323 5340 3781 5417 wicper‘tnsi]

518 5420 820 5475 wimertus
872 5418 958 5475 9°.

522 5487 803 5545 “‘rauod
850 5489 903 5543 6.
957 5488 1009 5543 7.
1060 5487 1146 5545 9°.

517 5557 730 5620 4-11.
806 5559 900 5594 ⁸⁸⁸⁸
931 5557 998 5616 0.
1028 5558 1146 5614 cod.

1070 5416 1162 5489 f'“
1209 5416 1665 5489 eximperatorem
1718 5414 1894 5489 deleta
1912 5411 2185 5489 -εειζιαὺᾳΔ
2209 5428 2302 5489 εξ.-
2325 5414 2396 5482 4.,
2444 5414 2831 5489 imperatorem
2890 5415 3009 5489 ΕΞ.
3040 5426 3096 5489 et
3149 5411 3547 5489 imperatoriam
3594 5416 3679 5489 19.
3710 5415 3779 5468 ll.

1260 5482 1446 5543 ποίεε
1473 5487 1731 5544 omnibus
1760 5487 1797 5542 i.
1825 5485 1879 5541 6.
1912 5482 1984 5538 7.’
2005 5482 2090 5539 9°.
2123 5483 2210 5539 10.
2245 5485 2331 5539 11.
2369 5482 2625 5542 omnibus
2670 5488 2708 5542 i.
2755 5488 2810 5543 5.

2926 5487 3020 5521 ⁸³⁸⁸
3054 5488 3200 5543 deest
3231 5487 3298 5543 ’4.
3375 5487 3471 5521 "”
3512 5488 3780 5543 Ivem

2029 5624 2261 5684 NOTAE}.

591 5721 744 5806 (3:05)
773 5720 1012 5806 ‘Cf..Vita
1037 5719 1096 5806 8ἔ
1125 5719 1370 5804 Hugonis
1396 5719 1777 5806 Gratianopol.
1802 5722 1938 5779 Acta
1976 5722 2076 5779 SS.
2111 5725 2281 5806 April.
2316 5723 2358 5793 Ι,
2401 5741 2455 5797 p.
2500 5725 2569 5781 39
2600 5745 2613 5781 :
2668 5724 2853 5806 Sed_et
2907 5727 3182 5783 comitissa
3204 5724 3537 5806 ﬂaminia,
3581 5722 3774 5806 ﬁdit-3

522 5792 751 5871 quidem“
765 5792 977 5871 feminei
1002 5792 1091 5871 sed
1125 5793 1290 5845 animi
1310 5808 1403 5871 per
1421 5802 1611 5871 cuncta
1632 5792 1825 5871 virilis,
1859 5811 1976 5865 qua:
2001 5792 2187 5871 reruni
2215 5792 2571 5852 humanarum
2622 5797 2878 5853 tumultus
2913 5808 3069 5868 atque
3105 5798 3340 5871 pericula
3370 5798 3553 5850 instar
3574 5795 3773 5863 proptr

522 5860 672 5919 time
707 5860 925 5918 Debora:
950 5860 1234 5931 prudenter
1259 5860 1442 5916 sedare
1464 5872 1515 5917 et
1545 5863 1757 5933 fortiter
1786 5860 1997 5921 nouerat
2023 5866 2269 5922 tolerare.
