3862 6306
46 333 148 387 40,5
884 316 1254 376 CllRONlCA.
1296 351 1365 359 --
1405 322 1800 384 CHRONlCON
1840 323 2299 383 UNIVERSALE.
3092 321 3228 378 1006

45 462 115 505 sua
134 439 323 505 eduxit;
353 438 438 509 qui
463 437 627 494 tercia
653 441 1044 509 superveniens
1064 441 1153 497 die
1188 443 1277 482 ’⁸⁸⁷
1308 459 1472 499 manu
1503 446 1703 517 valida,
1745 450 1927 506 clusas
1960 449 2051 480 ¹⁸⁶⁸
2073 447 2386 502 obstructas
2429 443 2656 515 effregit.
2691 442 2866 498 Gebe-

45 537 233 602 bardum,
257 532 417 587 virum
446 531 754 602 probatum,
780 530 1113 589 Tridentina
1136 535 1396 592 acclesia
1418 539 1773 596 constitutum
1802 557 1835 597 a
1856 557 1981 613 rege
2007 540 2278 597 catholico
2306 555 2507 595 novum
2535 538 2874 609 episcopum,

45 643 160 700 quem
178 640 428 697 nunquam
457 638 515 679 se
543 632 897 696 suscepturos
923 625 1073 681 cives
1093 625 1200 698 ipsi
1225 630 1696 699 eonspiraverant,
1733 633 1903 704 recipi
1941 632 2137 704 coegit,
2161 632 2344 703 ipsum
2367 647 2587 703 quoque
2621 631 2877 686 Adel-ber-

45 737 121 781 tum
140 723 304 792 suique
324 719 537 775 sceleris
559 719 852 790 compliees
883 719 1018 775 adeo
1042 721 1356 790 perterruit,
1397 731 1457 778 ut
1477 724 1704 780 eductos
1740 739 1881 795 quos
1918 725 2230 781 clauserant
2271 724 2547 795 principes
2578 724 2868 795 ipsumque

45 813 264 871 castellum
282 824 413 864 novo
437 808 694 879 episcopo
730 808 1040 875 redderent,
1070 808 1171 879 ipsi
1190 809 1413 881 insuper
1447 812 1749 883 nudipedes
1784 813 1962 870 abhis
2008 829 2148 885 quos
2177 813 2480 870 aﬂlixerant
2519 815 2734 870 veniam
2774 831 2874 885 po-

45 906 264 961 stularent.
300 899 445 956 Tune
466 901 630 955 etiam
665 916 697 955 a
738 899 914 971 prima
943 900 1247 957 ebdomada
1293 903 1748 976 quadragesima,
1776 921 1886 976 qua
1924 914 1979 961 et
2019 906 2292 962 mediante
2332 908 2451 963 haec
2473 908 2623 978 passi
2661 924 2874 976 sumus,

45 1010 247 1058 mmetam
274 996 517 1053 immensi
543 996 776 1069 fulgoris
802 996 894 1030 ¹⁸⁰⁹
933 1013 1108 1069 usque
1138 999 1206 1054 ad
1240 1000 1555 1070 passionem
1599 1000 1817 1057 Domini
1864 1002 2254 1072 conspeximus
2285 1003 2495 1075 (Febr.;
2527 1003 2740 1077 Mart.)
2773 1005 2879 1061 Re-

45 1099 248 1149 vertentes
286 1088 374 1121 ⁸⁸⁸⁸³
419 1104 657 1159 quoque,
690 1098 803 1144 tam
840 1105 1109 1160 pauperes
1151 1106 1322 1161 quam
1357 1091 1574 1160 divites,
1606 1107 1719 1148 non
1767 1092 1889 1149 sine
1937 1092 2160 1164 proprio
2188 1093 2387 1164 singuli
2407 1094 2664 1165 dampno,
2698 1110 2879 1166 regem

45 1200 225 1245 rostrum
248 1185 553 1241 Heinrieum
582 1185 841 1255 quiddam
866 1184 1155 1240 infortunii
1180 1186 1270 1218 ¹⁸¹¹
1298 1201 1618 1259 perpessum
1638 1203 1671 1244 a
1701 1188 2093 1245 rebellantibus
2140 1189 2245 1245 sibi
2289 1190 2565 1245 nonnullis
2606 1206 2705 1261 per
2724 1191 2882 1247 Alsa-

45 1280 130 1334 iam
157 1277 404 1334 seditiosis
428 1275 543 1344 ‘3",
569 1274 716 1330 fama
744 1275 968 1331 sinistra
992 1276 1085 1308 ⁸⁸η
1106 1278 1472 1348 percepimus,
1498 1286 1711 1350 patrem
1738 1294 1872 1336 vero
1889 1279 2035 1350 regis
2060 1295 2170 1335 non
2195 1279 2409 1335 modica
2435 1280 2653 1337 sibimet
2681 1284 2881 1339 auxilia

45 1386 175 1431 routra
194 1376 347 1431 ﬁlium
368 1372 678 1444 attraxisse,
711 1368 818 1428 hoc
840 1381 923 1428 est
945 1372 1266 1444 episcopum
1289 1373 1669 1444 Leodiensem,
1698 1374 2015 1432 Heinricum
2054 1376 2251 1431 ducem
2293 1374 2738 1433 Lothariensium
2763 1380 2876 1445 ωδ,

46 1469 277 1536 Zoloniam,
300 1466 590 1535 Iuliacum,
614 1465 889 1534 Bunnam,
920 1480 1045 1538 qua
1064 1474 1119 1522 et
1140 1463 1381 1537 Verona,
1411 1476 1718 1540 cateraque
1761 1469 1934 1541 partis
1962 1468 2113 1526 illius
2136 1468 2334 1541 oppida
2363 1487 2378 1536 ;
2425 1468 2652 1540 hacque
2678 1473 2874 1527 nonni-

45 1566 108 1621 τιιὶι
127 1564 434 1620 titubationis
460 1561 710 1634 religioni
733 1560 1086 1617 minabantur
1113 1562 1416 1619 catholicae.

77 1655 301 1712 Caeterum
326 1655 416 1688 ¹⁸¹⁸
439 1671 538 1711 rex
566 1652 856 1711 Heiuricus
881 1654 1067 1711 divina
1094 1656 1388 1712 roboratus
1421 1671 1548 1712 eon-
1576 1662 1621 1721 Λ
1720 1657 1989 1713 Caeterum
2020 1673 2115 1712 rex
2144 1656 2434 1713 Heinricus
2484 1658 2669 1714 divina
2722 1660 3012 1721 roboratus
3059 1670 3235 1724 conti-
3316 1674 3317 1677 ‘

45 1748 213 1814 ldentia,
238 1762 331 1804 nec
355 1746 540 1803 minus
568 1745 1015 1818 magnanimitate
1038 1746 1312 1803 animatus
1333 1746 1542 1815 innata,

45 1842 122 1896 lum
141 1839 277 1912 quasi
315 1848 496 1911 partes
524 1838 778 1894 inimicas
818 1836 1229 1906 humiliaturus,
1259 1837 1544 1905 Leodium,

45 1933 273 1989 aschalem
314 1931 446 1987 inibi
496 1931 710 1988 curiam
771 1930 1063 1986 habiturus
1109 1931 1226 2000 ‘3“,
1275 1931 1548 1987 converti-

45 2040 90 2078 ur
116 2023 207 2092 “",
249 2032 366 2094 post
392 2022 595 2079 festum
630 2022 938 2094 palmarum
964 2021 1207 2078 Coloniae
1236 2021 1549 2078 cedentibus

45 2117 217 2173 IOSllbllS
227 2117 594 2186 satisjocunde
610 2117 944 2174 celebratum
956 2117 1049 2150 ¹⁸¹⁸
1065 2116 1254 2189 (Mart.
1274 2116 1384 2187 18),
1399 2125 1549 2174 moto

49 2210 262 2278 omitatu,
295 2226 520 2268 rursum
552 2208 788 2266 fortuna
823 2209 1206 2266 sinistrorsum
1237 2210 1343 2267 sibi
1370 2219 1549 2266 rotam

48 2300 186 2357 olvere
208 2303 375 2371 sentit,
403 2302 540 2358 dum
567 2302 831 2358 nimirum
861 2302 952 2335 ⁸⁸η
981 2301 1095 2376 [res
1121 2301 1237 2377 ¹⁸²⁰]
1267 2303 1551 2361 inconsul-

45 2389 104 2445 ius
115 2391 190 2424 "“
211 2393 393 2465 agitur.
413 2392 556 2449 Nam
574 2393 791 2465 cognita
812 2393 984 2464 patris
1004 2393 1427 2463 machinatione,
1456 2396 1549 2466 qui

45 2482 167 2554 tique
196 2500 267 2553 se,
317 2495 376 2542 ut
402 2488 494 2542 vir
516 2486 747 2543 bellator
787 2485 857 2542 ab
887 2486 1254 2543 adolescentia
1299 2503 1400 2544 sua
1435 2487 1549 2556 ¹⁸²²,

45 2576 122 2633 atis
147 2589 513 2651 argumentose
534 2595 634 2651 per
672 2579 974 2635 conductas
1000 2579 1069 2635 ad
1098 2579 1396 2648 civitatem,
1443 2594 1552 2650 qua

48 2669 185 2725 uriam
223 2671 478 2728 indictam
530 2672 958 2743 prescripsimus
981 2714 998 2740 ,
1052 2672 1242 2744 copias
1296 2671 1554 2728 resistere

46 2760 215 2828 arabat,
242 2761 352 2832 ipse
368 2762 606 2833 juvenili
634 2762 1026 2819 nichilominus
1052 2762 1400 2819 animositate
1424 2777 1554 2818 sue-

45 2866 188 2921 ensus,
228 2854 333 2923 illo,
370 2871 546 2927 parva
577 2855 706 2912 licet
750 2871 919 2912 manu
956 2856 1192 2923 cinctus,
1228 2863 1291 2910 ut
1315 2862 1558 2925 caperat

1649 1750 1853 1815 dentia,
1909 1749 2041 1804 dum
2098 1749 2255 1820 quasi
2307 1758 2489 1820 partes
2550 1750 2802 1808 inimicas
2849 1753 3237 1816 liumiliaturus

1649 1842 1935 1910 Leodium,
1966 1840 2256 1897 habiturus
2279 1842 2413 1897 inibi
2461 1844 2775 1913 paschalem
2823 1849 3057 1918 curiam,
3106 1867 3237 1907 con-

1647 1935 1896 2001 vertitur,
1929 1943 2053 2005 post
2074 1934 2269 1989 festum
2301 1935 2608 2005 palmarum
2641 1936 2881 1997 Colonia
2922 1944 3238 2001 cedentibus

1647 2023 1902 2080 hostibus
1930 2025 2065 2080 satis
2085 2025 2323 2095 jocunde
2350 2027 2680 2083 celebratum
2711 2029 2896 2100 (Mart.
2947 2033 3059 2103 18),
3087 2045 3239 2091 moto

1648 2117 1934 2183 comitatu,
1970 2132 2194 2173 rursum
2239 2116 2471 2174 fortuna
2500 2128 2676 2176 rotam
2718 2122 3097 2181 sinistrorsum
3131 2129 3237 2183 sibi

1647 2210 1793 2266 volvi
1855 2211 2158 2280 persentit,
2225 2211 2357 2269 dum
2413 2213 2675 2269 nimirum
2740 2215 3098 2275 inconsultius
3149 2236 3239 2277 res

1650 2302 1848 2375 agitur,
1899 2302 2031 2358 dum
2081 2304 2197 2374 ipse
2240 2303 2468 2376 juvenili
2527 2322 2827 2365 succensus
2867 2311 3237 2381 animositate,

1649 2410 1813 2465 parva
1843 2395 1969 2453 licet
1996 2412 2184 2463 manu,
2236 2397 2447 2453 curiam
2483 2399 2787 2455 condictam
2818 2402 3071 2460 hostibus
3100 2406 3241 2460 invi-

1649 2487 1722 2542 tis
1769 2487 1920 2542 adire
1951 2495 2199 2543 conatur.
2237 2486 2530 2545 Premissis
2567 2490 2750 2561 itaque
2783 2496 3039 2551 trecentis
3084 2497 3238 2564 viris,

1651 2578 1746 2649 qui
1772 2588 1991 2649 pontem
2035 2595 2199 2649 super
2241 2579 2450 2636 Mosam
2496 2580 2721 2638 ﬂuvium
2752 2584 2869 2640 loco
2900 2587 2994 2656 qui
3042 2588 3243 2644 dicitur

1654 2666 1913 2739 Wegesaz
1975 2676 2349 2724 constructum
2400 2670 2753 2727 observarent
2779 2702 2849 2712 —-—
2872 2690 3001 2730 nam
3051 2693 3242 2735 omnes

1652 2760 1898 2829 ejusdem
1931 2758 2174 2817 ﬂuminis
2206 2762 2473 2818 transitus
2512 2763 2699 2820 hostes
2726 2764 3240 2837 interruperant—,

1654 2851 1786 2907 dum
1810 2867 1906 2907 rex
1932 2852 1989 2907 in
2014 2853 2217 2924 palatio
2249 2853 2581 2927 Aquisgrani
2615 2872 2808 2913 cenam
2851 2857 3069 2915 Domini
3095 2862 3241 2918 cele-

45 2958 93 3009 re,
117 2948 381 3004 contendit.
425 2948 554 3017 Qua
597 2949 666 3005 de
705 2964 766 3004 re
792 2947 1079 3020 premissis
1109 2947 1214 3003 500
1264 2947 1418 3015 viris,
1459 2948 1555 3017 qui
1655 2945 1780 3000 brat
1801 2944 1988 3017 (Mart.
2016 2945 2130 3017 22),
2159 2947 2271 3002 dux
2293 2945 2583 3005 Heinricus
2628 2965 2755 3005 cum
2795 2952 3036 3009 exercitu
3065 2943 3243 3027 regios

46 3044 187 3091 cutem
207 3055 362 3111 super
385 3039 604 3097 Masam
628 3041 722 3073 ¹⁸⁸³
748 3040 973 3096 ﬂuvium
998 3040 1118 3097 loco
1158 3040 1255 3111 qui
1285 3039 1549 3112 Wegesaz
1581 3027 1625 3082 Β
1650 3037 1720 3093 ad
1762 3045 1983 3109 pontem
2034 3038 2242 3095 invadit
2285 3041 2509 3111 milites,
2562 3042 2883 3114 naviterque
2923 3046 3244 3105 resistentes

45 3125 92 3159 “‘
128 3129 257 3204 (504)
298 3134 503 3191 dicitur
549 3142 927 3191 constructum
956 3134 1401 3191 observarent~
1423 3149 1551 3189 nam

46 3234 168 3277 mnes
187 3224 417 3294 ejusdem
447 3226 696 3282 ﬂuminis
724 3226 990 3282 transitus
1008 3226 1124 3297 jam
1156 3226 1345 3281 hostes
1383 3224 1554 3280 inter-

45 3323 228 3381 uperant
244 3347 329 3384 -—,
357 3318 489 3375 dum
526 3335 623 3375 rex
660 3318 716 3373 in
744 3318 947 3389 palatio
982 3317 1314 3390 Aquisgrani
1339 3330 1551 3373 canam

45 3403 189 3459 lomini
211 3407 439 3465 celebrat
464 3408 664 3480 (Hart.
694 3409 809 3481 22),
842 3410 955 3465 dux
988 3409 1083 3442 ¹⁸²⁸
1108 3407 1398 3465 Heinrieus
1427 3422 1554 3463 eum

45 3496 211 3553 xercitu
230 3501 528 3559 casariano
556 3502 739 3575 regios
763 3503 832 3558 ad
855 3511 1078 3574 pontem
1105 3502 1313 3558 invadit
1330 3500 1554 3570 milites,

47 3585 287 3660 aviterque
320 3594 643 3651 resistentes
683 3602 800 3651 arte
827 3594 1071 3666 quadam
1094 3593 1398 3666 equitandi.
1447 3608 1556 3663 qua

45 3690 118 3733 ens
163 3680 244 3738 illa
287 3684 411 3755 plus
454 3686 670 3744 eateris
725 3687 820 3720 ¹⁸²⁶
871 3687 1078 3754 utitur,
1133 3686 1190 3742 in
1243 3686 1441 3742 latiora
1465 3685 1557 3718 ¹⁸²⁷

45 3768 247 3843 eductos,
283 3777 657 3836 'multitudine
710 3779 987 3853 legionum
1038 3778 1229 3851 cingit,
1277 3778 1555 3849 opprimit,

45 3864 280 3918 ternit‘m
306 3879 473 3942 atque
509 3871 696 3942 capit;
747 3871 1045 3927 nonnullos
1084 3869 1250 3924 etiam
1305 3869 1560 3925 cedentes

46 3953 172 4011 uvius
215 3963 438 4018 voravit.
494 3962 723 4018 Videres
766 3962 1100 4018 fortissimos
1147 3959 1476 4017 Machabeos
1502 3958 1558 4013 in

45 4042 122 4100 cllo
162 4049 244 4083 ¹⁸²⁹
291 4055 580 4111 catholica
614 4054 787 4126 pacis,
831 4061 958 4126 post
1001 4061 1239 4126 stragem
1267 4052 1559 4124 plurimam

45 4141 282 4202 Postatica
305 4148 451 4218 genti
481 4148 712 4215 illatam,
743 4147 847 4204 ﬁde
876 4162 1077 4220 magna
1110 4154 1166 4203 et
1206 4146 1402 4202 laticia
1429 4161 1562 4204 suas

45 4225 185 4287 uimas
238 4233 461 4294 Christo
514 4254 617 4309 pro
664 4254 724 4295 se
772 4253 939 4309 passo
987 4238 1432 4295 commendantes
1495 4252 1563 4294 ac

1653 3138 1771 3186 arte
1795 3137 2031 3201 quadam
2058 3132 2360 3203 equitandi,
2409 3126 2517 3205 qua
2560 3152 2694 3206 gens
2749 3136 2839 3193 illa
2882 3137 3007 3208 plus
3030 3140 3245 3197 eateris

1654 3223 1846 3291 utitur,
1910 3224 1969 3280 in
2024 3224 2219 3281 latiora
2265 3226 2530 3283 deductos
2584 3228 2837 3301 ampliori
2899 3231 3249 3289 multitudine

1653 3315 1845 3387 cingit,
1917 3317 2197 3388 opprimit,
2263 3319 2460 3375 sternit
2516 3328 2678 3392 atque
2738 3322 2929 3392 capit;
2988 3325 3246 3382 nonullos

1653 3405 1820 3460 etiam
1847 3406 2106 3464 cadentes
2132 3407 2331 3464 ﬂuvius
2363 3411 2596 3466 voravit.
2646 3410 2873 3470 Videres
2912 3413 3247 3474 fortissimos

1654 3494 1980 3555 Machabeos
2020 3500 2078 3555 in
2112 3500 2255 3557 bello
2295 3503 2580 3560 catholica
2619 3507 2792 3575 pacis,
2838 3516 2963 3577 post
3008 3517 3247 3581 stragem

1655 3590 1950 3661 plurimam
2001 3593 2318 3663 apostatiea
2364 3596 2513 3667 genti
2560 3597 2787 3667 illatam,
2822 3600 2927 3657 ﬁde
2958 3615 3152 3674 magna
3192 3612 3251 3658 et

1655 3682 1852 3740 laticia
1895 3698 2025 3740 suas
2066 3685 2283 3742 animas
2312 3684 2533 3744 Christo
2561 3704 2660 3759 pro
2684 3706 2745 3747 se
2771 3706 2935 3761 passo
2963 3707 3248 3749 commen-

1654 3775 1870 3843 dantes,
1901 3792 1966 3831 ae
1994 3776 2311 3847 hujusmodi
2352 3795 2452 3850 pro
2479 3782 2713 3838 transitu
2746 3785 2990 3854 priorum
3018 3786 3249 3843 delicto-

1654 3880 1781 3919 rum
1806 3864 2023 3920 veniam
2052 3867 2107 3921 in
2134 3869 2326 3925 eadem
2351 3870 2702 3942 indulgentiae
2729 3874 2816 3929 die
2838 3891 2897 3931 se
2919 3886 3249 3935 consecutos

1657 3956 1890 4012 invitam
1923 3959 2291 4016 consolantes.
2346 3960 2444 4018 His
2494 3963 2729 4021 fortuna
2775 3965 3029 4035 fallaciis,
3078 3970 3251 4026 immo

1657 4048 1861 4105 summi
1914 4049 2272 4121 dispositione
2320 4052 2521 4123 iudicis
2544 4096 2558 4122 ,
2611 4072 2782 4138 mens
2811 4059 3249 4117 scismatieorum

1658 4148 1984 4210 tumescere,
2045 4159 2148 4199 nee
2190 4153 2372 4201 tamen
2416 4148 2847 4205 orthodoxorum
2879 4167 3004 4221 spes
3032 4153 3251 4209 dceres--

1660 4248 1783 4289 cere
1804 4234 1963 4305 cepit.
2025 4234 2138 4291 Rex
2189 4236 2336 4293 enim
2379 4238 2521 4294 inter
2574 4240 2694 4311 ipsa
2761 4244 3040 4312 paschalia
3111 4245 3249 4302 festa

45 4317 280 4387 “jusmodi
306 4343 409 4397 pro
444 4330 685 4385 transitu
720 4330 967 4400 priorum
993 4330 1317 4385 delictorum
1342 4329 1559 4385 veniam
1596 4395 1626 4402 _
1663 4325 1851 4398 (Mart.
1882 4326 1995 4397 25),
2051 4343 2174 4398 qua
2209 4336 2338 4386 tunc
2389 4348 2489 4402 pro
2536 4342 2732 4389 eventu
2764 4336 2844 4390 rei
2882 4334 3088 4393 Bunna
3110 4338 3253 4394 cele-

45 4426 53 4461 ι
85 4413 254 4470 eadem
302 4395 661 4492 indulgentia
707 4395 796 4476 die
840 4435 899 4476 se
955 4427 1283 4476 consecutos
1321 4419 1555 4474 invitam
1586 4395 1628 4453 (ἶ
1660 4406 1875 4486 hmiat,
1911 4418 2229 4477 Heinrieum
2260 4423 2475 4493 ducem,
2504 4424 2713 4495 judicio
2746 4427 3070 4497 optimatum
3096 4444 3248 4484 reum

45 4505 334 4565 msclantes.
366 4510 467 4569 His
490 4511 726 4569 fortuna
746 4510 997 4581 fallaciis,
1024 4512 1195 4568 immo
1218 4511 1420 4568 summi
1439 4512 1556 4567 dis-

45 4594 235 4656 isitione
271 4602 480 4673 judieis
502 4646 519 4673 ,
572 4620 731 4662 mens
794 4605 1163 4661 hereticorum
1212 4614 1516 4662 tumescere
1540 4645 1559 4672 ,

45 4696 269 4748 tutamen
288 4697 728 4754 orthodoxorum
763 4697 854 4731 ³⁸³⁸)
884 4714 1008 4770 spes
1029 4699 1346 4755 decrescere
1373 4697 1556 4767 capit.

45 4792 94 4831 ex
117 4784 253 4841 enim
286 4788 376 4821 ⁸⁸³⁸
409 4790 557 4845 inter
582 4791 700 4861 ipsa
728 4791 1005 4861 paschalia
1042 4789 1179 4847 festa
1225 4789 1413 4861 (Hart.
1440 4789 1557 4859 25).

1662 4512 1967 4583 majestatis
1989 4522 2043 4569 et
2063 4514 2277 4570 hostem
2311 4517 2391 4572 rei
2419 4518 2670 4588 publica,
2713 4520 2914 4576 ducatu
2959 4521 3157 4591 privat,
3188 4536 3254 4576 ae

1662 4606 1969 4676 generalem
2012 4608 2407 4678 expeditionem
2457 4621 2645 4668 contra
2693 4612 3124 4686 Lctharingiam,
3156 4629 3252 4669 ae-

1665 4707 1822 4768 cepto
1855 4714 1887 4754 a
1925 4699 2267 4770 principibus
2311 4717 2678 4773 sacramento,
2697 4721 2796 4778 per
2820 4715 2995 4762 totum
3022 4721 3252 4777 regnum

1664 4790 1856 4846 indicit
1884 4798 1939 4847 et
1966 4802 2234 4862 preparat.

49 4884 100 4924 Ia
149 4884 273 4935 tunc
315 4897 420 4950 pro
475 4892 673 4939 eventu
699 4883 777 4939 rei
811 4883 903 4920 ¹⁸³³
947 4883 1156 4941 Bunna
1186 4883 1278 4915 ¹⁸³³
1309 4881 1619 4938 celebrabat
1645 4879 1756 4951 ιω,
1785 4881 2102 4941 lleinricum
2127 4885 2345 4956 ducem,
2373 4888 2581 4960 judicio
2606 4890 2932 4962 optimatum
2954 4907 3108 4949 reum

1254 5012 1491 5070 VARle
1530 5013 1929 5081 LECTIONES.

57 5116 148 5217 "z:
174 5122 240 5180 de
288 5127 388 5217 9εε.Δ
494 5127 588 5160 ¹⁸⁰⁸
638 5128 1145 5217 ειειυεδξμίοῖγμὲ
1372 5128 1754 5217 Qisscriptgm
1932 5137 1985 5192 2.
2010 5140 2297 5217 immenso
2342 5142 2549 5217 fulgore
2581 5146 2634 5217 5.

494 5127 588 5160 ¹⁸⁰⁸
638 5128 858 5207 clausas
890 5129 991 5207 _l0.
1044 5129 1145 5207 11ζ
1240 5129 1333 5207 ff?
1372 5128 1451 5207 (_n's
1494 5130 1754 5207 scriptum
1791 5131 1888 5207 El.
1932 5137 1985 5192 2.
2027 5140 2297 5198 immenso
2342 5142 2549 5207 fulgore
2581 5146 2634 5200 5.
2740 5147 2832 5180 ’δίο
2873 5158 3252 5207 eonvertentcs

46 5204 649 5277 rgeonneuentesucorr,
699 5200 1061 5277 conuitientes
1086 5200 1188 5277 _7._
1243 5199 1334 5277 ‘_°“
1361 5199 1716 5277 _fortunii'jO.
1788 5204 1889 5277 ff“
1928 5209 2217 5277 seditionis
2268 5215 2322 5269 4.
2373 5199 2540 5269 5.”⁷7ξ
2591 5199 2687 5272 7170.
2752 5219 2840 5272 11.
2880 5199 3250 5277 Ἶδῖἶῗεῖἧᾷἶιῖ

45 5268 335 5347 matram];
416 5268 535 5347 ‘1‘:
552 5271 1038 5347 lotharingiensem
1173 5269 1568 5347 lothoriensem
1618 5272 1715 5347 9f.
1784 5274 1875 5347 f'”
1917 5276 2024 5336 Sed
2064 5282 2119 5337 4.
2199 5268 2687 5342 ¹⁸¹⁶ννὴάὺίῑ³ίυιδῖιξ
2722 5268 2911 5343 ιιῗὶθ.
2992 5268 3253 5347 ’δίῖῖῖξιῖῖ

45 5332 356 5430 ςιίωιέτξε.
440 5339 537 5430 ff:
573 5332 2221 5430 celebrafur'umﬂagfizj.91.39.2175"“deestlﬁéwivﬂs.
2301 5332 2988 5430 ifi3:§i;'izl’(21c'.)"iw
3029 5332 3253 5417 ίηςῦἷιέὲ

46 5410 121 5499 ⁸υὲ
154 5408 217 5499 ,9ο
573 5411 824 5499 deem-
856 5412 908 5468 7~
939 5412 1024 5499 ?°-
1058 5412 1167 5499 1.9;.
1212 5412 1301 5499 tl;-
1362 5410 1483 5499 -‘°.’:
1511 5410 1819 5499 arma:
1870 5419 1994 5499 ,
2014 5440 2295 5499 μυςεςιεη
2316 5408 2450 5499 δηῖέ
2578 5408 2858 5499 ψὲέεὲέέα
2884 5430 2937 5485 ιο
3019 5408 3253 5489 ι’έίίῖἱίῑκ

45 5473 124 5559 ει.
154 5476 221 5559 δλ
239 5480 325 5559 _9c.
359 5480 457 5559 to.
497 5480 583 5536 υ.
662 5481 757 5559 ηιξ
776 5499 828 5559 ς.
858 5482 995 5559 ρει.
1041 5482 1167 5559 fg"
1191 5483 1383 5559 altiora
1417 5479 1501 5559 to.
1543 5483 1802 5559 11-.ω¹ξ¹⁸
1832 5498 1899 5545 st.
1925 5507 1979 5546 ο.
2005 5473 2295 5551 «ira?
2322 5473 2451 5529 ’λαλεῖ
2476 5473 2858 5556 huic???"
2885 5473 3022 5533 Ἶυο
3061 5473 3251 5559 οτὶἱξὸῖ

45 5558 163 5602 trum
184 5549 281 5606 οι.
362 5552 460 5585 πει
503 5561 686 5609 autem
736 5553 821 5608 l0.
860 5549 957 5608 ‘u.
1039 5554 1130 5587 ιω
1172 5553 1287 5626 regi
1330 5553 1382 5607 4.
1432 5551 1517 5606 to.
1600 5552 1692 5586 ιεειι
1728 5556 1916 5616 bunno
1958 5563 2041 5618 ιο.
2090 5549 2191 5621 Η(
2248 5549 2348 5600 ωδ
2379 5549 2820 5627 caetera?"
2865 5567 2905 5587 ν

1513 5665 1742 5727 ΝΟΤίΕ.

52 5746 187 5821 (504)
226 5751 377 5811 Viset
398 5756 520 5811 sive
547 5755 754 5813 Wesct.
