3862 6306
554 376 585 430 1
600 373 706 428 007
1746 360 2144 417 EKKEHARDI
2185 361 2653 421 URAUGIENSIS
3660 371 3755 424 tntis

562 488 867 561 maiestatis
890 496 943 541 et
972 488 1183 541 hostem
1216 482 1292 536 rei
1329 481 1415 512 ’⁸³⁵
1438 472 1701 550 publieae,
1734 479 1932 533 ducatu
1959 476 2155 547 privat,
2184 494 2246 532 ae
2270 480 2579 550 generalem
2618 479 3020 552 expeditionem
3067 491 3259 539 contra
3302 480 3492 537 Letha-

561 584 817 655 ringiam,
844 589 1068 651 accepto
1107 595 1134 634 a
1163 578 1502 648 principibus
1535 585 1899 642 sacramento,
1936 590 2032 645 per
2067 583 2238 629 totum
2284 591 2511 647 regnum
2554 577 2742 633 indicit
2763 588 2817 633 et
2851 589 3125 650 preparat.
3154 579 3277 646 Quo
3301 580 3487 634 dehinc

564 679 937 752 superioribus
960 694 1018 732 se
1054 675 1299 745 partibus
1325 674 1416 705 ¹⁸³θ
1438 672 1769 737 conferente,
1796 678 1949 741 pater
1978 686 2036 725 se
2057 669 2477 741 Coloniensibus
2507 670 2703 740 reddit,
2726 680 2781 728 ct
2810 674 2897 707 ¹⁸³⁴¹
2922 674 3180 745 episcopo
3205 676 3366 745 pulso
3389 676 3491 744 ³⁸³⁸,

563 778 835 832 civitatem
865 775 1039 845 ipsam
1067 772 1222 828 vallis
1252 780 1307 827 et
1344 769 1770 842 propugnaculis
1814 768 2076 837 omnique
2104 770 2440 839 repugnandi
2471 769 2561 801 ¹⁸³⁹
2593 785 2788 841 genere
2817 769 3204 841 permagnifice
3226 772 3483 837 munivit;

563 873 789 943 ipseque
843 885 969 924 cum
1027 866 1360 923 ﬁdelissimis
1386 866 1502 922 suis
1531 864 1735 920 Leodio
1759 880 1818 919 se
1843 863 2074 919 contulit
2095 862 2193 936 [m.
2224 882 2238 931 ;
2293 865 2491 921 deinde
2517 864 2784 922 Leodium
2812 882 2871 921 se
2900 884 2948 922 c.
2985 866 3097 941 E.].

629 968 799 1040 Igitur
828 983 1014 1024 mense
1036 968 1201 1025 Junio
1226 968 1378 1039 (505)
1416 968 1531 1038 jam
1574 967 1687 1023 fere
1722 967 2015 1032 mediante,
2058 983 2152 1022 rex
2184 971 2231 1027 A
2327 969 2513 1026 Mense
2560 970 2761 1025 dehinc
2813 969 2980 1025 Junio
3027 968 3141 1024 fere
3184 968 3457 1023 mediante
3486 982 3596 1024 cum
3635 969 3765 1038 viginti

561 1060 853 1117 lleinricus
893 1077 1019 1117 cum
1043 1061 1283 1117 exercitu
1321 1061 1363 1093 ¹⁸
1392 1061 1412 1091 ⁰
1439 1061 1675 1131 copioso,
1716 1060 1769 1114 id
1798 1068 1883 1116 est
1907 1058 1978 1113 20
2009 1060 2154 1114 mili-
2265 1059 2488 1116 milibus
2509 1070 2876 1131 pugnatorum
2899 1059 3181 1115 Coloniam
3208 1057 3554 1129 Agrippinam
3588 1057 3766 1117 obsedit;

562 1154 689 1221 bus,
713 1153 997 1208 Coloniam
1026 1153 1383 1226 Agrippinam
1420 1152 1635 1207 obsedit
1659 1171 1674 1219 ;
1717 1152 1810 1207 sed
1842 1167 1965 1207 cum
1991 1161 2155 1219 esset,
2266 1151 2360 1207 sed
2389 1167 2513 1208 cum
2567 1161 2713 1211 esset
2756 1152 2871 1223 jam
2915 1151 3072 1207 vallis
3099 1158 3155 1207 et
3178 1149 3588 1222 prepugnaculis
3605 1166 3657 1204 se
3675 1152 3769 1203 miti-

563 1256 626 1301 ut
658 1247 866 1302 dictum
920 1256 1022 1313 est,
1075 1246 1308 1301 multum
1351 1262 1449 1316 per
1498 1260 1716 1299 omnem
1760 1243 1983 1298 modum
2034 1260 2159 1298 mu-
2266 1244 2412 1299 tibus
2437 1243 2675 1316 copiOSis
2698 1244 2960 1314 omnique
2980 1241 3319 1313 repugnandi
3339 1256 3526 1311 genere
3546 1240 3770 1309 permagni-

562 1340 676 1394 nita
705 1338 818 1405 ‘5“,
860 1339 894 1393 '5
927 1347 1022 1394 aut
1070 1339 1103 1392 4
1137 1338 1269 1393 inibi
1302 1337 1393 1368 ‘3“
1442 1337 1773 1392 ebdomadas
1811 1351 1969 1391 casso
2022 1351 2160 1405 pene
2269 1337 2366 1393 tice
2389 1320 2750 1404 munita,trcs
2773 1346 2868 1392 aut
2884 1344 3121 1407 quatuor
3136 1332 3772 1391 ebdomadasibidemcasso

562 1432 751 1486 labore
792 1432 1156 1501 consumpsit,
1210 1440 1438 1500 excepto
1491 1430 1659 1501 quod,
1720 1438 1777 1483 ut
1833 1429 1949 1484 fieri
2002 1429 2156 1493 solet,
2269 1441 2406 1495 pene
2428 1427 2612 1482 labore
2643 1426 3006 1497 consumpsit,
3035 1433 3263 1495 excepto
3284 1424 3455 1495 quod,
3480 1431 3536 1476 ut
3556 1422 3649 1475 ﬁeri
3666 1421 3768 1481 solet.

562 1524 840 1592 iuventus,
868 1532 1057 1593 utpote
1093 1538 1263 1578 morae
1299 1522 1391 1554 “‘3
1420 1523 1734 1592 impatiens,
1764 1536 2160 1592 nonnunquam
2263 1519 2544 1589 juventus,
2571 1530 2755 1592 utpote
2783 1537 2953 1576 morae
2988 1519 3301 1589 impatiens,
3344 1532 3690 1586 nonnunquam
3710 1530 3774 1583 [ro

563 1632 663 1693 pro
691 1616 869 1670 muris
894 1631 1249 1681 concurrens,
1282 1615 1410 1670 ludo
1434 1615 1638 1671 crudeli
1663 1614 1814 1685 fugat
1840 1615 2161 1669 alterutrum
2268 1612 2441 1667 muris
2495 1628 2850 1680 concurrens,
2903 1611 3035 1666 ludo
3083 1611 3291 1667 crudeli
3353 1609 3501 1681 fugat
3540 1610 3771 1663 alterutrum

566 1706 659 1737 ³⁸³⁸
713 1706 798 1760 vel
846 1705 1059 1760 sternit.
1122 1704 1199 1759 Ibi
1254 1705 1418 1759 etiam
1467 1704 1770 1759 Dietericus
1816 1704 1907 1737 ‘8“
1952 1719 2159 1770 comes,
2267 1702 2350 1759 vel
2378 1704 2590 1760 sternit.
2622 1704 2700 1759 lbi
2728 1705 2896 1760 etiam
2943 1703 3248 1759 Dietericus
3273 1717 3484 1767 comes,
3516 1701 3613 1771 regi
3640 1697 3774 1753 ﬁdelis.

567 1797 681 1867 rcgi
750 1796 1131 1863 ﬁdelissimus,
1188 1796 1505 1852 inﬁrmitate
1560 1812 1821 1868 pressus,
1879 1798 2159 1851 communi
2269 1788 2464 1863 simus,
2499 1797 2817 1853 inﬁrmitate
2844 1812 3090 1867 pressus,
3136 1794 3425 1850 communi
3460 1792 3557 1846 ﬁne
3580 1789 3774 1859 migravit.

566 1890 674 1944 line
704 1890 975 1960 migravit,
1001 1890 1083 1944 vir
1105 1890 1291 1962 utique
1322 1890 1665 1946 nobilissima
1696 1891 1978 1945 Saxonum
1998 1891 2167 1959 stirpe
2270 1887 2353 1942 vir
2383 1890 2572 1959 utique
2610 1889 2956 1944 nobilissima
2990 1889 3273 1943 Saxonum
3324 1886 3493 1956 stirpe
3528 1881 3775 1954 progenitus

566 1982 902 2054 progenitus,
932 1991 987 2037 et
1014 1991 1125 2038 tam
1155 1983 1463 2055 omnigena:
1492 1982 1743 2055 religioni
1771 1998 1935 2053 quam
1973 1983 2166 2038 catho-
2269 1990 2324 2037 et
2361 1990 2473 2036 tam
2513 1982 2819 2053 omnigente
2861 1980 3111 2053 religioni
3149 1994 3321 2050 quam
3370 1975 3625 2031 catholiae
3653 1969 3777 2025 deiet:-

567 2071 687 2129 lica:
732 2074 1038 2130 defensioni
1087 2091 1199 2130 non
1245 2075 1597 2131 mediocriter
1653 2074 1872 2130 deditus
1901 2117 1915 2141 ,
1971 2075 2166 2131 litteris
2270 2073 2412 2129 sioni
2461 2089 2573 2129 non
2617 2073 2965 2129 mediocriter
3022 2072 3261 2139 deditus,
3322 2069 3495 2125 literis
3539 2066 3674 2122 etiam
3708 2076 3777 2115 tm

567 2166 731 2219 etiam
755 2166 1095 2237 aliquantum
1124 2167 1443 2223 instructus.
2269 2166 2495 2222 minime
2520 2166 2843 2221 instructus.

640 2256 851 2313 interea
873 2257 987 2328 regi
1015 2255 1271 2313 Heinrico
1288 2257 1459 2328 patris
1487 2257 1648 2328 legati
1676 2257 1741 2313 de
1772 2257 1976 2312 Leodio
2008 2257 2164 2312 missi

570 2358 980 2422 presentantur,
1013 2350 1227 2407 litteras
1282 2362 1393 2407 tam
1455 2351 1559 2407 sibi
1610 2366 1776 2421 quam
1833 2350 2169 2421 principibus
2219 2351 2371 2421 regni
2426 2349 2752 2418 deferentes,
2811 2364 3047 2420 quarum
3101 2349 3392 2420 exemplar
3444 2347 3529 2402 hic

573 2450 746 2506 inseri
781 2448 871 2481 '3“
900 2464 1007 2504 non
1036 2449 1336 2505 absurdum
1369 2450 1649 2515 duximus,
1684 2450 1755 2504 ob
1787 2450 2253 2519 comprobandam
2309 2449 2400 2481 ⁸⁸⁵⁷
2448 2449 2655 2505 scilicet
2694 2450 2937 2520 ejusdem
2982 2448 3088 2503 viri
3137 2448 3522 2503 multimodam

572 2547 1095 2621 tergiversationem,
1117 2561 1225 2616 qua
1249 2561 1307 2601 se
1332 2554 1445 2600 toto
1470 2545 1593 2600 vitae.
1617 2560 1729 2600 suae
1750 2552 1994 2615 tempore
2018 2545 2229 2600 eunetis
2256 2545 2360 2601 sibi
2384 2546 2765 2602 resistentibus
2785 2538 2906 2601 [icta
2936 2535 3276 2616 subjectioiie
3297 2553 3525 2600 eatenus

572 2646 797 2703 fecisset
838 2644 1178 2715 superiorem
1206 2662 1218 2697 :

648 2741 954 2808 Heinricus,
996 2739 1095 2794 Dei
1147 2740 1323 2809 gratia
1380 2738 1734 2793 Romanorum
1786 2740 2073 2809 imperator
2127 2749 2404 2811 angustus,
2452 2741 2728 2811 episcopis,
2783 2740 3047 2807 ducibus,
3103 2737 3523 2801 marchionibus,

575 2837 878 2903 comitibus,
909 2836 1215 2907 cwterisque
1266 2837 1410 2906 regni
1438 2836 1766 2906 principibus
1794 2838 2023 2907 gratiam
2053 2846 2102 2891 et
2131 2837 2487 2903 dilectionem,
2539 2836 2879 2908 dignantibus
2927 2853 3044 2891 eam
3099 2837 3352 2906 recipere.
3391 2835 3524 2891 Con-

576 2937 850 3008 querimur
889 2933 998 2989 Deo
1024 2934 1391 3003 omnipotenti,
1421 2942 1470 2987 et
1497 2934 1725 2988 domina?
1758 2944 1958 2988 sancta:
1982 2933 2193 2999 Moriar,
2230 2944 2277 2988 et
2308 2935 2458 2989 beato
2480 2934 2642 2989 Petro
2666 2935 2894 3005 principi
2916 2934 3277 3005 apostolorum
3300 2943 3524 3002 patrono

579 3037 777 3093 nostro,
803 3037 853 3081 et
885 3026 1024 3082 vobis
1054 3030 1381 3100 principibus
1423 3031 1684 3097 omnibus,
1734 3031 1871 3102 quod
1920 3032 2115 3101 injuste
2142 3041 2189 3086 et
2223 3032 2507 3086 inhumane
2562 3040 2611 3086 et
2640 3031 2945 3099 crudeliter,
2993 3030 3181 3099 conﬁsi
3211 3030 3265 3083 in
3299 3030 3403 3083 illa
3430 3030 3530 3100 fide

579 3126 643 3178 de
671 3123 762 3157 ⁸⁸⁵⁸
789 3141 891 3194 qua
918 3124 1166 3180 dubitare
1190 3142 1291 3180 non
1316 3118 1682 3194 debueramus,
1714 3130 1934 3181 tractati
1963 3145 2167 3193 sumus,
2196 3138 2247 3182 et
2277 3137 2385 3183 tam
2414 3130 2608 3184 honore
2638 3130 2782 3201 regni
2811 3145 2970 3199 quam
2989 3127 3187 3199 prediis
3211 3136 3261 3181 et
3287 3126 3527 3182 omnibus

581 3234 697 3286 qua:
725 3216 1044 3274 habebamus
1074 3232 1260 3276 contra
1288 3224 1525 3277 divinum
1552 3234 1600 3277 et
1630 3224 1919 3278 humanum
1938 3225 2032 3294 jus
2067 3225 2137 3278 ad
2168 3226 2447 3294 infamiam
2473 3235 2524 3280 et
2553 3225 2927 3297 improperium
2968 3225 3113 3294 regni
3137 3224 3215 3276 ita
3241 3223 3530 3293 exspoliati

585 3330 787 3380 sumus,
821 3325 876 3369 ut
908 3318 1070 3372 nichil
1103 3319 1194 3352 ⁸⁸⁸³
1216 3321 1424 3389 penitus
1470 3328 1642 3390 preter
1683 3320 1853 3374 solam
1885 3323 2048 3376 vitam
2080 3322 2228 3375 nobis
2254 3321 2493 3377 relictum
2523 3324 2614 3377 sit.
2653 3322 2753 3377 Ubi
2781 3339 2898 3376 cum
2930 3322 3092 3391 ferme
3120 3338 3301 3375 omnes
3330 3321 3532 3385 essetis,

588 3429 779 3484 magna
808 3430 932 3483 pars
968 3418 1125 3471 vestri
1157 3418 1269 3470 visa
1299 3427 1374 3470 est
1403 3416 1578 3471 dolere
1599 3426 1646 3471 et
1676 3418 1926 3483 tristari;
1963 3419 2053 3472 sed
2080 3420 2210 3490 proh
2239 3419 2425 3474 dolor!
2453 3420 2617 3474 nichil
2648 3420 2796 3474 nobis
2820 3427 2993 3474 vestra
3021 3417 3247 3472 contulit
3274 3416 3527 3481 tristicia,

547 3516 558 3525 ’
586 3509 713 3576 quin
735 3509 798 3563 de
820 3509 971 3563 nobis
987 3511 1088 3565 sibi
1109 3511 1442 3580 satisfaceret
1464 3509 1704 3565 voluntas
1722 3511 2059 3568 inimicorum
2073 3524 2372 3570 nostrorum
2392 3517 2595 3571 odiosa.
2624 3516 2695 3570 Et
2708 3519 2855 3588 quia,
2880 3533 2998 3570 cum
3021 3515 3245 3569 consilio
3268 3524 3321 3569 et
3344 3523 3527 3585 rogata

586 3597 690 3666 ﬁlii
717 3600 883 3653 nostri
913 3601 1018 3669 ﬁde
1037 3609 1086 3654 et
1111 3601 1395 3655 securitate
1420 3602 1539 3656 vitta
1562 3612 1613 3657 et
1634 3603 1846 3657 honoris
1872 3608 2039 3660 nostri
2057 3606 2149 3639 ⁸⁸³⁸)
2170 3608 2234 3661 ab
2259 3624 2317 3663 eo
2352 3609 2584 3679 primum
2619 3618 2857 3680 accepta,
2880 3608 3213 3679 ﬁducialiler
3240 3616 3294 3661 et
3323 3606 3527 3661 deside-

591 3698 771 3741 ranter
794 3687 1119 3760 Mogontiam
1137 3692 1192 3744 in
1214 3693 1529 3761 presentiam
1556 3693 1718 3764 legati
1738 3693 1965 3750 Romani
1988 3706 2036 3751 et
2059 3699 2358 3769 principum
2376 3700 2723 3767 tenderemus,
2753 3711 2809 3754 ut
2832 3717 3012 3755 eorum
3036 3700 3391 3771 dispositione
3405 3716 3526 3771 age~

593 3797 766 3835 remus
788 3791 893 3835 tam
910 3784 974 3836 de
987 3791 1130 3837 statu
1145 3783 1662 3840 wcclesiteethonore
1685 3788 1848 3858 regni,
1877 3805 2036 3859 quam
2062 3790 2127 3844 de
2148 3790 2319 3845 salute
2332 3793 2527 3847 animae
2544 3801 2761 3860 nostra’,
2787 3794 2897 3863 ipse
2912 3809 3014 3846 non
3035 3801 3113 3846 est
3137 3793 3338 3847 veritus
3362 3794 3420 3845 in
3434 3793 3530 3844 hac

593 3874 859 3929 voluntate
877 3885 926 3930 et
942 3877 1238 3931 obedientia
1256 3894 1348 3933 nos
1363 3888 1547 3934 contra
1569 3880 1752 3935 datam
1769 3882 1927 3952 ﬁdem
1941 3900 2124 3954 capere
2144 3895 2193 3939 et
2217 3903 2379 3958 usque
2394 3887 2465 3941 ad
2487 3887 2776 3942 articulum
2800 3889 2985 3942 mortis
3008 3887 3173 3957 ferme
3190 3887 3385 3941 ducere
3406 3887 3495 3919 ¹⁸⁸¹
3511 3903 3529 3940 :

595 3984 696 4022 non
722 3971 840 4023 ausi
866 3987 1046 4025 sumus
1070 3972 1147 4024 ita
1168 3988 1259 4026 nos
1287 3972 1370 4027 illi
1400 3975 1626 4043 credere,
1652 3982 1709 4029 ut
1732 3976 1945 4046 injuriis
1971 3985 2020 4031 et
2042 3978 2373 4033 contumeliis
2406 3997 2498 4034 nos
2524 3997 2619 4051 pro
2643 3980 2912 4036 voluntate
2929 3997 3049 4047 sua,
3074 3982 3210 4035 sicut
3240 3982 3422 4051 prius,
3444 3997 3527 4034 ra-

595 4060 701 4115 leat
729 4070 980 4117 tractare.
1012 4062 1345 4135 Quapropter
1378 4065 1603 4120 multum
1629 4083 1876 4138 rogamus
1903 4086 1990 4122 vos
2022 4079 2070 4123 et
2096 4062 2285 4124 obnixe
2306 4087 2603 4141 precamur,
2623 4081 2681 4125 ut
2701 4089 2796 4143 pro
2819 4072 3007 4126 timore
3040 4071 3138 4125 Dei
3165 4080 3215 4126 et
3236 4072 3436 4125 honore
3459 4085 3532 4123 re-

594 4156 682 4225 gni
705 4164 753 4208 et
786 4154 1056 4209 honestate
1078 4165 1249 4210 vestra
1273 4156 1563 4228 dignemini
1594 4158 1824 4225 studere,
1853 4160 2113 4229 quomodo
2134 4160 2197 4213 de
2224 4160 2426 4230 injuria
2461 4162 2516 4215 in
2538 4160 2782 4216 manibus
2820 4163 3007 4216 vestris
3060 4160 3211 4214 nobis
3262 4160 3421 4214 illata
3443 4175 3533 4229 per

598 4264 684 4302 vos
733 4247 992 4318 possimus
1038 4265 1348 4319 recuperare
1386 4250 1687 4319 justiciam.
1732 4249 1843 4305 Nos
1886 4269 2086 4322 quoque
2116 4270 2211 4323 pro
2249 4253 2474 4308 consilio
2511 4263 2681 4309 vestro
2703 4264 2754 4308 et
2778 4254 3011 4309 aliorum
3042 4255 3134 4326 qui
3156 4270 3251 4309 nos
3283 4254 3408 4307 odio
3431 4267 3529 4305 non

593 4340 786 4395 habent
824 4340 1292 4412 religiosorumque
1321 4341 1411 4374 ¹⁸⁵²
1432 4343 1666 4396 virorum
1690 4344 1868 4412 parati
1900 4355 2247 4440 sumusbtam
2274 4346 2390 4416 filio
2418 4358 2626 4414 nostro,
2654 4349 2701 4400 si
2734 4348 2789 4400 in
2821 4347 3003 4418 aliquo
3041 4364 3159 4401 eum
3193 4346 3526 4416 offendimus,

597 4448 757 4504 quam
782 4432 948 4486 alicui
976 4433 1030 4485 in
1062 4449 1219 4503 regno
1251 4433 1472 4488 libenter
1492 4436 1787 4489 emendare.
1818 4432 2254 4505 Pretereafsicut
2285 4439 2478 4494 domno
2500 4458 2653 4512 papa'
2675 4442 2729 4494 in
2759 4442 3024 4511 presentia
3050 4440 3211 4512 legati
3244 4441 3329 4495 sui
3356 4450 3404 4494 et
3448 4456 3530 4492 re-

600 4535 712 4580 stra
738 4527 944 4579 obedire
969 4527 1147 4596 parati
1172 4526 1391 4596 fuimus,
1417 4529 1495 4581 ita
1516 4536 1564 4581 et
1589 4543 1727 4581 nunc
1751 4530 1929 4599 parati
1960 4546 2161 4598 sumus,
2209 4532 2258 4584 ei
2281 4548 2487 4586 omnem
2537 4532 2771 4587 debitam
2798 4533 3142 4586 reverentiam
3173 4539 3223 4585 et
3270 4530 3515 4584 obedien-

600 4618 731 4673 tiam
758 4617 962 4669 sincero
996 4615 1151 4669 corde
1172 4625 1221 4669 et
1250 4616 1520 4671 devotione
1540 4619 1929 4688 presentialiter
1962 4621 2224 4688 exhibere,
2251 4631 2302 4676 et
2328 4632 2437 4676 tam
2459 4622 2682 4677 consilio
2718 4632 2886 4677 vestro
2918 4639 3078 4693 quam
3123 4621 3389 4691 spiritalis
3429 4636 3527 4689 pa-

601 4714 698 4764 tris
725 4710 817 4741 ¹⁸⁵³
842 4710 1010 4762 nostri
1036 4707 1275 4780 [lagonis
1303 4708 1664 4766 Cloniacensis
1694 4712 1787 4746 ³⁸⁸⁵
1816 4714 2024 4767 abbatis
2053 4714 2385 4786 aliorumque
2437 4714 2529 4747 ¹⁸⁶⁸
2569 4716 2936 4787 religiosorum
2996 4716 3251 4781 virorum,
3284 4715 3348 4767 de
3385 4720 3526 4765 statu

604 4804 858 4859 (ecclesia:
881 4813 930 4856 et
947 4802 1140 4856 honore
1171 4803 1334 4872 regni,
1363 4790 1619 4874 quantum
1646 4806 1700 4859 in
1722 4804 1870 4859 nobis
1901 4815 1999 4873 est,
2023 4806 2318 4877 disponere.
2341 4805 2474 4863 Cum
2500 4809 2665 4879 igitur
2693 4808 2763 4863 ad
2787 4810 2898 4863 lucc
2924 4808 3104 4861 omnia
3133 4807 3315 4876 parati
3366 4805 3527 4857 simus

608 4898 719 4960 ⁸⁸⁵⁸,
749 4912 996 4967 rogamus
1025 4912 1112 4949 vos
1142 4895 1241 4945 “"-
1260 4905 1309 4949 et
1342 4896 1432 4927 ⁸⁸⁵⁸
1454 4896 1643 4950 obnixe
1661 4914 1956 4967 precamur,
1982 4903 2236 4969 quatinus
2258 4919 2354 4972 pro
2388 4902 2496 4956 Deo
2532 4913 2581 4956 et
2614 4903 2808 4956 honore
2844 4903 2988 4973 regni
3009 4912 3057 4955 et
3080 4909 3250 4955 vestro
3273 4901 3530 4953 instanter

608 5000 868 5043 moneatis
901 4988 1072 5058 ﬁlium
1099 4997 1357 5053 nostrum,
1386 5006 1503 5041 cum
1537 4991 1821 5043 secundum
1844 4991 2108 5061 prefatam
2130 4997 2443 5050 sententiam
2478 4995 2628 5049 nulla
2656 4998 2703 5049 ei
2736 4995 2827 5027 ’⁸⁸³
2857 4996 3133 5049 adversum
3179 5010 3274 5047 nos
3321 4991 3525 5046 residua

1886 5127 2118 5184 VARI/E
2160 5131 2557 5189 LECTIONES.

680 5248 1046 5327 ῗ“³ῗ¹’θεί.¹⁰ι.
1103 5230 1409 5327 η¹“³ῗλνδ.ξθ
1441 5245 1610 5327 7ῖ-ῗ).⁰’
1689 5247 1807 5327 .¹⁸Ῐ¹⁷
1838 5251 1980 5327 “H.-
2031 5234 2175 5327 ,³⁸³⁸
2207 5253 2437 5327 ςιθβιιιβο
2477 5254 2530 5327 6·
2636 5256 2805 5327 ’⁸³⁸8
2866 5271 2912 5309 ι’-
2955 5256 3009 5310 ⁴ο
3064 5326 3067 5327 ,
3119 5242 3209 5286 ³⁸⁸⁸
3256 5270 3307 5310 θ·
3354 5265 3452 5327 99°
3491 5236 3783 5327 (3.32.913

604 5319 698 5351 “”
736 5314 884 5373 deest
912 5319 966 5373 4.
1016 5319 1067 5373 5.
1098 5318 1152 5372 6.
1190 5314 1275 5371 1οῖ
1314 5317 1397 5371 ll.
1479 5316 1568 5353 ‘3"
1606 5333 1656 5371 e.
1688 5317 1724 5371 i.
1752 5318 1804 5372 4.
1888 5321 1977 5352 ¹⁸δ³
2006 5323 2147 5378 deest
2192 5324 2245 5377 4.
2278 5314 2303 5383 ”,
2327 5325 2418 5357 ⁸⁸⁸³
2453 5326 2686 5381 alterum
2742 5314 2804 5380 5‘:
2837 5343 2975 5381 corr.
3028 5326 3348 5380 alterutrum
3377 5322 3426 5374 7.
3504 5314 3785 5386 “"dil‘mf"

604 5389 795 5475 §:_A9¢‘.
854 5387 1278 5475 tietndericusnz:
1320 5460 1333 5475 ‘
1482 5387 1675 5475 inferjri
1706 5389 1939 5475 dum?"
1961 5393 2316 5475 probandam
2483 5397 2656 5475 Alt.“
2699 5397 2807 5475 fa“
2862 5396 2917 5451 in
2968 5396 3091 5475 ξος-
3115 5397 3292 5475 tt.____
3317 5392 3394 5426 "'”

609 5461 702 5538 “_"°
735 5461 875 5538 deest
903 5460 987 5538 id.
1018 5460 1102 5538 t_l_.
1184 5458 1573 5538 'f’_‘_’_‘_deducere
1588 5457 1694 5538 ΕΞ.
1776 5460 1871 5538 ""_'_
1898 5448 2326 5538 religiorumque
2360 5448 2457 5520 Et.
2480 5448 2535 5521 ἓξ
2558 5448 3368 5538 religiosorum-1:“.—‘V‘°'{n-
3391 5477 3445 5531 P-
3473 5448 3562 5513 DL
3616 5448 3781 5538 3'“???

610 5512 887 5654 ειθεέερείιῗξε
910 5512 995 5584 io.
1032 5512 1118 5584 η.
1324 5512 1566 5653 apem
1588 5528 1673 5584 ιο.
1710 5544 1775 5585 ac
1800 5512 2325 5590 amnissimw
2348 5512 2542 5592 sua;
2563 5512 3149 5593 ii'ii‘i'fwis’ii'aéesi'i.
3228 5512 3476 5589 Mans.
3507 5512 3557 5585 σί.
3598 5512 3783 5580 ws

736 5618 808 5654 lli]
854 5617 883 5654 ει
914 5617 963 5654 ἶὶ.
995 5617 1050 5654 ιι.
1086 5616 1134 5654 l‘.
1157 5615 1207 5654 CI
1236 5612 1306 5654 Sil.
1383 5640 1395 5654 .
3103 5616 3115 5624 ’

736 5612 883 5656 nulla
914 5617 963 5655 8.
995 5617 1050 5655 ιι.
1086 5616 1134 5654 l‘.
1157 5615 1207 5654 CI
1236 5612 1306 5655 Sil.
1342 5612 1395 5654 4.
3103 5616 3115 5624 ’

2096 5704 2303 5765 ΝΟΤᾸΕ

683 5823 835 5896 (505)
872 5823 1010 5879 Ann.
1048 5822 1291 5879 Hildesh.
1320 5824 1375 5877 li.
1409 5839 1458 5878 a.
1488 5842 1499 5877 :
1538 5832 1653 5893 post
1685 5824 2019 5893 festivitatem
2051 5824 2201 5880 Petri
2222 5835 2272 5880 et
2298 5826 2461 5882 Pauli
2490 5827 2563 5899 (d.
2589 5827 2679 5884 29.
2712 5824 2903 5898 Junii).

3801 5998 3803 6134 Ι
