3862 6306
543 287 675 343 i0ll

1713 291 2112 347 EKKEHARDI
2150 293 2614 350 URAUGIENSIS

3623 298 3722 354 l0l!

543 408 694 463 niam
721 408 917 478 positis
944 408 1326 475 redderentur;
1357 407 1410 462 id
1443 418 1623 464 tamen
1650 411 1971 481 precipuum
2003 412 2144 467 inter
2166 411 2395 468 senioris
2414 414 2505 447 ¹⁹⁰⁰
2527 425 2787 482 responsa
2814 409 3108 467 referentes
3130 407 3299 482 (307),
3322 425 3453 481 qua-

543 507 697 555 unus
718 500 785 555 ad
814 515 1039 570 presens
1067 499 1137 554 ab
1168 498 1257 532 ¹⁹⁰¹
1283 498 1453 554 armis
1474 500 1846 556 discederetur
1867 510 1922 556 et
1944 501 1999 556 in
2034 499 2280 557 futurum
2302 517 2467 573 super
2507 501 2824 573 hujusmodi
2855 500 3229 557 simultatibus
3256 498 3451 575 curiale

550 589 643 624 ”°’
666 590 999 660 colloquium
1024 588 1427 662 [universaliter
1452 588 1567 664 ¹⁹⁰³]
1590 591 1940 648 indiceretur.

618 683 854 739 Auditur
897 690 1143 753 preterea
1172 681 1301 752 quia
1328 681 1419 714 ¹⁹⁰⁸
1446 679 1734 739 Heinricus
1761 684 2130 754 eximperator
2157 686 2204 743 Α
2300 682 2454 739 Tunc
2477 697 2696 754 quoque
2732 682 2995 753 temporis
3039 698 3165 738 cum
3219 689 3372 752 pater
3412 680 3541 752 regis
3579 679 3727 741 leodio

551 776 645 810 "°'
665 785 721 831 et
738 774 1024 831 Heinricus
1044 774 1224 829 exdux
1265 773 1357 807 ¹⁹⁰⁶
1402 774 1699 830 exercitum
1750 777 2132 847 undecumque

547 865 805 933 conﬂant,
828 872 883 921 et
901 865 1080 921 adhuc
1098 865 1182 921 vel
1211 866 1377 920 semel
1419 873 1682 936 temptare
1730 865 2007 924 fortunam
2038 868 2130 901 ¹⁹⁰⁷

547 956 879 1012 omnimodis
907 964 1124 1028 parant.
1152 955 1495 1029 Quapropter
1523 957 1780 1014 universa
1826 959 2020 1018 militia
2046 974 2133 1015 re-

545 1048 653 1120 gis,
679 1048 851 1105 immo
874 1046 1075 1103 Christi
1094 1090 1108 1115 ,
1134 1049 1326 1104 saltem
1363 1046 1508 1104 ferro
1531 1050 1694 1106 rebus
1739 1047 1904 1107 finem
1952 1049 2134 1107 facere

547 1140 876 1209 deliberans,
902 1156 970 1196 ne
998 1138 1158 1207 forte,
1194 1141 1339 1211 quod
1376 1141 1743 1199 certissimum
1769 1150 1908 1211 erat,
1957 1159 2132 1200 caesa-

546 1234 720 1289 rianis
741 1234 938 1289 urbani
963 1241 1153 1290 contra
1177 1232 1470 1289 semetmu
1498 1233 1703 1289 auxilio
1753 1232 1951 1301 forent,
1984 1233 2133 1290 obsi-

545 1324 764 1379 dionem
788 1326 1027 1391 solvunt,
1057 1333 1112 1379 et
1151 1333 1341 1380 contra
1371 1312 1782 1397 Lotbaringiam
1811 1326 1965 1393 moti,
2011 1342 2134 1381 mu-

545 1420 785 1475 nitiones
808 1418 900 1450 ¹⁹⁰⁹
921 1433 987 1472 ac
1018 1426 1215 1471 caetera
1237 1432 1360 1487 quae
1394 1415 1678 1470 rebellium
1717 1424 1873 1471 erant
1914 1416 2133 1471 interim

544 1509 830 1579 diripiunt,
861 1505 1237 1578 premittentes
1281 1505 1348 1560 ad
1397 1503 1713 1561 Heinricum
1743 1506 2013 1562 seniorem
2042 1522 2133 1562 se-

544 1602 757 1657 eundos
777 1600 1041 1666 nuncios,
1068 1599 1163 1670 qui
1206 1598 1310 1655 sibi
1372 1599 1816 1655 deliberationem
1858 1615 2133 1670 propone-

544 1701 670 1747 rent
693 1692 807 1757 ¹⁹¹⁰,
832 1700 926 1746 aut
950 1706 1117 1747 causa
1156 1690 1305 1761 pacis
1350 1697 1510 1761 pacto
1560 1689 1866 1760 prescripto
1906 1704 2133 1760 compo-

545 1785 741 1840 nenda:
768 1784 879 1839 ﬁlio
905 1784 971 1839 ad
995 1784 1336 1854 Aquasgrani
1363 1783 1452 1815 ³⁸³⁸
1476 1782 1791 1853 propediem
1813 1796 2132 1848 occurrere,

546 1883 642 1932 aut
666 1876 959 1931 imminens
988 1875 1091 1931 sibi
1118 1874 1207 1907 ¹⁹¹²
1230 1875 1432 1931 bellum
1466 1890 1578 1930 non
1624 1874 1893 1931 dubitare.
1923 1872 2135 1941 Quibus

546 1969 810 2024 nimirum
830 1968 1021 2040 legalis
1046 1968 1310 2024 custodiae
1352 1966 1743 2023 nichilominus
1779 1966 2014 2034 traditis,
2065 1964 2134 2020 ad

544 2060 912 2115 resistendum
935 2060 1265 2117 omnimodis
1291 2102 1305 2127 ,
1343 2060 1556 2115 occulte
1605 2068 1809 2126 tamen,
1854 2056 2135 2129 preparari
2162 2040 2209 2096 Β

545 2155 798 2221 molitur;
837 2155 933 2211 sed
956 2154 1216 2211 dimissos
1241 2163 1364 2225 post
1390 2154 1599 2223 aliquot
1637 2152 1729 2185 ¹⁹¹³
1770 2153 1887 2208 dies
1936 2151 2136 2207 missos

544 2246 768 2302 eosdem
799 2245 1103 2316 inopinata,
1149 2254 1204 2301 et
1238 2261 1346 2317 qua
1393 2244 1564 2300 nichil
1604 2243 1994 2315 acceptabilius
2039 2257 2125 2299 ca-

548 2337 682 2393 stris
701 2337 811 2394 illis
832 2336 1022 2393 inferri
1067 2344 1273 2408 posset,
1316 2334 1460 2393 fama
1512 2335 1706 2391 mortis
1752 2335 1927 2406 ipsius
1972 2332 2139 2389 licin-

545 2428 650 2483 rici
679 2428 1024 2500 imperatoris
1046 2428 1419 2500 subsequitur.
1448 2426 1755 2485 Miserabilc
1783 2436 1968 2483 tamen
1988 2427 2137 2482 dictu

546 2530 653 2587 est,
681 2521 819 2576 tanti
840 2521 1102 2589 nominis,
1127 2529 1294 2578 tantae
1325 2519 1609 2592 dignitatis
1657 2518 1985 2593 [nobilitatis
2042 2516 2138 2592 E.]

545 2613 793 2684 tantique
822 2613 992 2668 animi
1014 2612 1190 2667 virum
1215 2612 1318 2667 sub
1343 2611 1434 2644 ‘m
1456 2608 1801 2683 professione
1822 2609 2139 2667 Christiana

545 2703 816 2759 mundum
844 2712 997 2759 tanto
1020 2713 1264 2774 tempore
1277 2701 1582 2771 .lucratum,
1603 2717 1704 2757 nec
1731 2702 1800 2756 ad
1850 2701 2023 2757 instar
2043 2717 2140 2756 cu—

541 2796 771 2866 juslibet
807 2796 1065 2867 pauperis
1114 2794 1356 2852 defuncti
1398 2794 1548 2866 pium
1600 2793 1685 2849 vel
1735 2793 2139 2864 compassivum

548 2889 757 2945 luctum
773 2905 804 2945 a
827 2890 1021 2961 quavis
1047 2889 1139 2922 ²⁹¹⁵
1162 2887 1306 2943 inter
1330 2897 1409 2943 tot
1429 2887 1775 2944 Christianos
1796 2901 2029 2957 persona
2046 2886 2140 2920 ¹⁹¹⁶

547 2993 941 3048 promeruisse,
991 2979 1087 3036 sed
1132 2979 1314 3049 potius
1361 2979 1746 3035 universorum
1798 2987 1907 3066 tam
1938 2977 2139 3033 ibidem

550 3088 719 3142 quam
750 3072 930 3128 ubivis
967 3089 1096 3129 vere
1118 3072 1558 3129 Christianorum
1581 3072 1747 3128 corda
1776 3071 1941 3127 simul
1966 3079 2020 3126 et
2045 3086 2142 3126 ora

551 3164 768 3221 infinito
814 3164 980 3222 nimis
1026 3166 1267 3237 tripudio
1317 3166 1403 3223 sui
1444 3166 1629 3222 obitus
1659 3165 1748 3198 ¹⁹²⁷
1796 3179 2019 3219 rumore
2047 3178 2139 3219 re-

550 3257 750 3327 plesse.
796 3255 918 3313 Non
964 3258 1129 3315 altius
1170 3258 1262 3294 ¹⁰¹⁸
1308 3257 1629 3313 concinebat
1699 3254 1869 3312 Israel
1906 3254 2143 3310 Domino

551 3348 839 3405 Pharaone
875 3351 1147 3418 demerso,
1196 3367 1295 3405 nec
1343 3350 1647 3422 augustiori
1699 3349 1802 3420 ipsi
1846 3346 2143 3404 Octaviano

553 3438 670 3494 sive
693 3438 805 3493 ullo
830 3439 920 3471 ¹⁹¹⁹
950 3455 1192 3510 unquam
1229 3449 1585 3510 augustorum
1629 3438 1989 3510 applaudebat
2025 3434 2139 3493 Ro-

2232 784 2739 830 moraretur—nam
2763 772 3096 829 Leodienses
3118 773 3194 827 illi
3222 773 3445 843 antiquo
3462 772 3626 828 aﬂ‘ectu
3640 777 3729 830 lide-

2229 867 2352 922 liter
2375 851 2728 934 adherebant,
2761 898 2832 906 —-
2860 866 3054 922 crebra
3084 865 3218 921 hinc
3243 866 3430 921 crebra
3458 865 3566 921 inde
3587 869 3732 923 nuntia

2230 959 2314 1013 vel
2336 958 2506 1014 literae
2532 957 2931 1015 discurrebant.
2962 956 3104 1013 [nter
3124 973 3248 1028 quae
3274 957 3405 1012 dum
3448 957 3571 1012 nihil
3606 959 3735 1014 minus

2230 1057 2627 1122 expectaretur,
2657 1048 3002 1121 imperatoris
3025 1050 3315 1120 egrotatio,
3345 1056 3558 1119 postque
3576 1047 3738 1103 brevem

2230 1144 2553 1214 languorem
2582 1142 2764 1199 obitus
2790 1142 2911 1214 ejus
2942 1141 2999 1197 in
3035 1142 3233 1198 castris
3282 1140 3591 1195 diifamatur.
3626 1139 3739 1197 Reie-

2230 1244 2360 1291 runt
2386 1235 2479 1307 qui
2510 1235 2775 1303 aderant,
2806 1235 2953 1290 bona
3001 1234 3155 1289 illum
3202 1232 3536 1290 confessione
3557 1248 3639 1287 nec
3658 1234 3741 1287 sine

2232 1341 2428 1398 magna
2452 1324 2649 1381 fiducia
2680 1325 2845 1381 ﬁnem
2867 1326 2992 1381 vitae
3018 1325 3235 1389 fecisse,
3260 1324 3529 1393 rebusque
3566 1323 3658 1378 suis
3676 1338 3743 1392 per

2232 1417 2417 1473 omnia
2437 1415 2720 1487 dispositis
2748 1457 2763 1483 ,
2798 1415 3021 1471 nunciis
3059 1429 3280 1484 quoque
3323 1422 3433 1468 tam
3459 1412 3522 1467 ad
3547 1412 3740 1482 θροαώ

2233 1526 2357 1565 cum
2379 1508 2692 1580 pontificem
2722 1524 2888 1579 quam
2941 1508 3013 1564 ad
3054 1507 3229 1562 lilium
3274 1521 3461 1577 regem
3505 1503 3742 1565 destinatis.

2233 1608 2453 1671 sumpto
2473 1599 2691 1667 viatico,
2721 1601 2870 1655 velut
2908 1598 3265 1655 obdormiens
3304 1596 3587 1666 expirasse.
3623 1596 3744 1648 Annis

2233 1690 2304 1747 50
2331 1689 2564 1747 Romani
2618 1689 2835 1762 imperii
2889 1689 3259 1762 gubernacula
3305 1696 3525 1755 tenens,
3550 1685 3745 1742 Romanis

2233 1799 2383 1839 nunc
2402 1783 2728 1839 voluntariis
2751 1782 2838 1854 pie
2858 1782 3155 1851 consuluit,
3187 1796 3341 1837 nunc
3383 1779 3592 1851 ingratis
3624 1788 3667 1832 et
3689 1794 3746 1832 re

2233 1894 2404 1950 gnum
2428 1877 2790 1934 Teutonicum
2836 1876 3131 1931 humiliare
3174 1873 3483 1929 nitentibus
3513 1870 3748 1927 necessario

2234 1969 2475 2037 restitit;
2502 1970 2585 2025 vir
2629 1977 2889 2027 strenuus
2922 1978 2978 2025 et
3021 1967 3345 2033 bellicosus,
3380 1963 3521 2020 omni
3550 1977 3747 2035 person.

2235 2062 2384 2119 omni
2401 2061 2571 2130 aetati,
2595 2062 2856 2132 omnique
2875 2060 2955 2116 rei
2976 2059 3079 2117 sibi
3121 2072 3371 2130 congrua
3406 2053 3672 2126 impendere
3691 2065 3749 2107 so-

2236 2155 2388 2222 litus,
2417 2164 2472 2211 et
2504 2154 2595 2210 vix
2622 2154 2919 2226 quicquam
2972 2153 3226 2225 ignorare
3284 2164 3504 2220 passus.
3550 2145 3749 2214 liorem-

2237 2247 2339 2304 tris
2360 2249 2444 2303 sui
2483 2248 2711 2304 clericos
2732 2256 2788 2303 et
2835 2246 3074 2301 maxime
3116 2244 3370 2299 literatos
3425 2241 3650 2296 aditet-ene
3682 2235 3751 2291 sibi

2238 2340 2431 2407 voluit,
2478 2339 2690 2410 hosque
2744 2337 3047 2394 honoriﬁce
3093 2344 3365 2402 tractans,
3426 2348 3559 2387 nunc
3589 2327 3753 2401 psalmis

2240 2451 2388 2490 nunc
2425 2433 2658 2489 lectione
2702 2431 2788 2486 vel
2809 2430 3102 2487 collatione
3152 2429 3269 2485 sive
3315 2426 3677 2496 Scripturarum
3711 2434 3750 2472 ac

2239 2525 2548 2581 liberalium
2605 2523 2805 2578 artium
2865 2520 3219 2593 inquisitione
3274 2534 3467 2575 secum
3510 2512 3753 2572 familiarius

2241 2615 2545 2685 occupavit.
2574 2612 2831 2669 Pluribus
2852 2612 3019 2668 etiam
3060 2610 3295 2667 testibus
3332 2607 3612 2681 approbare
3644 2610 3752 2673 pote-

2241 2706 2440 2773 rimus,
2467 2705 2616 2775 quod
2666 2719 2829 2759 nemo
2863 2704 3071 2759 nostris
3097 2700 3445 2773 temporibus
3472 2706 3606 2763 natu,
3648 2694 3752 2761 inge-

2242 2798 2357 2863 nio,
2382 2796 2704 2852 fortitudine
2737 2804 2792 2851 et
2816 2796 3064 2863 audacia,
3104 2802 3322 2850 statura
3357 2805 3565 2864 quoque
3595 2797 3752 2854 totan

2243 2890 2489 2961 corporis
2510 2890 2799 2960 elegantia,
2820 2886 3065 2944 fascibus
3087 2884 3268 2956 aptior
3286 2883 3557 2938 videretur
3568 2875 3751 2946 impedi-

2242 2983 2407 3037 libus.
2431 2981 2535 3036 Prc
2563 2981 2819 3036 omnibus
2844 2978 2999 3051 regni
3031 2978 3117 3034 sui
3146 2974 3421 3033 aecclesiis
3463 2972 3646 3043 Spiram
3676 2980 3753 3019 ωι-
3826 2980 3827 3051 ξ

2243 3074 2391 3130 xime
2419 3072 2607 3139 coluit,
2635 3086 2867 3141 eamque
2893 3069 3045 3142 regio
3068 3077 3123 3125 et
3147 3066 3391 3123 mirifico
3424 3077 3574 3134 opere
3612 3068 3656 3115 et
3690 3056 3755 3110 bo-
3826 3098 3827 3109 η

2244 3184 2377 3225 nore
2400 3165 2708 3238 ampliavit,
2737 3164 2811 3219 ibi
2837 3163 3002 3219 etiam
3024 3176 3171 3217 nunc
3192 3160 3357 3232 juxta
3406 3156 3619 3227 majores
3649 3162 3751 3209 suos,

2245 3269 2497 3333 prcsente
2519 3259 2630 3314 tilio
2656 3272 2758 3315 suo
2789 3256 3112 3326 cunctisque
3158 3252 3319 3325 regni
3347 3248 3651 3323 principibus
3689 3242 3756 3295 be-

2247 3351 2473 3408 noriiice
2501 3353 2781 3419 humatus,
2808 3348 3124 3420 requiescit.

554 3546 644 3586 ma
673 3530 978 3602 triumpho!
1007 3531 1246 3587 Frenum
1268 3532 1488 3603 quippe,
1515 3533 1663 3603 quod
1697 3540 1815 3587 erat
1842 3532 1899 3586 in
1920 3529 2159 3586 maxillis
2183 3529 2513 3600 populorum
2552 3525 2688 3598 (Isa.
2723 3541 2856 3589 xxx,
2883 3524 2997 3594 29),
3027 3536 3250 3577 versum
3273 3531 3363 3576 est
3383 3520 3488 3575 illis

555 3622 613 3675 in
644 3621 919 3677 canticum
946 3622 1088 3679 sicut
1114 3638 1220 3678 vox
1252 3623 1343 3655 ¹⁹¹⁰
1375 3623 1728 3679 sanctificata:
1751 3621 2172 3693 sollempnitatis
2200 3620 2314 3673 ‘m.
2357 3619 2527 3691 Igitur
2545 3618 2676 3689 quia
2692 3624 2945 3673 cessante
2972 3615 3194 3670 tandem
3229 3622 3489 3668 exactore

558 3713 875 3783 conquievit
899 3715 990 3747 ¹⁹²²
1012 3725 1066 3771 et
1091 3715 1377 3783 tributum,
1403 3730 1531 3771 mox
1564 3714 1657 3749 ¹⁹¹³
1677 3730 1889 3781 omnes,
1918 3714 2012 3785 qui
2043 3721 2272 3784 questus
2299 3711 2392 3744 m"
2413 3712 2699 3767 dumtaxat
2724 3708 2900 3780 gratia
2919 3706 3096 3762 eidem
3132 3706 3223 3738 m'
3248 3703 3488 3776 principi

556 3803 930 3875 [tenebrarum
963 3803 1080 3879 ¹⁶¹⁶]
1101 3815 1329 3863 eatenus
1352 3807 1441 3841 "'7
1463 3805 1773 3862 adherendo
1815 3820 1946 3861 suas
1993 3805 2209 3860 animas
2276 3801 2555 3858 venalitati
2596 3806 3016 3872 proposuerant,
3044 3796 3314 3851 deditioni
3344 3793 3492 3866 regis

557 3897 722 3953 simul
746 3907 801 3954 et
821 3899 1195 3956 communioni
1228 3900 1511 3956 catholica:
1541 3898 1929 3970 subjiciuntur.
1962 3897 2281 3954 Leodiensis
2309 3905 2492 3952 autem
2523 3894 2783 3951 Otbertus
2812 3893 2906 3926 ²⁹²⁸
2933 3891 3226 3962 caeterique
3263 3890 3359 3923 ¹⁹¹⁹
3394 3905 3481 3944 co-

554 3989 935 4062 episcopantes
966 3992 1071 4047 hac
1097 3992 1238 4048 inter
1261 4001 1453 4049 caetera
1475 3992 1814 4063 recipiuntur
1835 3992 1891 4046 in
1918 3989 2362 4047 communionem
2395 3987 2729 4058 paenitentiae
2753 3984 3084 4050 conditione,
3115 3999 3226 4053 quo
3244 3981 3481 4037 cadaver

554 4082 733 4153 ipsius
758 4082 1220 4140 excommunicati
1242 4099 1338 4156 per
1363 4099 1422 4141 se
1446 4082 1621 4155 pridie
1643 4082 1700 4138 in
1720 4081 2057 4139 monasterio
2081 4080 2412 4135 tumulatum
2434 4077 2755 4143 effoderent,
2809 4083 2866 4130 et
2899 4074 3108 4143 absque
3132 4073 3247 4128 ullo
3281 4072 3374 4104 “'°
3392 4086 3485 4126 se—

552 4177 789 4246 pulturae
805 4177 892 4234 vel
919 4176 1275 4248 exequiarum
1308 4176 1698 4233 communione
1719 4175 1774 4230 iu
1803 4175 1927 4230 loco
1954 4173 2044 4206 ¹⁹³¹
2071 4188 2185 4227 non
2224 4178 2547 4226 consecrato
2596 4169 2951 4239 deponerent,
2993 4163 3483 4235 comprobantibus

553 4272 642 4328 his
663 4271 759 4342 qui
780 4270 1009 4326 aderant
1040 4270 1131 4303 ⁸⁸³⁸
1162 4268 1590 4341 archiepiscopis
1612 4280 1667 4325 et
1688 4269 1779 4302 ¹⁹³⁸
1797 4267 2092 4340 episcopis,
2116 4266 2246 4337 quia
2269 4264 2470 4336 quibus
2502 4262 2642 4318 vivis
2671 4260 2919 4317 tecclesia
2949 4258 3041 4290 ¹⁹⁸δ
3060 4270 3172 4311 non
3223 4271 3477 4312 commu-

552 4365 721 4431 nicat,
759 4362 867 4419 illis
890 4364 1055 4419 etiam
1091 4377 1194 4418 nec
1216 4362 1450 4418 mortuis
1471 4360 1879 4417 communicare
1900 4359 2075 4430 possit
2097 4358 2209 4429 ‘2”.
2233 4356 2354 4423 Quo
2379 4355 2541 4421 facto,
2571 4354 2736 4424 paulo
2760 4358 2887 4423 post
2914 4364 3115 4419 corpus
3141 4349 3324 4419 ipsum
3359 4345 3482 4416 Spi-

554 4460 704 4516 rensi
734 4457 940 4514 civitati
970 4457 1061 4489 ¹⁹³⁶
1089 4464 1174 4511 est
1196 4456 1251 4510 in
1284 4454 1571 4526 sarcofago
1591 4454 1806 4525 lapideo
1830 4451 1972 4524 regis
2003 4466 2281 4506 consensu
2316 4448 2579 4513 delatum,
2613 4446 2801 4515 sicque
2844 4451 2997 4498 extra
3027 4439 3331 4497 aeeclesiam
3356 4438 3477 4511 [ως.

554 4571 652 4627 per
705 4554 915 4624 aliquot
966 4567 1141 4607 annos
1171 4548 1377 4606 ibidem
1425 4549 1725 4621 permansit
1771 4548 2118 4603 inhumatum
2144 4544 2237 4617 E.]
2272 4544 2472 4599 ibidem
2501 4557 2598 4613 per
2621 4538 3061 4611 quinquennium
3084 4535 3291 4591 mansit
3318 4533 3480 4588 inhu-

554 4658 787 4703 malum.

624 4738 725 4795 Hic
747 4737 895 4805 finis,
926 4736 1016 4792 hic
1049 4734 1323 4802 interitus,
1350 4734 1575 4806 haecque
1603 4735 1694 4769 "'7
1727 4750 1848 4791 sors
1885 4734 2075 4788 ultima
2118 4730 2380 4795 lieinrici,
2409 4729 2502 4783 illo
2534 4727 2636 4784 sub
2665 4724 2935 4781 vocabulo
2983 4720 3166 4794 quarti
3193 4719 3476 4774 Romano-

1852 4868 2085 4924 νΑιὶιΑῑ
2125 4864 2526 4923 LECTIONES.

626 4995 718 5027 ¹⁹⁰⁰
752 4994 998 5049 seniores
1018 4992 1073 5046 6.
1157 4991 1246 5022 ¹⁹⁰¹
1277 4992 1415 5045 deest
1446 4992 1514 5046 7?
1546 4991 1631 5047 10.
1689 4993 1774 5048 ii.
1867 4991 1961 5024 ¹⁹⁰²
2006 4992 2147 5045 deest
2200 4988 2254 5044 6.
2311 4988 2397 5043 9°.
2504 4986 2594 5020 ¹⁹⁰⁸
2619 4986 2694 5037 ita
2884 4979 2978 5013 ¹⁹⁰⁶
3004 4979 3149 5032 deest
3168 4976 3235 5049 κϐ.
3267 4975 3316 5029 7.
3343 4974 3432 5049 gf.
3532 4965 3751 5049 "”

553 5074 703 5121 rator
734 5034 1119 5119 ""ii’xd’ux
1142 5063 1194 5117 4.
1277 5034 1646 5118 "iiii'rériu'zié
1865 5062 1958 5094 ¹⁹⁰⁸
2182 5034 2340 5114 4:11:
2383 5034 2397 5042 ’
2444 5058 2534 5091 ¹⁹⁰⁹
2575 5034 2933 5123 munitionem
2971 5049 3024 5123 ti.
3071 5049 3121 5123 7.
3157 5044 3436 5123 9¢.____"“
3462 5034 3749 5123 pre-pone}?

554 5110 693 5190 sa:-
891 5110 1293 5205 suam.
1333 5110 1792 5205 ρεςτ--ίεῖτδῑ-έ,
1835 5133 1925 5205 9c,
1972 5110 2487 5205 ῘῖοΪίὲίάῖεῖξειεὲ-
2555 5126 2685 5205 ,ττιι
2712 5126 2854 5205 «aee:
2893 5120 3151 5205 63w.
3249 5110 3533 5205 ’θίτξιιιλίε
3562 5110 3745 5205 tm

554 5206 625 5261 ab
669 5193 959 5272 aliquibus.
1002 5193 1086 5257 7.“
1132 5202 1224 5234 ¹⁹²⁸
1260 5220 1398 5258 corr.
1453 5205 1706 5274 personis
1758 5204 1807 5256 7.
1891 5203 1981 5235 “‘7
2028 5202 2231 5258 oblitus
2282 5201 2335 5255 5.
2392 5200 2477 5254 i0.
2518 5197 2719 5253 oblitos
2770 5193 2857 5247 ii.
2963 5193 3056 5222 m'

554 5276 607 5330 4.
719 5274 811 5306 ¹⁹¹⁹
843 5289 947 5328 nox
996 5273 1094 5327 Di.
1146 5273 1286 5340 quod
1325 5275 1468 5340 apud
1518 5273 1720 5328 Isaiam
1767 5274 1980 5340 legitur.
2091 5274 2179 5306 ¹⁹²¹
2225 5270 2599 5340 sollempniter
2635 5265 2753 5340 __Ei;
2803 5262 2884 5340 2‘?

2225 5287 2599 5327 souemnmter
2649 5287 2747 5319 nl.
2805 5287 2875 5316 2:

552 5276 607 5330 4.
719 5274 811 5306 ¹⁹¹⁹
843 5289 947 5328 nox
996 5273 1094 5327 Di.

554 5276 607 5330 4.
719 5274 811 5306 ¹⁹¹⁹
843 5289 947 5328 nox
996 5273 1094 5327 Di.
1146 5273 1286 5342 quod
1325 5273 1468 5345 apud
1518 5273 1720 5328 Isaiam
1767 5274 1980 5344 legitur.

554 5345 643 5400 10.
697 5343 1010 5400 auievitil.
1117 5343 1212 5375 ¹⁹¹³
1232 5360 1424 5400 eorum
1480 5345 1578 5400 Di.
1682 5345 1773 5376 ¹⁹¹⁹⁵
1812 5344 1980 5400 celest

554 5361 643 5400 ω.
737 5361 1010 5398 utevrtu.

552 5416 608 5471 4.
697 5361 816 5446 Ἱππ
864 5421 1010 5471 oneri

1117 5343 1212 5375 ¹⁹¹³
1232 5343 1424 5401 eorum
1480 5345 1578 5400 Di.

592 5456 608 5471 .
716 5412 1215 5486 “'j_0pertus__i_0.
1271 5418 1565 5486 episcopus
1617 5417 1701 5471 ii.
1759 5415 1822 5471 Ο.
1867 5432 1918 5470 a.
1968 5414 2028 5468 L.
2084 5414 2135 5468 7.

552 5483 850 5613 gerlanécEl
867 5524 880 5538 .
906 5484 961 5537 2.
1073 5483 1165 5514 ‘m
1187 5499 1238 5537 a.
1265 5483 1320 5543 et
1346 5483 1536 5542 desunt
1560 5487 1612 5541 4.

1682 5345 1773 5376 ¹⁹¹⁹⁵
1812 5343 2051 5400 celestiis
2101 5343 2200 5397 Di.

1709 5488 1801 5520 ‘9“
1827 5504 1882 5542 n.
1910 5503 1958 5542 c.
2014 5486 2162 5540 mcel.
2193 5484 2241 5538 7.

2963 5166 3056 5222 ’δῖθ
3068 5166 3228 5243 "corr.
3258 5166 3491 5243 aliter?
3584 5176 3657 5211 ’⁹¹⁹
3687 5166 3748 5243 υῙβ

3125 5238 3399 5330 ἆύὶεέἱῐὶέ
3424 5255 3509 5330 ,ξε
3550 5238 3748 5330 δςςυίεῗὲί

2308 5318 2589 5391 ίῖςέτέῗξζ
2632 5318 2689 5391 si;
2722 5334 2772 5388 7.
2811 5332 2898 5387 9c.
3012 5330 3105 5361 ενι·
3144 5318 3226 5384 ita
3257 5327 3315 5382 E.
3422 5324 3509 5356 ’ἐν
3550 5318 3743 5391 διάξελὲ

2442 5356 2492 5395 Θ.
2527 5356 2578 5411 g.
2632 5356 2686 5391 ἱ).
2731 5356 2772 5388 Ι.
2813 5356 2898 5387 δ”.
3013 5356 3104 5361 ""
3146 5356 3226 5384 uu
3257 5356 3327 5409 ο..
3550 5356 3741 5397 ..ωυρμ

2442 5412 2582 5455 ὶίηιιρ
2626 5409 2679 5455 Α-
2782 5403 2876 5434 ¹⁹³⁰
2901 5401 3009 5455 ulla
3034 5400 3088 5455 λ.
3198 5399 3285 5430 ﬂ"
3316 5396 3429 5450 lilio
3448 5394 3501 5447 δ.
3598 5383 3667 5417 ω’
3682 5380 3745 5455 ξδ’

3128 5470 3220 5503 ¹⁹⁸⁶
3254 5467 3372 5523 urbi
3418 5465 3472 5519 4.
3565 5456 3637 5491 ¹’³⁷
3681 5451 3743 5502 δα

2088 5638 2317 5696 NOTAE.

624 5763 773 5835 (507)
814 5760 879 5815 V.
906 5759 1192 5830 epistolam
1224 5775 1310 5829 ap.
1338 5755 1634 5814 Urstisium
1659 5755 1703 5825 Ι,
1733 5772 1785 5828 p.
1812 5757 1935 5813 399.

2232 5877 2269 5885 ,ρο
