3862 6306
95 224 216 281 i013
966 218 1338 277 CHRONICA.
1379 249 1451 259 —
1484 214 1879 277 CHRONICON
1921 216 2378 281 UNIVERSALE.

95 358 203 400 rum
228 338 571 413 imperatoris
597 354 628 394 a
652 336 769 394 suis
804 336 1100 409 appellati;
1139 351 1172 392 a
1202 334 1501 393 Catholicis
1535 350 1685 403 vero,
1732 336 1787 393 id
1831 347 1916 394 est
1943 339 2157 396 cunctis
2191 339 2352 396 beato
2396 325 2557 396 Petro
2586 340 2812 413 suisque
2857 357 2985 398 suc-

94 433 388 494 cessoribus
431 432 593 487 ﬁdem
636 439 691 486 et
721 429 1089 485 obedientiam
1135 428 1253 499 lege
1287 425 1602 491 Christiana
1634 429 2113 497 conservantibus,
2164 431 2511 504 archipyrata
2561 432 2725 488 simul
2753 441 2809 489 et
2827 433 2990 491 here-

92 530 291 588 siarcha
339 543 550 584 necnon
598 536 654 583 et
702 535 952 599 apostata
1013 532 1442 598 persecutorque
1504 524 1629 595 plus
1684 525 1994 582 animarum
2049 544 2216 599 quam
2271 545 2567 600 corporum
2622 540 2994 602 competenter

90 627 389 693 dicebatur;
422 632 605 696 utpote
632 625 731 696 qui
778 639 881 680 nec
929 622 1276 678 naturalibus
1311 636 1413 677 nec
1455 620 1958 678 conSuetudinariis
1997 633 2289 681 contentus
2332 624 2651 693 sceleribus,
2685 641 2828 681 nova
2877 638 2932 685 et
2959 646 2992 685 a

89 722 273 779 seculis
316 721 561 778 inaudita
593 722 827 793 ideoque
851 720 1116 777 nonnulla
1165 718 1506 777 incredibilia
1548 709 1890 790 excogitasse
1923 731 1979 776 et
2006 722 2323 779 exercuisse
2361 722 2749 780 infamabatur.
2783 722 2916 791 Quae
2941 728 2991 784 si

87 821 216 891 quis,
244 819 460 875 illorum
484 819 752 875 arbitratu
773 819 870 890 qui
897 826 1010 874 tam
1037 833 1328 890 perperam
1354 810 1521 888 quam
1548 825 1696 874 recte
1729 816 1823 849 ‘m
1848 817 1918 873 ab
1954 817 2379 891 imperatoribus
2417 829 2570 892 gesta
2604 821 2801 880 litteris
2822 823 2987 896 digna

81 922 331 993 iudicant,
393 920 636 977 scribere
687 920 838 988 velit,
887 935 991 976 nos
1019 920 1143 976 loco
1193 919 1461 987 cedimus,
1512 918 1753 974 maxime
1782 918 1875 951 ¹⁹³⁹
1910 933 2040 974 cum
2081 920 2264 991 aliqua
2286 934 2354 976 ex
2401 921 2490 978 bis
2519 922 2779 979 oblivioni
2808 920 2997 996 potius

85 1028 232 1084 quam
253 1013 521 1068 memoria
540 1012 630 1045 "“
656 1013 820 1085 digna
846 1028 958 1069 non
980 1012 1315 1069 dubitemus.
1342 1010 1602 1068 Pluribus
1626 1019 1810 1068 autem
1832 1011 2067 1068 testibus
2093 1011 2455 1083 comprobare
2502 1016 2805 1086 poterimus
2839 1016 2987 1088 quod

84 1123 228 1163 nemo
257 1108 464 1164 nostris
499 1108 591 1142 ‘9’“
619 1110 981 1182 temporibus,
1006 1117 1162 1178 natu,
1197 1108 1438 1181 ingenio,
1464 1106 1787 1164 fortitudine
1814 1115 1871 1165 et
1891 1109 2145 1177 audacia,
2188 1117 2398 1166 statura
2428 1111 2592 1167 etiam
2618 1120 2842 1184 totaque
2860 1128 2988 1168 eor-

83 1204 216 1273 poris
235 1203 506 1275 elegantia
534 1204 647 1274 "“,
669 1206 950 1262 videretur
982 1204 1227 1262 fascibus
1248 1203 1627 1275 imperialibus
1660 1203 1784 1275 ipso
1818 1202 2018 1274 aptior,
2049 1203 2097 1260 si
2134 1210 2318 1261 tamen
2342 1204 2398 1261 in
2434 1205 2688 1262 conﬂictu
2728 1206 2988 1264 vitiorum

83 1305 232 1359 homo
254 1318 367 1358 non
401 1303 759 1375 degeneraret
778 1302 865 1359 vel
896 1302 1280 1360 succumberet
1315 1301 1563 1356 interior.
1592 1298 1768 1357 Porro
1802 1315 1931 1358 cum
1973 1315 2086 1357 non
2116 1301 2280 1374 pauci
2316 1303 2616 1374 supersint,
2652 1304 2907 1376 idemque
2930 1306 2987 1361 in

82 1400 494 1458 sublimitatibus
517 1401 827 1469 constituti,
864 1416 1005 1472 quos
1034 1415 1263 1472 operum
1297 1399 1390 1433 ’⁸⁸³
1415 1398 1665 1470 ejusdem
1685 1397 1790 1453 viri
1828 1398 2145 1470 eooperatio
2172 1399 2474 1471 redarguit,
2499 1416 2671 1456 unum
2697 1410 2783 1458 est
2819 1404 2987 1472 quod,

82 1501 191 1555 licet
222 1500 388 1556 nimis
415 1498 615 1566 timidi,
650 1497 1019 1570 suggerimus,
1046 1495 1309 1569 quatinus
1355 1497 1538 1568 ipsum
1580 1496 2091 1567 coudempnationis
2136 1497 2259 1569 ejus
2302 1499 2614 1570 exemplum
2666 1500 2884 1556 sibimet
2934 1501 2990 1556 in

82 1597 366 1654 remedium
405 1604 642 1665 vertant,
671 1610 773 1652 nec
821 1593 1049 1651 honoris
1082 1609 1250 1666 prave
1281 1593 1373 1629 ‘9“
1394 1592 1678 1651 consecuti
1734 1591 1948 1661 ﬂorem,
2003 1592 2097 1650 sed
2141 1609 2331 1651 semen
2360 1595 2679 1663 adtendant,
2710 1597 2993 1669 satiusque

80 1694 262 1752 ducant
305 1695 470 1753 malis
498 1693 783 1767 plantariis
818 1692 1164 1750 eradicandis
1188 1692 1452 1749 insudare
1497 1706 1663 1763 quam
1689 1689 1931 1747 fructum
1962 1689 2088 1747 inde
2111 1700 2390 1762 perpetuae
2427 1693 2625 1750 mortis
2661 1693 2716 1749 in
2741 1692 2988 1750 futurum

78 1802 299 1858 carpere.
325 1786 588 1859 Alioquin
618 1787 867 1859 desipere
892 1786 1058 1842 nimis
1088 1796 1192 1854 est,
1216 1786 1418 1841 vulnus
1451 1783 1600 1840 ferro
1620 1784 1844 1855 plenum
1876 1784 2061 1841 sanari
2089 1785 2333 1855 credere,
2360 1784 2474 1842 Deo
2511 1787 2678 1843 simul
2717 1797 2771 1845 et
2806 1804 2984 1846 mam--

79 1900 237 1941 mena:
282 1884 562 1942 deservire
604 1884 781 1951 velle;
840 1883 1184 1955 monstrique
1233 1881 1413 1938 simile
1465 1889 1569 1949 est,
1601 1896 1671 1937 ex
1712 1879 2046 1937 Pharisaicae
2079 1880 2336 1938 elationis
2371 1879 2617 1955 fastigio,
2643 1884 2894 1955 ipsoque,
2930 1894 2991 1941 ut

77 1979 264 2049 dicunt,
287 1980 543 2036 mercede
581 1979 997 2053 sacrilegiorum
1029 1994 1284 2046 ascenso,
1311 1976 1625 2050 apostolicae
1665 1976 1994 2033 humilitatis
2037 1976 2356 2048 dignitatem
2398 1995 2687 2050 usurpare,
2731 1981 2801 2037 ab
2854 1997 2993 2052 apo-

79 2078 239 2135 stasia:
262 2078 477 2135 semine
527 2076 768 2133 fructum
808 2075 1133 2132 hierarchia:
1163 2075 1254 2111 ηδ’
1285 2089 1525 2146 sperare.
1571 2072 1699 2130 Haec
1734 2072 2024 2129 hactenus.
2056 2071 2170 2128 Deo
2196 2080 2380 2128 autem
2438 2075 2664 2146 gratias,
2714 2076 2830 2146 qui,
2862 2077 2991 2134 licet

77 2175 226 2243 tarde,
264 2182 452 2230 tamen
475 2174 884 2246 permagnilice,
916 2173 1202 2228 victoriam
1229 2171 1503 2229 concessit
1523 2171 1784 2228 tecelesiaa
1822 2185 1976 2239 suae;
2021 2169 2114 2227 cui
2140 2169 2305 2226 etiam
2329 2170 2574 2241 ejusdem
2615 2160 2997 2229 Nabuchodo€

79 2284 226 2324 nosor
248 2270 775 2342 quinquagesimum
799 2268 1104 2324 exactionis
1143 2284 1350 2324 annum
1377 2268 1521 2325 idem
1561 2266 1822 2335 Galileus,
1855 2267 1949 2339 qui
1985 2264 2264 2323 Julianum
2300 2267 2578 2338 quondam
2608 2268 2833 2338 vicerat,
2864 2254 2996 2327 ver-I

78 2370 130 2423 tit
154 2374 200 2423 in
223 2370 520 2441 jubileum.
551 2366 611 2422 Si
639 2366 766 2437 quis
788 2381 918 2422 vero
951 2373 1063 2421 tam
1083 2365 1282 2422 zelotes
1311 2373 1417 2434 est,
1436 2364 1523 2422 cui
1545 2364 1705 2435 quasi
1736 2364 1882 2419 diem
1918 2363 2173 2419 interitus
2204 2362 2398 2417 Amam
2430 2362 2523 2395 ¹⁹⁶⁶
2552 2364 2718 2419 etiam
2744 2363 2987 2423 Heinrici

77 2465 258 2522 obitum
285 2482 384 2537 per
409 2465 502 2497 "‘7
527 2463 788 2520 aecclesiat
832 2461 1209 2533 posteritatem
1258 2460 1502 2533 ignorari
1537 2460 1627 2517 ³9³⁸
1653 2475 1764 2515 non
1798 2459 1889 2491 ηδ’
1937 2458 2123 2526 libeat,
2159 2457 2191 2511 7
2225 2456 2353 2514 Idus
2394 2458 2627 2531 Augusti
2668 2460 2813 2515 hanc
2864 2475 2988 2517 esse

74 2558 212 2627 sciat,
237 2574 348 2630 quo
391 2558 487 2591 ¹⁹⁵⁰
524 2557 736 2614 scilicet
771 2554 860 2612 die
888 2555 1070 2629 primo
1106 2562 1341 2610 matrem
1396 2569 1553 2611 suam
1601 2552 1907 2612 accelesiam
1935 2552 2081 2623 apud
2129 2550 2395 2608 Unstruot
2420 2551 2569 2624 (508)
2594 2553 2858 2611 invadens
2890 2556 2981 2588 ¹⁹⁸⁸

77 2655 369 2713 innumeras
395 2656 613 2712 animas
636 2654 705 2709 ad
742 2652 948 2710 inferos
976 2653 1247 2724 promisit,
1274 2652 1577 2724 eademque
1607 2651 1695 2706 die
1729 2649 1920 2705 Martis
1952 2650 2065 2716 ηδ’,
2112 2665 2224 2720 qua
2280 2650 2444 2705 etiam
2479 2658 2675 2706 cuncta
2717 2666 2817 2706 sua
2842 2667 2983 2722 prae-

75 2750 135 2805 lia
160 2751 264 2819 ’9",
302 2755 577 2823 paganieo
604 2751 865 2807 nimirum
891 2751 1161 2822 auspicio,
1192 2759 1508 2822 perpetrare
1532 2750 1839 2806 consuevit.

132 2846 248 2904 Post
264 2849 383 2904 haec
402 2848 707 2904 ebdomada
729 2856 925 2918 quarta
953 2847 1044 2883 ‘9“
1062 2849 1270 2903 mensis
1288 2845 1647 2902 Octobris‘m
1676 2851 1724 2909 Α
1824 2844 1956 2900 Post
2024 2844 2140 2900 ιιωο
2206 2844 2507 2901 ebdomada
2562 2852 2758 2917 quarta
2829 2842 3035 2901 mensis
3091 2841 3342 2902 Octobris

76 2938 294 2995 habitum
325 2950 416 2997 est
444 2940 738 2996 concilium
769 2940 918 3012 (509)
949 2940 1202 3012 generale
1228 2938 1398 3013 (Οει.)
1437 2939 1492 2994 in
1521 2954 1650 3010 pro-
1751 2948 1957 3018 actum~
1982 2945 2067 2993 est
2107 2938 2403 2994 concilium
2452 2938 2703 3010 generale
2746 2936 2916 3010 (0ct.)
2954 2937 3010 2993 in
3059 2937 3342 3009 provincia

3209 226 3377 289 1044'

76 3033 231 3089 vincia
252 3033 639 3105 Longobardia
667 3033 759 3066 ’9⁵³
792 3049 958 3104 super
1007 3033 1185 3104 ripam
1216 3031 1349 3087 Padi
1384 3030 1647 3098 ﬂuminis,

75 3123 179 3178 loco
201 3124 292 3194 qui
314 3122 631 3179 Warstallis
656 3132 1026 3194 nuncupatur,
1062 3123 1154 3179 ubi
1192 3122 1501 3195 presidente
1523 3137 1651 3178 vere

74 3231 155 3284 per
171 3216 346 3272 omnia
372 3216 676 3287 apostolico
702 3216 822 3272 viro
850 3215 1100 3292 Paschali
1132 3214 1220 3283 ll",
1250 3230 1435 3271 coram
1457 3213 1647 3270 multi-

74 3308 240 3365 tudine
288 3310 535 3365 maxima
579 3309 668 3341 ³⁸⁵⁷
703 3308 1031 3365 clericorum
1087 3323 1301 3364 necnon
1344 3306 1435 3340 ‘9“
1477 3315 1532 3363 et
1558 3307 1649 3339 ¹θ⁸⁹

75 3398 334 3470 laicorum,
389 3401 484 3472 qui
538 3401 606 3456 de
651 3401 997 3456 diversorum
1045 3416 1339 3473 regnorum
1387 3398 1649 3456 {ecclesiis

75 3502 425 3549 convenerant
475 3491 588 3561 “5°,
637 3493 982 3563 presentibus
1032 3493 1199 3549 etiam
1246 3492 1439 3565 legatis
1463 3493 1648 3550 domni

76 3582 290 3642 llcinrici
311 3585 483 3658 regis,
521 3584 694 3641 multa
739 3594 870 3641 sunt
907 3585 1018 3654 ’9“,
1051 3594 1214 3655 prout
1249 3586 1512 3642 canonica
1560 3586 1647 3641 di-

73 3678 234 3733 ctabat
263 3679 507 3750 equitas,
533 3679 603 3735 de
620 3677 842 3733 'inimici
885 3678 1113 3734 zizaniis
1136 3678 1346 3746 evulsa,
1378 3677 1548 3734 multa
1582 3678 1650 3734 de

74 3770 341 3827 structuris
396 3785 561 3840 super
589 3770 853 3825 harenam
902 3768 1101 3840 positis
1151 3767 1447 3836 destructa,
1492 3768 1647 3838 plura

73 3876 269 3932 quoque
296 3862 483 3933 pistici
508 3862 733 3918 seminis
760 3860 1029 3932 plantaria
1059 3858 1385 3931 profundius
1406 3859 1648 3930 plantata

74 3955 217 4012 simul
249 3967 302 4013 et
332 3958 532 4029 rigata,
580 3957 840 4013 nonnulla
871 3957 1038 4012 etiam
1069 3954 1360 4011 tutissima:
1380 3952 1645 4010 munitio-

73 4050 146 4104 nis
171 4065 263 4120 per
287 4050 569 4107 :ecelesias
605 4050 1013 4121 propugnacula
1053 4058 1182 4105 sunt
1212 4048 1480 4105 cdilicata.
1508 4046 1645 4103 Nam

72 4155 181 4196 cum
209 4144 400 4199 eadem
432 4142 736 4210 Dominica,
767 4159 890 4213 quae
932 4154 1050 4198 erat
1073 4143 1159 4198 l2.
1200 4141 1318 4197 Kal.
1351 4140 1641 4198 Novembr.

72 4230 455 4292 Juvavensibus
499 4235 891 4291 Chuonradum
939 4236 1052 4302 ‘9“,
1086 4234 1422 4291 Tridentinis
1465 4234 1641 4290 Gebe-
1677 4216 1722 4276 Β

74 4323 282 4383 bardum
306 4328 557 4399 presules
582 4336 979 4396 consecrasset,
1011 4342 1271 4383 enarrare
1289 4327 1514 4398 longum
1536 4336 1640 4394 est,

72 4433 217 4486 quam
250 4419 527 4477 indefesso
568 4420 810 4491 prudens
860 4430 915 4475 et
951 4420 1128 4476 fidelis
1178 4418 1269 4474 ine
1300 4419 1502 4475 summi
1548 4418 1644 4451 ¹⁹⁶³

72 4511 465 4578 patrisfamilias
493 4512 841 4583 dispensator
875 4528 1171 4568 conservos
1209 4511 1301 4545 ⁸⁸⁸³
1337 4527 1468 4567 suos
1492 4511 1643 4567 verbi

73 4600 153 4657 Dei
182 4605 363 4661 tritico
388 4605 694 4660 lautissime
710 4604 908 4660 cotidie
938 4604 1203 4673 reﬁceret,
1224 4604 1647 4676 pseudoepisco-

71 4707 157 4762 pos
183 4695 271 4730 "'3
294 4698 592 4769 deponeret
608 4695 721 4764 ¹⁹⁶⁶,
738 4696 1038 4753 catholicos
1058 4697 1434 4763 constitueret,
1461 4696 1644 4752 archi—

1751 3028 2135 3102 Longobardia
2167 3046 2333 3101 super
2367 3032 2544 3102 ripam
2594 3030 2730 3086 Padi
2774 3030 3038 3098 ﬂuminis,
3087 3030 3209 3086 loco
3245 3030 3342 3100 qui

1757 3120 2063 3179 Warstallis
2093 3122 2316 3191 dicitur,
2368 3123 2463 3181 ubi
2512 3122 2825 3195 presidente
2872 3137 2996 3178 vere
3044 3122 3343 3194 apostolico

1716 3212 1870 3273 'viro
1897 3216 2151 3275 Pascbali
2180 3219 2448 3289 secundo,
2478 3236 2663 3277 coram
2711 3220 3059 3276 multitudine
3099 3218 3341 3274 maxima

1750 3320 1861 3367 tam
1898 3312 2167 3368 laicorum
2189 3328 2360 3383 quam
2382 3313 2730 3383 clericorum,
2762 3314 2857 3385 qui
2885 3313 3226 3370 diversorum
3252 3326 3344 3367 re-

1750 3418 1985 3477 gnorum
2018 3405 2102 3460 vel
2138 3405 2509 3462 ecclesiarum
2538 3406 2905 3484 legationibus
2954 3405 3341 3477 fungebantur,

1751 3496 2099 3567 presentibus
2128 3498 2293 3553 etiam
2322 3497 2513 3570 legatis
2559 3499 2769 3555 domini
2796 3498 2960 3571 regis,
2991 3499 3166 3555 multa
3192 3506 3342 3563 sunt,

1750 3599 1916 3663 prout
1940 3589 2206 3646 canonica
2236 3591 2479 3648 dictabat
2499 3591 2752 3663 aequitas,
2776 3593 2843 3648 de
2874 3591 3082 3647 inimici
3113 3590 3343 3646 zizaniis

1749 3683 1958 3751 evulsa,
2015 3683 2284 3754 pluraque
2310 3680 2493 3752 pistici
2543 3682 2772 3739 seminis
2805 3679 3343 3755 plantariaprofun-

1734 3773 1874 3828 .dius
1910 3772 2155 3839 inserta;
2205 3780 2499 3829 structurae
2544 3788 2709 3845 super
2766 3787 2993 3848 arenam
3027 3771 3220 3843 positae
3244 3771 3344 3826 de-

1750 3871 2060 3930 struuntur,
2099 3863 2391 3920 tutissima:
2426 3864 2753 3921 munitionis
2794 3864 3204 3935 propugnacula
3244 3877 3345 3932 per

1748 3954 2026 4011 azcclesias
2044 3956 2402 4011 aediﬁcantur.
2431 3955 2568 4011 Nam
2588 3973 2713 4012 cum
2738 3958 2793 4011 in
2817 3957 3007 4012 eadem
3033 3955 3342 4024 Dominica,

1748 4062 1871 4117 quae
1897 4057 2014 4101 erat
2044 4046 2130 4102 12.
2172 4045 2294 4102 Kal.
2324 4046 2642 4117 Novembr.,
2673 4048 2941 4119 quosdam
2970 4049 3220 4120 presules
3247 4064 3345 4119 per

1750 4154 1809 4195 se
1833 4143 2012 4209 ipsum
2040 4147 2442 4207 consecrasset,
2472 4156 2731 4198 enarrare
2769 4141 2997 4212 longum
3024 4149 3128 4209 est,
3173 4155 3344 4211 quam

1749 4233 2019 4291 indefesse
2040 4234 2280 4306 prudens
2310 4245 2363 4291 et
2386 4235 2559 4291 ﬁdelis
2589 4236 2679 4292 ille
2705 4236 2908 4291 summi
2928 4234 3344 4307 patrisfamilias

1750 4310 2099 4394 dispensator
2143 4341 2442 4382 conservos
2491 4342 2623 4382 suos
2662 4326 2814 4382 verbi
2862 4325 2960 4383 Dei
2998 4327 3182 4383 tritico
3222 4326 3346 4381 lau-

1751 4419 1963 4475 tissime
2011 4418 2212 4476 cotidie
2257 4418 2522 4488 reticeret,
2564 4420 3058 4493 pseudoepiscopos
3098 4421 3341 4491 depone-

1752 4520 1853 4579 ret,
1903 4513 2206 4569 catholieos
2255 4512 2633 4582 constitueret,
2681 4513 3109 4585 archiepiscopis
3153 4511 3339 4583 pallia,

1754 4605 2105 4661 monasteriis
2137 4605 2420 4677 privilegia
2463 4608 2817 4675 concesserit,
2847 4616 3129 4679 presentes
3153 4607 3343 4661 ovium

1754 4697 1960 4754 Christi
1989 4709 2237 4770 pastores
2265 4700 2540 4759 melliﬂuis
2570 4702 2845 4774 alloquiis,
2875 4702 3130 4759 absentes
3158 4708 3344 4772 pater-

1411 4832 1644 4888 ἾΑΒΙᾸΞ
1677 4833 2081 4892 LECTIONES.

135 4922 220 4955 ¹⁹³⁸
242 4923 384 4979 deest
417 4924 469 4979 4.
551 4924 643 4958 ¹⁹³⁹
684 4927 922 4982 maxima
973 4926 1025 4981 5.
1056 4942 1194 4979 corr.
1235 4926 1474 4981 maxime
1516 4924 1613 4980 Dl.

71 4992 375 5067 c_.__4—li.“
439 4995 536 5067 ξω
561 5011 665 5067 ope
693 4997 743 5052 7.
855 4999 948 5032 ‘9“
990 4996 1144 5067 pravi
1182 4997 1237 5067 4.

75 5062 296 5120 ‘9“au6.
344 5065 395 5120 7.
435 5061 522 5121 9c.
597 5061 728 5101 ’³⁸⁵⁷
757 5077 811 5124 et
841 5061 1036 5124 4—H.
1130 5066 1224 5099 ⁸⁸⁸⁸
1276 5067 1454 5170 ignori
1498 5066 1586 5122 10.

75 5148 152 5170 rm:
171 5134 425 5170 ἰηισοιιοηα
459 5137 487 5170 ι
589 5137 681 5170 19"
706 5140 944 5170 mann-:unn
973 5137 1006 5170 Ω
1065 5139 1126 5170 00.
1231 5138 1299 5170 198
1355 5153 1390 5170 n
1440 5153 1537 5170 ενι-η

72 5148 153 5186 ras
171 5135 429 5191 invadens
454 5137 508 5191 4.
589 5137 681 5171 ¹⁹⁸¹
705 5140 948 5195 marcius
973 5137 1027 5194 6.
1065 5139 1149 5195 9ο.
1231 5138 1299 5172 ⁸⁹⁸

1712 4926 1806 5009 ξοξο
1837 4928 2139 5009 memoriae
2160 4928 2258 5009 Ei.
2292 4934 2346 4987 2.

1353 4996 1447 5029 ‘9“
1494 4996 1818 5052 iberarchiae
1858 4997 1957 5053 Dl.
1989 4998 2052 5055 Ε.
2106 5000 2162 5055 2.
2223 5002 2333 5058 iera

1353 5067 1454 5122 lori
1498 5066 1586 5122 10.
1702 5067 1794 5100 ¹⁹⁵⁹
1848 5083 1958 5124 non
2007 5071 2046 5126 i.
2104 5071 2266 5128 liceat
2298 5074 2333 5128 4

1355 5083 1454 5122 IOI'I
1498 5083 1586 5122 ‘IU.
1703 5083 1794 5100 ""
1848 5083 1958 5124 non
2007 5087 2046 5126 ι.
2106 5083 2266 5128 liceat
2298 5083 2353 5128 4.

1355 5153 1409 5222 ρ·
1439 5153 1542 5222 sua
1842 5140 2146 5222 edomare
2175 5153 2353 5222 .quari

2449 4934 2537 4966 ‘9“
2569 4934 2774 4990 nostris
2809 4949 2971 4990 nemo
2993 4938 3048 4992 4.
3150 4935 3243 4967 m’
3275 4949 3326 4991 e.

2223 5002 2509 5060 ierarchiaz
2552 5004 2638 5059 10.
2678 5006 2988 5061 tetrarchia;
3021 5006 3073 5060 6.
3139 5004 3188 5060 7.
3245 5004 3332 5073 9”,

2442 5076 2550 5146 χ¹⁹⁸⁰
2599 5077 2749 5146 quod
2774 5077 2827 5132 6.
2947 5078 3040 5110 ⁸³⁵⁸
3080 5077 3336 5133 innume-

2193 5153 2389 5215 quarte
2434 5145 2520 5202 6c.
2598 5145 2692 5182 ‘9“
2729 5163 2947 5204 menses
2992 5156 3119 5205 octo
3152 5148 3204 5203 6.
3244 5149 3329 5204 9°.

73 5220 197 5281 corr.
227 5222 423 5281 mense
443 5206 494 5281 7.
518 5218 714 5281 quarta
744 5211 800 5264 b.
836 5226 886 5266 e.
913 5227 963 5266 e.
990 5209 1333 5281 mensisoct.
1355 5206 1417 5265 in
1446 5210 1500 5281 4.
1582 5209 1674 5242 ¹⁹⁵⁶
1702 5209 1851 5281 lang.
1884 5210 1934 5265 7.
2013 5213 2104 5246 "'7
2149 5206 2293 5270 deest
2315 5216 2369 5271 4.
2448 5218 2539 5252 ’⁸⁸⁸
2569 5217 2715 5272 deest
2740 5219 2795 5274 4.
2876 5219 2970 5251 ¹⁹⁸⁹
3015 5220 3159 5275 deest
3190 5220 3243 5275 5.
3273 5220 3326 5274 6.

76 5272 119 5329 7.
150 5275 230 5331 9c.
257 5277 364 5332 101
405 5278 490 5332 Η.
534 5272 660 5312 ’⁸⁵³⁵⁸
691 5279 1143 5336 eonveneratEl.
1183 5279 1238 5334 2.
1317 5281 1406 5314 ¹⁹⁶¹
1449 5279 1592 5335 deest

74 5361 245 5405 servos
268 5348 327 5405 4.
406 5348 497 5381 ³⁸⁸⁸
531 5350 770 5421 pseudos
799 5367 885 5422 ep.
916 5351 969 5406 5.
1043 5350 1134 5383 ⁸⁹⁶⁶
1179 5351 1321 5405 deest
1363 5350 1416 5406 6.
1450 5349 1501 5406 7.
1534 5351 1621 5407 9ο.

570 5278 660 5312 ⁸³⁵⁸
691 5279 1143 5336 eonveneratEl.
1183 5279 1238 5334 2.
1317 5281 1406 5314 ¹⁹⁶¹
1449 5279 1592 5335 deest
1623 5280 1677 5336 6.
1721 5281 1773 5337 7.
1804 5278 1898 5338 9°.

1978 5282 2069 5319 ¹⁹⁶²
2118 5286 2422 5343 conradum
2480 5287 2530 5344 7.
2611 5289 2703 5322 ‘m
2739 5290 2883 5345 deest
2904 5288 3079 5347 El.2.
3159 5290 3251 5323 ¹⁹⁸⁵
3272 5301 3328 5347 et

1556 5465 1789 5523 ΝΟΤιΕ.

139 5549 277 5625 (508)
293 5551 433 5625 Haec
465 5570 611 5625 pugn

139 5571 277 5623 (sua)
312 5571 433 5610 Haec
465 5571 537 5625 pu
580 5571 648 5609 na
687 5571 737 5609 a.
769 5571 928 5618 ww,
958 5571 1012 5607 υ.
1053 5571 1086 5608 υ
1113 5571 1280 5620 δυηιι,
1322 5571 1415 5611 sea
1443 5571 1549 5611 ana
1570 5571 1635 5613 ad

78 5615 503 5705 Strgivi‘ﬂ‘uvium
643 5624 939 5705 [Aug-usta
972 5640 1023 5705 a.
1054 5623 1190 5705 1.678.
1216 5625 1510 5705 commissa
1532 5634 1635 5682 est.

140 5689 280 5764 (509)
308 5691 372 5750 Υ.
417 5695 551 5751 Acta
574 5711 641 5749 ex
668 5689 854 5751 (Σθηέἰί
900 5695 1020 5750 eod.
1072 5692 1246 5764 Vatic,
1290 5695 1519 5768 aliisque
1546 5710 1631 5769 ap.

617 5570 648 5609 a
687 5570 737 5609 a.
769 5552 928 5618 1075,
958 5552 1012 5607 d.
1052 5552 1086 5608 9
1113 5550 1280 5620 Junii,
1322 5554 1415 5611 sed
1443 5556 1549 5611 alia
1570 5557 1639 5613 ad
1744 5556 1918 5614 Mansi
1945 5556 2066 5621 XX,

2097 5574 2153 5628 p.
2189 5557 2346 5628 l209.
2372 5559 2457 5614 Cf.
2504 5559 2669 5616 etiam
2711 5561 2926 5618 Transi.
2959 5564 3016 5619 S.
3059 5562 3337 5623 Modoaldi

1744 5628 1887 5705 (Act.
1918 5628 2023 5705 _S_S.
2046 5627 2173 5683 Mai.
2197 5627 2287 5705 ill,
2322 5646 2377 5701 p.
2406 5631 2517 5703 67),
2558 5632 2649 5687 alii
2680 5632 2845 5705 hujus
2873 5635 3207 5692 collectionis
3229 5650 3331 5695 νὼ

1741 5698 1930 5757 lumini
1965 5698 2330 5757 inserendam.
