3862 6306
487 208 626 265 1015

1658 206 2055 261 ΕΚΚΕΗΛΒυΙ
2096 201 2564 262 ΠΒᾹΗΟῙΕΝΞΙΒ

3581 217 3687 273 1016

483 325 755 397 cpiscOpis
795 324 978 395 pallia,
1015 322 1363 377 monasteriis
1400 321 1677 391 privilegia
1716 322 2069 386 concesserit,
2100 321 2146 378 Α
2172 319 2259 373 nis
2305 319 2853 375 commonitoriorum
2898 321 3094 377 litteris
3137 321 3468 391 instruxerit,
3509 334 3694 399 queam

486 424 769 486 prescntes
790 416 974 471 ovium
1002 413 1209 469 Christi
1223 421 1470 483 pastores
1497 411 1770 468 mellitluis
1796 411 2068 481 alloquiis,

488 510 742 565 absentes
802 509 1042 580 paternis
1116 507 1665 563 commonitoriorum
1735 506 1824 540 ¹⁹⁸⁷
1878 503 2074 559 litteris

491 600 828 667 instruxerit,
860 600 1109 670 quaedam
1136 599 1266 654 olim
1289 599 1502 655 abscisa
1534 599 1778 653 membra
1813 596 2073 653 ecclesia:

492 692 690 747 iterum
712 692 1159 763 incorporaverit,
1209 693 1460 764 quaedam
1505 693 1671 747 etiam
1694 706 1817 762 qua!
1847 690 2071 745 insana-

490 786 619 840 bilia
650 787 967 841 videbantur
985 785 1349 841 anathematis
1376 785 1684 841 abscisione
1712 783 2068 839 truncaverit.

494 877 668 949 Super
703 879 1139 937 ordinationibus
1167 888 1352 937 autem
1376 879 1712 950 temporibus
1736 877 1826 927 ‘9?“
1847 876 2075 933 scisma-

490 974 562 1027 tis
622 972 810 1041 factis,
873 973 1017 1028 unde
1069 971 1418 1042 permaxima:
1469 972 1873 1027 ventilabantur
1941 983 2076 1040 que-

2178 409 2307 465 olim
2346 409 2562 465 abscisa
2597 412 2840 467 membra
2884 413 3145 470 aecclesiae
3193 414 3392 470 iterum
3442 418 3697 491 incorpora-

2178 507 2334 573 verit,
2383 507 2632 577 quaedam
2689 508 2856 563 etiam
2905 524 3028 579 quae
3074 510 3399 567 insanabilia
3438 514 3701 574 videbantur

2178 598 2543 655 anathematis
2585 599 2896 656 abscisione
2934 601 3310 668 truncaverit;
3354 607 3702 673 superordina-

2175 689 2419 745 tionibus
2462 698 2645 745 autem
2701 691 3044 762 temporibus
3101 692 3382 749 scismatis
3423 694 3566 752 factis
3595 701 3704 756 unde

2176 781 2529 850 permaxima:
2556 783 2962 838 ventilabantur
2991 785 3332 855 questiones,
3353 787 3604 843 decretum
3622 792 3706 845 dis-

2176 875 2424 955 cretione.
2448 884 2825 932 maternorum
2874 877 3147 932 viscerum
3192 879 3486 937 artiﬁciose
3516 882 3708 939 medica-

2176 975 2295 1021 tum
2320 968 2688 1039 promulgavit
2719 987 2731 1021 :

492 1064 719 1133 stiones,
750 1068 1027 1123 decretum
1049 1063 1376 1120 discretione
1405 1071 1778 1120 maternorum
1795 1062 2067 1117 viscerum
2088 1058 2383 1115 artiﬁciose
2407 1059 2733 1116 medicatum
2764 1060 2819 1115 in
2854 1061 2971 1116 haec
2999 1060 3163 1116 verba
3184 1063 3543 1133 proumlgavit

565 1157 672 1213 Per
694 1162 884 1217 multos
899 1163 1017 1232 jam
1047 1182 1212 1220 annos
1263 1167 1408 1236 regni
1444 1164 1719 1220 Teutonici
1760 1162 1994 1217 latitudo
2035 1160 2101 1215 ab
2138 1159 2450 1231 apostolica:
2482 1160 2623 1214 sedis
2654 1162 2860 1215 unitate
2885 1161 3059 1215 divisa
3092 1169 3192 1214 est.
3220 1158 3293 1213 In
3315 1178 3422 1232 quo

494 1253 743 1308 nimirum
773 1259 1018 1314 scismate
1043 1266 1249 1314 tantum
1278 1260 1572 1330 periculum
1596 1260 1797 1330 factum
1820 1268 1917 1324 est,
1943 1267 2021 1324 ut,
2045 1257 2183 1328 quod
2207 1272 2326 1310 cum
2350 1256 2532 1311 dolore
2562 1257 2811 1323 dicimus,
2837 1257 3092 1327 vixpauci
3113 1257 3419 1312 sacerdotes

493 1354 584 1396 aut
609 1345 788 1403 clerici
819 1352 1069 1408 catholici
1094 1356 1151 1409 in
1187 1364 1336 1410 tanta
1376 1364 1637 1410 terrarum
1672 1355 1955 1410 latitudin
1980 1354 2332 1424 reperiantur.
2364 1352 2459 1407 Tot
2484 1353 2650 1424 igitur
2680 1353 2811 1423 ﬁliis
2840 1354 2894 1408 in
2918 1354 3018 1407 hac
3038 1364 3218 1424 strage
3227 1354 3421 1423 jacen-

495 1440 654 1508 tibus,
688 1444 1010 1504 Christianae
1033 1454 1180 1522 pacis
1224 1453 1507 1506 necessitas
1548 1453 1711 1523 exigit
1746 1452 1836 1484 ηδ’
1862 1460 1921 1505 ut
1963 1465 2120 1520 super
2164 1448 2257 1501 hos
2299 1454 2539 1502 materna
2568 1448 2820 1503 (ecclesia:
2850 1449 3051 1502 viscera
3080 1448 3419 1518 aperiantur.

495 1533 724 1591 Patrum
756 1541 847 1572 ¹⁹⁷⁰
872 1542 1048 1613 itaque
1076 1553 1377 1599 nostrorum
1405 1546 1495 1577 ‘9“
1526 1545 1776 1614 exemplis
1809 1553 1857 1598 et
1887 1542 2102 1613 scriptis
2135 1541 2229 1572 ‘9"
2270 1540 2539 1606 instructi,
2571 1540 2661 1610 qui
2690 1540 2914 1594 diversis
2948 1540 3277 1609 temporibus
3304 1537 3425 1592 No—

495 1634 739 1689 vatiauos
776 1636 890 1703 ³⁸⁷³,
918 1637 1233 1694 Donatistas
1263 1649 1312 1694 et
1334 1640 1468 1694 alios
1502 1641 1756 1695 hereticos
1791 1641 1847 1692 in
1863 1640 1984 1708 suis
2007 1635 2282 1692 ordinibus
2330 1643 2692 1705 susceperunt,
2727 1635 2925 1705 profati
2954 1635 3099 1704 regni
3148 1636 3429 1705 episcopos

496 1731 551 1783 in
591 1730 683 1762 ’³⁷⁸
704 1733 952 1788 scismate
980 1735 1271 1801 ordinatos,
1301 1737 1404 1791 nisi
1434 1746 1525 1797 aut
1552 1738 1819 1791 invasores
1849 1745 1940 1789 aut
1984 1732 2291 1804 Symoniaci
2327 1740 2425 1786 aut
2465 1731 2742 1786 criminosi
2788 1732 2898 1785 sint
2950 1731 3042 1763 ‘9"
3089 1731 3329 1801 probati,
3372 1731 3430 1784 in

497 1827 663 1894 ofﬁcia
691 1829 976 1898 episcopali
1005 1833 1343 1902 suscipimus.
1371 1831 1439 1887 Id
1466 1834 1639 1902 ipsum
1674 1833 1737 1886 de
1789 1831 2000 1885 clericis
2047 1828 2423 1898 cujuscumque
2459 1826 2664 1881 ordinis
2711 1826 3106 1893 constituimus,
3141 1842 3278 1897 quos
3312 1828 3427 1883 vita

496 1927 818 1999 scientiaque
841 1933 1186 1987 commendat.

567 2018 662 2076 His
697 2030 749 2077 et
769 2023 1079 2092 hujusmozli
1120 2041 1283 2095 super
1306 2027 1610 2082 recelesiam
1646 2026 1814 2081 divini
1853 2023 2080 2079 luminis
2111 2024 2154 2078 Β
2252 2018 2348 2075 His
2374 2020 2775 2089 et'hujusmodi
2804 2035 2970 2089 super
3002 2019 3317 2074 :ecclesiam
3350 2012 3515 2071 divini
3548 2012 3719 2065 luminis

496 2111 722 2169 orientis
753 2129 964 2171 aurora
980 2116 1263 2187 jocundati
1296 2118 1385 2150 ¹⁹⁷⁶
1415 2118 1819 2189 splendor-ibus,
1840 2117 1968 2188 quia
1996 2117 2081 2172 ni-

496 2204 700 2259 mirum
733 2206 948 2261 tandem
971 2217 1194 2263 venerat
1219 2220 1432 2280 tempus
1453 2210 1748 2267 miscrendi
1772 2211 1913 2282 ejus,
1937 2209 2085 2280 pari-

497 2305 689 2366 terque
718 2298 1031 2367 apostolicis
1062 2300 1227 2355 macti
1253 2300 1343 2333 ’9'”
1368 2300 1857 2369 benedictionibus,
1886 2301 1954 2355 ad
1984 2316 2082 2355 sua

499 2386 703 2456 quique
739 2399 1161 2458 convertuntur;
1206 2407 1308 2448 nos
1349 2407 1497 2459 vero,
1532 2393 1585 2447 id
1617 2401 1702 2448 est
1734 2392 1948 2463 Alpium
1994 2392 2083 2424 ¹⁹⁷⁸

500 2489 930 2548 transcensores,
972 2482 1192 2552 speciali
1232 2484 1467 2555 quodam
1520 2501 1615 2556 pre
1653 2484 1864 2541 cunctis
1892 2483 2082 2539 eﬂ‘ere-

498 2570 692 2625 lmmur
727 2572 819 2603 “7’
853 2574 1113 2644 tripudio,
1145 2591 1211 2631 eo
1254 2577 1399 2646 quod
1424 2577 1556 2632 certi
1592 2593 1859 2644 essemus,
1897 2577 2083 2632 domni

499 2662 783 2730 apostolici
805 2665 1197 2733 profectionem
1226 2668 1316 2699 ¹⁹⁸⁰
1334 2667 1415 2723 sic
1439 2667 1609 2723 fuisse
1623 2668 1945 2739 dispositam
1971 2669 2082 2736 ηδ’,

499 2753 761 2822 quatinus
807 2755 910 2810 iter
948 2766 1198 2813 nostrum
1240 2775 1408 2831 quam
1457 2770 1673 2816 mature
1720 2762 2081 2832 subsequens,

500 2845 736 2899 natalem
763 2845 980 2902 Domini
1022 2848 1309 2921 Mogontiae
1347 2852 1720 2912 celebraturus
1756 2862 1920 2921 esset,
1958 2871 2083 2925 pre-

501 2942 654 2988 sente
678 2949 803 2989 cum
834 2937 1105 2993 universis
1128 2942 1275 3011 regni
1304 2942 1641 3012 principibus
1666 2958 1809 2998 novo
1838 2960 1963 3016 rege
1988 2962 2088 3000 nom

502 3031 635 3076 διε-ο.

577 3113 692 3172 Hoc
736 3133 880 3174 anno
916 3121 1027 3175 dux
1072 3120 1323 3179 Saxonis:
1360 3124 1586 3197 Magnus
1631 3128 1797 3194 obiit,
1841 3145 1940 3199 pro
1977 3147 2087 3200 quo

502 3206 797 3265 Lotharius
825 3211 914 3245 ¹⁹⁸⁹
944 3215 1197 3269 surrexit.
1224 3214 1356 3270 Item
1380 3215 1486 3273 Uto
1508 3220 1599 3252 ¹⁹⁸³
1626 3222 1870 3276 maQChio
1894 3223 1960 3276 de
1985 3221 2085 3277 Sa-

504 3300 670 3354 xonia
702 3302 837 3356 obiit
862 3303 1018 3374 (Aug.
1047 3306 1158 3377 9.3).
1190 3307 1523 3379 Buotpertus
1556 3311 1646 3344 "3‘
1676 3311 2085 3385 Wirciburgen-

2183 2114 2410 2170 orientis
2440 2129 2653 2170 aurorae
2680 2112 2962 2184 jocundati
2999 2109 3412 2181 splendoribus,
3441 2105 3558 2176 quia
3596 2104 3720 2157 nimi-

2183 2224 2305 2262 rum
2333 2207 2553 2262 tandem
2576 2213 2801 2262 venerat
2819 2214 3035 2275 tempus
3057 2202 3364 2258 misercndi
3390 2200 3523 2269 ejus,
3545 2194 3719 2266 patim-

2182 2315 2290 2369 que
2316 2298 2629 2369 apostolicis
2652 2296 2817 2353 macti
2844 2295 3343 2359 benedictionibus,
3373 2292 3441 2346 ad
3461 2306 3549 2345 sua
3566 2287 3720 2357 quique

2184 2398 2606 2456 conuertuntur;
2648 2405 2751 2445 nos
2780 2404 2933 2455 vero,
2970 2388 3025 2443 id
3063 2396 3147 2443 est
3170 2386 3401 2456 Alpium
3431 2390 3717 2437 transcenso-

2185 2407 2275 2445 co'
2324 2407 2606 2456 ertuntur;
2648 2407 2751 2445 nos
2780 2407 2933 2455 vero,
2970 2407 3025 2443 ια
3063 2407 3147 2443 est
3170 2407 3401 2456 ωριωιι
3434 2407 3717 2437 “ausumau-

2185 2407 2550 2552 resXpeciali
2580 2481 2818 2552 quodam
2851 2495 2948 2551 pre
2973 2479 3186 2535 cunctis
3213 2476 3571 2532 ell‘erebamur
3589 2472 3718 2538 u-ipu-

2184 2574 2293 2638 dio,
2321 2588 2387 2629 eo
2417 2574 2562 2644 quod
2591 2574 2726 2629 certi
2760 2588 3032 2639 essemus,
3054 2570 3240 2627 domui
3281 2565 3561 2640 apostolici
3584 2559 3718 2639 prpit-

2186 2668 2418 2723 ctionem
2445 2667 2527 2723 sic
2548 2667 2718 2724 fuisse
2743 2666 3091 2737 dispositam,
3114 2663 3389 2735 quatinus
3414 2661 3511 2714 iter
3527 2666 3719 2711 nostrum

2186 2776 2349 2830 quam
2375 2768 2587 2814 mature
2609 2760 2971 2829 subsequens,
2996 2757 3231 2812 natalem
3257 2754 3481 2809 Domini
3497 2748 3720 2820 Mogontir

2188 2853 2562 2908 celebraturus
2619 2861 2799 2918 esset,
2845 2858 3100 2921 prcsente
3128 2864 3256 2903 cum
3317 2845 3577 2901 universis
3612 2837 3720 2909 regni

2187 2925 2524 3015 principibus
2544 2958 2687 2999 novo
2713 2958 2839 3012 rege
2862 2953 3056 2997 nostro
3084 2939 3372 2996 lleinrico.

2259 3033 2374 3091 lloc
2412 3050 2558 3090 anno
2588 3035 2699 3089 dux
2743 3032 2989 3088 Saxoniee
3041 3031 3275 3102 Magnus
3320 3029 3483 3094 obiit;
3522 3040 3606 3096 pro
3642 3038 3720 3091 qua

2148 3182 2162 3193 ,
2190 3126 2485 3183 Lotbarius
2515 3126 2771 3182 surrexit.
2806 3124 2937 3179 Item
2966 3122 3109 3177 Outo
3144 3121 3405 3176 marchio
3439 3119 3504 3173 de
3541 3113 3719 3168 Samnii

2191 3218 2325 3273 obiit
2354 3218 2510 3289 (Aug.
2546 3216 2660 3277 25).
2702 3215 3035 3285 Ruotpertus
3069 3209 3535 3281 Wirciburgensis
3562 3204 3719 3273 rpisw'

2192 3326 2295 3381 pus
2323 3310 2453 3365 dum
2495 3308 2667 3364 tendit
2704 3308 2769 3363 ad
2801 3307 3113 3371 concilium,
3144 3304 3200 3358 in
3236 3303 3425 3357 eundo
3453 3295 3719 3365 defungitur.

504 3391 582 3445 sis
610 3393 900 3465 episcopus
929 3398 1345 3460 dumtenditad
1367 3405 1680 3475 concilium,
1708 3407 1762 3462 in
1789 3409 1968 3464 eundo
1994 3409 2089 3465 de-
2115 3389 2160 3451 ί)
2193 3404 2313 3469 Quo
2335 3402 2647 3468 decedente.
2677 3401 2932 3456 dominus
2962 3398 3234 3468 Erlungus
3261 3407 3378 3451 tam
3400 3413 3431 3449 a
3452 3395 3583 3448 clero
3602 3402 3719 3460 quam

504 3480 768 3555 fungitur.
809 3486 930 3552 Quo
956 3489 1247 3548 decedente
1278 3494 1391 3562 ηδ’,
1424 3496 1657 3554 domnus
1696 3499 1968 3573 Erlungus
1999 3502 2089 3535 '9”

504 3586 616 3630 tam
646 3593 677 3631 a
714 3578 863 3634 clero
884 3596 1047 3650 quam
1070 3599 1099 3637 a
1131 3587 1330 3657 populo
1362 3587 1887 3661 Wirciburgensium
1917 3603 1975 3648 ut
1999 3610 2089 3650 ve-

505 3684 602 3723 rus
636 3679 840 3739 pastor,
868 3672 1085 3730 sibimet
1113 3676 1320 3733 dudum
1346 3680 1547 3750 injuste
1569 3683 1801 3753 ablatus,
1827 3688 1921 3742 sed
1938 3688 2088 3758 justo

507 3760 603 3815 Dei
628 3762 838 3832 judicio
871 3781 1092 3822 rursum
1136 3770 1372 3839 oblatus,
1410 3788 1753 3846 summopere
1783 3780 2091 3848 postulatur

509 3850 808 3923 [Erlungus
832 3856 1039 3925 pridem
1075 3861 1354 3931 depulsus,
1386 3882 1733 3939 summopere
1759 3880 1869 3926 tam
1895 3889 1924 3927 a
1945 3875 2092 3930 clero

510 3962 676 4015 quam
723 3964 754 4003 a
801 3951 1001 4021 populo
1045 3951 1568 4027 Wirciburgensium
1628 3964 1934 4030 postulatur
1977 3965 2090 4038 E.],

510 4054 918 4113 concessusque
948 4052 1057 4099 tam
1086 4062 1113 4099 a
1148 4063 1270 4119 rege
1308 4065 1473 4118 quam
1503 4067 1532 4105 a
1576 4069 1733 4124 papa,
1766 4072 1862 4126 per
1890 4058 2094 4129 legatos

514 4128 776 4188 Romana:
818 4135 964 4190 sedis
1010 4154 1204 4209 magna
1251 4145 1655 4211 exspectatione
1689 4157 1743 4201 et
1790 4128 2091 4206 incredibili
2130 4205 2133 4207 .

506 4224 677 4279 totius
732 4226 966 4283 civitatis
1012 4247 1074 4285 ac
1133 4234 1427 4288 multorum
1477 4240 1801 4307 populorum
1857 4242 2092 4313 tripudio

512 4327 819 4388 susceptus,
850 4320 1013 4376 nimis
1044 4323 1341 4380 honorifice
1368 4327 1785 4386 iutlrronizatur.

2196 3511 2224 3549 a
2246 3495 2447 3565 populo
2481 3491 3007 3563 Wirciburgensium
3050 3499 3112 3544 ut
3133 3505 3303 3544 verus
3334 3495 3537 3559 pastor,
3562 3482 3721 3537 sibimet
3820 3492 3823 3513 ε

2195 3588 2399 3644 dudum
2422 3587 2623 3657 injuste
2652 3585 2884 3651 ablatus,
2910 3584 3004 3638 sed
3026 3583 3176 3654 justo
3205 3581 3307 3636 Dei
3331 3579 3534 3650 judicio
3557 3587 3721 3631 rursum

2197 3682 2433 3745 oblatus,
2459 3694 2802 3748 summopere
2824 3676 3150 3746 postulatur,
3168 3660 3576 3740 concessusque
3600 3678 3681 3718 tam
3700 3678 3721 3713 ³

2198 3788 2323 3843 rege
2344 3786 2506 3842 quam
2534 3787 2565 3826 a
2586 3787 2747 3841 papa,
2771 3785 2865 3839 per
2890 3770 3096 3839 legatos
3125 3767 3395 3821 Romanae
3420 3764 3555 3819 sedis
3577 3772 3719 3826 magna

2196 3865 2570 3935 expectatione
2605 3873 2658 3919 ct
2692 3863 2993 3917 incredibili
3026 3861 3192 3915 tutius
3221 3858 3461 3914 civitatis
3483 3871 3541 3909 ac
3572 3851 3721 3906 multo-

2195 3971 2318 4009 rum
2335 3955 2665 4043 populorum
2694 3953 2931 4023 tripudio
2960 3960 3270 4019 susceptus,
3300 3947 3463 4002 nimis
3490 3938 3720 3999 lmnoriﬁ-r

2197 4048 2616 4102 intlrronizatur.

2270 4181 2636 4252 (Sequentibus
2657 4183 2828 4235 anuis.
2849 4211 2921 4221 —-—
2950 4179 3101 4233 illi.
3130 4177 3192 4232 C.
3219 4194 3343 4230 cum
3360 4176 3559 4246 reliquis
3578 4170 3722 4224 (odia-

2201 4274 2293 4328 bus
2318 4272 2596 4342 convenit.)

1875 4450 1937 4506 A.
1986 4454 2072 4485 ¹⁹⁸⁷
2116 4454 2177 4509 Ι).
2212 4453 2421 4509 MCVII.

589 4518 705 4574 Rex
734 4519 1023 4579 lleinricus
1054 4527 1291 4583 natalem
1324 4530 1415 4562 ¹⁹⁸⁸
1457 4531 1672 4589 Domini
1712 4535 2025 4608 Ratisponae
2065 4544 2376 4609 celebravit,
2409 4544 2756 4613 prcscntibus
2800 4544 3008 4599 scilicet
3047 4541 3241 4613 legatis
3278 4542 3466 4597 domui
3502 4533 3718 4609 apostolid

513 4611 815 4681 Paschalis,
840 4616 997 4686 cujus
1021 4618 1312 4699 adventum
1337 4621 1476 4693 [ipse
1500 4625 1612 4696 ‘9“9]
1635 4627 1750 4696 jam
1775 4629 2093 4700 aliquandiu
2125 4636 2266 4705 apud
2289 4611 2590 4705 Augustam
2623 4636 2956 4690 Alemanniac
2980 4635 3069 4665 ¹⁹⁹⁰
3092 4611 3436 4704 nretropolim
3456 4640 3721 4693 autem

512 4707 825 4775 superiores
855 4720 1036 4778 partes
1074 4712 1403 4781 prestolatus
1429 4712 1625 4768 fuerat.
1659 4715 1752 4771 llle
1780 4735 1910 4774 vero
1935 4738 2161 4793 suorum
2197 4724 2443 4779 consiliis
2473 4726 2631 4794 quasi
2660 4729 2989 4794 proterviam
3021 4724 3447 4779 Teutonicornm
3483 4722 3718 4776 deditum.

515 4802 750 4858 maxime
770 4815 990 4875 propter
1004 4808 1324 4863 seditiosum
1342 4809 1429 4840 "9‘
1449 4811 1721 4880 quendam
1741 4814 2058 4882 tumultum,
2073 4817 2166 4886 qui
2182 4817 2285 4871 sibi
2308 4815 2536 4873 Veronae
2549 4820 2639 4851 “’9'
2657 4819 2805 4891 (510)
2819 4820 3116 4890 hospitanti
3131 4820 3437 4877 m"dudum
3453 4824 3717 4875 occurrerat.

1826 4952 1914 5008 VA
1923 4954 2061 5009 Rl/E
2104 4955 2486 5014 LECTIONES

545 5018 693 5106 :;‘°°_7_
710 5039 1168 5093 commonitorum
1188 5040 1239 5094 5.
1266 5040 1318 5093 6.
1354 5042 1439 5095 90.
1461 5043 1918 5097 commonitorum
1945 5061 2081 5099 corr.
2118 5047 2554 5104 commonitoriis
2580 5049 2629 5103 7.
2655 5049 3208 5106 commonitoniorum
3234 5051 3336 5106 ΕΞ.

518 5101 603 5179 re,
640 5103 733 5179 u._
796 5108 925 5179 re
954 5108 1138 5179 egit6.
1174 5110 1223 5164 7.
1264 5111 1348 5165 9e.

512 5313 692 5389 ctione
712 5315 812 5389 ξ)οε
836 5386 852 5389 Α
885 5318 974 5389 "f‘
1006 5320 1311 5389 depositam
1342 5323 1394 5377 4.

514 5384 760 5458 tu_s_4.__7.
776 5386 815 5458 _l_
825 5386 878 5439 0.
918 5384 1239 5458 Rupertus-l
1252 5393 1274 5445 l
1288 5434 1301 5446 .

511 5453 638 5510 add.
683 5455 717 5509 5
774 5454 837 5510 ll.
865 5473 982 5511 vero
1007 5453 1095 5512 '10.
1135 5471 1182 5513 et
1208 5462 1285 5515 ita
1311 5463 1571 5535 deinceps.

512 5522 610 5578 ΕΞ.
695 5525 785 5561 ³³³³
818 5528 1006 5578 veroni
1038 5530 1089 5578 5.
1171 5531 1261 5563 "9'
1291 5533 1571 5578 hnsnitnml

1475 5325 1563 5359 ⁸⁸⁸⁸
1594 5326 1826 5380 lotarius
1865 5327 1948 5381 9°.

695 5525 785 5561 "9'
818 5528 1006 5582 veroni
1038 5530 1089 5583 5.
1171 5531 1261 5563 "9'
1291 5525 1599 5605 hospitandi
1634 5537 1730 5593 Dl.

3418 5051 3504 5083 sses
3522 5043 3718 5116 mmmrjs

722 5145 733 5192 re
795 5176 808 5192 Ι
832 5112 1138 5192 ¹⁹⁶ξηεξξζίιϐτ
1264 5112 1348 5192 ῼε.
1451 5113 1544 5192 ¹ξ⁷⁰
1569 5114 1711 5192 deest
1905 5115 1999 5192 9::
2025 5114 2246 5192 Parunr
2262 5116 2360 5192 Di.
2381 5117 2582 5192 itaque
2615 5121 2722 5192 Πίῐιῖ
2757 5138 2894 5174 corr.
2937 5120 3125 5192 Itaque
3149 5133 3460 5178 sanctorum
3486 5112 3660 5192 patrui!
3682 5112 3715 5162 7-

631 5189 686 5251 n.
720 5174 756 5227 i.
783 5176 858 5251 4.“
914 5171 1316 5251 ‘f’iscripturis
1339 5199 1425 5251 ap.
1458 5182 1709 5238 Cencium
1730 5183 1769 5237 l.
1790 5183 1829 5238 l.
1908 5186 2000 5217 "7'
2019 5187 2188 5241 novit.
2215 5186 2266 5241 7.
2346 5171 2809 5247 ιντεᾶὲέιῖὒῗυξ

520 5230 612 5316 θεῖα
638 5243 962 5316 jocunditati
993 5230 1425 5308 missuras:
1462 5230 1838 5310 et"a«rr.'9'c'.
1882 5230 2188 5311 autem:
2225 5230 2354 5290 "me
2375 5230 2601 5314 ἀερέἷῒ
2623 5230 2707 5316 si:

2888 5193 2981 5225 ‘m
2996 5187 3075 5247 cr.
3099 5187 3518 5262 comprobentur
3532 5187 3715 5262 εεικίξιν

2790 5262 2881 5333 im
2907 5252 3319 5333 preferebamur
3347 5265 3399 5318 5.
3473 5262 3559 5333 "3:
3584 5252 3715 5327 Pmlf'

2030 5328 2123 5359 ³⁸⁸³
2150 5336 2279 5383 uoto
2308 5330 2360 5383 4.
2394 5329 2498 5385 Uto
2528 5331 2596 5385 de
2619 5331 2675 5386 S.
2708 5349 2782 5387 ιιι.
2811 5332 2861 5386 7.
2908 5328 3034 5366 "'3‘
3055 5332 3390 5389 Buotbertus
3419 5333 3508 5386 ΕΞ.
3530 5329 3713 5393 Βωνεῖ

1381 5395 1471 5425 ¹⁹⁸⁵
1505 5396 1869 5451 descendente
1890 5396 1989 5451 ΕΞ.
2016 5415 2156 5452 corr.
2183 5399 2304 5454 dcc.
2332 5398 2427 5453 El.

1654 5468 1745 5499 “’8‘
1776 5468 1954 5523 natale
1978 5468 2026 5523 7.
2053 5470 2140 5523 9ο.

2509 5401 2601 5480 “if”
2623 5404 2881 5480 erlnngus
2906 5402 2958 5456 6.
2987 5404 3035 5457 7.
3052 5402 3152 5480 ’θεῖ
3216 5404 3321 5480 1”"
3346 5420 3501 5480 annos
3522 5390 3640 5480 ξςρκῖ
3653 5390 3709 5480 “1-

2225 5469 2315 5503 ‘”9
2348 5471 2421 5523 ita
2446 5470 2505 5527 C.
2537 5471 2598 5526 Ε.
2639 5511 2646 5519 .
2681 5469 3100 5528 ¹⁹⁹⁰“αιίιιιιςιιιηὶε
3126 5473 3179 5529 4.
3216 5473 3265 5527 7.
3348 5476 3431 5507 ’³³³
3454 5471 3711 5529 seditionum

2051 5621 2279 5688 ΝΟΤᾸΞ.

591 5686 739 5759 (310)
781 5686 1016 5743 Bonnze?
1041 5687 1103 5742 Υ.
1136 5704 1318 5758 supra.
