3862 6306
76 386 183 447 m5
312 365 330 381 ’
904 330 1274 448 estnomen.
1316 398 1384 406 —
1423 323 1821 423 annomcou
1858 364 2353 447 UNIVERSALE,
3141 369 3298 439 meo,

128 492 305 563 Quibus
329 481 567 557 expletis,
598 479 838 536 surrexit
860 477 1176 534 Gerhardus
1202 457 1302 509 ἰη’
1324 476 1757 549 Engolismensis
1787 478 1881 509 ²¹²⁰
1906 477 2216 549 episcopus,
2257 457 2467 550 legatus
2504 477 2559 532 in
2583 476 2896 548 Aquitania,
2922 489 2976 533 et
3003 482 3283 535 communi

75 605 260 651 assensu
286 586 368 618 ¹¹²¹
403 578 583 637 domni
607 576 888 632 Paschalis
918 577 1011 606 ²¹¹²
1045 590 1198 645 νίψω
1225 570 1506 644 totiusque
1536 572 1755 629 concilii
1786 589 1973 629 coram
2003 573 2260 630 omnibus
2298 573 2425 643 legit
2463 573 2607 629 hanc
2648 573 2973 643 scripturam
3003 594 3015 630 :
3050 574 3283 632 Privile-

73 687 185 757 gium
206 678 346 745 illud,
374 677 507 748 quod
528 692 631 730 non
663 683 739 733 est
771 672 1125 745 privilegium,
1160 672 1250 726 sed
1274 687 1388 726 vere
1420 670 1567 724 debet
1597 670 1705 723 dici
1735 670 2085 741 pravilegium
2110 671 2226 738 ²¹¹³,
2264 688 2358 740 pro
2388 670 2701 725 liberatione
2726 673 3052 744 captivorum
3096 673 3282 727 (eccle—

72 780 143 832 sia:
161 793 187 829 a
208 774 382 827 domno
402 769 661 825 Pascltale
690 786 829 840 papa
855 784 949 838 per
973 766 1278 820 violentiam
1310 766 1444 835 regis
1469 763 1713 819 Heinrici
1741 774 2029 832 extortum,
2059 782 2152 819 nos
2182 782 2361 820 omnes
2386 766 2442 819 in
2464 766 2561 819 hac
2583 775 2767 820 sancto
2796 765 3020 819 concilio
3043 765 3137 797 ἠδ
3164 783 3284 819 con-

72 869 251 941 gregati,
273 866 515 921 canonica
534 882 758 921 censura
784 873 834 919 et
856 862 1238 920 (ecclesiastica
1262 862 1582 916 auctoritate
1622 861 1718 892 ²¹²⁵
1743 861 1956 932 judicio
1990 864 2165 916 sancti
2203 860 2440 933 Spiritus
2467 863 2818 935 dampnamus
2844 872 2893 917 et
2930 863 3142 916 irritum
3172 879 3284 918 esse

66 966 337 1035 judicamus,
362 971 411 1018 et
441 963 651 1018 omnino
701 979 764 1017 ne
808 960 935 1032 quid
981 959 1322 1014 auctoritatis
1364 968 1415 1013 et
1464 959 1792 1029 efﬁcacitatis
1826 959 2042 1027 habeat,
2078 961 2287 1033 penitus
2331 963 2886 1022 excommunicamus;
2938 966 2986 1010 et
3027 957 3122 1010 hoc
3164 956 3282 1010 ideo

72 1056 361 1123 dampnatum
380 1062 475 1120 est,
508 1054 633 1124 quia
657 1054 712 1106 in
739 1068 799 1107 eo
827 1049 1105 1123 privilegio
1130 1050 1450 1118 continetur,
1480 1050 1619 1120 quod
1648 1049 1845 1105 electus
1875 1052 2126 1105 canonice
2144 1069 2183 1126 ,α
2218 1053 2419 1107 nemine
2441 1062 2772 1107 consecretur
2799 1051 2901 1103 nisi
2930 1046 3079 1119 prius
3103 1068 3134 1103 a
3165 1064 3281 1118 rege

72 1146 358 1211 iurestiatur;
377 1144 511 1215 quod
530 1154 607 1199 est
628 1153 812 1199 contra
838 1142 1100 1214 Spiritum
1125 1150 1371 1196 sanctum
1392 1151 1442 1196 et
1467 1144 1779 1197 canonicam
1799 1144 2207 1199 institutionem.
2235 1126 2477 1201 Perlecta
2503 1156 2673 1213 carta,
2699 1145 3075 1201 acclamabant
3093 1159 3284 1197 omnes

70 1238 216 1299 Amen,
237 1238 407 1289 amen!
434 1235 845 1308 Archiepiscopi
868 1233 1147 1291 Iohannes
1165 1233 1483 1312 patriarcha
1536 1233 1829 1293 Veneticus
1854 1278 1869 1304 ,
1921 1235 2130 1295 Sennes
2175 1236 2503 1309 Capuanus,
2533 1247 2588 1295 et
2609 1240 2701 1293 alii
2748 1239 2859 1294 fere
2888 1238 2991 1292 100
3038 1236 3278 1307 episcopi

70 1329 473 1397 subscripserunt.

123 1419 186 1474 Er
211 1420 304 1475 hac
332 1420 616 1477 occasione
642 1420 976 1477 Viennensis
1001 1418 1450 1489 archiepiscopus
1474 1434 1601 1475 cum
1633 1420 1750 1477 suis
1778 1420 2138 1491 complicibus
2174 1436 2375 1477 novum
2420 1422 2623 1477 scisma
2649 1429 2870 1476 nostras
2896 1420 2952 1474 in
2981 1427 3163 1490 partes
3188 1434 3279 1474 se-

71 1513 240 1567 minare
263 1520 314 1566 et
339 1512 577 1584 gladium
605 1512 972 1569 anathematis
1017 1512 1075 1566 in
1123 1510 1511 1582 imperatorem
1542 1511 1638 1544 ¹¹⁸⁸
1663 1512 1890 1567 molitur
1934 1513 2227 1568 extendere
2252 1513 2431 1585 (550);
2464 1514 2560 1569 sed
2589 1513 2716 1583 quia
2746 1519 2986 1582 emptum
3032 1511 3152 1581 ejus
3190 1511 3282 1542 ⁹¹²⁷

70 1607 315 1677 apostolica
337 1607 567 1679 indeque
597 1609 744 1665 omni
773 1607 1165 1665 azcclesiastica
1197 1606 1523 1663 auctoritate
1564 1608 1851 1663 videbatur
1874 1623 2085 1675 carere,
2109 1623 2304 1678 parum
2352 1608 2569 1664 interim
2598 1606 2777 1679 potuit
2804 1606 3005 1676 vigere.
3034 1603 3286 1657 Attamen

67 1704 268 1773 ejusdem
290 1704 649 1763 dissensionis
680 1707 981 1763 seminario
1010 1706 1107 1738 ἠδ
1135 1706 1564 1777 circumquaque
1594 1706 1761 1777 capit
1788 1700 1883 1738 'm
1914 1705 2133 1761 invidias
2153 1706 2247 1739 ²¹³⁰
2277 1723 2495 1777 serpere
2517 1708 2722 1761 malum
2748 1747 2763 1771 ,
2792 1701 2928 1757 adeo
2955 1709 3015 1755 ut
3042 1702 3288 1755 nonnulli

68 1796 307 1865 quicquam
335 1804 525 1852 contra
556 1812 671 1852 rem
700 1798 979 1867 publicam
1001 1797 1355 1863 intentantes,
1383 1796 1548 1867 hujus
1564 1796 1642 1851 rei
1666 1795 1952 1851 materiam
1977 1796 2032 1849 in
2064 1810 2179 1851 sua:
2219 1797 2605 1852 commotionis
2628 1798 2870 1868 arripere
2898 1799 3291 1853 meditarentur

66 1892 272 1962 clipeum.
301 1892 437 1949 [nter
464 1908 608 1963 quos
630 1893 723 1925 ’⁸³⁸
769 1902 824 1948 et
849 1892 1127 1963 predictus
1153 1893 1477 1948 Adelbertus
1502 1893 1821 1965 designatus
1852 1890 2140 1964 Mogontiae
2181 1891 2448 1962 pontifex,
2476 1894 2568 1965 qui
2595 1909 2691 1964 per
2726 1896 2909 1949 omnia
2952 1894 3231 1950 secundus
3259 1910 3290 1950 a

67 2003 163 2058 rege
186 2004 381 2061 semper
413 1989 611 2057 fuerat,
644 1990 763 2046 sine
787 1991 949 2062 cujus
982 1990 1216 2047 consilio
1242 1990 1409 2046 nichil
1440 1989 1621 2046 facere
1650 1990 1880 2057 solebat,
1912 1990 2173 2046 adversus
2204 1991 2588 2061 imperatorem
2613 2021 2681 2030 -—
2704 1993 2850 2061 quod
2877 1993 2966 2047 vix
2997 1994 3292 2063 quisquam

65 2086 354 2141 crederet—
400 2088 724 2160 conspirare
773 2104 898 2145 cum
946 2088 1282 2144 ouibusdam
1327 2088 1672 2159 principibus
1714 2087 2053 2155 infamatur,
2114 2102 2281 2157 reque
2303 2088 2558 2160 cognita,
2616 2088 2878 2144 custodim
2926 2089 2996 2144 ab
3050 2088 3144 2144 illo
3197 2089 3291 2120 “"

66 2183 256 2237 traditur
1716 2192 1723 2201 '

116 2280 313 2338 Moritur
339 2284 423 2341 h.s
447 2284 791 2355 temporibus
826 2282 1051 2355 quidam
1102 2284 1168 2339 de
1201 2281 1457 2338 Saxonis:
1485 2282 1847 2353 principibus,
1892 2283 2113 2338 nomine
2150 2283 2476 2340 Oudalricus
2523 2284 2619 2317 ¹¹³³
2650 2284 2834 2356 (551);
2887 2282 3161 2340 Ludewici
3198 2284 3292 2317 "3‘

65 2373 237 2429 comitis
260 2375 455 2431 dudum
487 2392 678 2449 gener,
705 2375 799 2431 sed
840 2376 954 2446 jam
990 2383 1213 2446 propter
1243 2374 1487 2447 ejuSdem
1518 2374 1642 2429 ﬁliae
1670 2374 1763 2407 ²¹⁸⁸
1797 2375 2083 2445 repudium
2114 2375 2351 2433 invisus.
2398 2376 2571 2448 Cujus
2602 2369 2983 2448 possessiones
3021 2376 3295 2448 predictus

65 2468 307 2541 Sigifridus
333 2473 666 2529 hereditaria
703 2472 808 2529 sibi
833 2472 1157 2529 vendicabat
1181 2471 1532 2528 successione
1558 2490 1573 2539 ;
1601 2472 1699 2528 sed
1730 2472 1968 2529 domnus
2000 2474 2300 2544 imperator
2327 2474 2550 2530 easdem
2602 2474 2658 2528 in
2690 2475 2784 2545 jus
2810 2474 2963 2545 regni
2991 2474 3295 2528 conabatur

65 2568 305 2624 attrahere.
347 2569 478 2638 Quae
526 2587 697 2627 causa
744 2569 997 2626 recidiva:
1023 2569 1312 2625 discordiae
1338 2568 1585 2624 fomitem
1632 2569 1797 2649 coepit
1826 2570 2164 2625 ministrare.
2196 2569 2335 2627 Nam
2396 2572 2538 2627 idem
2575 2586 2762 2627 comes
2790 2570 3294 2642 priores-miserias

64 2679 165 2718 suas
186 2668 527 2736 sequentibus
558 2682 918 2739 exaggerans,
964 2674 1138 2721 totam
1167 2681 1306 2736 pene
1332 2666 1428 2699 ¹¹³⁶
1460 2664 1785 2734 Saxoniam,
1809 2680 1967 2720 suam
2017 2665 2273 2721 videlicet
2306 2666 2560 2736 patriam,
2609 2666 2777 2722 tantis
2808 2665 3054 2737 implevit
3100 2666 3292 2736 queri—

63 2760 239 2828 muniis,
270 2772 326 2818 ut
352 2774 460 2820 tam
506 2765 708 2820 ducem
738 2763 1082 2833 Lotharium,
1107 2779 1275 2835 quam
1298 2760 1632 2817 Ruodolfum
1664 2762 2062 2830 marchionem,
2093 2761 2433 2818 Fridericum
2499 2762 2802 2834 palatinum
2849 2762 3127 2833 comitem,
3171 2759 3293 2816 Wi-

62 2856 263 2925 gbertum
289 2861 376 2892 ²¹³⁷
407 2871 578 2934 atque
622 2862 719 2894 ²¹³⁸
754 2860 1109 2917 Ludewicum
1145 2861 1243 2893 ²¹³⁹
1273 2860 1682 2930 nonnullosque
1709 2859 1847 2915 alios
1880 2859 1950 2915 ab
1990 2859 2084 2892 ’διο
2112 2858 2379 2930 obsequio
2411 2859 2653 2915 traheret
2675 2857 3043 2929 imperatoris.
3100 2855 3212 2934 Sed
3241 2866 3297 2913 et

62 2947 301 3019 episcopus
325 2951 809 3020 Halberstatensis,
857 2969 1070 3009 necnon
1099 2952 1399 3009 Gerdrudis
1423 2952 1539 3019 ¹¹⁸¹,
1573 2952 1666 3006 illa
1696 2959 1989 3022 prepotens
2020 2967 2117 3021 per
2140 2950 2437 3006 Saxoniam
2460 2951 2622 3006 vidua
2655 2951 2750 2983 “"
2775 2951 2949 3022 (552),
2972 2950 3290 3005 violentiam

62 3036 221 3106 [sem‘
245 3043 657 3118 nichilominus]
680 3045 789 3116 pati
821 3046 890 3101 ab
917 3046 1264 3116 imperatoris
1286 3044 1607 3115 prejudieiis
1630 3043 1917 3099 invasione
1942 3044 2257 3114 prediorum
2290 3058 2538 3110 suorum,
2562 3042 2937 3099 clamitabant.
2981 3040 3105 3098 Haec
3133 3050 3186 3097 et
3208 3041 3298 3097 his

64 3129 221 3213 similia
249 3136 634 3193 scandalorum
666 3138 879 3193 zizania
907 3154 1157 3193 murmur
1185 3136 1458 3191 infinitum
1484 3137 1540 3190 in
1564 3150 1739 3206 nuper
1762 3143 1954 3206 pacato
1978 3150 2145 3207 regno
2179 3136 2469 3191 suscitant.
2497 3137 2543 3189 'l

191 3226 229 3280 'l
259 3228 379 3283 6-H
408 3231 619 3285 addunt
647 3248 664 3284 :
688 3232 1052 3286 Altamannus
1082 3231 1251 3286 abbas
1286 3230 1439 3285 obiit.

1428 3323 1490 3375 Α.
1538 3321 1598 3375 D.
1640 3316 1875 3375 MCXlll.

691 3412 823 3468 Cod.
866 3414 929 3469 (ὲ.
1629 3417 1681 3474 Α

115 3495 372 3557 lleinricus
410 3504 712 3575 imperator
762 3505 1000 3559 natalem
1048 3502 1268 3558 Domini
1319 3502 1606 3574 Erpcsfurt

60 3589 323 3649 celebravit.
382 3595 682 3653 Lotharius
748 3597 888 3665 dux,
941 3595 1233 3667 Sigifridus
1304 3597 1603 3667 predictus,

61 3677 370 3754 Rsodolphus
406 3690 681 3757 marchio,
712 3689 1028 3762 Wigbertus
1052 3689 1256 3759 senior,
1292 3689 1605 3746 Fridericus

60 3772 290 3837 palatinas
308 3796 494 3837 comes
513 3792 571 3837 et
596 3780 958 3838 Luodewicus
984 3798 1169 3837 comes
1196 3781 1602 3838 rebellationem

58 3874 212 3921 contra
252 3868 637 3942 imperatorem
684 3882 917 3944 parant;
947 3890 1088 3946 quos
1128 3874 1244 3944 ipse
1287 3875 1407 3930 sine
1450 3890 1607 3930 mora

58 3971 155 4011 rum
190 3965 423 4019 exercitu
468 3976 685 4038 petens,
715 3967 982 4023 incendiis
1023 3975 1077 4022 et
1107 3966 1473 4022 munitionum
1505 3965 1602 4021 dc-

57 4053 412 4112 structionibus
456 4058 724 4113 infestare
765 4074 875 4113 non
908 4059 1161 4126 cessavit,
1200 4059 1373 4115 donec
1399 4059 1469 4114 ab
1488 4059 1610 4129 ejus

58 4133 268 4198 ﬁdelibus
310 4143 577 4217 Sigifrido
617 4157 917 4218 perempto,
974 4147 1235 4204 Lothario
1262 4158 1315 4203 et
1341 4146 1611 4205 Ruodolfo

56 4237 406 4305 reconciliatis,
442 4240 753 4310 Friderico,
785 4241 1066 4313 Wigberto
1108 4242 1323 4300 seniore
1346 4242 1492 4313 juste
1521 4258 1612 4298 ca-

56 4324 140 4389 Plis
171 4340 220 4384 et
248 4334 513 4392 custodiae
564 4336 835 4406 deputatis
914 4335 1154 4405 fortuna,
1190 4338 1360 4392 immo
1408 4334 1613 4391 Christi

56 4421 198 4482 Fratia
225 4426 389 4483 rebus
414 4427 588 4485 finem
620 4428 768 4485 dedit

2220 3407 2390 3462 Codd.
2424 3406 2487 3461 ι).
2523 3405 2583 3461 Ε.
2616 3407 2768 3461 4-11.

1786 3500 2079 3556 lleinricus
2120 3500 2420 3570 imperator
2468 3499 2705 3555 natalem
2749 3498 2967 3554 Domini
3014 3496 3303 3569 Erpesfurt

1713 3591 1805 3624 ’Μ
1827 3590 2140 3646 celebravit.
2170 3589 2303 3646 Illuc
2326 3606 2451 3645 cum
2496 3590 2787 3662 proscripti
2816 3588 3067 3645 Saxonire
3097 3590 3304 3660 princi-

1712 3699 1805 3753 pes
1827 3682 2035 3737 curiam
2071 3698 2177 3737 non
2225 3681 2489 3749 adissent,
2540 3681 2915 3752 Indignatione
2946 3681 3114 3735 nimia
3150 3696 3302 3736 com-

1712 3783 1896 3829 motus
1932 3774 2248 3844 imperator,
2284 3773 2428 3829 bona
2470 3790 2661 3829 eorum
2695 3774 2881 3844 diripi,
2922 3772 3304 3843 possessiones

1715 3866 1981 3920 incendiis
2000 3865 2296 3931 devastari,
2322 3866 2489 3920 etiam
2516 3866 2655 3920 inter
2681 3866 2796 3936 ipsa
2822 3865 2959 3920 festa
2998 3864 3090 3895 ’Μ
3115 3880 3273 3934 prece
3292 3896 3305 3903 -

1717 3958 1813 4029 pit,
1863 3972 1963 4011 nec
2000 3956 2173 4011 multo
2211 3965 2337 4026 post
2393 3957 2678 4012 castellum
2742 3957 2988 4027 adprime
3030 3956 3305 4010 munitum

1711 4047 2001 4118 llornburg
2030 4046 2126 4078 "“
2157 4046 2305 4118 (⁵555)
2330 4047 2492 4119 longa
2519 4047 2807 4104 obsidione
2846 4047 3064 4103 delevit.
3100 4046 3307 4101 Deinde

1711 4139 1915 4195 relictis
1960 4154 2057 4209 per
2114 4137 2355 4209 presidia
2402 4138 2656 4195 ﬁdelibus
2706 4138 2847 4205 suis,
2903 4148 3307 4210 contemptores

1713 4246 1843 4287 suos
1873 4230 2092 4286 insidiis
2119 4239 2174 4285 et
2202 4231 2593 4303 congressibus
2638 4231 2866 4293 alllixit;
2898 4230 3041 4286 inter
3064 4247 3187 4302 quae
3217 4246 3306 4286 se-

1713 4321 1961 4392 pedictus
2010 4319 2306 4394 Sigifridus
2339 4322 2617 4392 palatinus
2664 4339 2871 4390 comes,
2907 4324 2992 4378 vir
3028 4322 3307 4378 nobilissi-

1716 4430 1840 4468 mus
1865 4422 1920 4468 et
1949 4429 2051 4468 suo
2086 4413 2142 4468 in
2174 4414 2269 4445 ἰδ’
2301 4423 2545 4485 tempore
2589 4416 2725 4471 nulli
2775 4417 2829 4471 in
2859 4417 3008 4471 omni
3038 4416 3310 4488 probitate

1717 4506 2011 4573 secundus,
2050 4507 2329 4576 occubuit,
2372 4507 2688 4581 Wigbertus
2727 4508 2828 4541 ¹¹⁴⁸
2860 4509 3091 4580 capitur,
3129 4507 3308 4563 Lude-

1716 4598 1890 4654 wicus
1924 4597 2021 4630 ““
2045 4600 2113 4655 ad
2143 4599 2472 4657 deditionem
2510 4602 2889 4674 compellitur;
2928 4602 3115 4672 sicque
3146 4600 3313 4655 rebus

172 4712 187 4730 ’
206 4709 239 4763 Ξ
263 4710 359 4767 EI.
383 4715 615 4786 additin
644 4731 812 4786 marg.
843 4732 860 4770 :
890 4712 1235 4770 Ilildiboldus
1265 4714 1434 4770 abbas
1459 4713 1607 4769 obiit.

1719 4690 1938 4746 interim
1969 4692 2147 4762 quies,
2173 4692 2297 4749 licet
2327 4695 2563 4759 modica.
2601 4694 2938 4752 conceditur.
2971 4697 2989 4715 ‘
3012 4694 3046 4748 2

1303 4828 1537 4887 VARUE
1576 4826 1961 4885 LECTIONES

110 4918 190 5007 ξω
217 4923 568 5007 εεὶιεὴθείξιιε
731 4924 995 5007 gerardus
1022 4924 1073 4978 7.
1141 4925 1259 5007 3”:
1282 4923 1576 5007 engclism1
1597 4921 1697 5007 Di.
1730 4923 1885 5007 t-il.
2088 4924 2165 4977 ita
2290 4934 2339 4978 et
2375 4925 2551 5007 _Will._
2570 4927 2850 5007 dlalntesb.
2885 4940 3161 5007 con-sensu
3192 4926 3311 5007 rell.

55 4989 125 5018 ""
152 4989 295 5063 papas
321 4994 384 5050 P.
420 4995 525 5050 Di.
604 4996 699 5028 ²¹¹³
733 4989 1087 5066 privilegium
1116 4996 1182 5050 4.
1227 4994 1279 5048 6.
1320 4989 1405 5048 9ῖ.
1432 4994 1580 5051 ...ωδ
1610 4993 1751 5049 deest
1803 4992 1852 5046 7.
1966 4994 2061 5025 ’⁸⁸⁸
2098 5005 2245 5050 auct.
2275 4999 2408 5053 eccl.
2459 5000 2617 5056 4-H.
2678 5046 2681 5049 .
2733 5000 2825 5034 ²¹¹⁶
2855 5015 2931 5054 m.
2981 4997 3037 5052 in
3066 4997 3199 5067 imp.
3255 4998 3311 5052 4.

55 5056 126 5087 τιν(
160 5072 233 5100 ρει
272 5065 300 5100 ι
401 5067 502 5098 use
536 5068 802 5100 ροηιςηηιη
828 5067 859 5100 '7
913 5067 971 5100 οε
1012 5066 1067 5100 u
1130 5065 1402 5100 cnminorn
1432 5065 1464 5100 rt
1534 5063 1602 5100 In
1672 5062 2028 5100 ροηιῐηηιιῖιηη
2070 5066 2098 5100 ι
2216 5068 2311 5099 ειη
2343 5070 2505 5100 Mm“
2550 5071 2661 5100 μιν..
2718 5071 2747 5100 ιιι
2870 5067 2965 5100 nso
3005 5068 3145 5100 ΑΜ..
3178 5068 3207 5100 r:
3260 5076 3310 5100 η.

57 5063 126 5135 ξ¹²⁷
160 5072 237 5118 est
268 5065 321 5118 4.
401 5067 502 5098 ’⁸⁵³⁸
536 5063 802 5123 seminate
828 5067 878 5121 7.
913 5063 971 5121 9'c
1012 5066 1096 5120 ll.
1130 5065 1402 5120 seminare
1430 5065 1483 5119 5.
1534 5063 1619 5118 10.
1672 5063 2029 5120 seminarium
2065 5066 2119 5120 4.
2216 5068 2311 5099 ²¹¹⁹
2342 5070 2509 5139 εαιρίι
2548 5071 2680 5126 circ.
2714 5071 2769 5127 5.
2870 5067 2965 5101 ²¹³⁰
3003 5063 3229 5124 άεεδίδ.
3259 5076 3315 5123 et

57 5144 141 5211 UH“:
254 5136 493 5211 “iique
514 5136 626 5211 Εἰ.
664 5138 718 5211 2.
747 5136 998 5211 And.S._
1042 5136 1158 5211 Am’
1189 5137 1258 5190 ab
1284 5136 1321 5211 i_.
1353 5135 1540 5211 desunt
1567 5134 1740 5211 HLA
1800 5134 1894 5166 ’⁸³³
1922 5134 2257 5211 _Uoda_l_ricus
2286 5140 2338 5194 5.
2416 5140 2509 5172 ’³³⁸
2533 5134 2822 5198 Ιιιοάρὶγίεἰ
2868 5141 2921 5197 5.
2954 5156 3067 5211 sqq.
3146 5138 3241 5173 ²¹³⁸
3268 5138 3313 5211 νΐ.

58 5156 141 5185 un.
167 5156 215 5188 ιι.
256 5156 346 5167 ····’
378 5156 493 5206 quc
527 5156 626 5192 Μ.
664 5156 718 5192 2.
747 5156 888 5193 ana.
916 5156 974 5191 ο.
1068 5156 1157 5168 ···’·
1189 5156 1258 5190 an
1284 5156 1321 5190 ι.
1353 5156 1540 5190 assunt
1572 5156 1721 5189 ει-ιι.
1801 5156 1894 5166 -η-
1934 5156 2257 5193 uonalricus
2286 5156 2338 5194 5.
2417 5156 2509 5172 ἠ’
2533 5156 2822 5198 tuouevaCI
2868 5156 2921 5197 ξ).
2954 5157 3013 5211 sq
3052 5178 3067 5195 .
3147 5156 3241 5173 ιη’
3272 5156 3312 5194 ι.

58 5203 257 5289 i.‘..“".‘-
302 5287 311 5289 μ
351 5209 450 5289 ἷ¹Ῐ⁶
484 5209 727 5289 άεείξὲ.9⁰
806 5209 899 5289 ’.⁸³⁷
930 5208 1251 5289 ξῖίοβξῖίωὶι
1284 5207 1338 5260 4·
1406 5205 1798 5289 ·ῗ¹³⁸.ξ¹εεὶε,9ο·
1830 5206 1962 5289 Eis}-
2020 5208 2492 5289 .’."’i°d£‘!ic“m
2522 5213 2574 5269 ⁵ο
2613 5213 2979 5289 mimicum
3005 5156 3106 5289 gl:
3135 5211 3191 5289 ἓν
3229 5210 3312 5289 19-

175 5277 311 5352 deest
354 5278 444 5352 10.
505 5350 521 5352 _
566 5280 672 5352 1"“,
700 5271 1153 5352 gerthrudis'El.
1201 5277 1254 5352 2_.
1314 5275 1727 5352 gertrudis__9°.
1784 5276 1940 5352 A__’_""_
1983 5271 2203 5352 viduam
2264 5280 2363 5336 ΕΞ.
2404 5300 2542 5337 corr.
2607 5284 2769 5340 vidua
2806 5283 2905 5339 El.
3013 5280 3107 5315 '"'
3141 5283 3218 5336 ita
3250 5281 3312 5343 Ε,

157 5348 472 5431 (imber-[nrt
574 5340 737 5431 7.
761 5350 1029 5431 erphuurt
1054 5340 1448 5431 4._erphe_§furt
1478 5347 1711 5431 lOLIL.
1781 5346 1875 5431 "‘f
1917 5346 2060 5431 facta
2094 5348 2349 5431 6._M“_“
2389 5353 2761 5431 liornburcnl.
2823 5356 2874 5431 7.
2933 5354 3212 5431 honburg
3235 5340 3313 5408 9;.

59 5412 125 5492 ’_‘“
152 5412 287 5492 deest
322 5420 413 5492 10.
446 5422 541 5476 Η.
642 5420 739 5453 ’³⁸⁸
758 5412 1051 5492 wicpertus
1092 5420 1145 5474 4.
1192 5412 1487 5474 vvicbertus
1545 5418 1598 5473 5.
1643 5417 1938 5488 vricpertus
1968 5420 2052 5473 9C.

59 5480 265 5545 lewicus
293 5490 382 5546 10.
866 5480 883 5492 ’
1536 5480 1766 5612 NOTAE:

109 5644 246 5721 (ἔξω
285 5647 351 5721 Y.
384 5650 458 5721 de
480 5650 694 5721 synodo
723 5649 793 5704 ab
822 5647 942 5719 ipso
958 5645 1192 5721 )lienna:
1212 5648 1399 5721 habita
1432 5647 1607 5721 Mansi
1633 5648 1773 5721 XXI,
1798 5665 1851 5721 p.
1887 5645 2014 5701 75—7

108 5716 245 5791 (ᾖξε)
275 5717 361 5791 De
386 5716 675 5791 Weibiar;
699 5738 751 5775 v.
777 5716 931 5791 Ann.
952 5719 1009 5791 S.
1036 5719 1090 5791 h.
1123 5735 1173 5775 a.
1196 5720 1281 5776 Cf.
1317 5719 1551 5777 Stenzel.
1577 5720 1617 5785 Ι,
1642 5736 1697 5791 p.
1727 5716 1850 5775 653i.

108 5786 247 5861 (ἐξῇ)
275 5788 457 5861 Vidua
493 5789 733 5847 lleinrici
765 5789 1120 5845 marchionis.

112 5854 249 5925 (355)
280 5859 357 5913 Ad
382 5859 556 5916 llsam
580 5862 822 5918 fluvium.

731 4924 995 4997 gerardus
1022 4924 1073 4978 '7.

2153 5421 2245 5455 "“
2289 5423 2624 5483 loudewicus
2662 5427 2715 5482 5.
2752 5425 3073 5499 lothewicus
3099 5421 3317 5479 7.'luo-

3414 1216 3451 1235 Ι
