3862 6306
530 304 665 359 1027
1656 294 2055 351 EKKEHARDI
2094 293 2560 354 URAUGIENSIS
3498 336 3509 343 -
3630 301 3735 359 tots

596 416 805 474 Eodem
826 416 919 449 “”
948 430 1093 471 anno
1116 415 1407 484 imperator
1442 412 1732 482 impatiens
1753 410 1960 480 aliquid
1990 409 2105 465 dis-
2134 417 2179 474 Α
2278 409 2410 466 Post
2440 412 2557 465 haec
2577 409 2799 481 quidam
2822 408 3156 481 Reginoldus
3182 413 3301 479 ω’,
3330 414 3610 484 provincia
3633 415 3735 472 But.

526 512 729 579 cordia:
771 509 904 565 oriri
949 509 1005 563 in
1048 523 1217 580 regno
1257 521 1399 573 suo,
1442 505 1646 561 invadit
1687 519 1812 560 eum
1861 504 2104 559 exercitu
2211 503 2427 572 gundire
2451 516 2656 569 comes,
2683 510 2758 569 et,
2786 510 2849 557 ut
2869 502 3043 571 aiunt,
3076 505 3431 575 imperatoris
3463 510 3735 582 consangui-

527 604 799 674 quendam
843 601 1212 672 Regenoldum
1237 599 1305 654 de
1330 598 1569 653 Munzun
1594 596 1766 667 (554),
1794 595 1898 651 sibi
1937 611 2102 665 repu-
2210 609 2366 661 neus,
2397 593 2740 665 tyrannidem
2786 594 3016 665 juvenili
3070 604 3225 651 actus
3273 597 3563 652 insolentia
3590 610 3736 657 contra

527 701 782 766 gnantem
824 699 877 746 et
910 690 1053 745 Dona
1098 690 1507 761 episcOpatuum
1547 702 1774 742 suorum
1815 686 2104 740 devastan-
2209 701 2324 740 rem
2373 685 2647 755 publicam
2682 686 2924 753 orditur;
2977 687 3073 757 qui
3120 695 3339 755 tamen,
3378 691 3740 760 superveniente

528 796 659 852 tem,
706 799 868 855 quem
909 782 1051 853 apud
1091 781 1216 849 Bar,
1248 781 1532 836 castellum
1576 795 1758 845 suum,
1789 777 2023 842 obsedit,
2049 786 2104 831 et
2209 776 2311 831 sibi
2339 791 2464 831 eum
2492 792 2661 831 manu
2700 777 2880 831 valida
2909 777 3007 808 ““
3037 776 3297 833 Heinrico
3327 789 3577 848 augusto,
3601 784 3740 835 muni-

525 893 652 932 eum
686 892 744 932 se
789 884 843 931 et
881 876 1164 931 castellum
1203 874 1435 929 viriliter
1471 871 1847 928 defendentem
1888 870 2100 924 virilius
2206 868 2431 933 tionem,
2490 868 2546 922 in
2596 883 2706 939 qua
2761 868 3001 924 maxime
3051 869 3383 935 conﬁdebat,
3434 870 3741 926 Monzun'm

526 968 642 1039 ipse
664 968 829 1038 erepit
867 982 992 1021 cum
1047 966 1234 1021 multis
1257 964 1584 1036 primatibus
1615 962 1859 1033 ejusdem
1892 963 2101 1032 patriae,
2209 956 2376 1029 [deest
2397 955 2488 1029 E],
2522 958 2639 1028 ipse
2676 966 2869 1028 captus
2892 959 3131 1027 *‘amisit;
3169 960 3362 1030 sicque
3413 961 3508 1017 lite
3542 962 3638 1017 cito
3674 964 3740 1018 di-

524 1065 581 1113 et
615 1046 796 1128 ipsum
820 1056 1102 1112 castellum
1125 1055 1251 1126 igne
1278 1052 1666 1110 concremavit.
2207 1057 2415 1120 rempta
2457 1049 2575 1118 ω’,
2606 1049 2869 1106 custodiae
2897 1051 3149 1106 traditur.

1917 1186 1984 1243 A.
2026 1186 2089 1242 D.
2132 1185 2371 1243 MCXIV.

585 1300 883 1371 Imperator
915 1300 1009 1334 ¹¹⁸¹
1047 1299 1316 1356 Henricus
1354 1301 1591 1355 natalem
1636 1298 1853 1355 Domini
1883 1299 2096 1354 Baben-
2271 1299 2518 1356 Domnus
2542 1300 2636 1333 “‘7
2666 1300 2965 1372 imperator
3010 1302 3250 1359 natalem
3295 1302 3396 1336 ³⁸⁸⁸
3418 1302 3624 1359 Domini
3662 1304 3739 1361 Ba-

514 1392 646 1463 berg
669 1392 979 1460 celebravit,
1005 1392 1286 1462 dispositis
1315 1391 1520 1462 nuptiis
1548 1392 1665 1447 suis
1705 1391 1996 1465 Maguntia:
2035 1391 2093 1445 in
2199 1389 2440 1464 benberg
2473 1406 2600 1447 cum
2643 1408 2859 1448 summa
2885 1394 2984 1427 ἠ’
3014 1393 3425 1466 magniﬁcentia
3460 1395 3748 1468 copiosaque

515 1484 762 1554 proxima
791 1483 1098 1554 epiphania.
1127 1483 1566 1554 Desponsaverat
1590 1484 1739 1538 enim
1779 1491 1907 1538 ante
1926 1482 2096 1537 trien-
2199 1483 2510 1556 principum
2541 1484 2891 1541 multitudine
2921 1486 3190 1555 celebrat;
3220 1495 3281 1542 et
3304 1486 3415 1542 hoc
3439 1502 3549 1543 non
3568 1489 3747 1560 simpii-

516 1572 671 1627 nium
713 1571 1065 1640 Mathildem;
1099 1573 1269 1627 ﬁliam
1317 1570 1536 1628 Henrici
1579 1572 1724 1643 regis
1768 1571 2092 1644 Anglorum,
2200 1577 2357 1642 cites,
2400 1576 2533 1648 quia
2572 1575 2754 1631 virum
2804 1575 2904 1631 Dei
2951 1574 3206 1633 Ottonem
3262 1576 3407 1633 inibi
3452 1578 3750 1649 episcopum,

514 1661 783 1735 virginem
805 1663 1072 1730 moribus,
1096 1663 1356 1732 nobilem,
1377 1670 1665 1718 venustam
1687 1678 1907 1733 quoque.
1924 1671 1979 1718 et
2000 1662 2097 1719 de-
2200 1678 2423 1741 propter
2445 1669 2694 1739 quadam
2710 1669 2828 1739 jam
2854 1669 2952 1701 ⁸¹⁶⁰
2977 1670 3210 1726 orientia
3246 1671 3307 1726 in
3337 1687 3516 1743 regno
3534 1672 3753 1728 εει-ἠὼ

520 1767 708 1809 coram
737 1752 897 1821 facie,
918 1769 1041 1825 quae
1069 1754 1370 1810 habebatur
1388 1755 1555 1811 decus
1576 1763 1630 1809 et
1654 1754 1828 1825 gloria
1850 1762 1963 1809 tam
1986 1752 2099 1809 Bo-
2127 1765 2174 1825 Β
2199 1762 2410 1818 curiam
2441 1759 2792 1832 frequentare
2825 1771 3168 1829 renuentem,
3192 1779 3262 1819 ex
3283 1772 3448 1834 parte
3471 1773 3752 1835 suspectu

516 1845 669 1900 Inani
694 1844 910 1916 imperii
930 1861 1095 1917 quam
1123 1846 1336 1918 Anglici
1356 1848 1528 1918 regni.
1566 1845 1695 1901 Erat
1714 1846 1862 1901 enim
1894 1860 2094 1918 proge-

520 1937 635 1991 nita
660 1952 727 1992 ex
757 1945 988 2007 utraque
1025 1947 1178 2007 parte
1199 1953 1269 1994 ex
1299 1938 1460 2008 longa
1489 1938 1629 1993 linea
1660 1936 1968 2009 magniﬁcae
1990 1951 2094 1993 no-

514 2026 739 2082 bilitatis
794 2036 847 2082 et
894 2027 1091 2099 regalis
1135 2027 1430 2099 prosapiae,
1472 2028 1529 2081 in
1576 2028 1735 2098 cujus
1784 2028 1999 2098 loquela
2042 2034 2098 2085 et

512 2132 674 2188 opere
685 2118 1063 2188 resplendebat
1074 2120 1350 2189 specimen
1365 2110 1562 2174 futurae
1578 2119 1841 2175 bonitatis
1858 2120 2094 2187 abunde,

513 2211 648 2266 adeo
676 2219 738 2265 ut
759 2211 1015 2266 omnibus
1053 2218 1337 2287 optaretur
1364 2210 1598 2266 Romani
1639 2211 1851 2283 imperii
1874 2212 2094 2269 heredis

514 2311 691 2359 mater
724 2302 858 2358 fore.
885 2304 965 2358 Ad
1000 2303 1149 2373 ipsas
1178 2319 1397 2375 quoque
1422 2303 1642 2374 nuptias
1667 2311 1817 2360 tanta
1843 2306 2096 2362 convenit

514 2393 806 2449 multitudo
855 2394 1410 2465 archiepiscoporum,
1458 2395 1859 2465 episcoporum,
1890 2397 2091 2451 ducum

517 2493 682 2556 atque
706 2486 987 2555 comitum,
1030 2487 1288 2542 abbatum
1318 2501 1536 2557 quoque
1581 2495 1635 2542 et
1664 2486 2089 2558 prepositorum,

513 2584 677 2647 atque
702 2578 1196 2634 eruditissimorum
1224 2579 1567 2645 clericorum,
1612 2588 1673 2633 ut
1712 2579 1895 2635 nullus
1926 2595 2092 2635 senex

512 2667 662 2724 illius
708 2669 792 2724 evi
836 2677 1022 2739 posset
1059 2669 1338 2725 reminisci
1368 2670 1452 2725 vel
1496 2669 1679 2741 aliquo
1713 2671 1877 2726 modo
1912 2671 2093 2727 adtes-

514 2759 618 2813 tari
642 2774 699 2815 se
725 2760 947 2828 vidisse,
981 2760 1066 2815 vel
1110 2761 1304 2837 saltem
1332 2761 1626 2830 audivisse,
1659 2770 1864 2817 tantam
1907 2763 2093 2818 multi-

2200 1855 2454 1911 habebat.
2487 1855 2608 1925 lpse
2637 1869 2770 1910 vero
2803 1855 2971 1911 rebus
2996 1856 3338 1912 transitoriis
3374 1872 3479 1928 pro
3502 1858 3753 1913 canendi:

2198 1945 2586 2002 acclesiastica
2611 1960 2723 2000 non
2760 1946 3024 2016 parcensf,
3051 1947 3338 2003 beneﬁciis
3353 1947 3640 2005 indefessis
3655 1948 3755 2004 ani-
3860 1980 3862 1983 -

2200 2036 2510 2093 mositatem
2544 2035 2690 2106 regis
2724 2035 2961 2106 gloriose
2997 2037 3217 2094 devicit.
3245 2036 3393 2095 Hinc
3412 2039 3616 2095 indicto
3643 2054 3755 2096 oon-

2200 2137 2367 2182 ventu
2377 2126 2667 2198 Mogontiaa
2695 2126 2790 2158 m‘
2806 2125 2863 2199 (J
2867 2145 2937 2182 an
2952 2127 3053 2196 .7),
3066 2130 3290 2200 nuptias
3300 2138 3434 2201 post
3442 2131 3755 2203 epiphaniam

2202 2216 2421 2274 Domini
2439 2217 2828 2289 augustissime
2850 2218 3117 2288 instituit;
3147 2220 3242 2276 ubi
3256 2221 3426 2276 etiam
3444 2222 3533 2276 vix
3551 2222 3755 2292 aliqua
3860 2242 3862 2295 λ

2199 2319 2294 2367 aut
2326 2320 2472 2366 certe
2497 2310 2708 2366 nullum
2740 2309 2809 2366 de
2836 2312 3188 2382 magnatibus
3211 2314 3411 2370 abesse
3432 2313 3760 2384 voluit;qno-

2198 2419 2323 2461 rum
2351 2403 2582 2459 consilio
2626 2403 2711 2458 vel
2739 2418 3015 2460 consensu
3047 2404 3144 2436 ’³⁸⁸
3173 2406 3323 2477 regis
3346 2405 3556 2475 Anglia
3590 2407 3756 2470 ﬁliam,

2194 2494 2547 2550 Mahthildem
2578 2494 2675 2526 “”
2703 2495 2945 2563 nomine,
2977 2496 3186 2552 dudum
3222 2498 3611 2569 desponsatam
3642 2499 3758 2568 legi.
3859 2494 3862 2573 ς

2194 2587 2326 2641 time
2357 2583 2454 2618 ⁸³⁸⁸
2482 2584 2585 2642 sibi
2620 2585 2980 2658 conjungens,
3012 2588 3167 2658 regni
3211 2598 3531 2646 consortem
3570 2590 3758 2647 ωας)ῑὶ-
3860 2612 3862 2659 ς

2196 2674 2317 2731 tuit.

508 2851 753 2906 tudinem
780 2859 1056 2907 tantorum
1085 2852 1419 2922 primatuum
1456 2853 1513 2907 in
1546 2868 1658 2908 uno
1692 2861 1963 2910 conventu
1992 2852 2333 2909 convenisse.
2365 2849 2427 2907 In
2468 2850 2601 2922 ipsis
2628 2851 2776 2908 enim
2819 2852 3027 2924 nuptiis
3061 2866 3429 2913 convenerant

514 2944 907 3014 archiepiscopi
942 2944 997 3010 5,
1025 2943 1262 3014 episcopi
1292 2942 1382 3010 '50,
1412 2943 1579 2999 duces
1603 2944 1664 3010 5;
1690 2944 1757 2999 de
1786 2944 1988 3014 quibus
2016 2944 2126 3000 dux
2162 2940 2398 2997 Boemia:
2426 2957 2677 2997 summus
2697 2942 2958 3012 pineerna
2998 2941 3120 2999 fuit.
3149 2942 3426 3000 Comitum

508 3051 641 3092 vero
662 3045 716 3092 et
735 3036 990 3092 abbatum
1015 3045 1177 3106 atque
1201 3035 1604 3107 prepositorum
1629 3051 1892 3091 numerus
1920 3051 1952 3091 a
1980 3037 2130 3092 nullo
2158 3033 2413 3106 praesenti
2437 3033 2563 3088 licet
2590 3033 2824 3088 multum
2858 3035 3041 3106 sagaci
3070 3036 3252 3105 potuit
3272 3052 3427 3092 com-

511 3131 793 3200 prehendi.
827 3130 982 3186 Dona
1008 3140 1213 3199 autem,
1241 3146 1363 3201 quae
1388 3130 1590 3187 diversi
1635 3145 1788 3202 reges
1823 3140 1986 3201 atque
2012 3129 2440 3186 innumerabiles
2474 3128 2734 3199 primates
2771 3128 2973 3184 domno
3013 3130 3330 3199 imperatori
3365 3132 3423 3186 in

508 3219 646 3291 ipsis
669 3221 872 3290 nuptiis
912 3222 1199 3289 miserunt,
1230 3222 1314 3277 vel
1349 3237 1471 3292 qua:
1492 3222 1608 3293 ipse
1636 3222 1936 3293 imperator
1967 3237 2036 3277 ex
2081 3237 2141 3278 se
2181 3221 2572 3276 innumerabili
2610 3222 2947 3276 multitudini
2976 3222 3347 3292 joculatorum
3367 3233 3425 3279 et

510 3312 802 3367 istrionum
828 3320 995 3383 atque
1026 3314 1244 3369 diverso
1273 3314 1458 3385 generi
1492 3314 1831 3371 diversarum
1864 3315 2107 3387 gentium
2131 3314 2430 3381 distribuit,
2466 3314 2927 3385 quemadmodum
2962 3315 3147 3371 nullus
3174 3332 3421 3372 camera-

514 3402 632 3457 rius
662 3403 835 3473 ipsius
860 3404 943 3459 vel
970 3404 1065 3474 qui
1095 3404 1295 3474 recepit
1333 3405 1415 3459 vel
1454 3405 1547 3476 qui
1584 3405 1865 3461 distribuit
1896 3406 2075 3476 potuit
2112 3420 2422 3473 numerare,
2461 3406 2538 3461 ita
2581 3405 2766 3461 nullus
2796 3405 3041 3476 ejusdem
3078 3406 3425 3477 imperatoris

514 3499 966 3571 chronographus
999 3501 1175 3571 potuit
1193 3500 1387 3557 litteris
1413 3501 1888 3571 comprehendere.

580 3611 787 3667 Eodem
815 3612 911 3643 “"
941 3626 1157 3683 quoque
1200 3626 1343 3667 anno
1379 3611 1433 3666 in
1470 3611 1676 3667 eisdem
1705 3612 1911 3683 nuptiis
1928 3612 2085 3684 jura-
2114 3613 2160 3677 C
2262 3611 2469 3668 Deinde
2508 3619 2699 3667 contra
2734 3577 3005 3682 quosdam
3053 3612 3110 3668 in
3153 3612 3289 3669 locis
3320 3613 3418 3646 ¹¹⁸⁹
3439 3615 3767 3686 palustribus

509 3712 708 3761 verunt
725 3703 1019 3775 principes,
1046 3703 1445 3775 expeditionem
1485 3713 1676 3760 contra
1716 3703 1977 3761 Frisones
2026 3719 2085 3760 se

511 3796 753 3852 facturos
796 3795 852 3851 in
902 3795 1139 3852 secunda
1193 3797 1494 3867 septimana
1541 3804 1664 3868 post
1711 3805 2081 3868 pentecosten.

510 3887 916 3959 Denegaverant
940 3887 1087 3943 enim
1116 3888 1318 3945 domno
1349 3889 1663 3958 imperatori
1687 3889 1923 3945 debitam
1955 3890 2086 3945 sub-

503 3979 799 4053 jectiouem
848 3978 1157 4050 impendere
1188 3990 1242 4036 et
1275 3980 1477 4036 tributa
1498 3997 1621 4051 quae
1643 3981 1768 4052 jure
1798 3981 2080 4037 annuatim

510 4070 776 4126 debebant
818 4071 1143 4142 persolvere.
1194 4069 1330 4127 Nam
1367 4086 1434 4127 ex
1482 4071 1771 4127 insolentia
1807 4072 2002 4127 tumidi
2031 4082 2085 4128 et

507 4161 753 4216 locorum
796 4161 1102 4217 munitione
1141 4160 1286 4229 freti,
1317 4162 1751 4232 dedignabantur
1788 4163 1951 4218 alicui
1985 4163 2085 4219 do-

510 4254 660 4309 mino
685 4254 881 4324 subjici
905 4255 989 4309 vel
1015 4255 1247 4325 alicujus
1277 4255 1401 4309 licet
1431 4254 1585 4309 valde
1626 4254 1863 4324 potentis
1897 4271 2086 4325 prece-

507 4354 662 4415 ptum
691 4346 905 4417 exequi.
938 4346 1077 4400 Cum
1109 4354 1293 4402 autem
1320 4362 1512 4402 versus
1534 4346 1657 4401 illos
1680 4347 1951 4402 exercitus
1972 4362 2085 4403 coe-

504 4437 674 4508 pisset
711 4453 770 4493 se
816 4454 1055 4505 movere,
1099 4437 1440 4494 Coloniensis
1487 4438 1929 4509 archiepiscopus
1955 4454 2082 4495 cum

507 4526 830 4597 quibusdam
863 4527 984 4582 aliis
1018 4528 1354 4598 principibus
1383 4527 1667 4597 impedivit
1702 4528 1804 4582 iter
1829 4527 1996 4594 illius,
2027 4536 2081 4583 et

504 4620 706 4675 acriter
727 4635 850 4676 cum
874 4620 989 4676 suis
1015 4620 1227 4676 civibus
1255 4628 1309 4675 et
1326 4620 1483 4690 copia
1506 4620 1741 4673 militum
1770 4628 1933 4689 atque
1956 4635 2081 4674 suc-

503 4725 672 4766 cursu
704 4711 1046 4767 diversorum
1088 4711 1350 4767 comitum
1391 4711 1555 4781 coepit
1584 4711 1806 4766 domino
1847 4726 1947 4765 suo
1974 4711 2079 4764 im-

2193 3700 2337 3755 ultra
2386 3699 2691 3756 Fresonum
2722 3700 2818 3733 ³¹⁶⁶
2854 3701 3065 3758 insulas
3115 3702 3426 3759 habitantes
3478 3705 3767 3777 nuper-ator
3860 3699 3862 3777 ᾖ

2191 3790 2441 3846 navalem
2478 3790 2878 3861 expeditionem
2920 3792 3013 3824 ²¹⁶⁷
3048 3793 3222 3849 multo
3277 3795 3464 3850 studio
3516 3796 3764 3853 instituit.

2190 3881 2311 3949 Quo
2337 3883 2469 3937 dum
2488 3882 2681 3950 tendit,
2707 3881 2991 3938 Coloniam
3012 3882 3366 3955 Agrippinam
3387 3886 3497 3941 sibi
3516 3889 3764 3945 mhellm

2188 3983 2244 4030 et
2273 3974 2331 4030 in
2382 3974 2487 4030 hoc
2519 3989 2684 4045 quam
2712 3975 2899 4045 plures
2924 3974 3578 4056 Transrheninos‘atque
3603 3980 3765 4035 West-

2189 4066 2330 4123 talos
2385 4067 2791 4122 consentientes
2842 4068 3076 4135 invenit;
3124 4084 3365 4139 quorum
3412 4084 3767 4129 numerantur

2187 4159 2614 4216 nominatissimi
2650 4158 2963 4217 Fridericus
3005 4160 3350 4219 Coloniensis
3395 4166 3763 4237 archiepisco-

2186 4267 2308 4321 pus,
2334 4250 2648 4308 Gotefridus
2682 4252 2776 4284 ’³⁸⁸
2802 4252 2933 4320 dux,
2981 4251 3272 4328 Heinrieus
3314 4256 3467 4329 (535)
3495 4260 3766 4330 quondm
3860 4244 3862 4323 ἓ

2188 4342 2299 4397 dux
2329 4350 2382 4397 et
2428 4341 2740 4398 Fridericus
2785 4342 2853 4398 de
2906 4344 3225 4416 Arnesburg
3278 4347 3398 4402 “'9.
3454 4347 3764 4405 Intermissa

2184 4435 2370 4505 itaque
2436 4434 2810 4505 profectione,
2871 4451 3098 4491 manum
3168 4435 3227 4492 in
3290 4438 3488 4495 hostes
3557 4456 3767 4511 presen-

2186 4538 2269 4583 tes
2299 4527 2589 4583 extendere
2611 4527 2858 4597 eupiens,
2889 4527 3133 4584 Colonia:
3155 4529 3412 4598 partibus
3432 4533 3673 4597 assedit;
3693 4531 3764 4584 εἱ-
3860 4530 3862 4598 μ

2185 4618 2339 4674 vitati
2364 4633 2495 4674 vero
2538 4618 2767 4674 miriﬁce
2813 4618 3038 4675 munita:
3063 4621 3159 4652 "7°
3184 4636 3296 4675 non
3336 4624 3658 4692 prevalens,
3692 4636 3767 4674 re-

2185 4709 2400 4781 gionem
2442 4709 2871 4780 circumquaque
2916 4711 3181 4778 vastavit,
3218 4712 3562 4784 tandemque
3601 4714 3767 4769 solum
3860 4766 3862 4784 ε

1791 4865 2019 4923 νΑιιιλΕ
2061 4863 2463 4922 LECTlONES.

572 5005 668 5039 ⁶¹⁸⁰
702 5020 818 5076 φίας
852 5010 1160 5076 sequuntur,
1197 5008 1521 5076 atramenta
1533 4998 1698 5076 paulo
1755 4999 1946 5053 atriori
1998 4999 2197 5076 scripta
2259 5007 2404 5076 sunt.

1454 5067 1548 5103 ³⁸⁸⁵⁵
1587 5079 1885 5124 atramento
1936 5067 2159 5140 paulo‘a
2205 5067 2564 5140 superioribus
2625 5068 2849 5140 diverso-

502 5075 833 5145 t'mperatoris
888 5075 1164 5129 detineam
1204 5082 1345 5145 sunt.

500 5141 656 5199 2X7.
746 5146 840 5178 ἠδ
876 5146 1052 5200 ualica
1093 5145 1143 5199 7.
1244 5143 1337 5175 ’⁸⁸⁸
1377 5158 1616 5197 munzun
1650 5141 1737 5195 9°.

503 5184 729 5269 ἕέηϊῑε.
830 5184 1193 5271 ιιῖο“ὶῖὲἓει”ι.
1242 5228 1296 5269 o.
1340 5184 1688 5284 ίεῖἶῗῆζέεἶ

504 5355 596 5387 ’⁸⁸⁷
619 5356 760 5428 deest
789 5359 841 5411 6.
883 5358 931 5428 7.
966 5357 1078 5428 (ubi
1104 5364 1153 5411 et
1191 5370 1398 5428 corr._:_
1420 5353 1609 5410 navale
1653 5353 1930 5425 prelium.)

508 5427 866 5482 amesburch.
894 5427 944 5482 7.
976 5425 984 5428 ’
1020 5427 1116 5461 ⁸⁸⁷⁸³
1152 5425 1351 5481 muniti
1376 5426 1462 5481 9c.

1835 5140 1930 5172 ²¹⁵⁶
1967 5141 2175 5211 direpta
2215 5140 2313 5195 E2.

1799 5211 1888 5242 ¹¹⁶¹
1930 5211 2210 5266 ωοαιιηῑίθ
2237 5211 2291 5264 4.

506 5284 591 5338 10.
637 5287 1023 5342 machthildem
1069 5286 1121 5341 5.
1174 5282 1487 5339 mathildem
1524 5282 1619 5336 El.
1652 5283 1706 5337 2.
1741 5292 1793 5336 et
1828 5283 1906 5336 ita
1952 5282 2119 5342 infra.

2042 5353 2137 5386 ἠδ
2172 5350 2512 5423 gotbefridus
2543 5349 2640 5404 Dl.
2668 5347 2983 5421 godefridus
3014 5350 3064 5404 7.
3099 5349 3182 5407 ιο.

2512 4997 2606 5029 ³³⁵³
2626 4995 2763 5101 Aliae
2807 4996 2922 5051 loco
2952 5006 3129 5101 effata!
3159 5000 3387 5101 talitr‘la,

2421 5072 2564 5122 ribus
2625 5072 2849 5123 diverso.
2961 5072 3057 5101 ²¹⁵³
3094 5072 3382 5127 reinoldus
3414 5072 3521 5126 ΕΙ.
3554 5088 3607 5124 e.
3643 5084 3769 5122 corr.

2552 5140 2693 5193 deest
2725 5139 2777 5193 5.
2801 5139 2986 5224 “"1"
3023 5141 3205 5224 natale
3243 5143 3331 5224 4._
3379 5141 3504 5224 H'l"

2392 5209 2489 5241 ¹¹⁶¹
2526 5224 2756 5265 assensu
2801 5207 2897 5263 El.
2932 5210 2988 5263 2.
3088 5211 3183 5242 ³⁸⁵³
3220 5212 3553 5267 mahtildem
3588 5210 3686 5262 [η.
3726 5207 3771 5258 ι.

2394 5288 2499 5334 eest
2538 5280 2611 5333 ‘7.
2716 5279 2813 5311 ²¹⁶⁸
2867 5281 3008 5334 deest
3054 5279 3146 5333 7."
3216 5282 3315 5313 ἠδ
3372 5274 3770 5337 ϊωδοιιιωενὶ.

3284 5348 3393 5384 ³³⁸⁷⁸
3416 5352 3709 5407 arnsburc
3728 5346 3771 5397 ι-

2225 5281 2322 5312 ”“
2356 5280 2499 5334 deest
2538 5284 2543 5290 “
2562 5280 2611 5333 7.

1977 5554 2209 5614 NOTAE.

573 5672 721 5743 (554)
756 5671 1032 5743 Monesen.
1061 5670 1132 5728 cf.
1160 5671 1376 5729 Stenzel
1398 5668 1440 5726 l.
1474 5686 1527 5742 p.
1553 5670 1677 5726 657.

574 5742 723 5813 (335)
756 5743 829 5799 De
853 5742 1131 5814 Limburg.

3585 4998 3771 5068 nupti:
