3862 6306
502 355 635 412 1051
1663 331 2068 390 EKKEHAR’DI
2112 327 2586 386 URAUGIENSIS
3636 328 3754 381 N3:

501 468 704 527 litteris
733 463 1052 536 subjicicns,
1098 457 1281 528 ipsum
1326 452 1429 509 sibi
1472 451 1794 520 caeterisque
1831 463 1941 503 non
1987 446 2179 517 paucis
2211 444 2526 516 presulibus
2575 441 2861 497 Coloniam
2915 455 3207 496 occurrere
3243 439 3565 510 postulavit;
3604 441 3685 496 ubi
3712 454 3757 496 α
3859 517 3862 522 Ι

506 562 763 620 mandata
806 534 1069 628 papm'm
1103 564 1227 621 qua:
1254 548 1372 618 ipse
1400 546 1655 603 detulerit
1668 546 1762 579 ’³⁸⁵
1788 543 2156 599 communiter
2195 540 2421 613 percipi,
2451 546 2505 595 et
2535 537 2626 594 ille
2648 537 2913 594 suam'm
2939 536 3437 601 consecrationem,
3463 534 3553 590 diu
3583 538 3760 593 scilicet

505 654 878 716 interclusam,
902 655 1056 703 tanta
1084 641 1411 699 auctoritate
1439 639 1703 709 consequi
1746 637 1942 708 possit.
1972 635 2078 703 Qui
2095 636 2186 667 “‘7
2221 641 2525 690 conventus
2562 633 2803 689 instante
2830 630 2971 686 festo
2999 631 3202 685 natalis
3227 628 3447 685 Domini
3481 630 3649 716 lactus
3669 645 3759 695 est,

507 764 617 804 non
650 713 1261 814 absque'indignatione
1284 733 1632 806 imperatoris
1668 730 1838 804 [regis
1871 727 1988 801 E.],
2034 727 2131 798 qui
2167 725 2401 782 necdum
2430 724 2589 796 plene
2625 723 2971 779 voluntarius
3003 732 3123 778 erat
3156 722 3211 777 in
3250 738 3524 781 consensu
3547 713 3759 795 ejusde-

510 838 894 899 ordinationis.

1930 918 1992 971 A.
2033 915 2095 970 D.
2137 914 2378 970 MCXVI.

587 1030 885 1100 Imperator
912 1026 1149 1081 natalem
1183 1023 1400 1078 Domini
1431 1019 1604 1090 Spirae
1626 1032 1749 1072 cum
1777 1015 1970 1086 paucis
1997 1014 2270 1084 episcopis
2302 1020 2356 1068 et
2383 1011 2726 1083 principibus
2749 986 3055 1075 celebrans,
3078 1025 3143 1064 ea
3165 1025 3293 1080 quae
3318 1011 3535 1067 interim
3552 1011 3769 1067 Colonia

507 1126 835 1196 gerebantur
878 1122 1115 1193 graviter
1156 1121 1297 1176 tulit.
1343 1117 1566 1173 Audivit
1608 1115 1753 1171 enim
1775 1155 1790 1180 ,
1829 1127 1994 1183 quam
2027 1111 2294 1181 plurimos
2330 1110 2406 1165 ibi
2440 1110 2768 1166 convenisse
2800 1125 2911 1163 non
2947 1107 3127 1164 solum
3177 1107 3654 1176 metropolitanos,
3691 1111 3769 1164 sed

506 1226 670 1280 etiam
702 1223 838 1277 alios
858 1221 1148 1291 episcopos
1176 1217 1261 1272 vel
1297 1215 1590 1285 optimates
1617 1210 1792 1282 regni,
1829 1223 1997 1263 causa
2027 1208 2286 1277 precipua
2308 1205 2535 1261 verbum
2554 1204 3153 1265 excommunicationis
3187 1204 3246 1257 in
3279 1221 3340 1259 se
3369 1202 3769 1267 manifestandi;
3860 1260 3862 1265 ,

507 1322 758 1392 quamvis
784 1322 900 1390 ipse
926 1316 1222 1374 cardinalis
1247 1314 1421 1385 (557),
1457 1311 1617 1381 cujus
1669 1310 1787 1365 haec
1820 1307 2188 1362 iniciabantur
2200 1305 2295 1338 ’³η
2320 1304 2664 1370 auctoritate,
2706 1303 2762 1357 in
2794 1302 2987 1392 itinere
3001 1302 3113 1372 jam
3137 1303 3232 1334 ”¹’
3261 1300 3577 1366 defunctus,
3602 1300 3693 1355 illo
3715 1302 3771 1354 ad

516 1390 854 1484 sepulturam
880 1410 1063 1481 potius
1092 1421 1256 1476 quam
1284 1404 1351 1458 ad
1374 1403 1645 1457 actionem
1666 1399 1880 1455 delatus
1897 1406 2047 1452 esset
2065 1395 2304 1451 concilii.
2333 1393 2535 1449 Missus
2552 1402 2737 1448 tamen
2758 1393 2830 1448 ab
2849 1407 2916 1447 eo
2944 1390 3074 1448 illuc
3095 1393 3282 1461 presul

511 1482 850 1564 audientiam
880 1503 964 1556 vel
998 1496 1446 1555 communionem
1498 1490 1721 1547 nonnisi
1778 1487 2164 1544 reconciliatus
2216 1484 2420 1541 habere
2477 1484 2711 1550 meruit;
2766 1498 3020 1538 reversus
3081 1492 3208 1553 post
3236 1482 3508 1538 redditam
3523 1485 3615 1516 ω’
3648 1484 3773 1555 φ.

515 1607 743 1669 tionem,
774 1601 825 1655 ci
852 1597 946 1667 qui
978 1610 1037 1650 se
1066 1593 1295 1648 miserat
1323 1591 1504 1647 denuo
1528 1587 1937 1644 communicare
1961 1584 2177 1652 renuit;
2219 1583 2316 1651 sed
2348 1581 2473 1637 vita:
2499 1581 2747 1651 periculo
2767 1588 3014 1643 coactus,
3040 1577 3268 1632 missam
3295 1590 3487 1632 coram
3509 1592 3633 1646 rege
3654 1576 3774 1629 ode-

512 1700 724 1763 bravit;
760 1696 994 1763 indeque
1019 1704 1196 1760 usque
1220 1689 1288 1744 ad
1316 1696 1549 1743 mortem
1575 1685 1952 1750 contristatus,
1985 1683 2216 1737 latenter
2248 1672 2527 1746 discessit,
2571 1678 2763 1748 sicque
2792 1690 3014 1731 rursum
3044 1671 3529 1729 communioni’m
3557 1668 3778 1739 priaint

516 1791 703 1845 multis
726 1785 971 1841 lacrimis
995 1784 1400 1849 reconciliatus,
1425 1783 1569 1837 ultra
1600 1780 1822 1837 caesaris
1851 1787 2075 1849 aspectu
2110 1775 2275 1832 simul
2308 1773 2797 1845 et'gratiacaruit

587 1865 704 1953 Qua
724 1886 817 1917 ’¹’²
851 1884 1015 1938 etiam
1039 1881 1407 1936 commotione
1429 1893 1728 1935 succensus
1759 1877 2077 1946 imperator,
2105 1873 2368 1929 ducatum
2384 1868 2667 1925 orientalis
2693 1866 2961 1933 Franciaz,
2986 1865 3082 1936 qui
3110 1861 3559 1934 Wirciburgensi
3586 1858 3779 1930 φω-

517 1981 608 2050 pio
643 1979 865 2049 antiqua
894 1978 1190 2047 regum”“
1219 1977 1569 2033 successione
1586 1974 1681 2007 ἠδ
1700 1972 2059 2043 competebat,
2085 1967 2552 2034 Chuonrado'm,
2583 1965 2795 2021 sororis
2829 1978 2944 2020 sua:
2972 1962 3117 2030 tilio,
3137 1960 3419 2016 commisit
3443 1957 3779 2050 (mltipot-

516 2086 624 2141 que
668 2071 925 2125 scandala
963 2070 1274 2141 principum
1310 2068 1612 2133 declinans,
1640 2067 1695 2120 in
1739 2065 1951 2119 Italiam
1980 2078 2039 2118 se
2071 2077 2182 2117 una
2218 2076 2345 2116 eum
2374 2059 2565 2131 regina
2601 2066 2824 2128 totaque
2857 2055 3023 2110 domo
3050 2069 3150 2110 sua
3165 2054 3262 2085 ’³³⁵
3291 2051 3529 2107 contulit
3565 2049 3781 2121 (Nam,

518 2180 582 2218 ac
604 2164 747 2218 circa
768 2162 977 2217 Padum
1002 2162 1244 2233 negociis
1266 2160 1524 2215 insistens
1546 2157 1720 2229 regni,
1742 2157 1951 2227 legatos
1973 2155 2041 2211 ad
2063 2153 2422 2225 apostolicum
2446 2166 2546 2221 pro
2567 2147 2957 2219 componendis
2978 2145 3185 2212 causis,
3208 2160 3336 2215 qua:
3355 2142 3557 2198 iterum
3579 2156 3783 2213 regem

518 2264 573 2308 ct
617 2254 983 2310 sacerdotium
1023 2253 1332 2309 disturbare
1380 2258 1694 2321 coeperunt,
1741 2248 2057 2319 suppliciter
2093 2245 2404 2323 destinavit.
2457 2242 2631 2313 Cujus
2675 2239 2967 2312 legationis
3011 2238 3316 2309 primatum
3363 2236 3539 2291 abbas
3577 2234 3783 2289 Clunia-

521 2346 835 2413 censis"",
862 2349 1303 2421 consanguineus
1322 2348 1416 2380 ²”⁸
1444 2347 1592 2418 (559)
1616 2354 1678 2400 ut
1699 2346 1851 2400 aiunt
1879 2344 2065 2401 domni
2085 2358 2239 2414 papae
2278 2341 2490 2408 tenuit;
2528 2340 2624 2411 qui
2646 2346 2702 2394 et
2723 2339 2816 2370 ”’⁹
2860 2336 3003 2391 inter
3042 2344 3340 2404 utramque
3369 2331 3786 2405 ρει-ιεωυκμνο

522 2438 913 2507 componendis
934 2440 1158 2509 paciﬁcc
1180 2441 1364 2506 rebus,
1394 2440 1568 2495 ﬁdelis
1591 2447 1644 2493 et
1659 2440 1751 2480 ’³³⁸
1780 2437 2011 2508 impiger
2034 2435 2444 2507 apocrisiarius,
2471 2432 2659 2488 multis
2681 2429 3021 2502 argumentis
3046 2427 3340 2496 invigilare
3364 2426 3598 2482 studuit.

592 2524 798 2582 Eodem
824 2529 988 2600 igitur
1008 2546 1172 2598 anno,
1196 2531 1290 2602 qui
1311 2540 1397 2587 est
1420 2530 1543 2585 l8us
1573 2529 1937 2585 ordinationis
1961 2529 2147 2584 domni
2184 2542 2339 2598 papa:
2373 2526 2655 2592 Paschalis
2689 2523 2754 2589 ll,
2780 2524 2815 2578 ἓ
2847 2520 2987 2578 Non.
3012 2520 3173 2576 Mart.
3200 2520 3396 2575 Romae
3418 2521 3477 2574 in
3499 2520 3627 2574 sede
3646 2517 3787 2572 Late-

523 2620 745 2674 rancnsi
771 2621 823 2674 in
849 2623 1095 2679 zecclesia
1121 2624 1294 2680 sancti
1321 2623 1641 2691 Salvatoris,
1665 2639 1787 2694 quae
1809 2623 2110 2694 appellatur
2136 2606 2611 2687 Constantiniana,
2634 2619 2959 2675 celebratata
2988 2625 3072 2673 est
3093 2618 3188 2650 ’³³⁹
3217 2617 3466 2688 synodus
3486 2616 3791 2671 universalis

524 2711 764 2777 concilii,
796 2715 1139 2789 congregatis
1180 2715 1377 2772 ibidem
1415 2732 1483 2771 ex
1532 2716 1762 2772 diversis
1809 2716 1994 2788 regnis
2047 2723 2101 2770 et
2152 2714 2451 2785 provinciis
2484 2712 2779 2784 episcopis,
2808 2710 3228 2778 abbatibus'm,
3262 2710 3554 2766 catholicis
3579 2709 3791 2765 ducibus

490 2872 491 2875 η
524 2813 575 2858 et
601 2807 915 2875 comitibus,
946 2808 1252 2880 legatism"
1279 2811 1661 2868 universarum
1689 2811 2097 2881 provinciarum
2128 2825 2293 2880 quam
2325 2809 2595 2882 plurimis.
2650 2807 2833 2863 Prima
2881 2808 3067 2878 itaque
3112 2805 3204 2861 die
3228 2847 3244 2873 ,
3277 2821 3406 2876 qua:
3454 2804 3693 2860 secunda
3712 2803 3793 2833 ’⁸³³

523 2908 640 2954 erat
671 2900 805 2956 feria
834 2904 1010 2959 tertiac
1038 2905 1355 2961 ebdomadae
1381 2907 1870 2977 quadragesimalis
1908 2906 2096 2977 (Mari.
2127 2907 2205 2978 6),
2238 2908 2379 2961 inter
2406 2906 2843 2961 Mediolancnses
2885 2903 3177 2973 episcopos
3225 2898 3607 2953 Grosulanum
3630 2896 3719 2927 ’⁸³⁸
3750 2904 3793 2947 et

524 2989 814 3047 Jordanem
840 3036 855 3057 ,
908 2994 961 3049 in
1003 2996 1235 3051 alterum
1283 2998 1360 3052 de'
1398 2998 1701 3065 invasione,
1736 2998 1792 3052 in
1840 2999 2074 3053 alterum
2105 2998 2254 3069 quod
2282 2998 2544 3054 tecclesire
2575 3014 2687 3053 sua:
2712 2998 2961 3053 desertor
2989 2991 3368 3059 extiteritm",
3418 2990 3680 3045 ventilata
3723 3000 3793 3041 ess

529 3085 1110 3144 controversia.-Hanc
1136 3100 1369 3144 causam
1401 3090 1638 3145 domnus
1688 3090 2022 3160 apostolicus
2072 3090 2433 3146 cardinalium
2466 3084 2852 3159 episcoporum
2902 3082 3132 3140 cdnsilio
3178 3082 3525 3138 tractandam
3577 3080 3793 3136 distulit.

524 3174 789 3245 Sequenti
811 3177 900 3233 die
930 3178 1118 3248 (Mart.
1150 3179 1202 3249 7)
1234 3180 1287 3234 in
1317 3181 1543 3235 eandem
1574 3195 1802 3236 causam
1830 3180 2062 3252 plurima
2079 3180 2173 3212 "’3
2202 3189 2431 3235 tractata
2464 3188 2611 3245 sunt,
2643 3178 2739 3234 sed
2765 3193 2854 3234 res
2884 3192 2994 3232 non
3009 3176 3103 3207 ’²³⁹
3130 3175 3286 3229 ﬁnita
3300 3173 3418 3228 ηδ’.
3453 3172 3663 3239 Quarta
3683 3186 3796 3224 vero

530 3263 661 3321 feria
693 3266 880 3337 (Mart.
911 3268 966 3337 8)
999 3269 1264 3325 Lucensis
1293 3270 1581 3340 episcopus
1607 3270 1673 3325 de
1704 3271 1988 3327 invasione
2014 3278 2171 3326 terrae
2194 3271 2336 3341 juris
2368 3270 2627 3327 :ecclesize
2661 3284 2775 3324 sua:
2801 3267 3032 3322 Pisanos
3064 3265 3379 3335 impetebat.
3414 3262 3657 3319 Econtn
3683 3263 3795 3317 dum
3860 3262 3862 3335 ρ

531 3358 769 3411 Pisanus
797 3374 927 3414 suos
953 3359 1285 3427 defenderet,
1316 3361 1459 3415 inter
1487 3361 1863 3417 utramvis"“
1893 3370 2125 3431 partem,
2155 3362 2445 3432 utriusque
2492 3360 2679 3430 populi
2728 3357 3009 3429 sull'ragio,
3044 3357 3210 3427 longo
3247 3356 3429 3427 litigio
3454 3354 3794 3424 disceptatur.
3860 3356 3862 3359 '

532 3448 689 3504 Tunc
716 3450 942 3519 quidam
972 3451 1355 3520 episcoporum
1403 3452 1470 3507 de
1516 3453 1697 3508 medio
1735 3453 1953 3509 concilii
2000 3452 2360 3524 surgens’m,
2396 3453 2472 3507 ita
2520 3467 2753 3507 exorsus
2779 3460 2862 3506 est
2896 3469 2908 3505 :
2944 3449 3209 3503 Damnum
3245 3457 3458 3518 patrem
3484 3448 3589 3480 ’³⁸³
3626 3464 3795 3517 ναμε.
3860 3460 3862 3463 ·

533 3540 799 3595 recordari
825 3542 1097 3608 decet“"',
1128 3558 1291 3612 quare
1310 3542 1459 3596 illius
1478 3544 1731 3613 presentis
1753 3552 1803 3597 et
1830 3544 2090 3615 generalis
2114 3542 2326 3597 concilii
2358 3542 2646 3596 multitudo
2673 3549 2860 3595 sancta
2887 3556 2980 3610 per
3016 3540 3197 3593 omnia
3237 3539 3605 3609 periculorum
3632 3554 3795 3609 genere
3860 3552 3862 3575 τ

533 3637 669 3688 mari
700 3634 1049 3706 terraque""'
1097 3636 1388 3689 convenerit
1432 3637 1692 3701 invitata;
1741 3636 1817 3691 ibi
1844 3635 2052 3690 nonm“
2077 3637 2140 3690 de
2169 3634 2503 3705 spiritalibus
2533 3634 2610 3689 vel
2652 3633 3047 3689 (ecclesiasticis
3076 3673 3091 3699 ,
3137 3630 3231 3686 sed
3279 3631 3458 3684 dem"
3484 3630 3796 3685 seculorum
3860 3646 3862 3659 ι

533 3728 718 3781 ordine
754 3735 1054 3797 prepostero
1085 3728 1368 3782 tractaturi
1390 3728 1483 3760 ἠ’
1513 3729 1762 3799 negociis.
1800 3726 2210 3798 Expediendum
2239 3726 2415 3797 prius,
2447 3734 2667 3796 propter
2702 3725 2849 3795 quod
2894 3723 3273 3794 principaliter
3320 3724 3793 3778 converterint“.

540 3828 597 3873 ut
627 3818 931 3875 evidentius
961 3827 1321 3890 pernoscatur
1349 3820 1479 3890 quid
1508 3820 1742 3875 domnus
1769 3819 2102 3890 apostolicus
2132 3818 2351 3885 sentiat,
2384 3818 2626 3889 quidque
2648 3816 2744 3849 ”⁸⁰
2772 3815 2829 3869 in
2855 3814 3118 3871 aecclesiis
3145 3813 3266 3869 suis
3296 3813 3502 3870 reversi
3530 3814 3799 3885 pradicas!
3860 3850 3862 3911 ι

536 3910 786 3965 debeant.
824 3909 979 3965 Tunc
1003 3911 1337 3981 apostolicus
1362 3912 1579 3968 concilii
1608 3927 1831 3967 causam
1859 3918 1913 3966 et
1937 3910 2108 3965 animi
2138 3910 2223 3965 sui
2257 3908 2613 3965 intentionem
2643 3909 2732 3964 bis
2758 3907 2938 3963 verbis
2964 3907 3221 3978 exposuit
3255 3926 3269 3961 :
3302 3906 3606 3977 Ροδιᾳιειι
3633 3906 3797 3961 Μ·
3860 3906 3862 3959 ἶ

536 4017 632 4053 nus
658 3999 722 4053 de
750 4017 896 4054 servo
922 4017 1019 4055 suo
1042 4001 1165 4072 fecit
1190 4002 1328 4073 quod
1362 4002 1598 4057 voluitet
1626 4019 1706 4056 me
1733 4001 2085 4073 populumque
2114 4001 2411 4056 Romanum
2444 4000 2673 4055 tradidit
2698 4001 2757 4054 in
2779 4016 2968 4054 manus
2995 4001 3153 4071 regis,
3185 4000 3432 4054 videbant
3460 3999 3666 4053 cotidie
3692 4014 3796 4067 μοι·
3860 4048 3862 4079 ἰ

534 4090 635 4143 sim
656 4090 775 4159 ﬁeri
800 4091 1015 4160 rapinas
1056 4101 1108 4146 et
1147 4092 1412 4160 incendia,
1441 4094 1590 4148 cedes
1617 4102 1668 4147 et
1696 4092 1987 4147 adulteria.
2017 4092 2150 4147 Hcce
2180 4103 2231 4146 et
2272 4092 2576 4163 hujusmodi
2612 4091 2758 4146 mala
2802 4091 3076 4162 cupiebant
3119 4100 3353 4146 avertere
3382 4092 3450 4145 ab
3483 4094 3729 4148 ecclesia
3758 4102 3799 4141 ιε
3860 4092 3862 4143 |

533 4187 726 4257 populo
752 4186 882 4252 Dei;
925 4196 974 4242 et
1006 4188 1147 4258 quod
1174 4188 1295 4257 feci,
1320 4204 1417 4258 pro
1459 4187 1770 4243 liberatione
1794 4187 1974 4258 populi
2019 4186 2119 4240 Dei
2148 4187 2285 4257 feci;
2316 4187 2417 4257 feci
2447 4195 2623 4239 autent
2650 4193 2708 4239 ut
2751 4185 2927 4251 homo,
2958 4186 3086 4255 quia
3100 4185 3193 4216 ”⁸¹
3221 4200 3341 4238 sum
3365 4189 3547 4255 pulvis
3572 4197 3630 4239 α
3860 4174 3862 4201 ¹

538 4283 738 4335 Fateor
762 4297 842 4334 me
864 4279 999 4335 male
1017 4282 1202 4351 egisse,
1224 4281 1314 4335 sed
1338 4296 1460 4352 rogo
1486 4297 1573 4335 vos
1598 4297 1774 4335 omnes
1798 4279 2057 4334 orarem'
2075 4295 2170 4349 pro
2195 4295 2276 4333 me
2297 4278 2366 4332 ad
2388 4277 2578 4344 Deum,
2602 4287 2659 4332 ut
2684 4277 2955 4348 indulgeat
2979 4278 3160 4332 michi.
3208 4277 3357 4333 Illud
3401 4291 3593 4335 autem
3626 4279 3799 4333 ulla
3860 4290 3862 4335 ἶ

532 4364 789 4447 scriptun:
815 4383 957 4446 quod
989 4376 1047 4428 in
1085 4376 1326 4429 tentoriis
1356 4375 1557 4445 factum
1586 4384 1696 4443 est,
1739 4376 1880 4446 quod
1914 4390 2008 4445 pro
2039 4375 2300 4445 pravitate
2321 4373 2416 4405 ’⁸⁸³
2454 4374 2538 4427 sui
2579 4372 3031 4444 pravilegium““
3067 4374 3307 4439 dicitur,
3348 4375 3686 4445 condar-pne
3722 4374 3799 4425 sal
3860 4362 3862 4393 '

524 4477 780 4542 perpetuo
806 4466 1161 4535 anathemate,
1192 4477 1250 4519 ut
1294 4466 1492 4522 nullius
1519 4483 1751 4539 unquam
1781 4468 1851 4521 sit
1882 4470 2030 4522 home
2078 4468 2379 4532 memoria;
2424 4473 2474 4521 et
2507 4482 2632 4537 rogo
2664 4482 2752 4520 vos
2787 4482 2965 4520 omnes
2996 4475 3053 4518 ut
3092 4467 3232 4521 idem
3265 4468 3511 4538 faciatis.
3560 4468 3713 4523 Tunc
3746 4469 3801 4520 ab
3860 4472 3862 4525 ἶ

1851 4600 2075 4657 VARUE
2120 4602 2523 4658 LECTIONES.

608 4697 704 4730 ﬂ“
731 4694 827 4768 [ᾗ
852 4709 989 4768 corr.
1038 4693 1212 4768 ᾔδη.
1301 4695 1397 4768 ”’⁸
1441 4696 1707 4768 detulerat
1746 4697 1798 4750 4.
1887 4697 1995 4768 ηιξ
2024 4711 2088 4768 c.
2121 4712 2276 4751 suam
2316 4697 2369 4750 4.
2473 4698 2565 4728 ”¹⁷
2605 4696 2707 4763 Qui
2737 4728 2808 4736 —
2835 4697 3200 4768 ordinationis
3241 4698 3436 4751 desunt
3461 4699 3515 4752 7.
3596 4702 3687 4732 ’³⁸⁸

536 4765 841 4824 eiabant7.
874 4766 959 4837 9°.
1064 4766 1157 4797 ²’¹⁹
1178 4766 1579 4837 deest4—H.
1672 4768 1764 4798 ”’⁰
1787 4783 1833 4833 r,
1882 4783 1935 4837 p.
1966 4765 2015 4820 7.
2054 4767 2152 4837 _9°.
2200 4794 2203 4797 η
2244 4768 2337 4798 ”²¹
2380 4769 2536 4837 μῖο.
2590 4769 2679 4837 4η
2756 4768 2851 4837 ἠ’
2909 4766 3051 4833 Quia
3111 4767 3209 4821 ΕΞ.
3313 4770 3412 4800 ’³³³
3455 4770 3612 4825 deest
3662 4770 3712 4824 ε.
3761 4770 3796 4817 ἶ.

538 4841 622 4893 9ο,
726 4838 821 4868 ’³³⁵
875 4836 952 4889 ita
1008 4851 1183 4890 omnes
1240 4836 1392 4890 codd.
1444 4837 1801 4892 concessione
1854 4835 1993 4891 Ᾰηη.
2041 4835 2099 4891 8.
2201 4838 2294 4868 ”’⁵
2333 4835 2612 4892 cuonrado
2661 4836 2758 4890 Dl.
2814 4836 2913 4891 ΕΞ.
2963 4836 3048 4891 10.
3099 4838 3345 4893 cunrado
3386 4840 3439 4893 4.
3480 4844 3728 4896 conrado
3758 4839 3801 4891 7.

530 4910 633 4945 ’⁸³⁸
653 4909 795 4962 deest
817 4908 870 4962 4.
942 4907 1041 4979 ’Ἦ
1065 4907 1433 4979 eloniaceusis
1450 4908 1504 4961 4.
1578 4909 1672 4940 ”’⁸
1694 4922 2117 4979 consanguueus
2155 4908 2207 4962 5.
2276 4909 2379 4964 .”’⁰
2402 4908 2546 4962 deest
2572 4907 2621 4962 7.
2654 4907 2743 4979 10.
2779 4908 3152 4979 11.-διέρρηξεν.
3182 4907 3281 4962 El.
3356 4911 3455 4941 ’³³⁸
3478 4912 3636 4966 deest
3659 4912 3709 4964 6.
3729 4911 3797 4963 θ’.

541 4980 631 5012 ”⁸¹
666 4995 729 5035 ac
760 4979 858 5031 Dl.
954 4977 1047 5008 ”³’
1071 4992 1120 5032 c.
1151 4978 1384 5032 habetur
1412 4978 1466 5032 4.
1563 4979 1656 5011 ’³³³
1682 4986 1737 5033 et
1756 4978 1881 5033 abb.
1912 4977 1970 5032 4.
2019 4979 2087 5032 ab
2124 4979 2381 5034 omnibus
2409 4979 2694 5035 catholicis
2719 4977 2772 5033 6.
2800 4978 2851 5031 7.
2883 4980 2968 5034 9°.
3082 4979 3178 5009 ’⁸³⁸
3223 4990 3279 5034 et
3306 4981 3412 5035 leg.
3446 4981 3507 5035 4.
3627 4983 3715 5014 ⁸³⁸³
3735 4992 3799 5033 σε

542 5050 780 5105 secunda
810 5048 849 5103 f.
881 5048 934 5103 4.
1013 5048 1108 5119 ”⁸⁶
1135 5049 1481 5119 grosolanum
1505 5049 1538 5103 4
1558 5080 1629 5090 —
1656 5050 1737 5104 11.
1814 5049 1905 5080 ’⁸³⁷
1929 5049 2186 5119 existeret
2212 5051 2296 5104 9ο.
2398 5050 2493 5081 ἠε
2515 5057 2582 5103 tr.
2611 5064 2659 5104 s.
2686 5049 2759 5119 pl.
2792 5048 2845 5103 4.
2947 5050 3040 5083 ”³’
3065 5049 3293 5104 minime
3319 5048 3424 5104 El.
3454 5052 3514 5106 2.
3598 5054 3689 5084 κδ·
3712 5066 3799 5105 nos

540 5120 751 5174 infinita
788 5121 873 5191 9C.
965 5118 1060 5191 ”⁸¹
1101 5115 1388 5191 utramque
1423 5119 1476 5173 6.
1512 5119 1562 5173 7.
1596 5119 1681 5174 9°.
1723 5115 2015 5190 utramque
2058 5129 2267 5189 partem
2316 5120 2399 5176 vis
2448 5120 2632 5190 populi
2672 5115 2961 5191 utriusque
2996 5136 3044 5177 s.
3079 5121 3146 5191 4.
3188 5128 3488 5191 utramque
3518 5124 3611 5179 vis
3636 5124 3691 5177 5.
3728 5120 3793 5173 10.

542 5192 814 5262 u‘tranque
836 5190 927 5261 jus
960 5190 1050 5262 11.
1075 5261 1082 5262 γ
1124 5189 1217 5262 ’Μ
1251 5205 1299 5262 s.
1330 5205 1378 5244 c.
1411 5191 1464 5262 5.
1555 5191 1648 5262 ’Ψ
1681 5190 1821 5245 deest
1852 5189 1930 5262 4.!
1953 5191 2178 5262 ’θ’θ’-ξπ
2209 5189 2534 5262 ηιαςῃ.γᾳὲιῑε
2564 5206 2672 5245 rec.
2704 5190 2855 5243 addit
2898 5191 2948 5245 7.
3026 5189 3121 5223 'm
3152 5189 3411 5261 terrequé
3445 5192 3552 5248 ΕΞ.
3636 5192 3724 5224 ’³⁵⁸
3748 5205 3798 5262 tl!

539 5262 593 5316 6.
625 5261 674 5314 7.
702 5259 803 5315 nec
835 5259 920 5315 9c.
990 5260 1084 5293 ’⁸⁸⁷
1109 5261 1250 5314 deest
1282 5261 1368 5314 1η.
1412 5261 1497 5314 11.
1578 5260 1672 5294 ηδ’
1699 5260 1921 5316 tractari
1953 5259 2048 5314 El.
2090 5260 2144 5314 2.
2186 5260 2251 5314 Α.
2286 5259 2344 5316 Si
2379 5260 2465 5314 10.
2506 5268 2808 5316 tractatura
2832 5262 2886 5315 4.
2920 5262 3243 5317 tractaturis
3275 5259 3420 5318 corr.
3456 5263 3737 5320 tractaturi
3757 5261 3793 5309 Ξ.

542 5340 809 5403 tractatur
837 5332 889 5403 6.
924 5331 974 5403 7.
1017 5331 1104 5386 9°.
1141 5332 1226 5385 11.
1324 5332 1417 5403 ’⁸⁸⁵
1441 5340 1814 5386 convenerunt
1841 5332 1925 5386 9ο.
1950 5402 1985 5403 η
2020 5331 2115 5362 ”⁵⁰
2139 5331 2400 5403 quisquid
2434 5332 2487 5386 4.
2518 5331 2797 5403 quicquid.
2820 5332 2891 5403 ,5.
2928 5331 3016 5386 10.
3051 5333 3137 5387 11.
3176 5333 3313 5403 quid
3339 5333 3395 5387 7.
3434 5335 3526 5388 9e.
3608 5334 3697 5365 ”³²
3723 5346 3796 5398 (ιιι

542 5402 640 5456 Dl.
674 5403 801 5472 quia
831 5401 969 5457 cinis
1000 5417 1123 5457 sum
1153 5409 1206 5456 et
1232 5416 1283 5471 p.
1311 5402 1363 5456 4.
1465 5402 1560 5433 ’³⁸⁸
1591 5413 1745 5457 orate
1774 5403 1808 5457 4
1842 5431 1910 5441 ——-
1938 5402 2022 5456 11.
2117 5402 2212 5434 ’³⁸⁸
2244 5401 2343 5473 per
2375 5401 2700 5472 pravitatem
2725 5402 2779 5457 6.
2805 5402 2891 5457 9C.
2991 5403 3085 5435 ’³⁸⁸
3114 5401 3467 5474 privilegium
3496 5407 3555 5460 4.
3580 5404 3636 5459 6.
3666 5404 3740 5458 9'.

2072 5513 2299 5572 NOTAE.

800 5606 1163 5751 Βέθῖιῗέθῗοέᾳ
1191 5677 1547 5751 celeberrimo
1576 5676 1899 5751 cfidlontag
1917 5677 2130 5751 _G_esch._
2167 5678 2267 5734 der
2306 5680 2532 5751 staatsb.
2567 5680 2807 5737 Freiheit
2832 5681 2898 5749 ll,
2929 5698 2982 5751 p.
3020 5683 3280 5738 141-186;

615 5698 764 5749 (006)
800 5698 878 5734 νε
905 5698 1010 5734 1100
1045 5698 1163 5734 1000
1191 5698 1547 5733 εθιευειτιῐηο
1576 5698 1648 5734 Cl.
1682 5698 1899 5751 31011133
1929 5698 2126 5734 υεεοη.
2167 5698 2267 5734 (181'
2306 5698 2532 5735 Staatso.
2569 5698 2807 5737 I‘I'CIIICII.
2833 5698 2898 5749 Il,
2970 5725 2982 5736 .
3020 5698 3280 5738 141-150;

613 5750 761 5821 (559)
800 5746 1047 5806 Pontius.
1081 5748 1166 5805 Cf.
1203 5748 1376 5805 Callia
1405 5748 1607 5806 Christ.
1632 5747 1719 5816 IV,
1753 5765 1804 5821 p.
1846 5749 2003 5817 1154,
2034 5758 2087 5804 et
2116 5748 2301 5806 locum
2334 5750 2532 5806 ibidem
2574 5767 2642 5808 ex
2670 5698 3136 5810 0rdericipVitalis
3165 5755 3304 5811 libro
3334 5772 3417 5813 xv;
3443 5757 3691 5813 allatum.
