3862 6306
89 370 202 426 1037
973 358 1338 416 CHRONICA.
1381 388 1451 398 --
1487 356 1614 412 (211Ιῖ

1781 355 1880 411 ιοΝ
1921 346 2036 411 UNI
2051 355 2378 413 VERSALE.
3170 364 3306 421 10⁸58

88 485 240 550 tilicis,
261 479 559 553 patrocinio
584 479 719 534 satis
754 476 961 543 inclita,
996 476 1193 533 studiis
1220 476 1385 530 etiam
1423 475 1724 529 litterarum
1760 489 1857 544 pre
1888 474 2099 529 ueteris
2126 473 2373 544 adprime
2404 472 2614 531 famosa
2642 478 2754 531 ⁸³⁸⁸.
2792 479 2849 533 1η
2878 495 2986 550 qua
3016 481 3129 549 ⁸³⁸⁸,
3167 484 3299 537 dum

86 583 131 634 in
158 576 238 608 "“
260 572 436 643 vigilia
481 572 770 627 dominicze
797 569 1136 625 ascensionis
1171 563 1307 639 (Mai
1339 567 1395 638 2)
1419 568 1711 621 universus
1747 566 1946 633 clerus,
1981 565 2167 620 decem
2204 566 2298 597 ¹³⁶¹
2332 566 2578 621 videlicet
2608 570 3123 641 oongregationum,
3161 574 3303 629 intra

85 676 283 723 matrem
305 660 605 717 tecclesiam
629 676 696 715 ex
721 675 874 715 more
894 659 1302 724 convenissent,
1335 665 1389 711 et
1412 656 1510 688 ”“
1539 655 1958 727 vespertinalem
1985 655 2219 711 sinaxim
2253 658 2593 726 concenturi,
2620 659 2736 730 jam
2772 662 2868 695 ³³⁸⁸
2894 663 3132 734 primum
3157 665 3304 734 psal-

84 776 211 817 mum
228 755 607 826 complessent,
631 753 813 809 subito
840 753 1229 808 serenissimus
1251 766 1344 806 aer
1366 751 1421 804 in
1445 749 1776 823 turbidinem
1797 749 1891 780 ’³⁸⁸
1923 757 2297 816 versus,tanta
2323 750 2485 806 simul
2515 753 2751 807 tonitrua
2781 754 3096 810 terribiliter
3124 765 3179 811 et
3195 756 3302 812 ful-

82 869 195 929 gura
212 866 329 909 cum
355 849 614 906 sulfureis
637 848 811 919 igneis
834 848 930 880 ’³⁸⁸
949 847 1214 912 excussit,
1256 846 1335 900 uti
1369 846 1481 916 jam
1525 844 1617 876 ’³⁸⁷
1657 851 1954 899 extremam
1981 843 2074 876 ³³⁸⁸
2095 844 2208 914 jam
2237 845 2411 899 ultimi
2434 847 2625 916 judieii
2652 851 2841 903 horam
2873 849 3100 919 instare,
3137 867 3301 909 nemo

83 949 166 1019 qui
193 946 375 1002 aderat
395 941 766 1009 dubitaverit;
801 940 1017 996 duobus
1048 939 1307 995 nimirum
1345 937 1559 993 clericis
1586 943 1641 992 et
1675 950 1784 990 uno
1807 936 1874 991 de
1913 935 2218 991 illustribus
2245 936 2415 992 milite
2453 938 2557 994 hac
2590 947 2911 1011 tempestate
2945 942 3089 999 intra
3116 959 3301 1001 sacras

80 1039 202 1094 edes
220 1034 542 1106 absumptis.
559 1032 762 1101 Quinta
775 1032 988 1088 decima
1012 1031 1102 1066 ’³⁸³
1116 1030 1314 1086 dehinc
1342 1030 1431 1085 die
1457 1045 1523 1084 ex
1547 1028 1733 1083 vicino
1754 1027 1990 1098 quodam
2006 1027 2250 1096 ejusdem
2279 1029 2372 1060 ³³⁷⁸
2392 1030 2653 1101 episeopii
2681 1042 2886 1102 monte,
2912 1051 3021 1105 qua
3046 1037 3138 1069 ’³⁸η
3163 1054 3297 1094 mm.

78 1144 219 1201 quam
243 1142 379 1199 aqua
402 1135 584 1197 preter
602 1125 843 1196 pluviam
873 1123 991 1180 visa
1018 1132 1123 1192 est,
1157 1122 1357 1177 fluvius
1387 1122 1580 1193 ingens
1599 1120 1798 1190 erupit,
1827 1118 1922 1189 qui
1944 1118 2039 1151 ""
2077 1134 2186 1173 non
2227 1121 2496 1176 modicam
2541 1124 2778 1181 civitatis
2812 1137 3019 1198 partem
3061 1130 3301 1198 diluens,

82 1237 189 1277 cum
212 1220 445 1275 πιειίωο
472 1217 889 1274 Leodicensium
917 1217 1015 1251 “"
1039 1216 1277 1287 dampno
1299 1212 1731 1284 Trajectensium
1760 1228 1820 1269 se
1848 1212 2049 1266 finibus
2083 1211 2298 1267 infudit.
2347 1213 2415 1267 15
2439 1213 2662 1272 Kalend.
2701 1218 2879 1275 Martii
2907 1222 3041 1276 hora
3074 1239 3295 1295 vesper-

77 1313 173 1367 tina
206 1310 437 1367 vidimus
465 1310 639 1365 nubes
666 1310 853 1381 igneas
883 1308 980 1341 ³⁸⁷⁸
1007 1308 1095 1363 vel
1119 1304 1543 1378 sanguineasab
1563 1303 1821 1374 aquilone
1845 1317 2092 1373 surgere,
2123 1311 2178 1358 et
2215 1317 2311 1372 per
2341 1304 2579 1359 medium
2604 1306 3008 1366 ﬁrmamentum
3036 1327 3156 1367 sese
3190 1329 3283 1368 ex-

78 1405 342 1471 tendendo,
379 1403 481 1474 ipsi
508 1404 715 1459 mundo
740 1412 1007 1459 terrorem
1043 1417 1153 1458 non
1183 1400 1461 1457 modicum
1482 1400 1749 1455 incutere.
1778 1396 1939 1465 Nam,
1964 1405 2027 1452 ut
2052 1404 2246 1467 postea
2278 1396 2591 1464 didicimus,
2628 1400 2923 1471 unicuique
2947 1403 3154 1459 civitati
3180 1413 3291 1459 tam

76 1496 262 1552 vicinus
289 1496 405 1566 ipse
433 1494 611 1567 fulgor
633 1495 940 1561 videbatur,
976 1503 1038 1550 ut
1068 1493 1267 1549 ibidem
1303 1507 1487 1548 rerum
1522 1491 1769 1547 omnium
1798 1490 1959 1545 ﬁnem
1982 1488 2229 1544 minitari
2252 1488 2657 1558 “"putaretur.

132 1586 218 1642 His
237 1594 289 1641 et
308 1586 622 1656 huiusmodi
644 1585 889 1642 cladibus
923 1600 1018 1640 rex
1038 1583 1325 1640 Heinricus
1349 1581 1676 1639 cordetenus
1696 1580 1993 1647 sauciatus,
2019 1593 2126 1632 non
2150 1578 2636 1649 cessatlegationes
2664 1581 3056 1641 satisfactorias
3078 1589 3146 1643 ad
3167 1605 3301 1660 apo-

74 1676 296 1731 stolicam
326 1676 542 1743 sedem,
568 1676 694 1731 licet
730 1675 847 1745 ipse
874 1674 1107 1729 multum
1148 1668 1590 1728 infestationibus
1612 1671 1709 1703 ²⁸⁷⁶
1729 1669 1931 1726 Italicis
1961 1668 2246 1735 insudans,
2270 1668 2570 1738 destinare;
2598 1686 2736 1742 quas
2757 1682 2938 1731 tamen
2958 1688 3171 1735 constat
3203 1684 3301 1737 mi-

75 1770 199 1824 nime
227 1766 544 1839 profecisse.
567 1765 702 1822 Nam
733 1767 969 1822 domnus
997 1765 1328 1837 apostolicus
1348 1772 1568 1835 propter
1595 1762 2146 1832 securitatem,quam
2171 1760 2303 1829 regi,
2334 1760 2460 1815 licet
2484 1774 2706 1819 coactus
2733 1767 2848 1834 "7',
2880 1766 3089 1836 fecerit,
3112 1771 3275 1828 ditIite

72 1866 147 1911 tur
177 1855 288 1923 ⁸³⁷⁸,
310 1856 465 1910 illum
491 1871 550 1912 se
573 1856 666 1888 ⁸³⁷³
689 1855 1053 1912 anathematis
1084 1854 1306 1910 vinculo
1331 1854 1637 1926 colligasse,
1666 1852 1735 1907 ab
1760 1852 2020 1908 tecclesiae
2046 1858 2225 1906 tamen
2254 1851 2556 1921 potioribus
2587 1859 2848 1916 membris
2867 1864 3308 1919 excommunica-

71 1944 249 2000 tionem
273 1959 561 2012 conexam,
592 1944 814 2000 nonnisi
837 1945 1079 2015 ipsorum
1110 1944 1342 1999 consilio
1363 1944 1592 2014 denegat
1613 1958 1672 1998 se
1700 1957 1864 2012 posse
1892 1940 2214 2008 dissolvere,
2234 1955 2499 1996 concesso
2524 1940 2617 1980 ’³⁸0
2643 1948 2900 2005 nimirum
2929 1953 3203 2024 utrimque
3233 1955 3309 2010 si-

71 2039 257 2095 nodalis
279 2038 572 2094 audientiae
601 2037 693 2070 ’δυ
714 2037 859 2107 jure.
895 2036 977 2093 Ad
1006 2038 1110 2092 hoc
1129 2036 1330 2092 etenim
1365 2036 1458 2068 ⁸³³²
1486 2033 1907 2089 ultramontanis
1936 2031 2168 2088 afﬁrmat
2188 2047 2247 2087 se
2274 2032 2471 2088 cotidie
2508 2031 2703 2094 litteris
2730 2038 2951 2110 impelli,
2981 2049 3035 2096 et
3067 2043 3304 2099 maxime

70 2130 450 2201 metropolitani
490 2128 787 2201 Mogontini
815 2128 929 2183 '3“.
968 2127 1087 2196 Qua
1125 2129 1193 2185 de
1238 2143 1299 2184 re
1328 2143 1437 2183 non
1467 2127 1723 2184 desinunt
1760 2126 2001 2196 undique
2038 2124 2133 2157 ’³⁸⁵
2169 2124 2463 2180 seditiones
2490 2137 2683 2200 empta:
2704 2146 2799 2200 per
2827 2139 3012 2201 partes
3042 2142 3306 2206 utrasque

67 2222 283 2290 hachari,
321 2223 579 2293 precipue
609 2233 789 2278 tamen
814 2222 907 2255 ³⁸⁸⁵
939 2221 1361 2280 Transrheninis
1385 2223 1440 2278 in
1463 2221 1664 2278 ﬁnibus
1683 2265 1697 2291 ,
1730 2222 1899 2278 immo
1923 2220 1979 2277 in
2016 2222 2134 2293 ipsa
2157 2219 2434 2292 Mogontia
2465 2220 2601 2277 urbe
2628 2220 2814 2276 multis
2846 2221 3189 2291 cadentibus,
3214 2240 3304 2280 re-

67 2314 235 2383 giones
261 2314 619 2371 nobilissimae
640 2315 769 2370 hinc
787 2315 913 2370 inde
934 2315 1156 2370 vastari.

124 2403 340 2461 Emicho
360 2421 550 2462 comes
575 2406 725 2477 (542)
762 2421 791 2462 a
825 2405 1089 2461 militibus
1110 2404 1374 2461 Friderici
1403 2406 1560 2463 ducis
1590 2406 1857 2463 occiditur
1876 2405 2275 2479 [Colomannus
2296 2404 2701 2460 Pannoniorum
2726 2421 2821 2461 rex
2844 2408 2980 2462 obiit
3007 2406 3123 2481 E.].

1430 2534 1495 2590 Λ.
1536 2535 1597 2589 Ι).
1646 2532 1928 2590 MCXVIII.

124 2623 357 2683 Domnus
378 2627 717 2698 apostolicus
746 2626 1028 2684 Paschalis
1057 2627 1349 2693 secundus,
1379 2616 1591 2682 diutina
1617 2626 1712 2659 ’³⁸⁸
1739 2626 2060 2697 puriﬁcatus
2080 2627 2418 2699 aegritudine,
2442 2636 2746 2698 presentem
2769 2627 2862 2660 ³³⁸⁷
2888 2630 2946 2684 in
2972 2629 3201 2688 Domino
3228 2635 3308 2689 vi-

64 2725 159 2771 tam
180 2716 347 2773 ﬁnivit
393 2718 543 2791 (Jan.
582 2718 674 2790 2|)
711 2719 823 2773 ⁸³⁸⁸.
848 2717 955 2773 Pro
976 2734 1086 2789 quo
1113 2716 1389 2773 Iohannes
1418 2717 1712 2789 Cajetanus
1752 2719 1867 2788 νυ,
1906 2718 1990 2773 vir
2010 2721 2251 2790 prudens
2272 2729 2326 2775 et
2355 2721 2698 2778 venerandus
2718 2721 2799 2794 [et
2821 2722 2939 2796 ¹³⁰⁰]
2972 2724 3025 2778 in
3054 2723 3301 2781 Romana

65 2821 259 2877 semper
277 2808 526 2864 aecclesia
559 2809 1118 2880 inreprehensibiliter
1138 2810 1312 2865 eidem
1341 2809 1640 2880 apostolico
1669 2808 2032 2879 collaborans,
2060 2811 2279 2883 eligitur
2302 2820 2357 2867 et
2382 2820 2705 2869 cunctorum
2734 2816 3130 2873 catholicorum
3166 2834 3305 2874 una-

62 2898 176 2952 nimi
198 2913 475 2957 conscnsu
504 2901 605 2956 rite
626 2910 998 2957 consecratur.

118 2990 450 3049 Balduvinus
484 2993 575 3025 ⁸³⁸³
607 3009 701 3048 rex
743 2991 1254 3050 llierosolimitanus
1294 2994 1349 3049 in
1384 2994 1726 3065 expeditione
1755 3005 1945 3050 contra
1986 2994 2194 3051 Arabes
2220 2998 2460 3066 positus,
2493 3013 2616 3053 cum
2649 2998 2986 3071 languorem,
3016 3018 3149 3072 quo,
3181 3002 3307 3059 licet

59 3082 236 3151 lenius,
263 3093 451 3141 tamen
478 3084 592 3151 diu,
619 3085 936 3153 vexabatur,
959 3087 1026 3141 ad
1047 3086 1231 3140 vitalia
1245 3086 1918 3156 pervenisse””seutiret,
1943 3086 2172 3142 alterum
2197 3087 2555 3144 Balduvinum
2569 3088 2738 3145 ‘mde
2762 3089 2945 3146 Rohas
2971 3093 3063 3127 '3”
3090 3109 3190 3164 pro
3212 3096 3305 3130 ⁸³⁸⁸

60 3188 109 3228 se
134 3193 310 3248 regem
335 3178 663 3250 designavit,
689 3179 912 3249 ipseque
932 3177 1152 3234 Christo
1174 3179 1417 3245 domino,
1447 3195 1547 3250 pro
1578 3194 1688 3249 quo
1713 3177 1883 3233 multa
1901 3177 2016 3249 jam
2039 3178 2133 3211 ⁸³⁸⁸
2155 3178 2294 3234 bella
2324 3180 2601 3249 praeliatus
2622 3192 2724 3252 est,
2752 3184 2988 3241 animam
3015 3204 3169 3244 suam
3199 3191 3304 3246 ﬁde

59 3262 196 3330 plena
224 3277 276 3323 et
306 3268 658 3325 confessione
701 3269 843 3324 bona
875 3269 1096 3324 tradidit
1119 3269 1233 3323 ηπ.
1276 3268 1335 3323 In
1382 3267 1655 3324 dominica
1680 3268 1987 3339 palmarum
2011 3267 2161 3340 (Apr.
2208 3269 2263 3340 7)
2286 3269 2442 3340 juxta
2479 3268 2704 3329 fratrem
2740 3275 2833 3309 ³³⁸⁸
2878 3294 3039 3332 suum
3066 3279 3304 3336 Gotefri-

59 3351 170 3411 dum
200 3358 312 3425 m’,
346 3359 474 3415 loco
492 3359 775 3426 Calvariae,
804 3360 1166 3428 mausoleum,
1191 3361 1436 3433 germani
1478 3361 1762 3417 mausoleo
1802 3360 2161 3429 simillimum,
2187 3378 2312 3419 cum
2343 3362 2583 3418 maximo
2612 3360 2951 3419 diversorum
2981 3367 3303 3435 populorum

59 3445 251 3513 planctu
281 3453 549 3522 suscepit.

115 3536 272 3597 Valde
299 3559 468 3599 mane
496 3545 783 3601 dominicae
811 3547 1228 3603 resurrectionis
1258 3546 1410 3618 (Apr.
1450 3546 1539 3617 14)
1560 3544 1649 3600 die
1692 3546 1894 3601 coelum
1926 3561 1958 3601 a
1991 3553 2146 3617 parte
2189 3545 2487 3602 meridiana
2521 3555 2769 3617 apertum
2800 3557 3007 3604 tantam
3037 3550 3130 3583 'm
3166 3552 3305 3607 lucis

60 3630 222 3688 :lfudit
243 3635 668 3705 abundantiam,
700 3648 761 3693 ut
782 3640 942 3706 lunae,
965 3655 1088 3710 quae.
1108 3647 1242 3695 tunc
1262 3638 1569 3694 clarissima
1599 3639 1859 3694 nimirum
1884 3639 1975 3671 ἰοί
2000 3639 2303 3704 videbatur,
2340 3640 2525 3695 lumen
2567 3638 2917 3695 inestimabili
2962 3640 3171 3712 fulgore
3207 3643 3297 3697 de~

59 3730 266 3795 tergeret
289 3737 345 3782 et
386 3743 488 3797 per
511 3745 676 3784 unam
704 3730 788 3786 vel
830 3730 1065 3800 amplius
1093 3731 1286 3785 horam
1312 3761 1383 3771 --
1408 3730 1556 3801 quod
1590 3733 1777 3788 multis
1808 3731 2040 3786 testibus
2063 3731 2485 3801 comprobamus
2505 3732 2598 3763 “°’
2617 3762 2690 3771 —
2711 3734 2859 3788 omni
2891 3734 3025 3790 salis
3054 3736 3174 3790 luce
3194 3736 3306 3791 ela-

60 3815 149 3870 ‘ior
174 3829 544 3887 permaneret.
579 3820 700 3892 Ipso
722 3831 905 3877 tamen
928 3823 1106 3893 spatio
1134 3838 1269 3878 crux
1293 3837 1405 3877 non
1436 3823 1650 3878 modica
1670 3839 1768 3894 per
1792 3823 1935 3878 idem
1959 3821 2204 3876 foramen
2230 3821 2540 3891 dependens
2560 3825 2843 3895 apparuit;
2869 3827 3026 3898 cujus
3049 3838 3158 3885 tam
3181 3833 3303 3885 auri

59 3920 197 3976 mam
223 3926 573 3981 gemmarum
611 3915 846 3970 varietas
866 3916 1141 3971 evidenter
1165 3914 1401 3970 discerni
1425 3914 1618 3984 potuit.

108 3999 400 4061 lleinricus
428 4004 740 4075 imperator,
776 4007 907 4062 dum
933 4006 1208 4062 Paduanis
1226 4005 1542 4077 regionibus
1567 4005 1951 4061 immoraretur
1971 4002 2157 4057 audito
2196 4005 2431 4059 transitu
2454 4005 2756 4073 apostolici,
2784 4006 3013 4064 Romam
3039 4027 3301 4082 propera-

60 4093 129 4159 rit,
157 4105 211 4151 et
233 4097 426 4167 primo
457 4098 678 4168 quidem
708 4098 763 4153 in
792 4098 1056 4154 electione
1087 4098 1273 4154 domui
1301 4096 1590 4164 Johannis,
1617 4096 1712 4167 qui
1747 4106 1800 4151 et
1828 4096 2077 4151 Gelasius
2100 4095 2145 4149 ll
2170 4095 2350 4152 dictus
2369 4104 2474 4163 est,
2505 4109 2794 4152 assensum
2822 4099 3074 4167 prebens,
3111 4113 3298 4172 postea

60 4199 159 4240 Vero
186 4187 385 4243 eodem
424 4201 455 4242 a
481 4203 578 4244 sua
602 4204 663 4245 se
687 4190 782 4221 'm
809 4189 1196 4245 communione
1218 4189 1596 4255 subtrahente,
1618 4202 1730 4243 non
1755 4187 1871 4243 sine
1889 4188 2235 4258 quorundam
2267 4186 2636 4243 Romanorum
2669 4184 2853 4242 favore
2873 4189 3104 4246 alterum
3129 4209 3302 4263 quen-

59 4275 154 4331 lam
182 4277 523 4347 Burdinum,
557 4296 624 4336 ex
652 4279 913 4352 Hispania
941 4280 1434 4350 supervenientem,
1461 4280 1776 4351 apostolica:
1806 4279 1921 4335 sedi
1944 4280 2231 4350 imposuit;
2264 4279 2450 4351 sicque
2473 4280 2694 4346 scisma,
2725 4281 2871 4349 quod
2891 4283 3006 4353 jam
3038 4288 3300 4344 Speraba-

60 4388 120 4427 ur
140 4374 234 4408 ’⁸⁸⁸
250 4386 597 4445 emortuum,
621 4379 913 4435 crudeliter
933 4381 1144 4437 revixit.
1174 4379 1310 4435 Nam
1333 4381 1527 4436 eodem
1557 4380 1815 4436 Romana:
1837 4379 2114 4436 kathedraa
2135 4379 2307 4435 libere
2330 4380 2523 4450 potito,
2549 4378 2797 4435 Gelasius
2826 4393 2951 4433 cum
2982 4379 3069 4435 his
3094 4382 3190 4451 qui
3215 4397 3303 4438 se-

59 4484 151 4524 cum
183 4471 449 4529 abierant
473 4474 843 4532 cardinalibus
865 4477 1187 4547 ceterisque
1214 4476 1496 4533 catholicis
1529 4486 1670 4547 quOs
1689 4490 2019 4547 congregare
2046 4482 2277 4546 poterat,
2314 4474 2457 4545 apud
2479 4473 2742 4544 Capuam,
2761 4472 2917 4543 juxta
2939 4475 3086 4544 quod
3109 4475 3304 4531 littera:

60 4560 98 4615 b
118 4562 238 4633 ipso
260 4564 702 4637 circumquaque
732 4568 1071 4625 transmissae
1091 4576 1376 4635 testantur,
1417 4583 1672 4625 caesarem
1695 4584 1804 4623 una
1826 4583 1953 4624 cum
1980 4567 2139 4652 ydo_lo
2158 4583 2260 4623 suo
2292 4567 2627 4638 dampnavit.
2666 4565 2804 4621 Hinc
2832 4582 2928 4637 per
2946 4568 3300 4639 Campaniam

62 4670 149 4710 um
177 4658 300 4716 suis
322 4660 399 4715 ad
425 4659 796 4732 Burgundiam
816 4665 1245 4737 transmigravit,
1270 4681 1335 4721 ac
1355 4663 1581 4721 Viennae
1611 4664 1877 4737 synodum
1904 4666 2224 4737 congregari
2249 4665 2343 4697 ⁸⁵⁸⁸
2367 4665 2650 4721 constituit
2668 4662 2801 4736 [non
2824 4662 2943 4717 sine
2958 4660 3300 4731 quorundam

1326 4802 1561 4858 VARUS
1596 4801 1998 4859 LECTIONES.

94 4909 193 4988 ’”’_
217 4908 476 4988 formosa
503 4928 639 4988 c_o_rr.
665 4910 873 4988 famosa
899 4914 954 4988 Ζ.
989 4985 1007 4988 ᾗ
1031 4878 1304 4988 m°quoi4
1322 4945 1393 4988 -τ
1417 4915 1530 4988 li._
1579 4914 1847 4988 "ngdeest
1871 4912 2009 4988 6._"_l.
2048 4912 2109 4988 ρο
2155 4912 2279 4988 _"°:
2313 4913 2456 4988 deest
2490 4913 2545 4988 4.
2623 4910 2817 4988 "ffnad
2842 4909 2973 4988 4—1
2991 4908 3037 4961 l.
3125 4907 3218 4988 ²³ξ⁸
3248 4917 3304 4988 et

59 4993 127 5053 tm
164 4980 239 5053 4._
302 4980 417 5053 {ml
434 4982 703 5053 turbinem
735 4983 788 5037 4.
814 4984 866 5037 6.
899 4984 948 5038 7.
983 4985 1066 5039 9ο.
1145 4978 1237 5016 ’³⁸⁸
1259 4984 1477 5053 ignibus
1501 4982 1549 5038 7.
1627 4984 1717 5016 ’³⁸⁷
1741 4984 1882 5038 deest
1916 4980 2013 5036 El.
2049 4982 2103 5036 2.
2131 4982 2195 5037 Α.
2236 4980 2293 5037 S.
2322 4981 2373 5036 6.
2409 4981 2459 5053 7.
2490 4981 2575 5053 9°.
2660 4980 2754 5053 ﬂ"
2781 4979 3139 5053 _ultima_m_u.
3166 4978 3206 5053 _i_.
3241 4978 3295 5031 4.

59 5047 120 5127 f"
147 5050 519 5133 quindecimo
538 5052 589 5105 6.
620 5054 813 5133 quinto
815 5054 1159 5133 .tleciquf.
1208 5047 1329 5133 “’f“
1352 5069 1511 5133 me
1537 5071 1587 5109 e.
1607 5053 1690 5133 _El
1725 5053 1779 5133 2.
1804 5122 1819 5133 .
1854 5053 1947 5133 ’ξπ
1962 5068 2084 5133 _qu9
2119 5053 2172 5107 4.
2210 5053 2330 5133 εξείῆ
2370 5052 2463 5133 ’.εἶ’
2485 5049 2638 5133 deest
2657 5050 2741 5133 10.
2774 5051 2795 5104 1
2806 5050 2898 5133 1."
2924 5047 3301 5133 fmleodi'en-

59 5115 182 5174 ium'
207 5119 311 5174 El.
377 5115 777 5176 leodinensinm
813 5122 909 5178 E2.
986 5125 1080 5156 ’³⁷⁵
1105 5125 1183 5178 ita
1208 5123 1305 5178 El.
1350 5124 1403 5179 2.
1436 5125 1473 5178 i.
1504 5141 1554 5179 v.
1583 5125 1769 5178 desunt
1792 5122 1844 5178 4.
1878 5122 1931 5177 6.
1962 5115 2012 5177 7'.
2041 5122 2126 5177 9ο.
2160 5123 2243 5177 vel
2268 5123 2350 5176 -l0.
2380 5121 2465 5175 11.
2499 5122 2645 5176 velut
2673 5120 2725 5175 5.
2806 5120 2899 5152 ’³⁷⁵
2924 5117 3164 5175 inmitari
3196 5115 3294 5171 E2.

59 5190 112 5219 '"
165 5191 287 5247 ita].
339 5189 448 5245 inf.
484 5191 534 5245 7.
634 5194 726 5225 ’⁸⁷⁷
772 5194 944 5249 invito
976 5194 1025 5248 7.
1137 5194 1231 5226 ’³⁷⁸
1251 5195 1532 5250 dissitetur
1556 5194 1655 5248 E2.
1752 5194 1844 5225 "7’
1868 5207 1926 5249 se
1956 5193 1992 5246 i.
2030 5193 2081 5247 5.
2188 5192 2278 5223 ’³³⁸
2308 5206 2569 5247 concessa
2602 5190 2697 5245 El.
2726 5191 2781 5245 2.
2812 5191 2866 5245 4.
2910 5189 2961 5243 6.
2995 5189 3045 5243 7.
3082 5189 3165 5243 9°.
3208 5187 3294 5241 10.

59 5258 107 5289 ω
168 5261 443 5315 audiente
490 5260 548 5342 6.
650 5263 743 5295 ’π’
778 5264 922 5318 enim
955 5265 1006 5318 4.
1106 5265 1199 5297 ’³⁸³
1220 5266 1363 5319 deest
1384 5265 1438 5320 4.
1538 5265 1631 5297 ’³⁸⁵
1652 5280 1700 5319 c.
1727 5281 1773 5319 s.
1801 5280 1856 5318 u.
1889 5264 1942 5318 4.
2043 5262 2135 5293 ’³⁸⁸
2158 5262 2297 5332 deest
2331 5263 2383 5316 4.
2483 5262 2576 5292 ’³⁸⁸
2607 5262 2789 5317 divina
2821 5261 2871 5314 7.
2904 5260 2988 5315 9c.
3030 5259 3083 5314 d.
3123 5274 3207 5341 eg.

60 5328 112 5380 ηΙ.
145 5329 201 5380 2.
312 5330 416 5362 ⁸³⁸⁷
449 5345 501 5380 ι).
534 5349 571 5380 ι-
600 5332 653 5380 d-
685 5333 874 5380 desunt
922 5333 1018 5380 El-
1058 5335 1110 5380 ἓ-
1219 5336 1313 5367 ³³⁸⁸
1340 5335 1378 5380 f.
1413 5351 1464 5380 ν-
1497 5336 1548 5380 5-
1657 5336 1750 5367 ³³⁸⁸
1779 5334 2046 5380 caitanus.
2093 5332 2145 5380 Δ..
2179 5333 2229 5380 Ei.
2267 5332 2350 5380 10.
2377 5340 2634 5380 cartanus
2659 5333 2711 5380 6.
2740 5331 2791 5380 7.
2822 5330 2907 5380 9c.
3005 5330 3097 5362 ³³⁸⁸
3128 5339 3207 5380 tta
3280 5368 3294 5380 .

60 5328 112 5400 ul.
137 5329 201 5400 2.
312 5330 416 5362 ⁸³⁸⁷
449 5345 501 5400 p.
534 5332 571 5386 i.
600 5332 653 5387 d.
685 5333 874 5388 desunt
921 5333 1019 5388 El.
1058 5335 1111 5389 2.
1219 5336 1313 5367 ³³⁸⁸
1340 5335 1378 5389 f.
1413 5351 1465 5390 v.
1497 5336 1548 5390 5.
1657 5336 1750 5367 ’³⁸⁸
1779 5334 2046 5389 caitanus.
2093 5332 2145 5386 4.
2179 5329 2236 5386 5.
2267 5332 2350 5385 10.
2377 5340 2634 5386 cartanus
2659 5333 2711 5386 6.
2740 5331 2791 5385 7.
2822 5330 2907 5386 9°.
3005 5330 3097 5362 ³³⁸⁸
3128 5328 3207 5400 ita
3232 5328 3294 5381 E.

59 5398 528 5474 "'_Bal_deuuinus
549 5402 615 5474 _5.
647 5403 731 5457 10.
762 5405 847 5474 ll.
872 5421 1092 5474 semper.
1126 5404 1477 5461 Balduwinus
1517 5405 1614 5460 E2.
1694 5406 1786 5437 '3”
1830 5402 2119 5474 venisse7.
2185 5402 2278 5474 f3”
2308 5401 2649 5474 baldevinum
2680 5400 2776 5474 El.
2799 5401 2868 5474 _2.
2896 5399 3297 5474 halduu‘uinum

59 5468 600 5546 .ubaldiuuipumgf
682 5473 799 5546 ᾼ²³⁹ξ
840 5466 1007 5529 rhoas
1050 5476 1099 5529 7.
1135 5476 1219 5530 9ο.
1348 5476 1441 5508 ’³³⁸
1470 5492 1515 5529 r.
1549 5493 1603 5546 p.
1638 5493 1697 5532 se
1735 5475 1830 5530 E-l.
1866 5474 1926 5546 2;.
2024 5472 2119 5546 ’ξπ
2166 5472 2307 5546 deest
2338 5472 2583 5546 4.ῌ“¹³⁹⁷
2608 5471 2771 5527 tradit
2795 5471 2848 5546 _7_.
2927 5471 3040 5546 fff'
3071 5470 3214 5523 deest
3242 5466 3292 5521 7.

59 5538 109 5613 ξ’
130 5541 492 5613 godefridum
523 5541 620 5597 El.
673 5543 727 5597 2.
771 5544 819 5599 7.
913 5546 1006 5576 “°°
1030 5555 1241 5601 tantum
1268 5546 1317 5599 7.
1416 5547 1507 5578 ’ποί
1532 5538 1674 5601 deest
1698 5547 1750 5600 4.
1839 5544 1931 5575 ’νη
1959 5543 2252 5613 probamus
2275 5543 2326 5597 4.
2403 5542 2498 5573 ¹⁵⁰³
2525 5557 2582 5597 se
2603 5558 2631 5596 a
2659 5557 2757 5597 sua
2792 5542 2843 5597 5.
2924 5542 3016 5574 ²δ⁰⁸
3043 5547 3295 5610 speratur

59 5606 102 5660 0.
131 5606 219 5666 11.
303 5611 409 5643 ⁸⁵⁸⁵
434 5626 767 5684 congregare
792 5616 845 5668 4.

1521 5730 1751 5787 NOTAE.

90 5821 238 5892 (342)
280 5823 377 5903 {in
400 5821 545 5878 idem
572 5824 665 5894 qui
690 5840 739 5879 a.
769 5826 936 5894 1009,
965 5824 1264 5880 cruciferos
1287 5826 1431 5880 circa
1463 5824 1508 5878 ll
1551 5840 1712 5879 enum
1737 5822 2057 5893 collegerat?
