3862 6306
116 286 226 345 niti
959 285 1324 343 czmomcs.
1366 319 1437 328 -
1468 288 1863 345 CHRONICON
1904 289 2366 347 UNlVERSALE.
3218 303 3356 359 mg

292 400 524 479 stitutor,
564 408 694 479 tunc
719 412 899 459 autem
930 404 1143 479 novitcr
1169 396 1469 479 conversus
1495 406 1549 479 in
1574 408 1861 479 peregrino
1891 408 2104 473 habitu,
2147 408 2331 479 ibique
2376 410 2445 465 ab
2474 413 2729 468 omnibus
2760 414 2815 468 in
2836 416 3034 471 multis
3059 419 3356 474 accusaba-

292 482 399 553 tur,
423 472 491 527 de
515 473 803 553 quibus_se
829 475 1125 553 prudenter
1148 477 1463 531 excusabat.
1496 472 1650 532 Uii'de
1669 472 1731 532 et
1754 479 2016 549 scriptum
2048 472 2339 550 le’gitur'dc
2361 496 2449 549 eo,
2481 483 2609 553 quia
2644 502 2658 538 :
2691 484 2883 539 Manus
2907 487 3095 541 horum
3121 472 3356 543 omnium

289 552 466 597 contra
488 560 607 598 eum
637 554 687 600 et
724 546 834 614 ipse
861 554 1049 600 contra
1071 547 1161 600 Icos
1185 562 1383 601 omnes.

168 636 397 709 Ejusdem
423 644 608 693 tamen
636 639 906 695 actionem
947 638 1162 693 concilii
1198 639 1247 694 si
1275 639 1403 710 quis
1432 639 1673 710 plenarie
1706 654 2035 712 cognoscere
2067 643 2266 712 querit,
2300 643 2353 697 in
2384 644 2580 699 litteris
2618 647 2902 718 cujusdam
2935 651 3212 707 scolastici
3253 668 3355 707 no-

110 730 231 784 mine
251 725 500 783 Hessonis
530 728 680 800 (545)
706 729 982 800 eleganter
1006 729 1349 787 enucleatum
1387 731 1629 801 reperire
1657 732 1856 801 poterit
1882 732 1977 764 ³³⁸³
2011 732 2168 805 [ϐοά.
2208 734 2272 790 E.
2312 735 2458 791 Idem
2496 739 2792 794 concilium
2822 739 3089 799 Remeuse
3118 743 3357 813 qualiter

109 828 261 874 actum
285 816 351 872 sit
373 816 515 872 scire
539 817 866 883 volentibus,
902 817 1116 873 dili‘icile
1145 833 1255 873 non
1280 829 1364 874 est
1388 820 1632 877 invenire
1666 820 1870 893 scripta
1911 823 2197 902 cujusdam
2237 828 2510 883 scolastici
2538 827 2801 887 Hessonis
2831 833 3072 900 nomine,
3103 844 3265 905 prout
3294 852 3353 891 se

108 906 385 964 interfuisse
406 916 657 978 testatur,
689 912 1016 968 enucleatim
1042 914 1227 969 omnia
1246 914 1605 971 describentis
1643 915 1743 989 ‘1],
1781 917 1833 971 id
1861 925 1947 972 est
1973 919 2207 988 qualiter
2232 936 2321 976 rex
2346 923 2439 954 ’³⁸⁸
2475 924 2617 979 inter
2638 941 2865 995 regnum
2894 938 2948 983 et
2984 919 3351 987 sacerdotium

106 1002 161 1094 de
181 1000 454 1094 concordia
476 998 729 1094 facienda
757 1005 1134 1072 consenserit;
1169 1005 1394 1077 insuper
1414 1006 1589 1062 eidem
1629 1008 1883 1075 concilio,
1916 1010 2006 1064 cui
2038 1009 2131 1042 'W
2175 1011 2426 1068 videlicet
2457 1015 2524 1070 l3
2568 1015 2687 1071 Kal.
2720 1015 2855 1071 Nov.
2900 1021 3177 1088 predictus
3210 1037 3353 1094 papa

105 1093 311 1149 Calistus
346 1092 437 1125 ’⁸⁵⁸
474 1092 520 1148 ll
553 1096 790 1152 vallatus
828 1096 936 1151 426
982 1098 1250 1168 patribus,
1298 1113 1487 1154 coram
1532 1098 1819 1155 innumera
1868 1101 2216 1158 multitudine
2259 1104 2386 1159 cleri
2422 1122 2487 1162 ac
2519 1109 2706 1179 populi
2749 1110 3007 1179 presedit,
3056 1127 3169 1167 non
3218 1092 3354 1171 adeo

106 1201 152 1241 se
174 1186 255 1218 ’³⁸⁷
278 1194 599 1256 presentem,
629 1186 871 1244 vicinum
904 1196 1105 1257 tamen,
1133 1189 1467 1257 exhibuerit;
1497 1190 1589 1245 ubi
1616 1200 1665 1247 et
1690 1192 1965 1262 colloquio
1994 1209 2096 1248 suo
2127 1193 2314 1250 domui
2349 1213 2499 1268 papae
2523 1199 2717 1271 legatis
2760 1199 2856 1233 “5"
2899 1218 3188 1272 concesso,
3229 1216 3353 1261 tam

104 1279 205 1333 dem
231 1277 469 1335 inducias
506 1279 690 1335 denuo
717 1280 984 1350 quesierit
1021 1291 1242 1352 propter
1276 1283 1527 1354 generale
1572 1280 1905 1355 colloquium
1955 1281 2079 1341 cum
2114 1287 2453 1359 principibus
2493 1291 2827 1362 habendum,
2872 1311 2972 1366 pro
3012 1297 3351 1361 investituris

102 1370 281 1426 scilicet
308 1369 726 1440 :ecclesiasticis,
761 1387 901 1444 quas
933 1383 1212 1444 tantopere
1236 1375 1534 1446 cogebatur
1563 1376 1848 1445 amittere;
1881 1377 1949 1432 ad
1987 1378 2239 1434 ultimum
2280 1396 2409 1436 vero
2437 1381 2579 1438 idem
2606 1387 2961 1455 apostolicus,
2994 1389 3175 1445 inacta
3202 1390 3344 1445 inter

102 1478 150 1519 se
176 1472 224 1518 et
244 1477 417 1533 regem
442 1464 758 1533 concordia;
786 1465 1069 1537 synodalia
1100 1467 1546 1537 predecessorum
1580 1482 1809 1525 suorum
1835 1469 2052 1526 decreta
2074 1473 2481 1529 confirmaverit
2504 1473 2647 1546 (Oct.
2681 1476 2793 1547 50),
2825 1479 3041 1551 aliaque
3077 1482 3343 1538 nonnulla

99 1571 201 1625 qua:
217 1571 299 1612 res
317 1555 565 1628 exigebat
584 1559 916 1615 noviter“”
946 1560 1234 1616 addiderit.
1284 1560 1377 1617 Sic
1401 1562 1587 1634 itaque
1620 1571 1743 1635 post
1776 1563 1893 1620 dies
1937 1562 2051 1620 fere
2084 1565 2151 1620 l2
2192 1565 2246 1621 in
2295 1567 2494 1623 virtute
2542 1568 2781 1640 Spiritus
2823 1573 2999 1628 sancti
3042 1575 3146 1630 rite
3191 1576 3347 1631 linito

100 1647 323 1716 concilio,
347 1657 576 1709 cunctos
601 1650 898 1721 apostolica
932 1650 1310 1708 benedictione
1340 1652 1694 1709 conﬁrmatos
1723 1654 1791 1709 ad
1818 1653 2040 1725 propria
2074 1655 2252 1711 redire
2290 1658 2561 1726 permisit,
2586 1675 3034 1732 unumquemque
3061 1679 3185 1720 cum
3213 1683 3349 1737 gau-

97 1737 188 1791 dio.
225 1737 336 1809 lpse
368 1754 589 1811 quoque
625 1755 735 1797 non
774 1742 948 1797 multo
982 1751 1107 1813 post
1138 1743 1206 1798 ad
1242 1741 1452 1799 Italiam
1488 1759 1808 1812 conversus,
1846 1744 2163 1802 incredibile
2198 1758 2505 1804 memoratu
2544 1750 2637 1783 "‘°
2692 1760 2795 1819 est,
2848 1762 3055 1824 quanto
3102 1756 3344 1826 tripudio

98 1847 338 1903 quamque
372 1832 643 1889 immensa
668 1849 866 1905 pompa
901 1850 1012 1890 non
1051 1835 1229 1890 solum
1264 1834 1435 1890 totius
1468 1833 1675 1903 Romae,
1707 1850 1899 1891 verum
1923 1837 2013 1870 ¹⁸⁶¹
2038 1836 2202 1892 etiam
2235 1838 2613 1896 universarum
2636 1842 3040 1910 provinciarum
3062 1860 3202 1916 quas
3224 1862 3351 1916 per-

96 1924 374 1996 transierat,
415 1925 622 1983 Christi
656 1927 774 1984 vice
809 1927 880 1983 sit
913 1932 1220 2002 susceptus.
1269 1927 1353 1983 Ab
1398 1927 1492 1983 illo
1525 1935 1767 1999 tempore
1803 1935 1918 1984 tam
1963 1929 2081 2001 ipse
2120 1929 2233 2000 jam
2282 1945 2407 1986 vere
2454 1932 2788 2001 apostolicus
2831 1950 2997 2004 quam
3052 1937 3345 1992 universus

94 2016 224 2071 illum
256 2033 491 2090 sequens
524 2017 730 2077 Christi
768 2035 896 2091 grex
934 2019 1002 2075 de
1039 2019 1127 2076 die
1160 2020 1217 2075 in
1254 2020 1398 2076 diem
1434 2020 1700 2092 prolicere
1737 2021 1922 2091 coepit,
1961 2021 2135 2077 donec
2171 2030 2365 2078 cuncta
2405 2038 2532 2093 pars
2569 2023 2795 2081 Burdini
2835 2025 2949 2093 M',
2980 2042 3145 2098 quem
3171 2028 3341 2099 aliqui

97 2106 301 2164 Ydolum
332 2112 720 2181 cognominare
756 2112 955 2180 solent,
993 2111 1047 2167 in
1085 2113 1204 2168 dies
1238 2112 1511 2168 inﬁrmata
1551 2111 1666 2180 Μ’,
1719 2113 1911 2168 conari
1945 2122 2134 2169 contra
2178 2114 2482 2171 ecclesiam
2517 2115 2711 2184 desiit;
2749 2118 2904 2189 regni
2951 2126 3135 2175 tamen
3171 2130 3350 2190 empta

95 2203 358 2259 commotio
375 2237 452 2248 -—
472 2205 577 2262 ahc
613 2205 708 2238 "“
745 2207 958 2264 scelus!
984 2237 1055 2246 --
1074 2207 1385 2263 nullatenus
1421 2206 1646 2277 quievit.

211 2295 577 2375 ‘l)_'El._.f1_lia
614 2299 967 2375 mang_addit
991 2313 1010 2352 :
1033 2296 1335 2375 Adelgotus
1371 2297 1444 2352 XI
1479 2297 1703 2371 Magad,
1732 2295 2178 2370 archiepiscopus
2196 2298 2332 2356 obiit
2351 2309 2403 2356 et
2426 2302 2619 2357 eodem
2643 2318 2789 2358 anno
2810 2302 2975 2359 etiam
2998 2301 3153 2375 Hugo
3179 2304 3361 2360 abbas.

278 2367 344 2422 ΧΙ
377 2368 539 2426 obiit.
580 2386 698 2441 qua:
732 2369 832 2424 E2.
876 2371 1088 2440 recepit.

151 2458 255 2517 Hoc
289 2477 434 2519 anno
472 2462 710 2535 Adelgoz
744 2462 1225 2534 Magalcburgensis
1259 2462 1724 2534 archiepiscopus,
1764 2462 1932 2518 homo
1968 2462 2186 2534 juvenis
2219 2471 2275 2519 et
2312 2471 2423 2519 tam
2456 2462 2568 2520 Deo
2593 2479 2757 2536 quam
2793 2459 3050 2522 omnibus
3071 2465 3166 2499 ³⁸⁸⁸
3187 2465 3350 2521 bonis

94 2554 437 2623 acceptabilis,
482 2556 777 2611 immaturo
810 2550 1106 2627 proventus
1157 2570 1380 2622 occasu,
1430 2556 1600 2610 vitam
1648 2564 1956 2626 presentem
2005 2556 2099 2589 ’m
2144 2555 2199 2611 in
2243 2554 2476 2613 Domino
2526 2556 2720 2613 ﬁnivit.
2770 2557 2875 2614 Cui
2921 2559 3089 2615 etiam
3137 2557 3351 2630 Βηπο-

94 2658 171 2699 rus
206 2644 291 2676 ⁸⁸⁸⁷
325 2645 628 2701 canonicus
664 2647 931 2704 canonica
963 2646 1225 2703 electione
1263 2646 1548 2703 successit.

1485 2759 1551 2814 A.
1590 2758 1652 2815 D.
1696 2759 1888 2815 MCXX
1901 2799 1916 2814 .

148 2851 429 2925 Imperator
468 2854 706 2910 natalem
742 2852 962 2909 Domini
1000 2851 1328 2909 Wormaciaa
1364 2867 1474 2907 non
1512 2851 1870 2921 imperialiter
1906 2852 2218 2909 celebravit.
2261 2853 2458 2912 Postea
2493 2855 2662 2912 ductu
2698 2855 2795 2888 ’πθ
2840 2854 3105 2915 Friderlei
3142 2858 3210 2915 de
3243 2858 3348 2914 Ar-

92 2951 292 3024 nesberg
328 2952 422 2985 “5'
460 2951 755 3009 Saxoniam
794 2952 1098 3023 ingressus,
1136 2951 1320 3022 ibique
1356 2950 1426 3006 ab
1464 2950 1557 2982 “7°
1592 2940 1866 3022 episcopis
1903 2951 2144 3023 regionis
2175 2951 2344 3021 illius,
2379 2953 2450 3008 ab
2483 2952 2606 3024 ejus
2642 2954 3030 3012 communione
3066 2957 3347 3014 abstinen-

91 3042 232 3111 tibus,
267 3043 323 3099 in
361 3043 658 3101 Franciam
692 3044 1054 3112 convertitur;
1095 3043 1189 3098 ubi
1232 3042 1511 3098 nonnullis
1549 3050 1827 3113 acceptus,
1867 3043 2245 3114 compluribus
2279 3044 2445 3100 etiam
2480 3045 2692 3102 invisus
2730 3045 3053 3101 habebatur.
3102 3045 3214 3103 Nec
3250 3048 3344 3081 ’⁵⁷⁸

92 3136 248 3193 minus
280 3137 494 3194 interea
531 3137 854 3194 scissionem
890 3137 1235 3195 inconsutilis
1272 3137 1471 3192 tunica:
1507 3152 1621 3192 suae
1656 3135 1922 3192 Dominus
1960 3137 2079 3207 ipse
2115 3136 2435 3207 detestatus,
2474 3138 2618 3194 inter
2646 3139 2839 3207 multa,
2868 3139 3069 3209 quibus
3094 3156 3195 3211 pro
3224 3141 3344 3212 ipso

89 3232 215 3289 orbis
246 3241 521 3289 terrarum
558 3233 767 3307 ﬂagella
803 3234 1084 3306 pugnavit,
1123 3233 1178 3288 in
1215 3232 1529 3304 episcopatu
1570 3232 1880 3289 Trevirensi
1917 3233 2012 3266 “7'
2046 3249 2238 3290 mense
2268 3232 2436 3290 Junio
2471 3235 2738 3291 suscitata
2768 3243 3091 3305 tempestate
3122 3236 3217 3269 "7’
3238 3236 3349 3308 gla-

88 3330 207 3384 ciem
244 3332 394 3389 mira:
428 3329 829 3402 magnitudinis
865 3329 1075 3398 eﬁ‘udit,
1114 3344 1237 3399 quae
1273 3337 1328 3384 et
1358 3328 1452 3360 ’⁸⁵⁷⁸
1487 3329 1716 3386 aediﬁcia
1752 3330 1945 3386 evertit
1977 3338 2033 3386 et
2066 3329 2174 3385 alia
2220 3329 2465 3401 pericula
2510 3331 2714 3387 intulit.
2776 3331 3073 3389 Saxoniam
3121 3348 3345 3405 quoque

86 3433 131 3478 ct
163 3425 389 3483 maxime
426 3426 491 3481 in
528 3426 842 3497 episcopatu
881 3423 1314 3481 Halberstatensi
1353 3424 1446 3456 “7'
1483 3424 1605 3480 dira
1649 3425 1912 3496 grandine
1946 3425 2268 3501 ﬁagcllavit,
2309 3426 2368 3482 in
2404 3434 2617 3487 tantum
2654 3436 2715 3483 ut
2750 3428 2807 3484 in
2843 3445 3040 3486 novem
3088 3431 3343 3486 villarum

87 3524 264 3584 ﬁnibus
299 3545 408 3586 non
455 3528 631 3584 solum
670 3522 943 3593 frumenta
983 3522 1080 3578 sed
1116 3529 1173 3578 et
1222 3521 1425 3578 bestias
1458 3521 1575 3594 agri
1626 3538 1752 3580 cuin
1802 3524 2118 3580 volatilibus
2160 3524 2467 3582 innumeris
2512 3528 2936 3598 consumpserit.
2989 3526 3109 3597 Qua
3157 3545 3345 3585 corre-

84 3608 263 3688 ptioue‘
282 3620 378 3653 ’⁵⁷⁸
416 3616 689 3677 stimulati
727 3613 993 3681 Saxones,
1030 3612 1252 3669 crebros
1284 3622 1588 3669 conventus
1625 3613 1696 3669 ob
1724 3613 2080 3671 concordiam
2115 3613 2316 3684 fauere,
2339 3616 2670 3675 dissidentes
2705 3619 2846 3675 inter
2872 3636 2933 3677 se
2960 3635 3180 3692 pacare,
3210 3621 3343 3677 dex-

84 3723 183 3771 tras
213 3718 446 3774 invicem
485 3716 638 3781 dare,
678 3712 946 3783 predones
978 3709 1364 3776 exterminare,
1411 3710 1816 3782 subpressoque
1849 3713 1940 3745 ’⁵⁷⁷
1983 3712 2329 3783 imperatoris
2373 3731 2637 3786 persona,
2675 3726 2866 3773 contra
2903 3733 3123 3775 omnem
3163 3717 3342 3773 homi-

83 3828 189 3869 nem
224 3824 399 3873 terras
437 3830 574 3872 suas
607 3810 862 3889 invadere
899 3809 1209 3867 molientem
1250 3823 1309 3862 se
1347 3807 1679 3862 unanimiter
1715 3824 1931 3864 armare
1965 3819 2285 3879 cmperunt;
2322 3826 2389 3867 ac
2421 3811 2564 3869 inter
2596 3815 2714 3870 haec
2749 3816 2917 3871 etiam
2942 3816 3210 3887 quosdam
3237 3815 3343 3871 mi-

83 3905 187 3962 lites
216 3904 554 3965 cte'sarianos
592 3902 954 3974 Thuringiam
990 3899 1097 3932 “7“
1121 3905 1397 3953 vastantes
1434 3897 1490 3951 in
1528 3898 1751 3953 castello
1787 3898 2162 3956 Wassenburc
2199 3902 2293 3935 ’⁸⁷³
2329 3902 2478 3974 (546)
2531 3904 2765 3977 singulis
2810 3907 3064 3977 presidiis
3105 3908 3345 3965 circum-

81 4001 372 4070 cludentes,
437 4002 659 4059 tandem
710 3998 939 4071 penuria
994 3997 1223 4055 alilictos
1278 3998 1641 4069 expulerunt;
1701 3998 1890 4069 sicque
1946 3999 2002 4053 in
2058 3999 2209 4054 brevi
2258 4015 2450 4070 pacem
2495 3998 2987 4071 jocundissimam,
3041 3998 3168 4055 licet
3215 4000 3347 4055 alibi

77 4105 235 4145 werra
271 4090 368 4124 “3°
407 4091 575 4146 solita
615 4099 921 4162 grassante,
960 4092 1078 4147 suis
1114 4091 1169 4145 in
1209 4091 1457 4162 partibus
1496 4091 1866 4146 instituerunt.
1911 4090 2133 4146 Litteris
2170 4089 2338 4147 etiam
2377 4107 2443 4147 ac
2479 4091 2569 4124 ²⁸⁸¹
2593 4090 2956 4162 legationibus
2992 4105 3145 4160 papa:
3182 4090 3357 4144 robo-

78 4184 187 4252 rati,
224 4186 551 4241 vacantibus
586 4183 866 4240 katbedris
903 4183 996 4215 "9'
1032 4183 1296 4240 canonice
1330 4192 1581 4255 pastores
1614 4184 1930 4254 elegerunt;
1974 4194 2134 4254 ques,
2172 4185 2445 4241 mediante
2491 4183 2806 4256 Mogontino
2842 4181 3062 4252 presule
3098 4179 3217 4248 ⁸⁸⁸³,
3247 4181 3345 4251 qui

77 4286 191 4333 tunc
223 4282 315 4336 illo
350 4282 503 4352 regis
533 4280 900 4336 declinaverat
929 4280 1088 4348 iram,
1126 4280 1481 4351 probabiliter
1517 4287 1571 4335 et
1603 4280 1988 4335 :ecclesiastica
2024 4280 2274 4337 libertate
2312 4280 2621 4338 consecrari
2658 4278 2923 4334 fecerunt.

134 4367 225 4426 llis
260 4371 607 4444 temporibus
655 4370 966 4427 Fridericus
1001 4371 1276 4442 palatinus
1312 4388 1518 4438 comes,
1557 4373 1652 4442 qui
1701 4388 1873 4443 nuper
1906 4389 1967 4428 se
1999 4389 2031 4428 a
2067 4373 2279 4429 caeteris
2315 4374 2641 4442 dissocians,
2690 4374 2835 4445 regis
2869 4371 3114 4429 ﬁdelitati
3149 4372 3342 4428 devin-

75 4477 213 4522 xerat
248 4470 362 4536 ³³⁸⁵,
403 4470 565 4536 obiit,
597 4470 711 4540 jam
746 4478 1039 4539 provectus
1071 4477 1250 4536 aetate,
1295 4477 1350 4525 et
1388 4478 1446 4524 ut
1494 4470 1712 4525 cuidam
1758 4485 1917 4526 servo
1964 4470 2061 4527 Dei
2104 4456 2387 4528 evidenter.
2425 4472 2723 4527 revelatum
2771 4471 3062 4536 allirmant,
3109 4468 3178 4524 ad
3222 4468 3344 4523 loca

74 4565 290 4628 pwnalia
330 4567 430 4598 ’⁵⁸⁸
470 4566 644 4623 fertur
676 4567 1043 4624 descendisse.
1086 4567 1251 4623 Bonae
1277 4569 1557 4624 memoriae
1585 4554 1883 4640 Dieggerus
1905 4568 2019 4638 ³⁸³⁸,
2050 4568 2289 4647 primum
2327 4569 2422 4601 ’⁵⁸⁷
2458 4568 2629 4625 abbas
2654 4567 2869 4624 cenobii
2893 4566 3071 4622 sancti
3099 4562 3343 4636 Georgii,

73 4657 290 4730 indeque
322 4680 424 4734 per
454 4665 693 4735 legatum
721 4661 1079 4735 apostolicum
1110 4662 1202 4696 ³⁸⁸⁸
1227 4662 1453 4721 Μθιθιιδί
1483 4666 1745 4721 accelesiai
1774 4663 2077 4733 ordinatus,
2117 4674 2242 4737 post
2267 4665 2469 4723 multas
2497 4680 2529 4719 a
2557 4665 2706 4736 regis
2741 4662 2991 4720 ﬁdelibus
3025 4662 3206 4718 illatas
3241 4660 3347 4715 sibi

180 4774 187 4777 ⁷
1342 4778 1577 4833 VAlil/E
1616 4776 2018 4833 LECTIONES.

132 4891 221 4921 ’⁸⁸⁵³
258 4892 444 4960 potuit
495 4892 580 4945 9°.
685 4892 781 4926 ’⁵⁵⁵
822 4892 963 4946 deest
1012 4893 1064 4945 4.
1171 4890 1264 4925 ’m
1311 4891 1453 4946 deest
1505 4891 1555 4946 7.
1603 4891 1687 4946 9°.
1810 4889 1904 4923 ’⁸⁸⁸
1949 4890 2189 4945 kalixtus
2238 4890 2287 4944 7.
2404 4890 2497 4923 ’⁵⁸⁷
2543 4906 2602 4946 se
2642 4905 2729 4946 res
2777 4907 2830 4960 p.
2878 4891 2932 4944 4.
3058 4888 3154 4921 “”
3201 4891 3343 4960 deest

154 5030 157 5031 ν
219 4959 316 4995 ’δῖ’
369 4962 589 5018 naviter
640 4962 782 5017 4—H.
837 5032 841 5033 ί
882 4963 1000 5033 ν²⁴⁵⁶⁰
1035 4961 1182 5033 dictu
1222 4963 1275 5017 4.
1392 4962 1485 5033 ωε
1539 4960 1633 5015 sed
1681 4962 1732 5015 4.
1839 4960 1933 5033 ’ξω
1968 4960 2461 5033 -ξιιιινειιιιάἱιιίμθε
2583 4961 2680 4993 ³⁵⁸³
2728 4959 3199 5033 ﬁrmatauconare
3239 4959 3337 5015 Dl.

68 5026 157 5060 ““
190 5032 228 5085 ἕ.
267 5047 316 5087 e.
362 5034 495 5099 ach,
533 5034 599 5087 o!
654 5048 720 5087 ac
763 5032 916 5088 4—H.
1040 5032 1136 5064 ’⁵⁸⁵
1182 5048 1237 5102 q.
1285 5032 1600 5088 hominibus
1646 5046 1699 5086 o.
1750 5033 1806 5086 b.
1855 5031 1910 5087 6.
1967 5031 2017 5084 7.
2067 5026 2151 5087 σε.
2273 5028 2369 5064 ’⁵⁸⁸
2414 5032 2469 5087 in
2513 5033 2568 5087 d.
2618 5046 2672 5102 p.
2723 5033 2777 5086 4.
2900 5030 2991 5071 “‘7
3040 5026 3343 5134 ruoggerus

68 5096 95 5134 ι
142 5100 174 5134 Ω
224 5100 278 5134 '1’
312 5106 379 5134 (In
464 5103 534 5134 ιιι
651 5100 745 5134 ειη
791 5103 934 5134 Mn...
985 5103 1017 5134 ’τ
1153 5103 1247 5134 una
1291 5103 1591 5134 ...ηηοιηηη
1648 5100 1726 5134 πο
1797 5103 2067 5134 nmmum...
2092 5102 2150 5134 ,ι
2229 5103 2520 5134 ηνηοοιιηηη
2559 5102 2591 5134 ’1
2728 5102 2822 5134 mo
2867 5101 3007 5134 (Inlue!
3055 5100 3088 5134 ﬂ
3251 5104 3311 5134 (ιιι

68 5096 112 5150 4.
142 5100 193 5154 6.
224 5100 278 5164 7.
312 5106 411 5159 9°.»
464 5096 553 5157 {0.
651 5100 745 5136 ’ν’
791 5103 937 5159 dictu
985 5103 1037 5156 7.
1153 5096 1247 5135 “'3‘
1289 5103 1557 5158 arnesbur
1647 5100 1744 5155 E2.
1795 5103 2067 5173 arnsburg
2092 5102 2172 5156 ~4.
2227 5103 2521 5157 arnesbcrc
2559 5096 2637 5156 7f
2728 5102 2822 5134 ¹⁸⁷⁰
2866 5101 3007 5169 deest
3055 5100 3108 5155 6.
3148 5096 3207 5154 7:
3251 5104 3337 5156 9°.

66 5168 146 5244 ἓν
169 5170 280 5244 Hec
304 5173 357 5229 7.
442 5174 539 5206 ’⁸⁷³
564 5175 858 5229 trcverensi
886 5174 1038 5229 4-H.
1116 5174 1211 5205 ’⁵⁷³
1231 5182 1533 5244 tempestas
1691 5179 1728 5226 t.
1757 5173 1811 5227 in
1843 5172 2071 5244 glaciem
2104 5171 2154 5227 7.
2232 5173 2325 5205 ’⁸⁷³
2345 5173 2489 5226 deest
2518 5175 2570 5228 4.
2651 5172 2745 5207 ³⁸⁷⁵
2779 5168 3210 5244 lialberstadensi
3236 5171 3336 5244 Di.

66 5236 160 5319 [Ἡ.
182 5243 265 5319 2._
286 5245 778 5319 _'"‘Aco‘rrectione
808 5244 905 5319 υἱ.
984 5244 1089 5319 ’Ἢ
1108 5245 1186 5297 ita
1226 5236 1446 5319 DLA-El.
1474 5244 1721 5319 2.7116.
1763 5236 2324 5319 siibprcssoquecorr.
2340 5243 3238 5319 subpressaquvet}.subpressaque
3256 5242 3335 5319 Δε’).

65 5306 111 5389 (ξ.
133 5312 214 5367 9°.
245 5314 331 5370 ll.
413 5315 515 5347 “7°
543 5324 616 5369 tu‘
637 5315 838 5439 ingiam
869 5316 922 5369 4.
998 5313 1093 5347 ³⁸⁷⁵
1127 5314 1480 5386 wassenburg
1504 5316 1555 5369 4.
1588 5316 1640 5369 5.
1674 5315 1726 5368 6.
1763 5314 1843 5368 10.
1872 5306 1960 5367 Ἡ.
1994 5306 2310 5370 wasseburc
2340 5313 2390 5368 7.
2416 5306 2736 5370 \vassenbiii'
2765 5314 2851 5370 9°.
2927 5306 3022 5345 ίδθθ
3047 5313 3103 5368 in
3147 5306 3221 5367 ἰν.
3250 5312 3335 5366 9°.

65 5380 145 5413 ’⁵⁵⁸
179 5400 228 5439 e.
256 5402 420 5439 name
455 5402 521 5439 ac
550 5385 586 5439 l.
614 5402 660 5439 r.
733 5414 747 5439 .
824 5386 915 5418 “8’
944 5385 1219 5439 kathedrze
1257 5385 1336 5438 l0.
1414 5385 1508 5417 “3'
1545 5386 1688 5439 deest
1720 5385 1805 5439 lO.
1849 5385 1934 5438 ll.
2012 5384 2107 5416 “8"
2141 5385 2421 5439 devixerat
2466 5384 2564 5439 E2.
2608 5384 2865 5439 ﬁdelitate
2893 5383 3215 5439 deiunxerat
3250 5384 3335 5438 9°.

88 5380 148 5457 ῗῖξ
179 5400 228 5439 e.
256 5402 420 5457 papa:
455 5402 521 5457 ac
550 5385 586 5440 l.
614 5402 660 5440 r.
693 5380 747 5439 4.
824 5386 915 5457 Μ’
944 5385 1219 5440 kathedrze
1257 5385 1336 5457 l0.
1408 5380 1508 5457 7"”
1545 5385 1805 5457 dcesth.
1849 5385 1934 5438 ll.
2002 5384 2107 5457 3‘8}
2128 5385 2421 5457 Adevixerat
2466 5384 2564 5440 E2.
2608 5384 2865 5441 ﬁdelitate
2893 5383 3215 5455 dejunxerat
3250 5384 3336 5438 9°.

65 5450 150 5482 ’m
169 5470 221 5524 p.
246 5450 543 5513 descendit
569 5457 621 5511 4.
698 5457 794 5489 "3‘
819 5456 1098 5528 dietgerus
1135 5457 1185 5509 7.
1262 5456 1355 5488 ⁸⁵⁸⁷
1379 5456 1521 5510 deest
1556 5457 1608 5511 4.
1687 5456 1782 5487 ³⁸⁸³
1809 5454 2091 5526 apostolici
2118 5455 2204 5510 9°.

1555 5566 1785 5625 NOTAE.
1814 5602 1817 5605 -

94 5659 276 5735 ,(345)
314 5660 587 5717 llessonis
623 5662 761 5716 liber
782 5659 1194 5785 ao'l'ocngngfelio
1216 5661 1418 5741 editus,
1445 5662 1621 5746 nniis-
1734 5735 1745 5746 .
1805 5662 1952 5732 (546)
1992 5644 2197 5717 Eadem
2244 5662 2474 5719 fortasse
2526 5679 2648 5736 quae
2686 5660 3100 5732 Wacbsenburg
3135 5630 3359 5715 dicitis!»

94 5745 229 5785 unus
269 5743 374 5785 est.
412 5733 502 5785 Cf.
530 5743 647 5785 acta
669 5733 885 5785 concilii
911 5748 996 5785 an.
1076 5749 1195 5785 anSi
1234 5732 1443 5785 .\M.n.
1475 5734 1600 5785 2.3.5.
1733 5752 1786 5785 in
1817 5735 2017 5785 ducatu
2054 5734 2324 5785 Cothano.
3004 5776 3007 5779 γ

65 5731 229 5787 simus
269 5743 374 5788 est.
412 5733 502 5787 Cf.
530 5743 647 5789 acta
669 5731 885 5788 concilii
911 5748 996 5802 ap.
1021 5731 1195 5787 Mansi
1234 5732 1443 5804 XXl,p.
1475 5734 1600 5788 255.
1733 5735 1786 5788 in
1817 5735 2017 5789 ducatu
2054 5734 2324 5790 Cothauo.
2543 5731 2562 5736 ”
3004 5776 3007 5779 γ
