3862 6306
543 297 675 355 [043
1736 289 2131 345 EKKEHABDI
2170 285 2635 345 URAUGiENSlS
3604 297 3701 354 um

520 414 759 486 injurias
787 412 1054 483 requievit
1078 411 1130 465 in
1156 382 1403 475 Domino,
1433 408 1487 462 in
1520 408 1732 481 [eadem
1759 405 1879 479 “99]
1898 404 2142 461 :ecclesia
2173 403 2266 435 “’°
2299 404 2387 458 cui
2423 401 2731 474 presidebat
2756 401 3038 471 sepultus;
3068 401 3149 455 vir
3178 402 3410 473 adprime
3441 405 3704 467 litteratum

526 514 583 569 in
610 522 800 570 sancta
830 511 1241 567 conversatione
1266 525 1440 580 usque
1469 508 1536 564 ad
1562 508 1810 563 ultimam
1840 514 2053 561 aetatem
2079 502 2581 561 constantissimus.

595 605 735 662 Sunt
766 606 820 659 in
855 603 1092 659 Saxonia
1120 604 1241 658 dua:
1262 604 1510 675 quaedam
1536 601 1872 657 munitiones
1907 615 2014 655 non
2038 599 2200 670 longo
2226 597 2317 629 “9‘
2345 612 2377 651 a
2407 611 2467 652 se
2492 593 2794 650 intersticio
2821 601 3065 659 remotae,
3099 610 3327 664 quarum
3363 597 3590 652 vocabula
3608 616 3708 654 nunc

523 698 748 753 minime
780 703 1079 751 occurrunt
1119 694 1416 750 memoriae.
1458 693 1635 748 Media
1679 692 1791 748 fere
1830 699 1990 747 nocte
2024 689 2311 745 videbatur
2348 688 2636 757 utriusque
2668 685 2877 741 castelli
2903 686 3157 757 vigilibus
3187 685 3299 750 Μ’,
3332 700 3434 739 non
3470 686 3712 757 imaginarie

525 790 618 844 sed
646 804 771 844 vere
794 788 909 854 “9',
946 803 1178 858 persona
1208 786 1310 843 viri
1335 803 1365 841 a
1394 800 1553 841 muro
1586 783 1750 839 unius
1773 780 2148 854 progrediens,
2180 788 2235 837 et
2262 779 2331 835 ad
2362 779 2596 834 alterum
2632 794 2729 848 per
2752 784 2921 831 totam
2949 777 3127 848 campi
3157 777 3509 847 interjaeentis
3532 779 3714 836 latitndi-

530 895 652 935 nem
684 879 1005 950 procedens,
1041 887 1154 934 toto
1188 894 1413 949 corpore
1442 878 1497 931 in
1524 875 1746 931 modum
1777 874 1969 930 facula:
2008 873 2093 930 vel
2137 888 2336 928 massae
2381 870 2665 926 candentis
2705 869 2799 901 'm
2827 869 3116 935 exardens,
3151 882 3273 938 quae
3307 867 3460 922 etiam
3494 884 3627 940 prope
3650 884 3717 926 ca-

524 975 740 1032 stellum
776 976 1090 1046 oppositum
1131 973 1421 1043 disparuit.
1464 970 1589 1026 Hmc
1626 971 1767 1053 vjsio
1804 986 1915 1026 non
1950 969 2140 1035 semel,
2179 969 2274 1024 sed
2313 968 2398 1023 bis
2438 967 2522 1022 vel
2556 966 2726 1022 tercio
2760 965 3012 1021 similiter
3049 964 3142 999 ’³³⁸
3183 964 3447 1033 apparuit.

1951 1107 2016 1160 Α.
2060 1105 2121 1160 D.
2162 1103 2401 1160 MCXXI.

602 1231 845 1287 Domnus
885 1229 1207 1285 Thidericus
1247 1229 1360 1295 ’δθῆ
1402 1227 1494 1298 qui
1535 1226 1815 1281 Burl-tardo
1856 1226 1946 1257 "’7
1984 1224 2148 1292 Rufo,
2189 1224 2395 1279 dudum
2434 1224 2487 1278 in
2523 1225 2793 1295 legatione
2831 1222 3073 1280 Heinrici
3109 1221 3450 1293 imperatoris
3482 1221 3725 1293 apudCtm-
3816 1238 3817 1259 λ

528 1324 939 1394 stantinopolim
964 1324 1241 1390 defuncto,
1276 1340 1371 1394 per
1394 1323 1711 1377 electionem
1751 1320 2198 1377 mcclesiasticam
2245 1320 2300 1373 in
2340 1320 2656 1375 cathedram
2700 1320 2794 1352 “’5
2835 1319 3322 1375 Monasteriensem
3367 1328 3670 1385 successerat,
3704 1336 3725 1371 ι

528 1417 648 1473 suis
685 1416 902 1487 indigne
935 1425 1220 1481 tractatus,
1259 1414 1544 1471 Saxonicis
1589 1413 1927 1485 principibus
1973 1412 2374 1484 querimoniam
2424 1412 2748 1482 injuriarum
2788 1428 3012 1467 suarum
3050 1411 3275 1478 detulit;
3312 1419 3367 1466 et
3397 1409 3514 1480 quia
3548 1409 3615 1462 vir
3642 1410 3728 1463 illn-

529 1510 658 1567 stris
692 1519 823 1566 natu
857 1521 911 1567 et
948 1511 1241 1566 virtutibus
1279 1509 1525 1567 famosus
1559 1509 1755 1577 extitit,
1792 1525 1887 1579 per
1921 1508 2243 1564 Lotharium
2277 1508 2471 1565 ducem
2519 1518 2848 1581 congregato
2891 1508 3157 1574 exercitu,
3206 1506 3394 1564 sedem
3441 1522 3579 1562 suam
3615 1507 3730 1561 etiam

528 1617 718 1663 contra
748 1609 893 1679 regis
915 1609 1253 1663 voluntatem
1284 1608 1517 1677 repetiit.
1566 1607 1805 1679 Contigit
1825 1614 2009 1662 autem
2031 1612 2246 1666 occulto
2276 1605 2369 1637 'm
2405 1605 2497 1661 Dei
2530 1605 2759 1676 judicio,
2802 1605 2935 1660 dum
2961 1605 3214 1660 inimicas
3240 1604 3390 1660 acies
3407 1604 3611 1659 videndo
3630 1605 3732 1658 cites

531 1712 879 1758 terrerentur
932 1718 997 1758 ac
1060 1717 1158 1772 pro
1220 1702 1523 1757 imminenti
1568 1702 1813 1773 periculo
1860 1702 2060 1774 singuli
2112 1718 2212 1757 sua
2260 1700 2355 1733 ²⁸⁰⁰
2409 1702 2752 1768 molirentur,
2799 1717 2957 1758 casas
3008 1702 3221 1772 aliquas
3277 1702 3487 1757 incaute
3526 1700 3734 1763 succendi,
3818 1682 3819 1689 ‘

540 1798 913 1869 paulatimque
942 1798 1256 1854 dominante
1275 1799 1493 1855 flamma
1515 1800 1678 1856 etiam
1725 1800 2008 1856 basilicam
2051 1800 2339 1872 majorem,
2382 1817 2506 1871 quae
2534 1801 2692 1857 sedes
2724 1800 2872 1859 illius
2911 1810 3028 1856 erat
3071 1800 3355 1866 tecclesize,
3393 1800 3735 1854 fundituscol-

534 1895 657 1949 bnri
686 1895 799 1948 m’.
842 1894 930 1950 Sic
954 1912 1173 1967 quoque
1205 1896 1500 1952 miserabili
1529 1897 1684 1967 potiti
1714 1897 1963 1964 victoria,
1987 1896 2297 1967 pontificem
2333 1897 2551 1968 pulsum
2581 1897 2899 1963 restituunt,
2932 1897 3160 1952 multam
3193 1906 3381 1951 autem
3407 1896 3496 1928 ”°'
3519 1894 3736 1965 pacem

535 1989 602 2044 ad
647 1992 1097 2048 restaurationem
1141 1993 1404 2049 tecelesize
1443 1993 1764 2062 conferunt;
1801 1994 2219 2064 interpretantes
2249 1993 2500 2048 nonnulli
2530 2006 2756 2048 causam
2784 1991 2922 2047 tanti
2955 1990 3155 2051 excidii
3192 2006 3305 2045 non
3337 2004 3475 2054 esse,
3513 1988 3602 2043 nisi
3635 1987 3736 2057 quod

534 2084 776 2142 defuncti
803 2087 1037 2158 presulis
1062 2087 1332 2144 Burkardi
1358 2089 1475 2155 '5”,
1505 2089 1599 2160 qui
1628 2089 1799 2145 multa
1836 2090 1947 2145 illic
1977 2105 2044 2145 ex
2073 2089 2361 2160 iniquitate
2394 2096 2811 2160 eomportasset,
2841 2087 3045 2144 oblatio
3070 2085 3514 2143 manifestaretur
3546 2084 3638 2140 Deo
3664 2100 3738 2139 ncn

533 2179 826 2249 placuisse.

604 2277 840 2332 Auditur
860 2278 1305 2341 intereanecnon
1335 2289 1390 2334 et
1418 2281 1636 2336 nunciis
1676 2297 1707 2335 a
1747 2279 1921 2336 Roma
1954 2281 2295 2338 venientibus
2344 2279 2703 2351 approbatur,
2739 2279 2894 2334 illum
2934 2278 3348 2349 pseudopapam
3378 2274 3661 2339 Burdinum,
3685 2290 3743 2327 ca.

536 2373 692 2428 stello
722 2374 817 2406 "°"
849 2374 1067 2439 Sutrite,
1099 2392 1209 2446 quo
1230 2376 1541 2433 miserrimo
1576 2392 1677 2433 suo
1704 2378 2009 2435 inserviens
2037 2378 2215 2434 otﬁcio
2238 2378 2508 2434 residebat
2545 2378 2659 2444 ’m,
2692 2393 2789 2448 per
2826 2375 3058 2431 Romani
3083 2375 3367 2431 exercitus
3403 2375 3564 2429 zelum
3581 2373 3740 2427 destru—

535 2477 626 2523 cto
652 2469 851 2541 (Αρν.),
888 2479 1128 2541 captum,
1162 2482 1214 2528 et
1244 2482 1367 2543 post
1404 2474 1589 2544 plures
1634 2489 1665 2529 a
1704 2474 1868 2546 vulgo
1904 2475 2010 2530 sibi
2052 2476 2412 2531 contumelias
2449 2484 2503 2531 et
2545 2474 2829 2530 illusiones
2872 2474 3072 2539 illatas,
3116 2473 3206 2527 vix
3252 2490 3286 2529 a
3333 2472 3575 2527 manibus
3606 2485 3743 2524 eorum

533 2562 737 2620 domno
773 2568 1081 2637 apostolico
1114 2569 1266 2625 illum
1300 2570 1582 2642 eripiente,
1621 2572 1693 2627 ob
1731 2572 1995 2643 agendam
2033 2573 2411 2643 paenitentiam
2449 2572 2614 2628 exilio
2648 2571 2953 2643 relegatum
2991 2571 3108 2625 'm.
3162 2570 3309 2627 Sunt
3344 2572 3504 2627 etiam
3548 2568 3626 2639 qui
3658 2567 3742 2621 tali-

534 2662 638 2718 bus
675 2677 802 2718 eum
841 2676 1093 2722 asseram
1127 2668 1526 2738 deprehensum
1564 2668 1813 2741 flagiciis,
1851 2685 1975 2741 qua:
2013 2670 2216 2727 nostris
2254 2670 2537 2742 indignum
2571 2669 2833 2725 duximus
2876 2667 3085 2723 tradere
3115 2668 3361 2739 scriptis.

606 2759 774 2833 Igitur
799 2761 1089 2821 Heinrieus
1112 2765 1429 2836 imperator,
1458 2765 1597 2821 inito
1626 2766 1868 2821 ﬁdelium
1904 2782 2129 2823 suorum
2162 2768 2394 2824 consilio
2428 2766 2626 2839 (Iam),
2649 2767 2879 2823 rebelles
2918 2766 3022 2821 sibi
3062 2765 3416 2837 Mogontinos
3437 2764 3641 2834 aﬂligere
3665 2770 3743 2813 tra-

533 2860 702 2916 ctavit
738 2861 867 2929 ’⁸⁰⁷;
898 2877 963 2918 ac
992 2863 1172 2934 primo
1202 2864 1424 2919 navium
1446 2872 1815 2920 commeatum
1838 2865 2097 2921 omnibus
2123 2864 2301 2921 modis
2330 2864 2655 2930 interclusit,
2686 2863 2880 2919 deinde
2910 2861 3164 2933 presidiis
3185 2863 3543 2918 circumcirca
3560 2856 3748 2918 munitis

537 2952 853 3023 ltujusmodi
884 2954 1100 3011 insidiis
1138 2956 1412 3012 nundinas
1451 2956 1568 3012 sive
1600 2966 1877 3013 mercatus
1914 2957 2033 3013 ﬁen'
2071 2957 2187 3013 sive
2221 2958 2519 3028 quicquam
2557 2956 2874 3012 victualiurn
2916 2956 2973 3010 in
3004 2955 3284 3011 civitatem
3315 2954 3516 3010 deferri
3544 2948 3745 3006 inhibuit:

535 3047 603 3103 ad
637 3059 940 3107 extremum
970 3068 1099 3109 vero
1129 3052 1225 3085 ³⁵⁸⁸
1254 3052 1311 3107 in
1332 3052 1428 3085 ⁸⁸⁸⁸
1460 3052 1802 3109 obsidionem
1831 3053 2074 3124 ejusdem
2101 3054 2252 3109 urbis
2273 3054 2547 3124 publicam
2577 3052 2977 3123 expeditionem
3016 3052 3262 3123 undique
3302 3052 3472 3107 indici
3512 3045 3745 3105 constituit.

536 3140 634 3199 His
654 3144 877 3213 auditis,
906 3146 1093 3216 presul
1127 3146 1453 3202 Adalbertus
1487 3154 1657 3201 totam
1690 3145 2009 3214 Saxoniam,
2039 3146 2132 3201 ubi
2159 3155 2290 3202 tunc
2316 3146 2590 3213 manebat,
2616 3154 2926 3201 commovet
2955 3145 3068 3211 "‘°,
3098 3154 3152 3199 et
3172 3145 3308 3216 quia
3337 3144 3636 3215 legationem
3658 3152 3748 3206 apo.
3824 3158 3825 3179 ξ

538 3236 788 3292 stolidam
813 3237 883 3292 ab
905 3237 1026 3309 ipso
1051 3254 1188 3309 papa
1223 3238 1430 3294 dudum
1464 3246 1767 3309 acceperat,
1803 3237 1907 3295 hac
1937 3238 2262 3293 auctoritate
2297 3236 2582 3309 pontiﬁces
2611 3245 2666 3291 et
2692 3235 2963 3306 principes
2998 3235 3173 3305 ipsius
3192 3235 3513 3305 provincia:
3536 3249 3622 3303 pro
3650 3230 3751 3284 utili-

538 3332 747 3388 tatibus
779 3334 972 3389 matris
1009 3335 1103 3367 "“
1140 3336 1400 3392 ateclcsiaa
1435 3335 1750 3406 frequenter
1786 3344 2083 3403 convocat;
2135 3337 2228 3392 ubi
2278 3336 2361 3391 vir
2394 3336 2659 3407 eloquens
2703 3344 2757 3389 et
2804 3334 3100 3405 primatum
3139 3331 3191 3385 in
3229 3328 3533 3399 Cisalpinis
3561 3325 3640 3356 ¹¹¹¹
3668 3336 3753 3390 par

540 3423 691 3481 tibus
721 3423 1127 3480 multiformiter
1174 3435 1387 3493 tenens,
1442 3427 1511 3503 ad
1555 3425 1932 3482 defensionem
1977 3428 2145 3484 totius
2190 3427 2497 3483 Germania:
2539 3426 2857 3497 metropolis
2916 3425 3131 3480 animos
3189 3422 3449 3477 omnium
3499 3415 3750 3473 catholicas

540 3517 902 3574 obedientiam
940 3517 1307 3588 profitentium
1335 3519 1554 3575 tandem
1583 3519 1785 3575 excitat
1805 3520 1921 3573 "".
1965 3519 2082 3575 [inc
2112 3520 2277 3575 etiam
2312 3520 2565 3585 accessit,
2599 3520 2743 3590 quod
2767 3517 3008 3589 episcopi
3046 3516 3334 3587 Spirensis
3363 3524 3420 3571 et
3444 3508 3751 3567 Wormaciew

539 3612 642 3678 sis,
673 3619 727 3667 et
760 3610 809 3668 si
844 3612 940 3681 qui
979 3611 1069 3665 alii
1096 3611 1352 3667 resistere
1378 3612 1472 3644 ’διδ
1501 3627 1610 3667 non
1641 3613 1881 3669 valentes
1903 3621 2085 3668 tamen
2110 3613 2204 3645 ³⁵⁸³
2235 3613 2592 3685 apostolicam
2618 3610 2985 3669 obedientiam
3010 3608 3248 3680 professi
3272 3607 3396 3672 "l‘,
3420 3604 3555 3676 pulsi
3576 3601 3649 3633 ²⁸¹²
3673 3596 3753 3652 suis

541 3702 767 3759 sedibus
799 3704 1138 3774 vagabantur
1174 3713 1454 3772 extorres;
1505 3723 1646 3778 quos
1684 3708 1904 3779 proprio
1956 3724 2231 3780 quemque
2275 3708 2397 3764 loco
2443 3706 2730 3764 restituere
2779 3704 3143 3775 disponebant
3184 3704 3336 3758 idem
3387 3700 3651 3772 principes.
3687 3704 3754 3760 ll"

542 3795 776 3852 Domino
810 3795 925 3852 Deo
958 3797 1061 3849 πη,
1088 3798 1426 3853 exercituum
1466 3801 1581 3855 telo
1620 3801 1877 3858 zelantes.
1916 3801 2162 3872 Denique
2193 3801 2341 3857 circa
2380 3800 2684 3855 solsticium
2710 3798 2973 3861 aastivale,
3012 3811 3140 3852 cara
3173 3795 3292 3865 jam
3337 3793 3539 3863 ubique
3570 3788 3663 3847 ω’.
3692 3798 3753 3851 να

543 3896 785 3945 vastatas
806 3888 1067 3944 nimirum
1102 3890 1370 3961 regiones,
1412 3907 1651 3961 annona,
1692 3895 1941 3964 geminus
1978 3894 2208 3960 tibimet,
2248 3908 2281 3948 ο
2319 3892 2519 3948 nobilis
2552 3891 2847 3962 Mogontia,
2888 3889 3156 3944 conflatur
3191 3887 3492 3949 exercitus,
3538 3882 3653 3937 alter
3678 3876 3753 3930 563'

547 3980 673 4036 licet
708 3980 762 4035 in
790 3980 1030 4049 Alsacia,
1063 3990 1149 4037 ast
1170 3982 1264 4013 ¹⁸¹⁰
1293 3981 1427 4037 alter
1452 3984 1507 4037 in
1543 3983 1802 4050 Saxonia,
1849 3984 2055 4054 dispari
2102 3983 2288 4038 animo
2332 3997 2558 4037 annosa:
2587 3982 2680 4013 '5“
2703 3980 2988 4051 dignitatis
3023 3987 3133 4033 tute
3160 3978 3350 4032 menia
3378 3973 3598 4046 superba
3621 3966 3754 4040 quoi-

548 4083 757 4141 tantes;
784 4074 921 4130 alter
941 4075 1364 4130 destructionem
1393 4084 1564 4143 tuam,
1593 4077 1730 4132 alter
1772 4075 2144 4132 defensionem
2181 4076 2532 4141 intentantes,
2573 4073 2687 4129 acsi
2718 4069 3101 4142 eonquercndo
3134 4069 3341 4126 dicenti
3385 4068 3479 4123 tibi
3505 4087 3518 4119 :
3550 4062 3659 4117 Filii
3679 4073 3753 4110 m-

551 4168 650 4221 tris
696 4183 824 4222 mea:
844 4177 1208 4239 pugnaverunt
1236 4177 1421 4222 contra
1450 4169 1559 4223 nte!
1590 4168 1773 4240 (Cant.
1812 4185 1850 4236 ι,
1881 4169 1961 4239 5.)
2010 4170 2177 4225 rebus
2226 4168 2583 4239 responderet
2611 4154 2865 4222 Christus
2901 4185 2913 4219 :
2947 4163 3082 4219 Ecce
3106 4166 3305 4218 iterum
3331 4164 3431 4195 ²⁸²²
3476 4160 3561 4215 isti
3599 4168 3756 4223 congre-

546 4259 661 4327 gati
693 4257 763 4331 [c.
800 4268 943 4314 sunt.
979 4259 1045 4314 D.
1069 4259 1163 4333 13.]
1186 4271 1430 4317 venerunt
1463 4262 1593 4316 tibi!
1617 4261 1718 4332 (Is.
1750 4279 1899 4329 xm,
1930 4261 2042 4332 18.)
2065 4261 2293 4317 Fiebant
2314 4260 2531 4315 interim
2562 4275 2659 4330 per
2686 4274 2877 4314 omnes
2899 4257 3177 4312 mcciesias
3201 4256 3439 4326 jejunia,
3473 4243 3755 4322 supplkalio‘

548 4369 669 4419 nes,
701 4354 787 4409 vel
812 4354 1028 4410 letanite
1050 4354 1173 4421 ¹⁸¹³;
1211 4372 1311 4410 nec
1336 4364 1453 4410 erat
1477 4356 1584 4411 ulla
1613 4355 1723 4411 tilia
1751 4355 1921 4427 Syon,
1948 4372 2072 4426 quae
2096 4371 2156 4411 se
2179 4354 2383 4410 faceret
2410 4362 2688 4423 expertem
2711 4352 2848 4406 tanti
2877 4350 3105 4420 periculi
3139 4349 3337 4404 matris
3385 4362 3517 4404 suze.
3565 4341 3753 4427 Quill"?

546 4456 666 4518 pter
703 4447 946 4517 respexit
979 4446 1246 4503 Dominus
1284 4448 1339 4502 in
1362 4448 1667 4504 orationem
1693 4448 1983 4504 humilium
2021 4456 2077 4504 et
2118 4464 2229 4504 non
2268 4447 2472 4518 sprevit
2500 4462 2718 4517 precem
2762 4446 2858 4477 ’δ”
2899 4460 3113 4510 eorum,
3170 4444 3268 4499 sed
3310 4444 3486 4497 misso
3535 4425 3756 4518 princip”?

556 4516 659 4597 suo
690 4516 886 4610 spiritu
917 4540 1035 4607 ¹⁸²⁵,
1067 4541 1259 4611 spiritu
1290 4540 1528 4606 consilii,
1561 4541 1757 4612 spiritu
1792 4542 1967 4612 pacis,
1991 4540 2133 4595 inter
2162 4541 2258 4572 ’ω
2296 4516 2572 4610 principes
2601 4537 2893 4607 utriusque
2916 4536 3009 4567 ²⁸²⁷
3052 4534 3263 4604 populi,
3290 4534 3427 4587 dum
3453 4532 3561 4601 jam
3584 4516 3756 4581 non”

554 4632 716 4703 longe
740 4630 809 4686 ab
830 4630 1065 4687 invicem
1092 4638 1323 4701 uterque
1349 4633 1688 4688 consedisset
1733 4633 2035 4700 exercitus,
2071 4648 2172 4704 pro
2200 4649 2267 4688 eo
2296 4632 2445 4703 quod
2473 4631 2529 4686 in
2555 4631 2879 4685 alterutrum
2926 4627 3073 4683 acies
3126 4626 3369 4698 dirigere
3420 4620 3754 4693 disposueml.

548 4724 735 4781 missis
763 4723 1040 4793 utrimque
1060 4724 1372 4794 quibusque
1401 4725 1495 4756 ³⁵⁸⁸
1535 4725 1954 4795 sapientissimis
1979 4735 2143 4797 atque
2175 4725 2447 4798 religiosis
2475 4716 2818 4795 proceribus,
2854 4721 2922 4777 de
2946 4720 3241 4776 concordia
3289 4735 3395 4774 sua
3440 4716 3630 4773 scilicet
3670 4707 3749 4762 in-

1853 4904 2086 4960 VARle
2135 4902 2539 4960 LECTIONES.

623 5023 718 5055 ἰε’
742 5020 784 5075 D
808 5020 953 5075 deest
988 5020 1035 5073 i.
1115 5019 1207 5051 ²⁶⁹⁰
1235 5019 1289 5074 in
1320 5020 1565 5076 :ecclesia
1590 5019 2034 5075 Cluniacensinm
2089 5017 2447 5087 (cloniaeensi
2506 5015 2585 5079 4.)
2618 5013 3023 5087 sepultus._cui_
3070 4990 3403 5087 praesidebat
3438 5008 3521 5087 vir

551 5093 589 5174 ιε
646 5073 1181 5174 saetigeri.
1230 5106 1285 5174 s._
1318 5073 1633 5174 νίῇἓζμᾳ.
1665 5073 2248 5174 ’μρξιυίιρειέοῃ
2283 5073 2439 5143 t-tt.
2538 5073 2771 5174 ’έοιρξρέςε
2811 5084 2957 5174 ludii.
2992 5083 3043 5137 7.
3071 5073 3515 5174 "‘fmdefst4;
3566 5073 3757 5174 ἒςρεῖ

552 5162 736 5219 dentis
775 5162 827 5215 4.
922 5160 1017 5193 ³³⁵⁸⁸
1062 5160 1205 5214 deest
1259 5162 1310 5215 4.
1390 5162 1484 5193 'm
1531 5162 1815 5216 heinricus
1854 5161 1917 5214 D.
1959 5152 2128 5215 4—H."
2171 5158 2340 5224 Quem
2382 5173 2614 5211 errarent
2652 5152 3004 5209 'Ekkehardus
3058 5152 3252 5206 ultima
3305 5152 3517 5205 demum
3565 5152 3757 5199 manu!

554 5231 841 5269 mnus...
902 5232 1108 5269 "Man...
1241 5231 1330 5264 ων
1377 5232 1689 5269 Ιιηιοριισινδιι
1731 5230 1771 5269 n
1839 5232 1965 5269 μη
2116 5230 2209 5262 mo
2252 5229 2533 5269 nlhmlrnm
2585 5227 2635 5269 L
2771 5225 2866 5257 ιω
2901 5223 3045 5269 dmin
3094 5222 3145 5269 7-
3276 5223 3373 5254 ³⁵⁸⁸
3431 5230 3633 5269 servare
3676 5216 3755 5269 ραι

553 5231 841 5288 correxisse
902 5232 1125 5285 videtur.
1241 5231 1330 5264 “’7
1377 5232 1689 5287 burchardo
1730 5230 1789 5285 Ι).
1837 5232 1994 5286 4-H.
2116 5222 2209 5262 ἠδ
2252 5229 2534 5284 ethedram
2585 5227 2639 5281 4.
2771 5225 2866 5257 ’δ”
2901 5223 3045 5277 deest
3094 5222 3145 5275 7.
3276 5223 3373 5254 "”
3431 5230 3633 5274 servare
3676 5222 3753 5284 ριξι

553 5303 682 5358 add.
711 5302 760 5355 7.
833 5302 927 5333 ²⁸⁰¹
956 5302 1113 5356 obrui
1141 5301 1190 5355 7.
1266 5304 1361 5335 ²⁵⁰¹
1390 5302 1535 5356 deest
1569 5302 1618 5356 7.
1696 5302 1791 5333 ’⁵⁰³
1830 5301 2125 5356 bttrchardi
2168 5300 2319 5355 4—H.
2424 5298 2521 5330 ²⁸⁰⁸
2545 5298 2600 5352 in
2639 5313 2689 5352 c.
2723 5295 2809 5350 10.
2838 5295 2923 5347 Η.
3025 5293 3119 5324 ’⁸⁸⁸
3155 5292 3371 5347 sidehat
3400 5289 3497 5342 ΕΞ.
3566 5278 3753 5358 9⁸⁸11·ίῖ

908 5348 1535 5429 2.vm';'-'"curavitml‘il:
1701 5373 1796 5405 ²⁸⁰⁸
2179 5348 2481 5423 “adiam:
2629 5348 2747 5422 Sict—
2800 5348 2922 5396 7""
2957 5363 3256 5419 commovit
3305 5362 3359 5415 6.
3461 5358 3549 5390 ""
3577 5356 3691 5407 dettl

583 5445 652 5477 ιιι
679 5444 757 5477 ος..
787 5441 981 5477 ηΙηῖηἶα
1009 5443 1069 5477 οε
1173 5443 1268 5475 ιω
1299 5444 1551 5477 “manus.
1586 5444 1613 5477 ι
1666 5444 1807 5477 ΑΜ..
1845 5443 1878 5477 ις
1936 5444 1996 5477 οε
2055 5442 2121 5477 tn
2175 5441 2363 5477 suntm
2393 5449 2510 5477 nne!
2540 5439 2647 5477 ηΑΑ
2703 5438 2733 5477 '7
2783 5453 2817 5477 η
2868 5434 3029 5477 ρνὶσίι
3079 5434 3298 5477 mndpm
3364 5431 3421 5477 εἰ,
3470 5443 3523 5477 n.
3567 5416 3752 5477 attend“

583 5416 983 5512 ῧτὲῖεῐίιὶίιῇὲ
1009 5443 1094 5496 9c.
1173 5416 1633 5500 ὖῖῗοὶὲίιέἶῦἶιὶῖ
1664 5444 1807 5499 deest
1845 5416 2020 5497 ὃῗῦὶ.
2052 5416 2140 5495 i'o.
2175 5416 2510 5510 ίιιοῑιειῖνρὀὶςι
2539 5416 2667 5493 Hdt}.
2702 5416 2752 5491 '7.
2783 5453 2836 5507 p.
2868 5416 3300 5504 erigitmtandem
3364 5431 3421 5485 5.
3470 5443 3523 5497 ι).
3567 5416 3755 5478 accendit

595 5516 614 5545 ι
723 5512 820 5545 aut
857 5528 964 5545 nnn
996 5529 1024 5545 υ
1080 5513 1110 5545 '7
1208 5514 1306 5545 ante
1343 5523 1564 5545 ..ηηηιιη-
1593 5514 1613 5545 ι
1718 5514 1811 5545 ante
1852 5514 1993 5545 ΑΜ...
2024 5514 2042 5545 ι
2146 5513 2240 5543 ann
2282 5528 2304 5545 ρ
2363 5527 2398 5545 η
2445 5510 2476 5545 ’7
2575 5509 2670 5541 asta
2706 5508 2810 5545 .lnn
2831 5522 2992 5545 mam
3035 5504 3226 5545 (bsunt
3257 5503 3308 5545 L
3389 5500 3485 5530 ¹⁸¹⁹
3522 5496 3756 5545 must)“

560 5516 645 5571 li.
723 5503 965 5565 "‘Vnon
996 5529 1042 5565 r.
1080 5513 1129 5567 7.
1208 5514 1306 5546 ²⁸¹⁸
1343 5523 1564 5584 propter
1588 5514 1639 5567 4.
1718 5514 1811 5545 ’⁸⁸⁸
1850 5514 1993 5566 deest
2016 5514 2067 5566 4.
2146 5513 2240 5543 ""’
2280 5528 2327 5567 s.
2363 5503 2416 5581 ιδ’.
2445 5510 2496 5564 7.
2575 5509 2670 5541 ²⁸¹⁸
2706 5503 2810 5563 dco
2831 5503 3012 5560 exere.
3035 5504 3226 5558 desunt
3257 5503 3311 5556 4.
3389 5503 3485 5530 ¹⁸¹⁹
3522 5513 3573 5549 ιι.
3598 5503 3755 5545 πίθου

558 5604 612 5641 n.
640 5601 756 5643 ner.
783 5584 836 5638 4.
915 5582 1008 5613 ²⁸²⁰
1043 5583 1179 5637 alter
1206 5600 1332 5639 vero
1365 5587 1415 5640 4.
1495 5584 1587 5616 ²⁸¹¹
1629 5599 1839 5640 annosa
1875 5584 1927 5638 5.
2008 5584 2101 5614 ’δί’
2140 5584 2280 5636 deest
2307 5582 2356 5634 7.
2437 5581 2532 5615 ’⁸³³
2564 5580 2764 5635 letalue
2786 5576 2886 5629 ΕΞ.
2966 5576 3061 5607 ¹⁸²³
3100 5588 3292 5643 prec-es
3334 5571 3388 5643 7.
3465 5567 3556 5643 ’Ψ
3586 5579 3655 5643 sp
3684 5567 3755 5643 ξιξο

558 5604 612 5641 Il.
640 5601 756 5660 per.
783 5601 836 5638 4.
916 5601 1008 5613 ⁸’⁵“’
1040 5601 1179 5664 illth
1206 5601 1332 5669 vfl-O
1365 5601 1415 5640 ,1,
1464 5601 1587 5667 ,11³⁸⁸
1629 5601 1839 5666 annosa
1875 5601 1927 5638 ἱ).
2010 5601 2101 5614 -υη
2140 5601 2280 5636 aeest
2316 5601 2356 5634 Ι.
2439 5601 2532 5615 ⁹’¹·’
2564 5601 2764 5635 leullllc
2787 5601 2886 5629 DZ.
2969 5601 3058 5607 ""
3101 5601 3292 5675 ptuli-{1'3
3337 5601 3388 5652 ξ.

556 5657 750 5712 ι-Η.
800 5654 1178 5780 Ἱ¹³¹⁸όέᾎιὲεν
1214 5653 1309 5710 ΕΞ.
1392 5658 1477 5688 ²⁵²¹
1525 5671 1579 5708 ιι.
1607 5670 1882 5724 principes
1919 5670 2041 5723 pop.
2097 5654 2128 5707 4
2209 5653 2266 5706 ll
2372 5653 2464 5683 ²⁵²⁸
2505 5651 2574 5705 ab
2607 5650 2700 5703 El.
2729 5649 2782 5701 2.
2814 5646 2956 5700 dccst
2994 5646 3045 5699 7.
3201 5668 3209 5674 ·
3260 5640 3581 5713 quibusdam
3739 5660 3750 5675 -

558 5742 613 5780 tt.
647 5743 693 5780 s.
719 5744 814 5780 out
836 5742 922 5780 ηις
1116 5765 1127 5778 .
2933 5753 2937 5756 ~

558 5742 613 5782 tt.
647 5743 693 5782 s.
719 5741 1048 5799 quibusnam
1076 5741 1127 5778 ξ).
2933 5753 2937 5756 .
