3862 6306
104 266 216 322 tots
768 214 771 217 ’
1009 220 1377 316 annosum.
1417 289 1487 299 —
1522 256 1915 315 cunomcos
1955 258 2415 315 UNlVERSALE.
3046 250 3051 253 '
3158 264 3297 319 tote

102 389 228 434 terna
252 374 630 431 honorabiliter
659 381 896 431 tractare
930 381 1233 443 coeperunt.
1260 372 1402 440 Quid
1440 373 1633 442 plura?
1661 371 1916 443 ansque
1946 373 2173 443 spiritus
2211 371 2338 428 Jesu
2371 386 2471 442 pzo
2500 386 2685 443 precto
2737 372 3022 443 sanguinis
3064 373 3154 428 sui
3203 374 3297 406 "~'°

102 472 301 540 ﬁliisque
329 481 540 536 sponsas
570 481 684 521 sua:
706 465 995 532 dimicans,
1028 465 1247 536 spiritui
1276 465 1544 536 superbia:
1565 472 1620 520 et
1658 466 1899 537 maligno
1948 465 2239 536 prevaluit,
2270 473 2328 519 ut
2363 464 2640 520 mentibus
2665 464 3052 521 universorum
3076 464 3191 536 jam
3242 466 3297 519 in

103 577 189 617 uno
207 558 383 615 divinae
412 555 709 611 voluntatis
739 556 833 588 ’⁵⁸⁸
882 570 1112 611 assensu
1143 556 1386 624 conexis,
1411 556 1657 628 ipsorum
1679 556 1933 624 consilio,
1965 556 2222 611 suasione
2242 571 2306 612 ac
2327 556 2704 612 obsecratione
2732 557 2877 628 regis
2907 556 3208 629 indignatio
3238 555 3294 613 in

102 659 275 706 tantum
304 647 391 679 ’⁸³³
417 646 782 717 mitigaretur,
815 654 876 700 ut
902 645 1019 715 ipse
1041 661 1268 714 presens
1291 646 1576 717 negocium
1605 644 1700 678 ’⁵³³
1732 663 1841 702 non
1872 662 1973 702 suo
2015 646 2110 702 sed
2140 647 2464 716 optimatum
2508 647 2797 719 utriusque
2844 648 3015 719 partis
3067 647 3299 705 arbitrio

99 738 457 800 terminandum
515 736 816 793 decreverit
858 736 975 792 ³⁸³⁸.
1014 735 1145 792 Inde
1193 751 1377 792 rerum
1426 734 1676 793 omnium
1729 736 2081 808 gubernatori
2119 736 2332 792 cunctis
2370 736 2577 806 gratias
2607 735 2930 806 agentibus,
2960 735 3299 795 denominati

99 842 202 887 sunt
226 829 310 863 ’⁸³⁸
331 843 394 883 ex
418 836 651 898 utraque
686 835 839 897 parte
858 826 1145 882 duodecim
1170 826 1449 896 primates,
1479 841 1716 896 quorum
1741 825 1907 882 corda
1933 826 2098 880 timor
2123 825 2219 881 Dei
2246 827 2532 896 possidens
2556 812 2917 882 inveteratam
2964 827 3294 887 discordiam

98 925 212 978 inter
232 934 445 991 regnum
476 926 531 974 et
557 916 924 974 sacerdotium
954 916 1147 972 sedare
1184 916 1402 970 nemine
1438 914 1727 973 resistente
1761 914 2029 971 sufﬁceret
2058 914 2173 968 ¹⁸¹⁸.
2214 914 2295 970 Ad
2335 914 2451 970 hazc
2477 915 2886 971 determinanda
2919 916 3300 980 collaudantur

98 1020 359 1067 conventus
381 1010 549 1065 totius
574 1009 727 1080 regni
756 1008 1089 1079 principum,
1127 1007 1280 1064 curia
1310 1005 1625 1078 Wirciburg
1672 1006 1790 1074 ³⁸³⁷,
1832 1014 2046 1077 tempus
2097 1004 2300 1064 festum
2351 1005 2447 1039 ’⁸³⁸
2498 1008 2674 1063 sancti
2719 1005 3042 1067 Michahelis
3084 1010 3212 1080 m’;
3244 1022 3300 1069 et

97 1118 388 1174 unoquoque
413 1102 632 1172 prepria
656 1116 820 1155 manu
851 1100 906 1154 in
937 1100 1163 1156 alterius
1188 1115 1411 1155 manum
1442 1098 1758 1170 hujusmodi
1784 1106 2003 1168 pactum
2029 1098 2185 1169 quasi
2212 1097 2315 1153 sub
2345 1106 2689 1153 sacramento
2715 1099 2989 1169 ﬁrmante,
3016 1117 3144 1158 cum
3166 1119 3299 1161 pace

95 1208 136 1253 et
155 1196 330 1268 gaudio
349 1196 653 1250 discessum
683 1202 786 1250 est.

150 1286 370 1342 Evolutis
394 1294 519 1356 post
550 1286 666 1342 inec
687 1285 865 1340 tribus
901 1281 1013 1338 fere
1042 1281 1346 1347 mensibus,
1373 1277 1662 1335 Heinricus
1690 1278 1985 1348 imperator
2005 1276 2154 1332 venit
2181 1294 2306 1335 cum
2358 1280 2560 1352 ingenti
2613 1283 2875 1340 comitatu
2918 1284 2977 1339 in
3020 1284 3295 1341 civitatem

96 1379 367 1451 Wirciburg
388 1378 482 1411 '“°
509 1379 665 1450 juxta
689 1377 1001 1433 condictum
1032 1373 1259 1445 (Sept.);
1295 1372 1575 1428 Saxonum
1605 1370 1964 1445 [Wirziburg.
2009 1370 2175 1442 juxta.
2195 1372 2506 1429 condictum
2548 1391 2679 1431 vero
2726 1375 3005 1433 Saxonum
3037 1377 3132 1451 E.]
3169 1394 3298 1433 vero

94 1471 327 1542 principes
360 1486 469 1526 una
498 1486 624 1527 cum
648 1468 965 1540 Mogontino
990 1467 1207 1538 presule
1230 1466 1550 1535 ueterisque
1583 1472 1765 1521 castra
1810 1463 1998 1518 metati
2037 1472 2166 1519 sunt
2192 1462 2286 1497 ²⁵⁶¹
2312 1464 2467 1535 juxta
2497 1466 2675 1522 rivum
2711 1468 2805 1500 ”"
2842 1485 2964 1540 quae
3002 1469 3096 1511 ’⁸⁸³
3134 1468 3295 1525 Wer-

94 1550 390 1634 na”“(547)
407 1562 626 1628 dicitur,
651 1562 815 1616 unius
844 1560 949 1616 diei
979 1559 1083 1614 iter
1105 1559 1366 1614 habentes
1394 1557 1537 1612 "uia
1567 1572 1693 1628 rege
1726 1556 2109 1612 intersticium.
2139 1555 2218 1612 lbi
2242 1557 2536 1615 securitate
2569 1576 2665 1630 per
2695 1560 3066 1621 internuncios
3092 1565 3300 1621 utrobi-

93 1675 179 1730 que
203 1658 520 1729 composita,
550 1642 673 1727 poSt
698 1657 939 1711 triduum
969 1657 1092 1711 loco
1121 1655 1502 1726 prenominato
1528 1669 1710 1726 regem
1740 1654 2088 1710 conveniunt.
2143 1654 2189 1708 A
2219 1671 2328 1726 quo
2353 1657 2576 1726 paciﬁce
2629 1666 2782 1713 extra
2841 1674 3031 1715 muros
3079 1669 3302 1732 propter

94 1754 284 1808 nimiam
319 1754 604 1824 utriusque
628 1751 800 1823 partis
824 1751 1042 1806 turbam
1070 1751 1272 1820 recepti
1296 1749 1411 1818 ³⁸⁸⁸,
1448 1749 1643 1805 exinde
1689 1764 1785 1820 per
1828 1748 2145 1805 continuam
2176 1751 2537 1821 septimanam
2570 1753 2663 1787 ’⁸⁸⁷
2694 1754 2789 1809 uni
2817 1769 2877 1811 se
2914 1754 3112 1811 cotidie
3136 1757 3302 1812 curiae

93 1850 334 1918 colligunt,
376 1849 561 1921 ibique
589 1863 804 1918 semper
832 1863 996 1918 super
1022 1846 1118 1879 “"3
1140 1847 1380 1917 presenti
1403 1846 1496 1879 'm
1525 1845 1784 1902 scismate
1807 1843 1922 1913 ’m,
1972 1846 2125 1917 regni
2152 1845 2398 1902 videlicet
2448 1849 2540 1881 "”
2577 1858 2631 1905 et
2654 1832 3003 1922 sacerdotii,
3058 1852 3304 1908 sollerter

92 1953 292 2001 tractare
332 1960 441 2000 non
484 1950 855 2001 cessaverunt;
908 1940 1013 1997 Sed
1038 1941 1162 1997 licet
1190 1941 1437 1997 nonnulli
1463 1956 1652 2012 pacem
1676 1941 1773 1973 ³⁸⁵¹
1803 1941 2050 1998 odientes
2082 1942 2337 1998 scandala
2382 1959 2523 2000 nova
2552 1947 2826 2001 veteribus
2865 1949 3305 2018 superseminare

90 2043 436 2111 temptaverint
457 2035 574 2109 ⁷⁸⁸³,
604 2049 787 2096 tamen
816 2039 945 2111 quia
972 2038 1168 2095 divina:
1196 2039 1293 2072 "”
1312 2038 1675 2095 ordinationis
1710 2040 2011 2111 proposito,
2043 2041 2187 2096 unde
2219 2049 2299 2096 tot
2325 2042 2505 2114 capita
2529 2044 2605 2099 rei
2629 2044 2861 2115 publica:
2902 2046 2996 2080 ³⁸⁸⁸
3031 2061 3304 2104 convene-

92 2145 209 2202 rant,
237 2136 486 2190 resistere
518 2149 679 2190 nemo
704 2133 799 2166 ⁸⁵⁵⁸
827 2133 1085 2203 prevalet,
1123 2132 1341 2187 tandem
1370 2123 1661 2188 Heinricus
1685 2133 1981 2204 imperator
2007 2133 2102 2166 ’³⁵⁷
2128 2135 2442 2207 sponsionis
2473 2152 2587 2193 suae
2607 2153 2716 2193 non
2741 2139 3051 2210 immemor,
3076 2142 3301 2197 univer-

94 2238 166 2279 sas
200 2224 509 2294 questiones
558 2238 681 2293 quas
727 2222 1130 2277 ventilahantur
1162 2237 1271 2276 non
1307 2221 1506 2277 suimet
1540 2220 1770 2277 arbitrio
1806 2238 1907 2278 nec
1937 2238 2162 2280 suorum
2201 2226 2590 2296 quorumlibet.
2620 2230 2968 2287 contentione
3018 2232 3112 2287 sed
3149 2231 3310 2303 juxta

87 2325 279 2390 senatus
301 2315 619 2372 consultum
643 2314 917 2381 concludi,
950 2329 1046 2384 per
1074 2314 1261 2371 omnia
1283 2314 1338 2367 in
1367 2314 1624 2370 omnibus
1664 2314 1953 2372 concessit.
1992 2314 2147 2372 Unde
2169 2319 2299 2388 quia
2331 2319 2524 2387 multa,
2554 2336 2675 2391 qua:
2705 2330 2834 2378 tunc
2862 2323 2959 2356 ⁸⁸⁸⁸
2987 2323 3062 2379 ibi
3088 2340 3311 2397 magna-

90 2413 278 2469 nimiter
300 2413 398 2446 ¹⁸¹⁹
425 2412 692 2484 disposita
723 2420 852 2468 sunt
882 2410 1053 2484 (548),
1084 2426 1341 2466 enarrare
1362 2411 1458 2443 'm
1487 2411 1869 2484 longissimum
1897 2420 2001 2480 est,
2033 2428 2095 2467 ea
2120 2419 2352 2469 .tantum
2384 2413 2475 2446 ’m
2508 2431 2630 2485 quae
2662 2416 2826 2472 etiam
2873 2433 3039 2474 causa
3069 2419 3308 2476 maxima

86 2506 296 2576 ejusdem
337 2513 646 2565 conventus
674 2504 917 2572 fuerunt,
959 2503 1067 2560 huc
1093 2503 1191 2537 "“
1235 2512 1499 2558 annotare
1531 2503 1790 2571 suﬂiciat;
1836 2512 2004 2574 utque
2036 2503 2133 2536 ’⁵⁸³
2171 2519 2361 2575 pacem
2403 2504 2772 2562 ﬁrmissimam
2822 2515 2877 2562 et
2928 2509 2997 2563 ab
3052 2510 3311 2567 omnibus

88 2599 418 2656 universalem
464 2599 567 2655 sub
607 2597 732 2655 vita:
755 2595 1001 2668 periculo
1040 2594 1285 2668 legaliter
1324 2594 1632 2651 institutam
1657 2592 1775 2660 ³⁸⁸⁵,
1812 2594 2014 2665 regalia
2042 2594 2128 2650 vel
2157 2594 2362 2650 ﬁscalia
2391 2611 2579 2668 regno,
2609 2598 2991 2655 aecclcsiastica
3026 2601 3311 2670 tecclesiis,

86 2693 246 2761 predia
270 2691 602 2765 depredalis,
628 2691 956 2747 hereditates
985 2688 1298 2756 heredibus,
1324 2688 1582 2759 omnique
1605 2702 1852 2758 personae
1874 2687 1957 2742 vel
1984 2686 2280 2744 conditioni
2306 2689 2583 2761 pr0priam
2614 2690 2979 2762 adjudicatam
3004 2707 3124 2750 esse
3145 2694 3310 2765 justi-

89 2786 224 2840 ciam.
250 2784 329 2841 Ad
354 2784 479 2840 haec
503 2783 772 2855 predones
796 2780 1054 2852 furesque
1081 2780 1273 2837 edictis
1294 2778 1667 2850 imperialibus
1695 2780 2101 2850 persequendos
2131 2780 2245 2836 sive
2272 2781 2482 2853 legibus
2504 2783 2806 2853 antiquitus
2824 2785 3316 2844 constitutiscoer-

93 2878 296 2946 candos,
325 2877 576 2934 unanimi
616 2874 993 2947 conjuratione
1038 2873 1421 2931 conﬁrmatum
1468 2880 1582 2940 est;
1635 2878 1689 2928 et
1716 2871 1812 2904 ’⁸⁸⁸
1859 2872 2119 2944 quicquid
2159 2873 2425 2943 scandali,
2461 2874 2721 2945 quicquid
2752 2875 2850 2908 ’⁸⁸⁸
2886 2879 3317 2947 perturbationis

96 2987 461 3044 usquequaque
484 2985 582 3043 per
609 2984 777 3041 regna
805 2967 1111 3046 Germaniae
1138 2966 1347 3021 inimici
1370 2965 1667 3022 seminario
1689 2976 2055 3034 succreverat,
2084 2966 2418 3023 omnimodis
2461 2968 2727 3024 eradicari
2754 2970 3032 3026 decretura
3078 2981 3183 3028 est.
3239 2972 3316 3029 De

95 3067 237 3122 verbo
261 3076 442 3122 autem
469 3061 1077 3127 excommunicationis,
1109 3060 1251 3116 unde
1273 3059 1529 3117 scandala
1559 3075 1695 3130 pene
1716 3068 1913 3116 cuncta
1935 3059 2334 3130 pululaverant,
2359 3060 2528 3115 nichil
2549 3070 2633 3117 est
2665 3063 2759 3095 ³³⁸⁷
2791 3062 3099 3133 diliinitum,
3131 3073 3316 3121 tamen

94 3158 149 3214 ad
184 3158 463 3229 apostolici
486 3156 770 3228 regiminis
798 3154 1131 3215 audientiam
1155 3152 1504 3208 concorditer
1524 3151 1578 3206 in
1605 3152 1799 3207 timore
1826 3151 2015 3207 divino
2037 3150 2262 3207 dilatum
2298 3152 2414 3221 ⁸⁸⁸⁸,
2441 3153 2806 3211 denominatis
2830 3154 2883 3209 in
2905 3157 3143 3227 presenti
3155 3135 3315 3228 'legaav

86 3250 166 3318 tis,
193 3251 280 3321 qui
310 3250 544 3307 Romam
573 3249 694 3304 haec
716 3247 902 3305 omnia
935 3245 1229 3313 deferrent,
1260 3245 1543 3316 quatinus,
1571 3244 1775 3300 indicto
1812 3258 1907 3315 per
1937 3244 2317 3303 auctoritatem
2359 3246 2713 3316 apostolicam
2764 3248 3005 3318 generali
3049 3249 3305 3315 concilio,

85 3357 414 3413 quascumque
445 3341 689 3396 humano
709 3353 818 3393 non
850 3344 1094 3409 possent,
1120 3335 1358 3407 Spiritus
1388 3335 1563 3391 sancti
1584 3334 1792 3406 judicio
1818 3335 2263 3392 terminarentur.
2299 3334 2395 3391 His
2423 3336 2497 3391 ita
2540 3344 2851 3393 reverenter
2881 3352 2982 3408 pro
3027 3339 3321 3408 honestate.

85 3432 222 3487 simul
247 3441 299 3489 et
319 3431 557 3488 utilitate
584 3429 738 3502 regni
762 3427 1065 3498 dispositis,
1090 3423 1345 3483 destinati
1368 3436 1496 3483 sunt
1523 3427 1576 3482 in
1603 3426 1844 3499 presenti
1873 3427 2109 3484 domnus
2131 3426 2256 3485 Otto
2286 3429 2485 3499 praesul
2506 3428 2993 3501 Babenbergensis,
3011 3430 3325 3488 duxllein—

86 3520 228 3590 licus,
252 3537 436 3580 comes
465 3519 949 3591 Bercngeriusm’,
975 3518 1069 3589 qui
1105 3518 1220 3574 haec
1249 3519 1343 3550 ’⁵⁷⁸
1368 3517 1554 3575 omnia
1582 3515 1795 3573 Noricis
1830 3517 2188 3589 principibus,
2223 3519 2318 3589 qui
2349 3526 2480 3574 tunc
2522 3516 2661 3575 forte
2690 3519 2811 3577 aliis
2834 3522 3086 3593 occupati
3117 3522 3195 3578 rei
3218 3539 3322 3593 pu-,

85 3615 214 3673 hlicze
252 3616 436 3675 causis
470 3615 712 3687 predicto
745 3612 1036 3670 conventui
1072 3613 1316 3679 deerant,
1355 3611 1498 3683 apud
1522 3610 1880 3683 Ratisponam
1922 3610 2042 3666 Kal.
2084 3609 2375 3667 Novembr.
2408 3611 2754 3679 convocatis,
2786 3612 3128 3683 intimarent;
3175 3630 3318 3671 auos

83 3719 128 3764 et
150 3711 209 3766 ad
240 3709 424 3767 omnia
463 3710 579 3765 brec
603 3706 940 3763 voluntarios
969 3706 1317 3762 inveniebant
1335 3714 1502 3776 atque
1522 3703 1923 3760 conﬁrmabant
1956 3705 2075 3760 "7‘.

141 3798 209 3856 De
235 3800 279 3854 Ἰ
311 3797 652 3855 monasterio
680 3794 939 3851 Fuldensi
961 3795 1131 3851 turris
1161 3794 1421 3850 australis
1455 3793 1684 3860 corruit,
1709 3809 1775 3848 ac
1801 3793 2175 3850 sanctuarlum
2211 3794 2476 3850 oricntale
2503 3799 2558 3849 et
2596 3809 2718 3849 eam
2765 3811 2888 3867 quae
2935 3797 3131 3854 subtus
3175 3797 3310 3856 illud

83 3900 182 3945 erat
207 3891 437 3962 criptam
455 3887 757 3958 altariaque
778 3894 985 3957 septem
1007 3885 1365 3941 circumcirca
1386 3882 1729 3955 compressit.

225 3982 275 4054 Ι)
307 3982 535 4052 Reliqua
561 3981 717 4049 hujus
748 3980 875 4032 anni
910 3979 1098 4033 desunt
1130 3980 1162 4034 4
1191 4008 1259 4018 --
1286 3978 1379 4044 ΙΙ,
1407 3993 1691 4048 eorumque
1713 3974 1829 4029 loco
1854 3973 1965 4028 haec
1992 3971 2247 4055 leguntur.
2271 3973 2327 4054 in
2353 3973 2406 4027 4.
2456 3971 2489 4028 6
2528 4001 2600 4053 -τ-
2634 3972 2711 4056 ΙΙ,
2757 3992 2769 4027 :
2829 3973 3033 4030 Eodem
3084 3994 3230 4037 anno
3261 3979 3320 4036 in

270 4051 652 4107 Swarzabensi
688 4050 1025 4105 monasterio
1059 4050 1130 4104 ob
1156 4050 1262 4119 7"”
1297 4050 1561 4103 honorem
1582 4056 1645 4119 iet
1674 4044 2032 4119 reverentiam
2057 4043 2151 4074 ’⁸⁷³
2174 4051 2743 4119 ριιεειωξηςεηιιιειοξε
2769 4059 2883 4119 sua;
2908 4044 3093 4101 Mariae
3125 4064 3320 4119 perpe-

268 4131 489 4195 tuaeque
517 4121 770 4195 virginis,
801 4129 856 4175 et
893 4130 1097 4195 sanctae
1127 4118 1425 4175 Felicitatis
1449 4118 1710 4195 preclarge
1727 4112 2017 4195 martyris,
2050 4121 2366 4195 septemque
2395 4112 2818 4195 ﬁliorum‘ejus,
2838 4114 2912 4195 .in
2955 4112 3191 4185 quorum
3221 4112 3320 4151 ⁵⁸⁷⁵

272 4181 483 4247 honore
517 4181 660 4245 idem
688 4181 1081 4246 monasterium
1106 4181 1483 4245 constructum
1509 4197 1565 4243 et
1587 4188 1682 4220 ’⁸⁷⁸
1708 4181 2019 4242 dedicatum
2041 4181 2150 4256 est,
2175 4181 2378 4256 factum
2403 4190 2487 4256 est
2503 4183 2780 4256 quoddam
2806 4181 3025 4256 signum
3050 4203 3322 4244 memora-

272 4264 379 4318 bile
408 4262 525 4315 ‘m.
567 4260 721 4316 Sicut
745 4262 889 4315 enim
928 4259 1192 4316 Dominus
1224 4260 1353 4315 fecit
1386 4260 1615 4316 salutem
1642 4256 2004 4329 quondam_in
2039 4253 2261 4329 homine
2286 4270 2317 4309 a
2345 4252 2630 4329 nativitate
2651 4269 2822 4329 cmco,
2854 4252 2935 4310 sic
2966 4256 3086 4329 istis
3112 4266 3324 4329 tempo-

272 4334 429 4406 ribus
450 4331 781 4406 perpetravit
803 4331 856 4406 in
879 4330 1080 4406 juvene
1106 4347 1139 4406 a_
1176 4331 1456 4406 nativitate
1485 4322 1675 4406 muto:
1691 4327 1794 4382 Sed
1817 4326 2051 4406 qualiter
2084 4325 2186 4380 hoc
2212 4322 2503 4406 contigerit
2527 4324 2622 4355 ’⁵⁷⁷
2666 4324 2919 4406 Ιητὲγίιριῂ
2937 4322 3325 4406 pandimus-"ct

273 4394 624 4472 notiﬁéam'us
652 4402 771 4454 πη.
807 4394 1021 4455 ΕίειΙΙει
1050 4401 1250 4472 quippe
1278 4400 1560 4472 provincia
1587 4414 1723 4469 puer
1743 4394 1964 4468 quidam
1987 4396 2357 4472 pauperculus
2380 4394 2510 4472 illuc
2523 4394 2969 4472 supervenerat,
2981 4398 3079 4472 qui
3124 4414 3160 4472 ῃ
3197 4398 3333 4472 dis-

274 4480 563 4543 pensatore
588 4470 817 4527 fratrum
847 4485 947 4541 pro
989 4465 1364 4528 misericordia
1401 4465 1696 4543 clementer
1736 4465 2043 4549 susceptus,
2076 4465 2417 4521 deserviehat
2465 4465 2663 4520 ibidem
2718 4467 2919 4523 multis
2953 4467 3053 4500 ’⁸⁷⁸
3104 4468 3322 4536 diebus,

1328 4580 1561 4638 VARIAE
1601 4577 2002 4637 LECTIONES.

143 4679 230 4712 ³⁸³⁸
268 4679 365 4735 ﬁlii
392 4680 494 4735 ΕΙ.
529 4679 584 4733 2.
687 4677 778 4710 ”"
819 4692 871 4730 v.
904 4675 959 4730 d.
992 4676 1045 4731 5.
1146 4675 1241 4708 ’⁸³⁵
1279 4676 1393 4730 ind.
1445 4673 1663 4729 interim
1709 4672 1764 4727 4.
1866 4670 1959 4704 ’⁸³³
1994 4670 2137 4725 deest
2189 4669 2240 4723 7.
2335 4669 2432 4702 ”“
2476 4670 2715 4726 decrevit
2752 4670 2805 4726 4.
2916 4671 3014 4704 ’³³⁸
3076 4672 3220 4726 deest
3266 4674 3319 4727 4.

85 4748 168 4781 ""
210 4751 518 4807 sufﬁcerent
567 4749 617 4803 7.
676 4748 762 4803 9°.
874 4746 1319 4818 fmuwirziburg'
1349 4744 1444 4818 Et.
1492 4745 1547 4818 4.
1576 4744 1646 4818 Δξ’).
1694 4742 1763 4818 6_?
1807 4740 1895 4818 ΙΑΟ.
1942 4741 2253 4818 wirciburc.
2300 4740 2357 4818 7:
2608 4740 2793 4818 _festu_i
2848 4740 2974 4818 D‘l_,_
3038 4742 3161 4818 _'”’
3203 4758 3321 4818 rna-

81 4820 269 4876 ehaelis
299 4821 352 4875 7.
426 4820 523 4853 ⁸⁸⁵⁹
562 4818 855 4876 wirzihum
875 4817 927 4871 4.
962 4816 1015 4871 5.
1043 4809 1337 4871 wircibui‘c
1359 4814 1408 4868 7.
1436 4813 1769 4869 wirciburch
1815 4812 1900 4867 9°.
1950 4810 2243 4866 wirziburc
2293 4810 2380 4865 10.
2460 4810 2552 4843 ¹⁸⁵¹
2583 4810 2727 4865 deest
2753 4812 2805 4866 4.
2882 4811 2976 4843 ’⁸η
3006 4811 3190 4866 rinum
3217 4809 3314 4865 ΕΞ.

82 4887 165 4960 9⁸³
198 4906 303 4960 que
331 4908 473 4945 corr.
499 4889 593 4960 qui
615 4889 670 4943 6.
700 4888 795 4960 qui
1065 4887 1176 4960 *³εῇ
1196 4900 1372 4960 w_erra
1396 4885 1447 4960 7.
1473 4885 1565 4939 9°.
1593 4898 1768 4939 werra
1789 4882 2228 4960 super-scriptun.
2259 4881 2338 4935 5..
2390 4880 2489 4960 “ff
2526 4881 2804 4960 a_rege__b.
2954 4880 3063 4960 λ¹⁵ξ⁶
3100 4890 3323 4960 recepto

83 4905 165 4921 ""
198 4906 303 4960 que
331 4908 473 4945 corr.
499 4906 593 4960 qut
615 4905 670 4943 Ι).
741 4905 795 4942 ΙΙΙ
837 4905 878 4940 t.
904 4905 988 4940 3⁸⁵.
1066 4905 1159 4924 "'"
1196 4905 1371 4940 werra
1405 4905 1447 4939 ι.
1473 4905 1565 4939 νυ.
1594 4905 1768 4939 werra
1789 4905 2147 4951 superscripto
2173 4905 2228 4935 ιι.
2259 4905 2338 4935 υ..
2392 4905 2486 4912 ""'
2526 4905 2557 4934 ει
2590 4905 2715 4952 rege
2751 4905 2804 4935 II.
2837 4905 2890 4936 4.
2967 4905 3062 4913 ’⁷⁷⁷
3102 4905 3320 4952 receptu

81 4958 126 5013 λι,
159 4905 800 5033 ᾃηυλβωοηηιᾴθηιῖἒ-
844 4956 938 4989 ’⁸³⁸
975 4956 1115 5010 deest
1147 4958 1199 5010 6.
1236 4956 1291 5033 7_.
1318 4954 1409 5033 uti
1431 4969 1648 5033 semper
1684 4952 2218 5033 corr;_super.‘__:‘”
2253 4950 2525 5033 pre‘sentis
2560 4949 2611 5003 7.
2688 4950 2783 4982 "5°
2820 4950 2969 5033 deest
3005 4951 3231 5033 4.___’_"_‘
3267 4970 3320 5033 γ.

81 4969 126 5013 4.
196 4969 286 4993 ’⁵⁵⁷
326 4969 687 5016 ebdomadam
714 4969 766 5012 4.
844 4969 938 4989 ηδ’
975 4969 1115 5010 deest
1147 4969 1199 5010 6.
1238 4969 1287 5009 'l.
1318 4969 1648 5057 uatsemper
1684 4969 1822 5006 corr.
1864 4969 2046 5020 super.
2126 4969 2218 4986 -υη
2253 4969 2525 5033 presenus
2570 4969 2611 5003 ι.
2691 4969 2783 4982 ην*
2820 4969 2964 5006 aeest
3005 4969 3059 5006 4.
3138 4969 3231 4984 ’ϋ
3267 4970 3320 5008 v.

80 5044 120 5083 r.
146 5031 195 5085 4.
270 5031 367 5064 ²⁸⁵¹
408 5045 540 5097 pace
562 5031 647 5084 9°.
707 5029 802 5061 ³⁵⁵³
841 5034 1240 5097 temptaverunt
1261 5024 1425 5097 7.A9°.
1454 5025 1548 5097 -ῗδ
1580 5024 1602 5097 ξ
1634 5040 1686 5079 o.
1711 5021 1886 5097 d_._AEl.
1915 5020 1969 5075 2.
2048 5022 2144 5097 ’ξπ
2183 5021 2484 5097 republica
2513 5029 2888 5097 convenerunt
2915 5021 3020 5097 9°.
3066 5022 3323 5097 ""deest

82 5098 187 5172 ιρι.
213 5119 267 5155 ιι.
296 5118 350 5172 p.
384 5090 434 5155 7.
511 5102 622 5172 ηδτ
645 5090 1021 5172 imperatorii.
1181 5097 1275 5172 ξδδδ
1305 5095 1349 5172 _i.
1380 5103 1419 5149 t.
1576 5094 1634 5172 2;
1689 5093 1801 5172 Am“
1839 5106 2040 5172 magna
2068 5091 2145 5172 7._
2185 5091 2287 5172 _’“°
2326 5107 2553 5172 narrare
2584 5090 2887 5172 longum}.
2928 5092 3024 5172 1‘“
3048 5101 3239 5172 tamen

81 5169 277 5227 ""bic
296 5157 350 5226 λ.
380 5172 431 5225 7.
535 5170 628 5208 ’⁸⁸³
668 5157 862 5227 utque
901 5168 955 5222 6.
1057 5166 1154 5199 ’⁵⁸⁸⁵
1192 5167 1439 5221 instituta
1492 5162 1545 5219 6.
1603 5162 1654 5218 7.
1687 5163 1772 5218 9°.
1875 5157 1969 5193 ""
2005 5161 2147 5216 deest
2173 5161 2226 5217 4.
2338 5157 2434 5193 ⁸⁸⁸⁵
2470 5160 2555 5216 vel
2599 5160 2654 5215 4.
2681 5157 2706 5161 ”
2756 5159 2848 5194 ’⁸⁸⁷
2888 5162 2983 5217 nil.
3031 5163 3086 5218 (Ι.
3134 5171 3220 5219 est
3267 5165 3321 5218 4.

80 5240 165 5273 ’⁸⁸⁸
197 5243 338 5296 deest
377 5241 428 5295 7.
457 5239 514 5294 d.
546 5249 630 5295 est
649 5240 734 5296 9°.
758 5229 995 5295 delatum
1020 5236 1116 5291 El.
1192 5236 1660 5306 ""‘berengerus
1694 5234 1746 5288 5.
1774 5233 1840 5285 Α.
1875 5229 1932 5286 S.
1970 5232 2174 5306 bereng
2198 5231 2470 5306 4._b_emn_g
2500 5231 2553 5285 6.
2579 5231 2664 5286 9°.
2686 5231 3317 5306 beringer7.bering10.

82 5307 289 5367 lteriutze
319 5313 409 5367 ll.
437 5310 494 5365 Β.
522 5310 620 5364 ΕΙ.
716 5310 810 5342 ¹⁸⁷⁰
851 5310 993 5363 dust
1034 5307 1120 5361 10.
1158 5307 1243 5361 ΙΙ.
1351 5307 1443 5338 ’δτι
1474 5301 1938 5361 conﬁrmaverunt
1970 5301 2069 5356 El.
2094 5301 2164 5356 ἓξ
2251 5303 2347 5333 ¹⁸⁷¹
2374 5301 2456 5356 ad
2471 5318 2610 5356 corr.
2660 5303 2750 5357 ob.
2784 5301 2868 5357 ϐξ
2941 5303 3036 5336 ’⁸⁷³
3064 5301 3325 5361 reveren-

81 5380 202 5452 tiam
227 5372 285 5436 6.
391 5381 487 5452 ἤδη
532 5397 587 5452 q.
618 5379 673 5435 in
720 5381 772 5436 4.
877 5379 1040 5434 “"c.
1079 5386 1164 5433 est
1191 5384 1245 5432 et
1272 5376 1326 5432 d.
1357 5376 1409 5430 4.
1524 5373 1620 5406 ’⁸⁷⁵
1657 5372 1976 5429 memoriale
2004 5373 2057 5427 4.
2169 5372 2261 5405 ’⁸⁷⁷
2300 5372 2545 5428 evenerit
2566 5373 2618 5428 4.
2723 5372 2818 5406 ³⁵⁷⁸
2855 5382 2910 5430 et
2962 5391 3018 5430 n.
3055 5374 3243 5430 desunt
3265 5375 3319 5429 4.

80 5449 165 5483 ’"'
193 5452 349 5507 multi
388 5449 443 5506 6.
550 5449 566 5452 ’
1570 5522 1774 5592 NOTAE

167 5632 292 5697 547)
326 5632 589 5688 Wernitz.

167 5634 292 5697 547)
326 5634 589 5688 Wernitz.

142 5634 287 5775 ἔδω)
317 5702 404 5759 (1f.
433 5702 793 5769 conditiones,
830 5701 881 5754 in
915 5716 1052 5771 quas
1079 5707 1470 5765 convenerunt,
1504 5695 1644 5751 Mori.
1683 5696 1844 5768 Legg.
1880 5694 1946 5761 ll,
1978 5711 2030 5764 p.
2064 5693 2149 5748 74.
