3862 6306
476 261 607 317 1051
1667 244 1753 300 ΕΚ
1762 242 2001 300 KEHAR

2207 243 2567 307 AUGIENSIS
3601 248 3732 306 1052

552 375 798 429 Alterum
821 386 1039 442 quoque
1063 384 1171 425 non
1195 365 1366 420 multo
1388 371 1533 434 post,
1562 360 1614 415 id
1642 368 1726 417 est
1753 359 1809 414 in
1840 357 1981 415 festo
2004 358 2178 415 sancti
2202 358 2442 426 Martini,
2471 359 2804 430 colloquiu’m
2831 359 3132 433 imperator
3144 377 3272 418 cum
3294 361 3632 434 principum
3648 366 3734 435 qui

479 467 652 541 priori
682 481 792 522 non
831 466 1054 519 aderant
1094 457 1404 531 Babenberg
1427 454 1523 485 ’⁸⁷⁸
1552 451 1771 521 habuit;
1820 451 1912 506 ubi
1942 458 1995 507 et
2030 448 2243 505 cunctis
2286 449 2341 505 in
2391 465 2488 505 sua
2529 458 2654 504 vota
2694 451 3177 520 concordantibus,
3212 452 3361 508 inter
3398 452 3587 521 multa,
3627 472 3741 525 qua

483 572 596 619 tam
624 561 690 616 ad
712 558 864 629 regni
893 570 1057 628 quam
1082 554 1148 609 ad
1177 549 1468 609 sacerdotii
1502 545 1876 618 congruebant
1899 543 2182 610 honorem,
2214 556 2364 597 more
2405 542 2677 612 majorum
2713 543 3054 614 compositis,
3096 543 3307 615 legatos
3344 545 3597 617 proprios
3625 560 3736 602 ω

485 651 746 708 Romanis
779 645 1090 712 destinavit,
1117 652 1172 700 et
1194 651 1457 711 utrosque
1481 639 1598 707 ⁸⁸⁷⁸,
1624 637 1825 692 nuncia
1845 635 2008 693 simul
2031 643 2085 690 et
2103 648 2332 690 munera
2356 631 2590 690 ferentes
2609 632 2931 703 honoriﬁca,
2955 633 3161 692 domno
3193 635 3501 707 apostoliw
3531 634 3740 708 (lalisio,

488 737 894 810 consanguineo
919 734 1127 791 scilicet
1145 732 1260 804 jam
1287 731 1506 787 sibimet
1526 727 1861 795 unitissimo,
1889 725 2105 782 direxit.

559 831 833 904 [Preterea
863 829 1066 885 domno
1081 823 1310 891 Erlolfo,
1332 821 1427 894 qui
1448 819 1813 876 Fuldensibus
1842 818 2008 875 etiam
2035 816 2227 907 invitis
2251 824 2486 907 prec-rat,
2513 823 2640 907 ante
2664 831 2872 907 paucos
2891 815 3013 875 dies
3032 817 3317 884 defuncto,
3342 833 3469 875 cum
3488 834 3763 907 consensu:

488 903 820 991 presentium
851 915 1179 987 principum,
1209 912 1472 969 electione
1494 908 1734 981 regulari
1770 907 2057 979 premissa,
2088 906 2324 963 domnus
2356 903 2702 975 Oudalricus,
2740 906 2991 978 ejusdem
3014 914 3466 982 congregationis
3490 908 3676 970 frater.
3697 910 3747 962 in

490 1009 730 1081 regimen
763 1007 1049 1073 successit,
1079 1014 1133 1062 et
1159 1004 1313 1075 juxta
1349 1000 1691 1073 privilegium
1731 999 2090 1071 proscriptum
2135 999 2338 1072 regalia
2366 999 2453 1055 vel
2483 999 2694 1056 ﬁsealia
2719 1000 2897 1056 eidem
2920 1002 3018 1035 ’⁸⁷⁸
3047 1003 3280 1060 cenobio
3319 1002 3651 1075 pertinentia
3690 1002 3756 1056 ab
3860 1008 3862 1011 '

491 1102 819 1171 imperatore
844 1095 1100 1167 suscepit.
1141 1093 1230 1166 E.j

848 1198 861 1205 ’
1811 1186 1875 1242 Ᾱ.
1916 1186 1979 1242 1).
2004 1187 2098 1220 ’⁵⁷⁷
2136 1186 2422 1243 MCXXIII.

566 1287 864 1357 Imperator
888 1284 1177 1341 lleinricus
1206 1282 1440 1339 natalem
1468 1279 1685 1336 Domini
1715 1279 1953 1351 Trajecti
1984 1279 2295 1336 celebravit.
2333 1278 2519 1337 Oritur
2555 1280 2607 1335 in
2642 1279 2775 1352 ipsis
2805 1280 2959 1361 festis
2998 1282 3195 1341 diebus
3235 1283 3494 1354 quaedam
3515 1281 3767 1338 simultas

495 1381 592 1448 tio,
624 1380 764 1435 inter
789 1379 998 1434 aulicos
1029 1377 1237 1434 scilicet
1258 1384 1311 1432 et
1336 1372 1575 1446 episcopi
1605 1371 2023 1440 ministeriales;
2056 1386 2180 1442 quin
2205 1370 2371 1425 etiam
2400 1386 2466 1428 eo
2489 1372 2782 1443 processit,
2811 1380 2871 1427 ut
2898 1372 2993 1405 ’⁵⁷⁸
3029 1373 3285 1429 universa
3307 1374 3469 1430 curia
3500 1373 3666 1429 simul
3705 1388 3765 1428 ac

497 1472 714 1532 civitate
739 1479 1014 1527 commota
1035 1450 1150 1536 ⁸⁵⁷⁵,
1199 1468 1487 1539 utriusque
1512 1466 1605 1500 ¹⁶⁸⁰
1631 1464 2057 1536 partiS'armatze
2085 1472 2476 1520 concurrerent
2521 1464 2795 1533 cohortes.
2826 1465 2915 1522 Fit
2944 1465 3152 1523 clamor
3180 1466 3480 1537 confusus,
3526 1469 3692 1538 quasi
3736 1486 3781 1524 a-

468 1563 938 1639 ‘Trajectensibus
971 1563 1025 1617 in
1049 1560 1141 1593 ¹⁶⁸¹
1172 1560 1554 1630 imperatorem
1582 1557 1887 1629 conjuratio
1919 1556 1990 1612 sit
2017 1555 2194 1624 facta;
2230 1556 2418 1627 sicque
2445 1556 2553 1613 illis
2583 1556 2921 1616 irruentibus
2944 1567 3000 1615 et
3025 1559 3147 1616 istis
3185 1561 3600 1629 resistentibus,
3633 1561 3781 1616 suis

498 1656 858 1714 committitur
879 1669 1080 1724 pugna,
1113 1653 1247 1708 adeo
1277 1659 1336 1707 ut
1365 1650 1520 1707 multi
1548 1650 1823 1719 caderent,
1854 1650 2039 1721 plures
2056 1650 2122 1707 de
2152 1648 2438 1723 oppidanis
2465 1658 2815 1721 caperentur,
2843 1651 3040 1723 reliqui
3069 1652 3124 1708 in
3152 1654 3355 1709 turrim
3379 1654 3779 1719 ﬁrmissimam,

418 1802 431 1813 ,
503 1766 627 1821 quae
649 1750 744 1783 m‘
779 1748 889 1803 illic
915 1757 1052 1816 erat,
1093 1745 1466 1817 confugerent.
1506 1742 1753 1800 Pontifex
1798 1744 1963 1800 etiam
2003 1743 2139 1815 ipse,
2176 1743 2336 1814 quasi
2370 1745 2524 1814 pravi
2567 1744 2785 1801 consilii
2824 1745 3095 1818 particeps
3132 1755 3189 1802 et
3213 1746 3287 1802 ob
3322 1747 3436 1803 hoc
3474 1747 3775 1817 maiestatis

500 1864 629 1903 reus
652 1845 888 1911 habitus,
917 1843 1176 1900 custodia:
1209 1842 1470 1910 traditur,
1503 1857 1532 1898 a
1560 1857 1668 1913 qua
1704 1849 1897 1912 postea
1932 1856 2129 1912 magna
2174 1841 2422 1911 pecunia:
2474 1857 2690 1898 summa
2735 1841 3029 1909 multatus,
3081 1842 3272 1899 multis
3316 1843 3490 1899 etiam
3526 1844 3773 1914 primori.

502 1942 605 1998 bus
634 1942 727 1974 ’⁸⁸³
747 1941 960 1996 illarum
984 1938 1221 2009 partium
1248 1935 1751 2001 intervenientibus,
1781 1944 1835 1991 et
1856 1935 2093 1991 maxime
2115 1933 2393 1991 Friderico
2427 1934 2741 1990 Coloniensi
2764 1934 3177 2006 archiepiscopo
3199 1935 3318 2002 ⁸⁸⁸⁵,
3352 1936 3447 1991 vix

502 2018 863 2105 Cmpitetiam
897 2042 1029 2088 tunc
1062 2031 1365 2104 germinare
1390 2029 1678 2087 discordiae
1704 2030 1850 2086 illius
1878 2029 2259 2099 seminarium,
2288 2044 2411 2100 quae
2437 2030 2684 2101 sequenti
2726 2039 2917 2087 testate
2966 2030 3210 2086 maximo
3246 2032 3403 2088 illius
3424 2033 3523 2065 ⁸⁸⁸⁸
3860 2062 3862 2105 ς

506 2125 744 2196 dampno
779 2140 900 2195 quae
928 2123 1092 2193 vulgo
1121 2119 1343 2175 Hollant
1362 2120 1456 2154 ³⁸⁸³
1481 2128 1730 2188 vocatur,
1758 2135 1976 2176 morose
2002 2136 2067 2177 ac
2093 2120 2186 2153 ’⁸⁸⁷
2216 2120 2512 2188 laboriose,
2542 2127 2597 2176 et
2615 2121 2707 2176 vix
2733 2120 2954 2177 tandem
2985 2122 3104 2193 ipso
3136 2123 3482 2193 imperatore
3502 2126 3774 2196 copiosum
3860 2176 3862 2179 .

501 2220 595 2278 illo
620 2216 916 2274 exercitum
942 2214 1193 2280 ducente,
1221 2212 1652 2279 terminabatur;
1683 2213 1775 2269 ubi
1810 2221 2058 2270 matrona
2119 2214 2356 2285 quedam
2385 2213 2546 2284 cujus
2575 2229 2778 2271 nomen
2800 2215 3003 2271 excidit
3038 2214 3372 2290 [exercitum
3408 2217 3653 2274 ducente
3680 2228 3774 2275 ter-

502 2308 833 2374 minabatur,
863 2306 953 2361 ubi
977 2312 1223 2359 matrona
1248 2304 1481 2376 quedam
1504 2304 1787 2362 Gertrudis
1810 2307 2031 2362 nomine
2054 2305 2218 2380 (E.)],
2250 2322 2408 2362 soror
2438 2306 2700 2364 nimirum
2722 2306 2968 2364 Lotharii
2996 2308 3173 2376 ducis,
3200 2309 3371 2380 cujus
3399 2312 3501 2344 ⁸⁸⁸⁸
3518 2320 3578 2367 es
3616 2323 3775 2384 patro-
3860 2314 3862 2317 ’

504 2401 651 2456 cinio
681 2398 906 2465 conlisa,
938 2396 1255 2468 imperatori
1280 2396 1540 2452 rebellare
1568 2398 1937 2468 presumebat.
3860 2450 3862 2455 .

575 2492 653 2547 Eo
682 2492 868 2562 itaque
913 2498 1155 2559 tempore
1176 2488 1353 2560 primo
1375 2504 1473 2560 per
1504 2487 1823 2559 Saxoniam,
1863 2490 2058 2546 deinde
2088 2506 2186 2562 per
2213 2499 2402 2548 totam.
2421 2506 2558 2563 pene
2588 2492 2683 2525 ’⁸⁸⁸
2713 2490 3064 2550 Germaniam
3094 2494 3351 2550 externis
3378 2496 3777 2567 quiescentilas
3860 2542 3862 2557 ε

503 2590 684 2663 [bellis
713 2576 854 2661 “"1,
887 2584 1129 2642 civilium
1162 2584 1366 2656 ubique
1394 2584 1721 2641 seditionum
1762 2593 2059 2656 tempestas
2087 2585 2355 2655 increvit;
2393 2596 2447 2644 et
2483 2595 2545 2643 ut
2582 2587 2660 2643 ait
2705 2588 3011 2659 prepheta:
3050 2588 3399 2643 mendacium
3424 2598 3480 2644 et
3505 2589 3773 2660 perjsrisa
3860 2570 3862 2579 ’

502 2684 907 2748 inundaverant,
955 2692 1004 2738 et
1034 2682 1125 2716 ¹⁶⁹¹
1169 2684 1385 2755 sanguis
1422 2683 1729 2754 sanguinem
1760 2684 1931 2756 tetigit
1968 2682 2221 2756 (Oseetv,
2247 2684 2327 2755 2).
2381 2683 2656 2741 Predones
2700 2685 2920 2756 quippe,
2968 2684 3061 2755 qui
3111 2685 3217 2739 sub
3265 2686 3510 2741 nomine
3555 2687 3775 2757 quitum

505 2775 747 2847 undique
776 2776 1349 2848 superhabundabant,
1377 2779 1534 2835 villas
1559 2788 1613 2835 et
1643 2795 1804 2851 agros
1830 2780 2202 2837 acelesiarum
2238 2779 2585 2848 invadebant,
2633 2781 2859 2837 colonos
2887 2781 2980 2813 ’⁸³³
3007 2780 3157 2836 domi
3177 2780 3442 2852 forisque
3467 2782 3772 2853 spoliabant.
3860 2776 3862 2841 ἓ

503 2883 557 2929 ει
591 2874 661 2931 ah
699 2873 792 2905 sses
821 2873 999 2930 scelus
1027 2875 1039 2929 ε
1075 2876 1144 2930 ab
1173 2874 1260 2930 his
1283 2875 1377 2907 ποθι
1405 2875 1501 2946 qui
1525 2891 1665 2945 pane
1695 2876 1813 2932 solo
1840 2883 1895 2931 et
1921 2891 2066 2945 aqua
2095 2873 2192 2910 ’⁸⁸⁸
2220 2875 2469 2931 victitare
2494 2875 2762 2943 solebant,
2805 2875 3030 2931 delicias
3070 2876 3297 2933 sibimet
3338 2880 3656 2938 ministrari
3681 2893 3775 2937 tor-

507 2970 703 3026 mentis
754 2970 1041 3043 exigebant
1088 2973 1218 3042 “9‘;
1251 2973 1439 3044 sicque
1490 2973 1673 3044 prodis
1722 2982 1777 3029 et
1821 2973 2088 3037 incendiis
2131 2987 2465 3044 unoquoque
2519 2988 2650 3029 suas
2703 2972 2930 3044 injurias
2961 2972 3301 3041 vindicante,
3336 2977 3520 3048 carpit
3556 2980 3775 3051 undiqu
3860 3048 3862 3055 ι

505 3070 705 3128 caritas
727 3072 896 3127 immo
932 3073 1130 3130 raritas
1152 3088 1386 3130 annonae
1427 3086 1796 3130 succrescere.
1819 3103 1895 3114 ——
1923 3072 1983 3129 In
2008 3088 2149 3145 pago
2192 3072 2589 3129 Wormaciensi
2639 3072 2733 3107 “"
2772 3070 3056 3129 videbat‘ur
3105 3089 3205 3143 per
3258 3074 3487 3146 aliquot
3542 3077 3657 3133 dies
3684 3093 3781 3131 non

505 3166 716 3222 modica
741 3176 796 3222 et
818 3177 1026 3224 armata
1070 3168 1364 3224 multitudo
1403 3168 1929 3240 equitum'euntium
1981 3177 2036 3224 et
2090 3169 2458 3236 redeuntium,
2512 3175 2570 3225 et
2598 3169 2757 3240 quasi
2781 3170 2847 3225 ad
2868 3169 3055 3240 placiti
3087 3169 3181 3205 ’⁸⁸³
3212 3171 3507 3243 colloquia
3538 3190 3679 3229 nunc
3703 3173 3773 3226 hic
3860 3160 3862 3233 ξ

509 3278 655 3319 nunc
685 3263 793 3320 illic
821 3273 1034 3320 turmas
1065 3265 1159 3298 "”
1188 3264 1387 3333 facere,
1412 3266 1559 3322 circa
1591 3280 1794 3321 nonam
1812 3280 1946 3321 vero
1974 3265 2164 3323 horam
2209 3265 2427 3321 cuidam
2469 3265 2664 3333 monti,
2691 3282 2723 3322 a
2752 3282 2864 3337 quo
2902 3275 2957 3322 et
2984 3266 3162 3323 exisse
3191 3265 3557 3334 videbantur,
3588 3283 3646 3322 se
3669 3266 3775 3322 red-

507 3354 657 3410 dere.
713 3355 953 3413 Tandem
1012 3361 1236 3433 quidam
1290 3362 1359 3419 de
1400 3362 1594 3419 incolis
1638 3362 1878 3434 regionis
1909 3362 2056 3418 illius
2101 3378 2211 3418 non
2238 3363 2357 3418 sine
2394 3377 2593 3435 magno
2622 3363 2816 3419 timore
2852 3363 3166 3434 hujusmodi
3195 3376 3309 3420 tam
3340 3364 3674 3437 prodigiosa
3695 3363 3783 3394 ’π’

508 3452 778 3519 concioni,
807 3457 985 3510 crucis
1009 3456 1291 3527 signaculo
1322 3457 1585 3525 munitus,
1613 3459 2013 3531 appropinquat
2043 3459 2162 3527 ²⁷⁰¹,
2208 3474 2337 3514 mox
2381 3459 2654 3529 quandam
2696 3475 2763 3516 ex
2798 3459 2906 3516 illis
2947 3470 3329 3517 occurrentem
3363 3459 3478 3515 sibi
3504 3471 3769 3530 personam

508 3558 607 3611 per
634 3560 834 3602 nomen
863 3549 957 3582 ’7"
983 3554 1372 3623 omnipotentis
1400 3552 1614 3609 Domini
1643 3555 1816 3611 nostri
1843 3553 2197 3611 manifestare
2240 3570 2466 3611 causam
2496 3555 2682 3626 populi
2721 3555 2816 3625 qui
2843 3555 2940 3587 "’°'
2967 3555 3046 3611 sic
3072 3562 3363 3626 appareret
3404 3553 3645 3624 adiurat.
3685 3549 3769 3604 Cui

508 3635 600 3691 ille
648 3636 788 3693 inter
811 3651 1001 3698 caetera
1035 3662 1048 3698 :
1091 3643 1212 3700 Non
1240 3661 1444 3714 sumus,
1475 3646 1670 3718 inquit,
1716 3654 1774 3701 ut
1804 3647 2006 3718 putatis
2051 3647 2401 3718 fantasmata,
2440 3663 2533 3701 nec
2562 3646 2791 3702 militum
2822 3655 2880 3700 ut
2908 3664 2942 3701 a
2967 3647 3109 3701 vobis
3151 3647 3433 3701 cernimur
3482 3643 3657 3709 turbo,
3697 3639 3773 3693 sed

508 3729 703 3785 animo:
749 3733 980 3788 militum
1031 3753 1136 3792 non
1181 3738 1332 3811 longe
1376 3740 1596 3794 antehac
1640 3739 2057 3809 interfectorum.
2113 3739 2280 3794 Arma
2329 3756 2448 3794 vero
2493 3748 2545 3794 et
2595 3738 2692 3772 ⁸⁸³⁸⁵
2732 3726 2944 3792 habitus
2972 3747 3127 3809 atque
3151 3735 3277 3808 equi
3302 3737 3439 3808 quia
3470 3734 3620 3790 nobis
3644 3733 3771 3801 prius

510 3822 720 3888 fuerant
751 3826 846 3857 ³⁷⁸⁸
874 3827 1224 3884 instrumenta
1250 3829 1520 3901 peccandi,
1554 3847 1689 3885 nunc
1710 3831 1859 3886 nobis
1885 3839 2009 3885 sunt
2034 3830 2258 3884 materia
2286 3830 2553 3896 tormenti,
2583 3836 2633 3884 et
2661 3845 2777 3883 vere
2805 3836 2970 3882 totum
2997 3827 3227 3899 ignitum
3261 3836 3345 3881 est
3373 3826 3524 3897 quod
3555 3826 3609 3877 in
3645 3821 3769 3876 nobis

509 3914 745 3985 cernitis,
786 3920 1025 3990 quamvis
1050 3921 1109 3976 id
1137 3938 1224 3977 vos
1251 3922 1611 3994 corporalibus
1632 3922 1801 3979 oculis
1833 3922 2128 3977 discernere
2155 3937 2259 3976 non
2284 3922 2517 3993 possitis.
2577 3920 2637 3976 In
2686 3919 3001 3990 hujusmodi
3047 3919 3314 3976 comitatu
3368 3917 3584 3974 dicitur
3627 3915 3767 3971 etiam

509 4002 736 4061 Emicho
764 4025 966 4077 comes,
998 4022 1125 4069 ante
1152 4030 1358 4086 paucos
1393 4030 1567 4072 annos
1599 4016 1816 4072 occisus
1845 4014 2015 4087 (35l),
2039 4014 2377 4085 apparuisse,
2405 4022 2457 4069 et
2480 4014 2548 4069 ab
2570 4014 2673 4070 hac
2699 4028 2861 4084 paena
2895 4012 2992 4045 ”⁰⁶
3016 4011 3365 4068 orationibus
3389 4021 3452 4067 et
3476 4006 3767 4065 elemosinis

510 4111 575 4151 se
596 4113 758 4168 posse
785 4102 877 4134 ¹⁷⁰⁷
904 4105 1098 4161 redimi
1127 4107 1398 4164 docuisse.
1428 4138 1499 4148 —
1518 4107 1783 4164 Referunt
1802 4108 2046 4181 quidam,
2086 4106 2233 4175 quod
2270 4115 2432 4161 nocte
2464 4121 2588 4176 qua:
2612 4105 2754 4161 diem
2790 4104 3078 4160 dominica:
3123 4118 3297 4159 creua:
3335 4103 3628 4175 precessit,
3656 4100 3765 4154 dum

508 4191 576 4245 ad
603 4190 816 4262 vigilias
847 4209 998 4251 more
1026 4198 1412 4254 :ecclesiastico
1432 4207 1806 4269 properarent,
1854 4197 2059 4253 vidisse
2090 4211 2151 4252 se
2190 4195 2349 4266 quasi
2385 4195 2570 4251 stellas
2598 4194 2913 4249 innumeras
2937 4193 3005 4248 de
3031 4192 3165 4249 caelo
3195 4192 3419 4261 cadere,
3475 4192 3533 4247 in
3581 4199 3766 4246 tantum

511 4292 569 4338 ut
598 4284 797 4354 pluviae
817 4294 1000 4358 guttas
1020 4298 1074 4345 et
1100 4290 1445 4346 multitudine
1470 4298 1525 4344 et
1550 4290 1768 4346 casibus
1795 4289 2109 4344 viderentur
2129 4287 2350 4342 imitari.

584 4376 797 4434 Claruit
818 4379 924 4435 hoc
954 4387 1195 4453 tempore
1220 4381 1519 4439 Dieterieus
1550 4383 1645 4424 ’⁷⁸⁸
1671 4382 1919 4438 Cicensis
1965 4381 2277 4451 episcopus,
2328 4378 2525 4434 litteris
2555 4377 2800 4448 adprime
2845 4374 3114 4443 eruditus,
3169 4390 3393 4445 semper
3445 4382 3631 4431 contra
3670 4372 3763 4427 sci-

515 4479 713 4540 smata,
741 4486 865 4543 quae.
902 4472 1017 4529 suis
1064 4474 1402 4545 temporibus
1434 4490 1826 4547 nonnunquam
1858 4474 2197 4545 pululabant,
2233 4478 2605 4543 prOpugnator
2630 4468 2954 4533 catholicus,
2998 4476 3053 4522 et
3097 4466 3153 4521 in
3199 4458 3355 4522 omni
3400 4465 3658 4537 pastorali
3685 4463 3767 4494 ’ω

511 4562 878 4620 sollicitudine
910 4565 1220 4627 commissae
1241 4566 1458 4623 sibimet
1481 4568 1741 4625 tecclesim
1764 4567 2039 4624 desudans
2063 4564 2409 4620 utilitatibus.
2447 4561 2546 4618 llic
2587 4562 2771 4631 itaque
2795 4575 2906 4615 non
2949 4560 3111 4630 longe
3140 4574 3171 4613 a
3215 4559 3544 4614 suburbano
3570 4556 3647 4611 rel
3676 4564 3765 4609 ter-

511 4655 703 4711 ritorio
726 4670 840 4712 sua:
872 4657 967 4691 'm
997 4656 1235 4714 civitatis
1260 4658 1653 4715 monasterium
1683 4659 1799 4716 sive
1827 4657 2101 4714 abbatiam
2129 4669 2346 4711 summo
2391 4660 2592 4710 conatu
2623 4665 2933 4723 magnoque
2977 4659 3301 4718 sumptuum
3332 4663 3402 4703 ac
3432 4646 3763 4703 aediﬁciorum

1817 4809 2050 4867 VARUE
2087 4751 2510 4865 LECTIONES..

582 4954 676 4987 ’⁸⁷⁸
701 4953 1009 5010 babenberc
1036 4951 1087 5008 6.
1118 4953 1170 5008 7.
1199 4952 1284 5010 9°.
1318 4951 1404 5007 10.
1430 4952 1515 5007 ll.
1587 4952 1680 4984 "7"
1710 4958 1864 5006 utros
1886 4950 1939 5005 6.
2016 4950 2111 4982 ’⁸⁷⁸
2139 4946 2533 5019 θίυδάθῐηΕι.-
2559 4942 2968 5019 Α”ῖῖᾶρξηίηἰοᾳ
3003 4939 3424 5019 incarnationis;
3451 4941 3532 4994 9t.
3565 4938 3656 5019 £0.

513 5024 606 5057 ’⁸⁷⁸
645 5007 799 5079 άεὲὲί
819 5007 1282 5092 7.ί9ο.ίδιιρειὲδένξ
1315 5022 1411 5077 El.
1491 5021 1585 5057 ²⁶⁷⁹
1611 5030 1726 5092 post
1753 5020 1879 5092 add.
1916 5029 1978 5092 ut
2005 5020 2037 5073 7

2231 5020 2263 5052 ὀ
2297 5018 2477 5092 utrius
2503 5015 2602 5092 DL
2640 5013 2813 5092 5-19-
2852 5012 3033 5092 "355318
3067 5027 3207 5092 ‘P’I-
3246 5007 3536 5092 υεῑέξιέειιιε
3559 5010 3644 5092 δα.
3676 5007 3756 5092 11"

516 5077 996 5165 εοηίξίῆίίωρξέι.
1026 5164 1035 5165 ί
1069 5077 1162 5165 εσυ
1190 5077 1315 5165 ηέξί.
1342 5109 1390 5147 e.
1419 5077 1683 5165 (resimis.
1750 5091 2171 5165 ‘m’prioribus
2198 5084 2807 5165 auuncpigcopgns.
2855 5083 2980 5165 ,ηδε
3010 5081 3126 5165 ιλ.
3156 5081 3384 5165 7.·ηξεξσ
3430 5077 3755 5165 nam.th

517 5164 609 5195 ’θεν
634 5173 688 5218 ct
717 5164 768 5218 7.
861 5149 1329 5220 'wdiutius‘ac.
1445 5162 1788 5217 "3'deest4.
1867 5149 2042 5215 moti.

2240 5159 2333 5192 που
2361 5149 2506 5212 ἀθεεὶ
2534 5159 2586 5211 ι).
2642 5149 2758 5187 'ssss
2786 5153 3009 5224 εοιοηρε
3034 5151 3139 5224 Εεῖ
3162 5221 3180 5224 _
3207 5151 3403 5224 “"“lra
3436 5149 3487 5203 6.
3524 5149 3577 5202 7.
3609 5149 3660 5224 Iri
3685 5150 3754 5224 9'.

516 5232 611 5265 ποι
639 5233 708 5303 ab
733 5234 819 5289 bis
846 5234 1031 5288 desunt
1062 5234 1115 5289 6.
1155 5235 1206 5288 7.
1234 5219 1320 5289 9c.
1433 5233 1524 5268 που
1552 5241 1607 5289 et
1626 5248 1766 5303 aqua
1785 5233 1975 5287 desum
2004 5232 2037 5286 4

2231 5230 2265 5303 ’,⁸
2286 5229 2540 5303 exiebant
2563 5225 2780 5303 6._¢_:o_rr.
2806 5223 3097 5303 exigebant
3121 5221 3223 5303 0.7
3253 5219 3756 5303 _""-p_'armacieu§§

517 5303 569 5356 4.
644 5302 736 5335 ³⁸⁸⁸
770 5304 1027 5373 placitum
1060 5303 1144 5359 10.
1184 5305 1267 5359 Η.
1342 5304 1435 5339 ¹⁶⁹⁹
1474 5289 1893 5358 turbas'10.tl.
1975 5303 2042 5334 ¹⁷⁰

521 5370 705 5414 mnnif,
741 5372 774 5414 Δ
870 5373 965 5405 ⁸⁷⁸³
993 5389 1097 5414 mm
1124 5374 1156 5414 ’7
1254 5375 1349 5408 ποι
1376 5383 1538 5414 ginno
1562 5373 1780 5414 hnhilnc
1803 5383 1852 5414 pl
1883 5389 1914 5414 ρ
1965 5374 1999 5414 Α.

2237 5300 2420 5372 igione
2445 5297 2544 5352 ΕΞ.
2622 5296 2715 5328 ²⁷⁰¹
2759 5289 3232 5414 appropinquabat
3253 5292 3306 5346 7.
3386 5291 3555 5343 ""n.
3590 5289 3755 5343 Christi

2230 5370 2442 5414 inprimi
2465 5369 2551 5414 9ο-
2631 5366 2728 5398 ’7“
2759 5365 2899 5414 deest
2970 5403 2982 5414 .
3056 5363 3149 5393 ’7"
3180 5377 3239 5414 se
3279 5378 3332 5414 n.
3383 5360 3568 5414 desum
3612 5358 3662 5412 6.
3709 5354 3749 5405 7-

521 5354 1932 5455 ἐίθιιίῇἑῗξῗθῖίῆυἶίθέξδηέειιειίιξῖιεῖίὲἱίιίέἐίὲε·
1965 5374 2060 5455 4ο.
2096 5354 2551 5455 {9"‘3’93‘2'1‘9?
2628 5354 3239 5455 fideli-43115”
3279 5378 3332 5431 νο
3383 5360 3568 5414 θωπί
3612 5358 3662 5412 ⁶·
3709 5354 3749 5405 ⁷·

518 5444 603 5497 9°.
682 5442 776 5475 ’⁷⁰⁸
802 5432 1134 5499 thiedcricus
1164 5443 1263 5500 ΕΞ.
1295 5432 1638 5502 theodoricus
1667 5444 1717 5499 'l.
1748 5444 2007 5501 dietricus
2035 5444 2087 5498 l.
2119 5443 2205 5498 9°.
2282 5441 2377 5474 ¹⁷⁰⁹
2404 5438 2695 5511 pastoralis
2716 5436 2801 5491 9C.
2873 5434 2967 5466 ¹⁷¹⁰
2998 5432 3111 5487 sive
3132 5432 3219 5487 9°.

2128 5580 2263 5635 ΤᾸΞ..

592 5675 741 5746 (351)
784 5674 845 5729 v.
895 5691 944 5729 a.
1000 5674 1154 5730 ιιι-1.
2035 5582 2125 5639 ΝΟ
