  <div class='ocr_page' id='page_1' title='image "/cluster/home/n/w/nwhite01/storage/ocr_20150623/154/hvd.32044015473820/536.png"; bbox 0 0 3862 6306; ppageno 0'>
   <div class='ocr_carea' id='block_1_1' title="bbox 81 315 144 371">
    <p class='ocr_par' dir='ltr' id='par_1_1' title="bbox 81 315 144 371">
     <span class='ocr_line' id='line_1_1' title="bbox 81 315 144 371; baseline -0.032 0"><span class='ocrx_word' id='word_1_1' title='bbox 81 315 144 371; x_wconf 67' lang='grc' dir='ltr'><strong>ὶῦί</strong></span> 
     </span>
    </p>
   </div>
   <div class='ocr_carea' id='block_1_2' title="bbox 82 420 1653 493">
    <p class='ocr_par' dir='ltr' id='par_1_2' title="bbox 82 420 1653 493">
     <span class='ocr_line' id='line_1_2' title="bbox 82 420 1653 493; baseline -0.006 -9"><span class='ocrx_word' id='word_1_2' title='bbox 82 444 127 485; x_wconf 79' lang='grc' dir='ltr'>ω</span> <span class='ocrx_word' id='word_1_3' title='bbox 171 425 234 481; x_wconf 90' lang='lat' dir='ltr'><strong>ad</strong></span> <span class='ocrx_word' id='word_1_4' title='bbox 286 423 512 481; x_wconf 89' lang='lat' dir='ltr'><strong>eandem</strong></span> <span class='ocrx_word' id='word_1_5' title='bbox 553 420 1049 493; x_wconf 85' lang='lat' dir='ltr'><strong>peregrinationem</strong></span> <span class='ocrx_word' id='word_1_6' title='bbox 1107 420 1408 475; x_wconf 89' lang='lat' dir='ltr'><strong>animatum</strong></span> <span class='ocrx_word' id='word_1_7' title='bbox 1436 464 1450 486; x_wconf 94' lang='lat'><strong>,</strong></span> <span class='ocrx_word' id='word_1_8' title='bbox 1499 421 1579 476; x_wconf 91' lang='lat' dir='ltr'><strong>uti</strong></span> <span class='ocrx_word' id='word_1_9' title='bbox 1612 427 1653 484; x_wconf 82' lang='grc' dir='ltr'><strong>Λ</strong></span> 
     </span>
    </p>
   </div>
   <div class='ocr_carea' id='block_1_3' title="bbox 81 511 1585 588">
    <p class='ocr_par' dir='ltr' id='par_1_3' title="bbox 81 511 1585 588">
     <span class='ocr_line' id='line_1_3' title="bbox 81 511 1585 588; baseline -0.006 -12"><span class='ocrx_word' id='word_1_10' title='bbox 81 522 210 576; x_wconf 83' lang='lat' dir='ltr'><strong>Illam</strong></span> <span class='ocrx_word' id='word_1_11' title='bbox 261 516 487 588; x_wconf 77' lang='lat' dir='ltr'><strong>spiritus</strong></span> <span class='ocrx_word' id='word_1_12' title='bbox 535 514 656 584; x_wconf 87' lang='lat' dir='ltr'><strong>ejus</strong></span> <span class='ocrx_word' id='word_1_13' title='bbox 703 511 949 583; x_wconf 84' lang='lat' dir='ltr'><strong>requiem</strong></span> <span class='ocrx_word' id='word_1_14' title='bbox 988 512 1231 579; x_wconf 90' lang='lat' dir='ltr'><strong>haberet,</strong></span> <span class='ocrx_word' id='word_1_15' title='bbox 1282 513 1456 568; x_wconf 91' lang='lat' dir='ltr'><strong>donec</strong></span> <span class='ocrx_word' id='word_1_16' title='bbox 1490 528 1585 582; x_wconf 92' lang='lat' dir='ltr'><strong>per</strong></span> 
     </span>
    </p>
   </div>
   <div class='ocr_carea' id='block_1_4' title="bbox 81 605 1583 677">
    <p class='ocr_par' dir='ltr' id='par_1_4' title="bbox 81 605 1583 677">
     <span class='ocr_line' id='line_1_4' title="bbox 81 605 1583 677; baseline -0.006 -8"><span class='ocrx_word' id='word_1_17' title='bbox 81 614 205 670; x_wconf 87' lang='lat' dir='ltr'><strong>ultas</strong></span> <span class='ocrx_word' id='word_1_18' title='bbox 228 608 606 665; x_wconf 88' lang='lat' dir='ltr'><strong>tribulationes</strong></span> <span class='ocrx_word' id='word_1_19' title='bbox 640 605 913 677; x_wconf 84' lang='lat' dir='ltr'><strong>corporali</strong></span> <span class='ocrx_word' id='word_1_20' title='bbox 946 605 1221 675; x_wconf 89' lang='lat' dir='ltr'><strong>presentia</strong></span> <span class='ocrx_word' id='word_1_21' title='bbox 1273 605 1366 659; x_wconf 89' lang='lat' dir='ltr'><strong>ubi</strong></span> <span class='ocrx_word' id='word_1_22' title='bbox 1414 612 1583 661; x_wconf 88' lang='lat' dir='ltr'><strong>stete-</strong></span> 
     </span>
    </p>
   </div>
   <div class='ocr_carea' id='block_1_5' title="bbox 81 694 1586 773">
    <p class='ocr_par' dir='ltr' id='par_1_5' title="bbox 81 694 1586 773">
     <span class='ocr_line' id='line_1_5' title="bbox 81 694 1586 773; baseline -0.007 -13"><span class='ocrx_word' id='word_1_23' title='bbox 81 712 142 760; x_wconf 69' lang='lat' dir='ltr'><strong>lnt</strong></span> <span class='ocrx_word' id='word_1_24' title='bbox 180 702 340 773; x_wconf 85' lang='lat' dir='ltr'><strong>pedes</strong></span> <span class='ocrx_word' id='word_1_25' title='bbox 374 699 591 754; x_wconf 87' lang='lat' dir='ltr'><strong>Domini</strong></span> <span class='ocrx_word' id='word_1_26' title='bbox 641 698 957 770; x_wconf 77' lang='lat' dir='ltr'><strong>pertingens</strong></span> <span class='ocrx_word' id='word_1_27' title='bbox 1000 697 1273 751; x_wconf 83' lang='lat' dir='ltr'><strong>adoraret.</strong></span> <span class='ocrx_word' id='word_1_28' title='bbox 1327 694 1435 751; x_wconf 86' lang='lat' dir='ltr'><strong>Nec</strong></span> <span class='ocrx_word' id='word_1_29' title='bbox 1482 695 1586 750; x_wconf 90' lang='lat' dir='ltr'><strong>mi-</strong></span> 
     </span>
    </p>
   </div>
   <div class='ocr_carea' id='block_1_6' title="bbox 81 788 1584 859">
    <p class='ocr_par' dir='ltr' id='par_1_6' title="bbox 81 788 1584 859">
     <span class='ocr_line' id='line_1_6' title="bbox 81 788 1584 859; baseline -0.005 -8"><span class='ocrx_word' id='word_1_30' title='bbox 81 795 235 852; x_wconf 82' lang='lat' dir='ltr'><strong>ndum</strong></span> <span class='ocrx_word' id='word_1_31' title='bbox 263 792 358 848; x_wconf 89' lang='lat' dir='ltr'><strong>sed</strong></span> <span class='ocrx_word' id='word_1_32' title='bbox 378 790 774 855; x_wconf 85' lang='lat' dir='ltr'><strong>venerandum,</strong></span> <span class='ocrx_word' id='word_1_33' title='bbox 813 800 937 859; x_wconf 89' lang='lat' dir='ltr'><strong>post</strong></span> <span class='ocrx_word' id='word_1_34' title='bbox 961 789 1144 843; x_wconf 86' lang='lat' dir='ltr'><strong>ablata</strong></span> <span class='ocrx_word' id='word_1_35' title='bbox 1183 788 1332 844; x_wconf 89' lang='lat' dir='ltr'><strong>saxis</strong></span> <span class='ocrx_word' id='word_1_36' title='bbox 1362 788 1584 844; x_wconf 85' lang='lat' dir='ltr'><strong>duriora</strong></span> 
     </span>
    </p>
   </div>
   <div class='ocr_carea' id='block_1_7' title="bbox 81 880 1585 947">
    <p class='ocr_par' dir='ltr' id='par_1_7' title="bbox 81 880 1585 947">
     <span class='ocr_line' id='line_1_7' title="bbox 81 880 1585 947; baseline -0.003 -6"><span class='ocrx_word' id='word_1_37' title='bbox 81 887 247 943; x_wconf 66' lang='lat' dir='ltr'><strong>irdium</strong></span> <span class='ocrx_word' id='word_1_38' title='bbox 276 883 622 939; x_wconf 85' lang='lat' dir='ltr'><strong>ethnicorum</strong></span> <span class='ocrx_word' id='word_1_39' title='bbox 648 881 926 947; x_wconf 88' lang='lat' dir='ltr'><strong>scandala,</strong></span> <span class='ocrx_word' id='word_1_40' title='bbox 950 880 1016 936; x_wconf 92' lang='lat' dir='ltr'><strong>de</strong></span> <span class='ocrx_word' id='word_1_41' title='bbox 1045 880 1132 936; x_wconf 89' lang='lat' dir='ltr'><strong>via</strong></span> <span class='ocrx_word' id='word_1_42' title='bbox 1155 880 1370 937; x_wconf 90' lang='lat' dir='ltr'><strong>Domini</strong></span> <span class='ocrx_word' id='word_1_43' title='bbox 1396 881 1585 937; x_wconf 89' lang='lat' dir='ltr'><strong>catho-</strong></span> 
     </span>
    </p>
   </div>
   <div class='ocr_carea' id='block_1_8' title="bbox 81 970 1585 1035">
    <p class='ocr_par' dir='ltr' id='par_1_8' title="bbox 81 970 1585 1035">
     <span class='ocr_line' id='line_1_8' title="bbox 81 970 1585 1035; baseline -0.005 0"><span class='ocrx_word' id='word_1_44' title='bbox 81 994 172 1035; x_wconf 84' lang='lat' dir='ltr'><strong>:am</strong></span> <span class='ocrx_word' id='word_1_45' title='bbox 201 974 528 1030; x_wconf 88' lang='lat' dir='ltr'><strong>unanimiter</strong></span> <span class='ocrx_word' id='word_1_46' title='bbox 556 972 860 1029; x_wconf 72' lang='lat' dir='ltr'><strong>:ccclcsiam</strong></span> <span class='ocrx_word' id='word_1_47' title='bbox 891 973 956 1028; x_wconf 92' lang='lat' dir='ltr'><strong>ad</strong></span> <span class='ocrx_word' id='word_1_48' title='bbox 990 970 1195 1028; x_wconf 78' lang='lat' dir='ltr'><strong>fontem</strong></span> <span class='ocrx_word' id='word_1_49' title='bbox 1242 972 1326 1027; x_wconf 90' lang='lat' dir='ltr'><strong>sui</strong></span> <span class='ocrx_word' id='word_1_50' title='bbox 1361 981 1585 1028; x_wconf 83' lang='lat' dir='ltr'><strong>exortus</strong></span> 
     </span>
    </p>
   </div>
   <div class='ocr_carea' id='block_1_9' title="bbox 82 1065 1583 1137">
    <p class='ocr_par' dir='ltr' id='par_1_9' title="bbox 82 1065 1583 1137">
     <span class='ocr_line' id='line_1_9' title="bbox 82 1065 1583 1137; baseline -0.002 -12"><span class='ocrx_word' id='word_1_51' title='bbox 82 1114 83 1117; x_wconf 55' lang='grc' dir='ltr'><strong>η</strong></span> <span class='ocrx_word' id='word_1_52' title='bbox 111 1069 169 1125; x_wconf 89' lang='lat' dir='ltr'><strong>ad</strong></span> <span class='ocrx_word' id='word_1_53' title='bbox 206 1066 473 1123; x_wconf 82' lang='lat' dir='ltr'><strong>cunabula</strong></span> <span class='ocrx_word' id='word_1_54' title='bbox 502 1065 793 1137; x_wconf 67' lang='lat' dir='ltr'><strong>primitiva:</strong></span> <span class='ocrx_word' id='word_1_55' title='bbox 821 1081 935 1121; x_wconf 86' lang='lat' dir='ltr'><strong>suae</strong></span> <span class='ocrx_word' id='word_1_56' title='bbox 960 1066 1322 1122; x_wconf 88' lang='lat' dir='ltr'><strong>institutionis</strong></span> <span class='ocrx_word' id='word_1_57' title='bbox 1351 1082 1415 1122; x_wconf 90' lang='lat' dir='ltr'><strong>ac</strong></span> <span class='ocrx_word' id='word_1_58' title='bbox 1458 1082 1583 1137; x_wconf 90' lang='lat' dir='ltr'><strong>spe-</strong></span> 
     </span>
    </p>
   </div>
   <div class='ocr_carea' id='block_1_10' title="bbox 82 1158 1586 1229">
    <p class='ocr_par' dir='ltr' id='par_1_10' title="bbox 82 1158 1586 1229">
     <span class='ocr_line' id='line_1_10' title="bbox 82 1158 1586 1229; baseline -0.002 -13"><span class='ocrx_word' id='word_1_59' title='bbox 82 1161 199 1216; x_wconf 88' lang='lat' dir='ltr'><strong>alem</strong></span> <span class='ocrx_word' id='word_1_60' title='bbox 222 1159 333 1215; x_wconf 89' lang='lat' dir='ltr'><strong>veri</strong></span> <span class='ocrx_word' id='word_1_61' title='bbox 361 1158 521 1229; x_wconf 91' lang='lat' dir='ltr'><strong>panis</strong></span> <span class='ocrx_word' id='word_1_62' title='bbox 548 1158 771 1214; x_wconf 89' lang='lat' dir='ltr'><strong>domum</strong></span> <span class='ocrx_word' id='word_1_63' title='bbox 797 1172 937 1213; x_wconf 88' lang='lat' dir='ltr'><strong>nova</strong></span> <span class='ocrx_word' id='word_1_64' title='bbox 969 1158 1301 1227; x_wconf 77' lang='lat' dir='ltr'><strong>pmnitentia:</strong></span> <span class='ocrx_word' id='word_1_65' title='bbox 1336 1159 1420 1213; x_wconf 90' lang='lat' dir='ltr'><strong>via</strong></span> <span class='ocrx_word' id='word_1_66' title='bbox 1454 1174 1586 1214; x_wconf 89' lang='lat' dir='ltr'><strong>con-</strong></span> 
     </span>
    </p>
   </div>
   <div class='ocr_carea' id='block_1_11' title="bbox 82 1250 1585 1323">
    <p class='ocr_par' dir='ltr' id='par_1_11' title="bbox 82 1250 1585 1323">
     <span class='ocr_line' id='line_1_11' title="bbox 82 1250 1585 1323; baseline 0.003 -20"><span class='ocrx_word' id='word_1_67' title='bbox 82 1254 254 1320; x_wconf 52' lang='lat' dir='ltr'><strong>:ndcre;</strong></span> <span class='ocrx_word' id='word_1_68' title='bbox 299 1267 464 1323; x_wconf 91' lang='lat' dir='ltr'><strong>quam</strong></span> <span class='ocrx_word' id='word_1_69' title='bbox 510 1259 727 1307; x_wconf 89' lang='lat' dir='ltr'><strong>constat</strong></span> <span class='ocrx_word' id='word_1_70' title='bbox 769 1251 898 1306; x_wconf 90' lang='lat' dir='ltr'><strong>olim</strong></span> <span class='ocrx_word' id='word_1_71' title='bbox 938 1250 1184 1321; x_wconf 90' lang='lat' dir='ltr'><strong>prcciosa</strong></span> <span class='ocrx_word' id='word_1_72' title='bbox 1230 1266 1461 1320; x_wconf 69' lang='lat' dir='ltr'><strong>qumque</strong></span> <span class='ocrx_word' id='word_1_73' title='bbox 1485 1268 1585 1307; x_wconf 91' lang='lat' dir='ltr'><strong>sua</strong></span> 
     </span>
    </p>
   </div>
   <div class='ocr_carea' id='block_1_12' title="bbox 81 1342 1586 1416">
    <p class='ocr_par' dir='ltr' id='par_1_12' title="bbox 81 1342 1586 1416">
     <span class='ocr_line' id='line_1_12' title="bbox 81 1342 1586 1416; baseline -0.003 -15"><span class='ocrx_word' id='word_1_74' title='bbox 81 1347 247 1402; x_wconf 74' lang='lat' dir='ltr'><strong>cmbra</strong></span> <span class='ocrx_word' id='word_1_75' title='bbox 289 1361 385 1416; x_wconf 90' lang='lat' dir='ltr'><strong>per</strong></span> <span class='ocrx_word' id='word_1_76' title='bbox 434 1344 664 1399; x_wconf 85' lang='lat' dir='ltr'><strong>eandem</strong></span> <span class='ocrx_word' id='word_1_77' title='bbox 707 1344 854 1399; x_wconf 89' lang='lat' dir='ltr'><strong>viam</strong></span> <span class='ocrx_word' id='word_1_78' title='bbox 904 1358 1013 1397; x_wconf 89' lang='lat' dir='ltr'><strong>non</strong></span> <span class='ocrx_word' id='word_1_79' title='bbox 1056 1342 1172 1397; x_wconf 90' lang='lat' dir='ltr'><strong>neci</strong></span> <span class='ocrx_word' id='word_1_80' title='bbox 1217 1350 1448 1408; x_wconf 89' lang='lat' dir='ltr'><strong>tantum,</strong></span> <span class='ocrx_word' id='word_1_81' title='bbox 1490 1342 1586 1397; x_wconf 90' lang='lat' dir='ltr'><strong>sed</strong></span> 
     </span>
    </p>
   </div>
   <div class='ocr_carea' id='block_1_13' title="bbox 81 1433 1583 1510">
    <p class='ocr_par' dir='ltr' id='par_1_13' title="bbox 81 1433 1583 1510">
     <span class='ocr_line' id='line_1_13' title="bbox 81 1433 1583 1510; baseline -0.005 -15"><span class='ocrx_word' id='word_1_82' title='bbox 81 1441 174 1495; x_wconf 80' lang='lat' dir='ltr'><strong>iam</strong></span> <span class='ocrx_word' id='word_1_83' title='bbox 198 1437 498 1510; x_wconf 82' lang='lat' dir='ltr'><strong>omnigenis</strong></span> <span class='ocrx_word' id='word_1_84' title='bbox 535 1451 871 1508; x_wconf 80' lang='lat' dir='ltr'><strong>paganorum</strong></span> <span class='ocrx_word' id='word_1_85' title='bbox 900 1434 1153 1490; x_wconf 87' lang='lat' dir='ltr'><strong>ludibriis</strong></span> <span class='ocrx_word' id='word_1_86' title='bbox 1184 1443 1243 1488; x_wconf 91' lang='lat' dir='ltr'><strong>ut</strong></span> <span class='ocrx_word' id='word_1_87' title='bbox 1275 1449 1405 1489; x_wconf 89' lang='lat' dir='ltr'><strong>oves</strong></span> <span class='ocrx_word' id='word_1_88' title='bbox 1434 1433 1583 1489; x_wconf 81' lang='lat' dir='ltr'><strong>occi-</strong></span> 
     </span>
    </p>
   </div>
   <div class='ocr_carea' id='block_1_14' title="bbox 81 1523 1585 1598">
    <p class='ocr_par' dir='ltr' id='par_1_14' title="bbox 81 1523 1585 1598">
     <span class='ocr_line' id='line_1_14' title="bbox 81 1523 1585 1598; baseline -0.003 -15"><span class='ocrx_word' id='word_1_89' title='bbox 81 1529 186 1585; x_wconf 58' lang='lat' dir='ltr'><strong>.onis</strong></span> <span class='ocrx_word' id='word_1_90' title='bbox 212 1527 547 1598; x_wconf 78' lang='lat' dir='ltr'><strong>exposuisse.</strong></span> <span class='ocrx_word' id='word_1_91' title='bbox 586 1526 661 1581; x_wconf 76' lang='lat' dir='ltr'><strong>Ex</strong></span> <span class='ocrx_word' id='word_1_92' title='bbox 694 1526 902 1581; x_wconf 81' lang='lat' dir='ltr'><strong>eisdem</strong></span> <span class='ocrx_word' id='word_1_93' title='bbox 932 1524 1136 1580; x_wconf 86' lang='lat' dir='ltr'><strong>Christi</strong></span> <span class='ocrx_word' id='word_1_94' title='bbox 1179 1523 1585 1579; x_wconf 80' lang='lat' dir='ltr'><strong>confessoribus</strong></span> 
     </span>
    </p>
   </div>
   <div class='ocr_carea' id='block_1_15' title="bbox 81 1617 1585 1691">
    <p class='ocr_par' dir='ltr' id='par_1_15' title="bbox 81 1617 1585 1691">
     <span class='ocr_line' id='line_1_15' title="bbox 81 1617 1585 1691; baseline -0.004 -14"><span class='ocrx_word' id='word_1_95' title='bbox 81 1621 174 1677; x_wconf 81' lang='lat' dir='ltr'><strong>auci</strong></span> <span class='ocrx_word' id='word_1_96' title='bbox 216 1620 305 1691; x_wconf 92' lang='lat' dir='ltr'><strong>qui</strong></span> <span class='ocrx_word' id='word_1_97' title='bbox 347 1628 651 1690; x_wconf 87' lang='lat' dir='ltr'><strong>supersunt</strong></span> <span class='ocrx_word' id='word_1_98' title='bbox 680 1619 869 1675; x_wconf 88' lang='lat' dir='ltr'><strong>testari</strong></span> <span class='ocrx_word' id='word_1_99' title='bbox 902 1618 1101 1685; x_wconf 91' lang='lat' dir='ltr'><strong>solent,</strong></span> <span class='ocrx_word' id='word_1_100' title='bbox 1134 1617 1279 1688; x_wconf 91' lang='lat' dir='ltr'><strong>quod</strong></span> <span class='ocrx_word' id='word_1_101' title='bbox 1307 1617 1585 1672; x_wconf 87' lang='lat' dir='ltr'><strong>recordari</strong></span> 
     </span>
    </p>
   </div>
   <div class='ocr_carea' id='block_1_16' title="bbox 81 1711 1581 1784">
    <p class='ocr_par' dir='ltr' id='par_1_16' title="bbox 81 1711 1581 1784">
     <span class='ocr_line' id='line_1_16' title="bbox 81 1711 1581 1784; baseline -0.004 -14"><span class='ocrx_word' id='word_1_102' title='bbox 81 1714 313 1771; x_wconf 74' lang='lat' dir='ltr'><strong>tiscrabile</strong></span> <span class='ocrx_word' id='word_1_103' title='bbox 335 1722 438 1779; x_wconf 88' lang='lat' dir='ltr'><strong>est,</strong></span> <span class='ocrx_word' id='word_1_104' title='bbox 472 1729 573 1769; x_wconf 88' lang='lat' dir='ltr'><strong>nec</strong></span> <span class='ocrx_word' id='word_1_105' title='bbox 619 1728 843 1784; x_wconf 89' lang='lat' dir='ltr'><strong>passum</strong></span> <span class='ocrx_word' id='word_1_106' title='bbox 875 1728 934 1768; x_wconf 90' lang='lat' dir='ltr'><strong>se</strong></span> <span class='ocrx_word' id='word_1_107' title='bbox 968 1711 1121 1783; x_wconf 89' lang='lat' dir='ltr'><strong>pedis</strong></span> <span class='ocrx_word' id='word_1_108' title='bbox 1150 1712 1290 1765; x_wconf 89' lang='lat' dir='ltr'><strong>inter</strong></span> <span class='ocrx_word' id='word_1_109' title='bbox 1322 1711 1581 1765; x_wconf 85' lang='lat' dir='ltr'><strong>idolatras</strong></span> 
     </span>
    </p>
   </div>
   <div class='ocr_carea' id='block_1_17' title="bbox 81 1787 1659 1876">
    <p class='ocr_par' dir='ltr' id='par_1_17' title="bbox 81 1787 1659 1876">
     <span class='ocr_line' id='line_1_17' title="bbox 81 1787 1659 1876; baseline -0.003 -15"><span class='ocrx_word' id='word_1_110' title='bbox 81 1808 184 1862; x_wconf 88' lang='lat' dir='ltr'><strong>ratis</strong></span> <span class='ocrx_word' id='word_1_111' title='bbox 213 1813 551 1872; x_wconf 88' lang='lat' dir='ltr'><strong>consecutos,</strong></span> <span class='ocrx_word' id='word_1_112' title='bbox 576 1815 783 1876; x_wconf 91' lang='lat' dir='ltr'><strong>quanto</strong></span> <span class='ocrx_word' id='word_1_113' title='bbox 819 1805 1004 1859; x_wconf 91' lang='lat' dir='ltr'><strong>minus</strong></span> <span class='ocrx_word' id='word_1_114' title='bbox 1040 1804 1281 1859; x_wconf 89' lang='lat' dir='ltr'><strong>victuum</strong></span> <span class='ocrx_word' id='word_1_115' title='bbox 1345 1804 1430 1857; x_wconf 86' lang='lat' dir='ltr'><strong>vel</strong></span> <span class='ocrx_word' id='word_1_116' title='bbox 1479 1803 1582 1857; x_wconf 83' lang='lat' dir='ltr'><strong>bo—</strong></span> <span class='ocrx_word' id='word_1_117' title='bbox 1613 1787 1659 1847; x_wconf 77' lang='grc' dir='ltr'><strong>Β</strong></span> 
     </span>
    </p>
   </div>
   <div class='ocr_carea' id='block_1_18' title="bbox 81 1882 1582 1970">
    <p class='ocr_par' dir='ltr' id='par_1_18' title="bbox 81 1882 1582 1970">
     <span class='ocr_line' id='line_1_18' title="bbox 81 1882 1582 1970; baseline -0.003 -16"><span class='ocrx_word' id='word_1_118' title='bbox 81 1898 298 1970; x_wconf 85' lang='lat' dir='ltr'><strong>piciorum</strong></span> <span class='ocrx_word' id='word_1_119' title='bbox 325 1898 613 1953; x_wconf 84' lang='lat' dir='ltr'><strong>solamina.</strong></span> <span class='ocrx_word' id='word_1_120' title='bbox 642 1897 718 1953; x_wconf 89' lang='lat' dir='ltr'><strong>De</strong></span> <span class='ocrx_word' id='word_1_121' title='bbox 746 1898 1032 1953; x_wconf 87' lang='lat' dir='ltr'><strong>tormentis</strong></span> <span class='ocrx_word' id='word_1_122' title='bbox 1063 1896 1325 1951; x_wconf 91' lang='lat' dir='ltr'><strong>inauditis</strong></span> <span class='ocrx_word' id='word_1_123' title='bbox 1337 1904 1391 1950; x_wconf 88' lang='lat' dir='ltr'><strong>et</strong></span> <span class='ocrx_word' id='word_1_124' title='bbox 1419 1882 1582 1950; x_wconf 52' lang='lat' dir='ltr'><strong>inn’u-</strong></span> 
     </span>
    </p>
   </div>
   <div class='ocr_carea' id='block_1_19' title="bbox 81 1987 1585 2061">
    <p class='ocr_par' dir='ltr' id='par_1_19' title="bbox 81 1987 1585 2061">
     <span class='ocr_line' id='line_1_19' title="bbox 81 1987 1585 2061; baseline -0.001 -16"><span class='ocrx_word' id='word_1_125' title='bbox 81 1991 202 2058; x_wconf 74' lang='lat' dir='ltr'><strong>ieris,</strong></span> <span class='ocrx_word' id='word_1_126' title='bbox 244 2005 358 2061; x_wconf 78' lang='lat' dir='ltr'><strong>quae</strong></span> <span class='ocrx_word' id='word_1_127' title='bbox 406 2005 509 2061; x_wconf 87' lang='lat' dir='ltr'><strong>pro</strong></span> <span class='ocrx_word' id='word_1_128' title='bbox 559 1990 679 2045; x_wconf 89' lang='lat' dir='ltr'><strong>auri</strong></span> <span class='ocrx_word' id='word_1_129' title='bbox 736 1989 1022 2045; x_wconf 78' lang='lat' dir='ltr'><strong>exactione</strong></span> <span class='ocrx_word' id='word_1_130' title='bbox 1073 1988 1221 2059; x_wconf 89' lang='lat' dir='ltr'><strong>passi</strong></span> <span class='ocrx_word' id='word_1_131' title='bbox 1268 1996 1416 2054; x_wconf 92' lang='lat' dir='ltr'><strong>sunt,</strong></span> <span class='ocrx_word' id='word_1_132' title='bbox 1459 1987 1585 2058; x_wconf 86' lang='lat' dir='ltr'><strong>quis</strong></span> 
     </span>
    </p>
   </div>
   <div class='ocr_carea' id='block_1_20' title="bbox 82 2079 1587 2153">
    <p class='ocr_par' dir='ltr' id='par_1_20' title="bbox 82 2079 1587 2153">
     <span class='ocr_line' id='line_1_20' title="bbox 82 2079 1587 2153; baseline -0.002 -17"><span class='ocrx_word' id='word_1_133' title='bbox 82 2083 159 2139; x_wconf 65' lang='lat' dir='ltr'><strong>stis</strong></span> <span class='ocrx_word' id='word_1_134' title='bbox 180 2083 401 2139; x_wconf 87' lang='lat' dir='ltr'><strong>scribere</strong></span> <span class='ocrx_word' id='word_1_135' title='bbox 425 2090 633 2153; x_wconf 89' lang='lat' dir='ltr'><strong>queat;</strong></span> <span class='ocrx_word' id='word_1_136' title='bbox 679 2082 882 2153; x_wconf 89' lang='lat' dir='ltr'><strong>quibus</strong></span> <span class='ocrx_word' id='word_1_137' title='bbox 930 2096 1081 2136; x_wconf 90' lang='lat' dir='ltr'><strong>mors</strong></span> <span class='ocrx_word' id='word_1_138' title='bbox 1120 2080 1311 2151; x_wconf 87' lang='lat' dir='ltr'><strong>utique</strong></span> <span class='ocrx_word' id='word_1_139' title='bbox 1355 2079 1587 2134; x_wconf 87' lang='lat' dir='ltr'><strong>amaris-</strong></span> 
     </span>
    </p>
   </div>
   <div class='ocr_carea' id='block_1_21' title="bbox 82 2169 1587 2243">
    <p class='ocr_par' dir='ltr' id='par_1_21' title="bbox 82 2169 1587 2243">
     <span class='ocr_line' id='line_1_21' title="bbox 82 2169 1587 2243; baseline -0.003 -14"><span class='ocrx_word' id='word_1_140' title='bbox 82 2173 162 2229; x_wconf 86' lang='lat' dir='ltr'><strong>ima</strong></span> <span class='ocrx_word' id='word_1_141' title='bbox 186 2189 272 2243; x_wconf 89' lang='lat' dir='ltr'><strong>pro</strong></span> <span class='ocrx_word' id='word_1_142' title='bbox 297 2174 467 2240; x_wconf 90' lang='lat' dir='ltr'><strong>lucro,</strong></span> <span class='ocrx_word' id='word_1_143' title='bbox 500 2174 612 2227; x_wconf 89' lang='lat' dir='ltr'><strong>vita</strong></span> <span class='ocrx_word' id='word_1_144' title='bbox 638 2187 738 2243; x_wconf 92' lang='lat' dir='ltr'><strong>pro</strong></span> <span class='ocrx_word' id='word_1_145' title='bbox 772 2187 935 2228; x_wconf 90' lang='lat' dir='ltr'><strong>cruce</strong></span> <span class='ocrx_word' id='word_1_146' title='bbox 954 2170 1115 2227; x_wconf 88' lang='lat' dir='ltr'><strong>erat?</strong></span> <span class='ocrx_word' id='word_1_147' title='bbox 1140 2169 1248 2226; x_wconf 90' lang='lat' dir='ltr'><strong>Sed</strong></span> <span class='ocrx_word' id='word_1_148' title='bbox 1296 2178 1356 2226; x_wconf 89' lang='lat' dir='ltr'><strong>ut</strong></span> <span class='ocrx_word' id='word_1_149' title='bbox 1393 2170 1461 2225; x_wconf 89' lang='lat' dir='ltr'><strong>ad</strong></span> <span class='ocrx_word' id='word_1_150' title='bbox 1487 2185 1587 2225; x_wconf 87' lang='lat' dir='ltr'><strong>nc-</strong></span> 
     </span>
    </p>
   </div>
   <div class='ocr_carea' id='block_1_22' title="bbox 83 2261 1585 2335">
    <p class='ocr_par' dir='ltr' id='par_1_22' title="bbox 83 2261 1585 2335">
     <span class='ocr_line' id='line_1_22' title="bbox 83 2261 1585 2335; baseline -0.001 -18"><span class='ocrx_word' id='word_1_151' title='bbox 83 2272 145 2319; x_wconf 86' lang='lat' dir='ltr'><strong>tra</strong></span> <span class='ocrx_word' id='word_1_152' title='bbox 168 2266 428 2321; x_wconf 85' lang='lat' dir='ltr'><strong>redeamus</strong></span> <span class='ocrx_word' id='word_1_153' title='bbox 458 2273 709 2334; x_wconf 88' lang='lat' dir='ltr'><strong>tempora</strong></span> <span class='ocrx_word' id='word_1_154' title='bbox 732 2294 804 2303; x_wconf 95' lang='lat'><strong>—</strong></span> <span class='ocrx_word' id='word_1_155' title='bbox 827 2264 974 2335; x_wconf 83' lang='lat' dir='ltr'><strong>quod</strong></span> <span class='ocrx_word' id='word_1_156' title='bbox 1004 2263 1151 2318; x_wconf 89' lang='lat' dir='ltr'><strong>enim</strong></span> <span class='ocrx_word' id='word_1_157' title='bbox 1179 2262 1383 2318; x_wconf 88' lang='lat' dir='ltr'><strong>scimus</strong></span> <span class='ocrx_word' id='word_1_158' title='bbox 1404 2261 1585 2332; x_wconf 88' lang='lat' dir='ltr'><strong>loqui-</strong></span> 
     </span>
    </p>
   </div>
   <div class='ocr_carea' id='block_1_23' title="bbox 81 2357 1589 2428">
    <p class='ocr_par' dir='ltr' id='par_1_23' title="bbox 81 2357 1589 2428">
     <span class='ocr_line' id='line_1_23' title="bbox 81 2357 1589 2428; baseline 0 -18"><span class='ocrx_word' id='word_1_159' title='bbox 81 2372 171 2423; x_wconf 84' lang='lat' dir='ltr'><strong>nur,</strong></span> <span class='ocrx_word' id='word_1_160' title='bbox 199 2367 246 2413; x_wconf 86' lang='lat' dir='ltr'><strong>et</strong></span> <span class='ocrx_word' id='word_1_161' title='bbox 280 2359 417 2428; x_wconf 89' lang='lat' dir='ltr'><strong>quod</strong></span> <span class='ocrx_word' id='word_1_162' title='bbox 452 2358 695 2415; x_wconf 79' lang='lat' dir='ltr'><strong>vidimus</strong></span> <span class='ocrx_word' id='word_1_163' title='bbox 726 2366 997 2414; x_wconf 89' lang='lat' dir='ltr'><strong>testamur</strong></span> <span class='ocrx_word' id='word_1_164' title='bbox 1019 2390 1082 2399; x_wconf 92' lang='lat'><strong><em>—</em></strong></span> <span class='ocrx_word' id='word_1_165' title='bbox 1102 2358 1345 2412; x_wconf 87' lang='lat' dir='ltr'><strong>nondum</strong></span> <span class='ocrx_word' id='word_1_166' title='bbox 1391 2357 1589 2411; x_wconf 86' lang='lat' dir='ltr'><strong>desunt</strong></span> 
     </span>
    </p>
   </div>
   <div class='ocr_carea' id='block_1_24' title="bbox 82 2447 1588 2522">
    <p class='ocr_par' dir='ltr' id='par_1_24' title="bbox 82 2447 1588 2522">
     <span class='ocr_line' id='line_1_24' title="bbox 82 2447 1588 2522; baseline 0.001 -20"><span class='ocrx_word' id='word_1_167' title='bbox 82 2447 134 2503; x_wconf 91' lang='lat' dir='ltr'><strong>llo</strong></span> <span class='ocrx_word' id='word_1_168' title='bbox 156 2447 199 2503; x_wconf 88' lang='lat' dir='ltr'><strong>in</strong></span> <span class='ocrx_word' id='word_1_169' title='bbox 236 2450 419 2518; x_wconf 90' lang='lat' dir='ltr'><strong>stadio,</strong></span> <span class='ocrx_word' id='word_1_170' title='bbox 450 2452 708 2522; x_wconf 85' lang='lat' dir='ltr'><strong>quamvis</strong></span> <span class='ocrx_word' id='word_1_171' title='bbox 741 2452 904 2522; x_wconf 88' lang='lat' dir='ltr'><strong>plana</strong></span> <span class='ocrx_word' id='word_1_172' title='bbox 938 2451 1051 2522; x_wconf 88' lang='lat' dir='ltr'><strong>jam</strong></span> <span class='ocrx_word' id='word_1_173' title='bbox 1088 2449 1197 2517; x_wconf 89' lang='lat' dir='ltr'><strong>via,</strong></span> <span class='ocrx_word' id='word_1_174' title='bbox 1239 2449 1588 2506; x_wconf 87' lang='lat' dir='ltr'><strong>currentibus</strong></span> 
     </span>
    </p>
   </div>
   <div class='ocr_carea' id='block_1_25' title="bbox 84 2538 1586 2612">
    <p class='ocr_par' dir='ltr' id='par_1_25' title="bbox 84 2538 1586 2612">
     <span class='ocr_line' id='line_1_25' title="bbox 84 2538 1586 2612; baseline 0.002 -20"><span class='ocrx_word' id='word_1_175' title='bbox 84 2555 108 2592; x_wconf 82' lang='grc' dir='ltr'>η</span> <span class='ocrx_word' id='word_1_176' title='bbox 130 2539 482 2596; x_wconf 87' lang='lat' dir='ltr'><strong>absolutionem</strong></span> <span class='ocrx_word' id='word_1_177' title='bbox 514 2541 804 2611; x_wconf 91' lang='lat' dir='ltr'><strong>culparum</strong></span> <span class='ocrx_word' id='word_1_178' title='bbox 840 2540 1087 2612; x_wconf 80' lang='lat' dir='ltr'><strong>martyrii</strong></span> <span class='ocrx_word' id='word_1_179' title='bbox 1118 2538 1325 2606; x_wconf 88' lang='lat' dir='ltr'><strong>bravia,</strong></span> <span class='ocrx_word' id='word_1_180' title='bbox 1348 2539 1586 2609; x_wconf 89' lang='lat' dir='ltr'><strong>pericula</strong></span> 
     </span>
    </p>
   </div>
   <div class='ocr_carea' id='block_1_26' title="bbox 81 2632 1587 2705">
    <p class='ocr_par' dir='ltr' id='par_1_26' title="bbox 81 2632 1587 2705">
     <span class='ocr_line' id='line_1_26' title="bbox 81 2632 1587 2705; baseline 0.002 -19"><span class='ocrx_word' id='word_1_181' title='bbox 81 2632 228 2687; x_wconf 54' lang='lat' dir='ltr'><strong>icilicet</strong></span> <span class='ocrx_word' id='word_1_182' title='bbox 249 2633 531 2701; x_wconf 90' lang='lat' dir='ltr'><strong>latronum,</strong></span> <span class='ocrx_word' id='word_1_183' title='bbox 560 2635 804 2705; x_wconf 87' lang='lat' dir='ltr'><strong>pericula</strong></span> <span class='ocrx_word' id='word_1_184' title='bbox 841 2632 1151 2701; x_wconf 84' lang='lat' dir='ltr'><strong>ﬂuminum,</strong></span> <span class='ocrx_word' id='word_1_185' title='bbox 1180 2634 1422 2705; x_wconf 90' lang='lat' dir='ltr'><strong>pericula</strong></span> <span class='ocrx_word' id='word_1_186' title='bbox 1465 2650 1587 2689; x_wconf 91' lang='lat' dir='ltr'><strong>ma-</strong></span> 
     </span>
    </p>
   </div>
   <div class='ocr_carea' id='block_1_27' title="bbox 81 2721 1586 2797">
    <p class='ocr_par' dir='ltr' id='par_1_27' title="bbox 81 2721 1586 2797">
     <span class='ocr_line' id='line_1_27' title="bbox 81 2721 1586 2797; baseline 0.003 -20"><span class='ocrx_word' id='word_1_187' title='bbox 81 2721 142 2786; x_wconf 76' lang='lat' dir='ltr'><strong>ris,</strong></span> <span class='ocrx_word' id='word_1_188' title='bbox 163 2725 458 2792; x_wconf 89' lang='lat' dir='ltr'><strong>solitudinis,</strong></span> <span class='ocrx_word' id='word_1_189' title='bbox 492 2724 661 2782; x_wconf 80' lang='lat' dir='ltr'><strong>famis</strong></span> <span class='ocrx_word' id='word_1_190' title='bbox 694 2734 750 2782; x_wconf 92' lang='lat' dir='ltr'><strong>et</strong></span> <span class='ocrx_word' id='word_1_191' title='bbox 792 2727 935 2795; x_wconf 89' lang='lat' dir='ltr'><strong>sitis,</strong></span> <span class='ocrx_word' id='word_1_192' title='bbox 965 2734 1117 2782; x_wconf 88' lang='lat' dir='ltr'><strong>estus</strong></span> <span class='ocrx_word' id='word_1_193' title='bbox 1142 2734 1198 2781; x_wconf 92' lang='lat' dir='ltr'><strong>et</strong></span> <span class='ocrx_word' id='word_1_194' title='bbox 1240 2726 1586 2797; x_wconf 89' lang='lat' dir='ltr'><strong>egritudinis,</strong></span> 
     </span>
    </p>
   </div>
   <div class='ocr_carea' id='block_1_28' title="bbox 81 2812 1590 2890">
    <p class='ocr_par' dir='ltr' id='par_1_28' title="bbox 81 2812 1590 2890">
     <span class='ocr_line' id='line_1_28' title="bbox 81 2812 1590 2890; baseline 0.005 -24"><span class='ocrx_word' id='word_1_195' title='bbox 81 2812 238 2885; x_wconf 75' lang='lat' dir='ltr'><strong>iliaque</strong></span> <span class='ocrx_word' id='word_1_196' title='bbox 265 2817 399 2873; x_wconf 89' lang='lat' dir='ltr'><strong>mille</strong></span> <span class='ocrx_word' id='word_1_197' title='bbox 417 2818 875 2890; x_wconf 84' lang='lat' dir='ltr'><strong>peregrinationis</strong></span> <span class='ocrx_word' id='word_1_198' title='bbox 899 2818 1268 2886; x_wconf 89' lang='lat' dir='ltr'><strong>incommoda,</strong></span> <span class='ocrx_word' id='word_1_199' title='bbox 1293 2818 1590 2890; x_wconf 80' lang='lat' dir='ltr'><strong>inexpertis</strong></span> 
     </span>
    </p>
   </div>
   <div class='ocr_carea' id='block_1_29' title="bbox 81 2903 1591 2979">
    <p class='ocr_par' dir='ltr' id='par_1_29' title="bbox 81 2903 1591 2979">
     <span class='ocr_line' id='line_1_29' title="bbox 81 2903 1591 2979; baseline 0.007 -26"><span class='ocrx_word' id='word_1_200' title='bbox 81 2903 140 2957; x_wconf 79' lang='lat' dir='ltr'><strong>vix</strong></span> <span class='ocrx_word' id='word_1_201' title='bbox 174 2907 437 2963; x_wconf 86' lang='lat' dir='ltr'><strong>credibilia.</strong></span> <span class='ocrx_word' id='word_1_202' title='bbox 482 2907 630 2963; x_wconf 88' lang='lat' dir='ltr'><strong>Dant</strong></span> <span class='ocrx_word' id='word_1_203' title='bbox 686 2908 847 2963; x_wconf 86' lang='lat' dir='ltr'><strong>tidem</strong></span> <span class='ocrx_word' id='word_1_204' title='bbox 898 2908 1061 2964; x_wconf 90' lang='lat' dir='ltr'><strong>dictis</strong></span> <span class='ocrx_word' id='word_1_205' title='bbox 1116 2909 1322 2965; x_wconf 88' lang='lat' dir='ltr'><strong>nostris</strong></span> <span class='ocrx_word' id='word_1_206' title='bbox 1368 2917 1449 2964; x_wconf 91' lang='lat' dir='ltr'><strong>tot</strong></span> <span class='ocrx_word' id='word_1_207' title='bbox 1494 2925 1591 2979; x_wconf 90' lang='lat' dir='ltr'><strong>per</strong></span> 
     </span>
    </p>
   </div>
   <div class='ocr_carea' id='block_1_30' title="bbox 81 2996 1588 3071">
    <p class='ocr_par' dir='ltr' id='par_1_30' title="bbox 81 2996 1588 3071">
     <span class='ocr_line' id='line_1_30' title="bbox 81 2996 1588 3071; baseline 0.005 -23"><span class='ocrx_word' id='word_1_208' title='bbox 81 2996 249 3051; x_wconf 77' lang='lat' dir='ltr'><strong>eandem</strong></span> <span class='ocrx_word' id='word_1_209' title='bbox 274 3006 484 3054; x_wconf 86' lang='lat' dir='ltr'><strong>stratam</strong></span> <span class='ocrx_word' id='word_1_210' title='bbox 534 3008 712 3055; x_wconf 88' lang='lat' dir='ltr'><strong>strata</strong></span> <span class='ocrx_word' id='word_1_211' title='bbox 752 2999 963 3055; x_wconf 85' lang='lat' dir='ltr'><strong>Christi</strong></span> <span class='ocrx_word' id='word_1_212' title='bbox 1009 2998 1588 3071; x_wconf 30' lang='lat' dir='ltr'><strong>cruciferorum‘capi-</strong></span> 
     </span>
    </p>
   </div>
   <div class='ocr_carea' id='block_1_31' title="bbox 82 3085 1661 3190">
    <p class='ocr_par' dir='ltr' id='par_1_31' title="bbox 82 3085 1661 3190">
     <span class='ocr_line' id='line_1_31' title="bbox 82 3085 1661 3190; baseline 0.012 -61"><span class='ocrx_word' id='word_1_213' title='bbox 82 3085 375 3190; x_wconf 33' lang='lat' dir='ltr'><strong>libusnablatis</strong></span> <span class='ocrx_word' id='word_1_214' title='bbox 414 3092 703 3158; x_wconf 77' lang='lat' dir='ltr'><strong>cadavera,</strong></span> <span class='ocrx_word' id='word_1_215' title='bbox 749 3091 843 3161; x_wconf 91' lang='lat' dir='ltr'><strong>qui</strong></span> <span class='ocrx_word' id='word_1_216' title='bbox 889 3090 1343 3147; x_wconf 88' lang='lat' dir='ltr'><strong>latrocinantibus</strong></span> <span class='ocrx_word' id='word_1_217' title='bbox 1388 3090 1588 3147; x_wconf 88' lang='lat' dir='ltr'><strong>ibidem</strong></span> <span class='ocrx_word' id='word_1_218' title='bbox 1618 3128 1661 3190; x_wconf 80' lang='lat' dir='ltr'><strong><em>C</em></strong></span> 
     </span>
    </p>
   </div>
   <div class='ocr_carea' id='block_1_32' title="bbox 84 3177 1588 3254">
    <p class='ocr_par' dir='ltr' id='par_1_32' title="bbox 84 3177 1588 3254">
     <span class='ocr_line' id='line_1_32' title="bbox 84 3177 1588 3254; baseline 0.007 -26"><span class='ocrx_word' id='word_1_219' title='bbox 84 3177 210 3235; x_wconf 81' lang='lat' dir='ltr'><strong>invasi</strong></span> <span class='ocrx_word' id='word_1_220' title='bbox 241 3184 464 3254; x_wconf 85' lang='lat' dir='ltr'><strong>paganis,</strong></span> <span class='ocrx_word' id='word_1_221' title='bbox 507 3184 563 3238; x_wconf 90' lang='lat' dir='ltr'><strong>in</strong></span> <span class='ocrx_word' id='word_1_222' title='bbox 611 3183 834 3239; x_wconf 87' lang='lat' dir='ltr'><strong>modum</strong></span> <span class='ocrx_word' id='word_1_223' title='bbox 876 3184 1058 3239; x_wconf 90' lang='lat' dir='ltr'><strong>crucis</strong></span> <span class='ocrx_word' id='word_1_224' title='bbox 1085 3192 1274 3239; x_wconf 87' lang='lat' dir='ltr'><strong>contra</strong></span> <span class='ocrx_word' id='word_1_225' title='bbox 1321 3183 1588 3239; x_wconf 78' lang='lat' dir='ltr'><strong>orientem</strong></span> 
     </span>
    </p>
   </div>
   <div class='ocr_carea' id='block_1_33' title="bbox 85 3273 1589 3343">
    <p class='ocr_par' dir='ltr' id='par_1_33' title="bbox 85 3273 1589 3343">
     <span class='ocr_line' id='line_1_33' title="bbox 85 3273 1589 3343; baseline 0.001 -17"><span class='ocrx_word' id='word_1_226' title='bbox 85 3275 449 3343; x_wconf 64' lang='lat' dir='ltr'><strong>lenaprotensi,</strong></span> <span class='ocrx_word' id='word_1_227' title='bbox 479 3276 711 3330; x_wconf 86' lang='lat' dir='ltr'><strong>calicem</strong></span> <span class='ocrx_word' id='word_1_228' title='bbox 757 3274 966 3331; x_wconf 85' lang='lat' dir='ltr'><strong>Christi</strong></span> <span class='ocrx_word' id='word_1_229' title='bbox 1014 3273 1219 3330; x_wconf 85' lang='lat' dir='ltr'><strong>bibisse</strong></span> <span class='ocrx_word' id='word_1_230' title='bbox 1264 3283 1589 3339; x_wconf 92' lang='lat' dir='ltr'><strong>cernuntur,</strong></span> 
     </span>
    </p>
   </div>
   <div class='ocr_carea' id='block_1_34' title="bbox 88 3356 1588 3434">
    <p class='ocr_par' dir='ltr' id='par_1_34' title="bbox 88 3356 1588 3434">
     <span class='ocr_line' id='line_1_34' title="bbox 88 3356 1588 3434; baseline 0.007 -27"><span class='ocrx_word' id='word_1_231' title='bbox 88 3356 186 3410; x_wconf 81' lang='lat' dir='ltr'><strong>inter</strong></span> <span class='ocrx_word' id='word_1_232' title='bbox 222 3360 499 3416; x_wconf 90' lang='lat' dir='ltr'><strong>orationum</strong></span> <span class='ocrx_word' id='word_1_233' title='bbox 544 3377 649 3433; x_wconf 88' lang='lat' dir='ltr'><strong>pro</strong></span> <span class='ocrx_word' id='word_1_234' title='bbox 677 3363 880 3434; x_wconf 89' lang='lat' dir='ltr'><strong>quibus</strong></span> <span class='ocrx_word' id='word_1_235' title='bbox 921 3362 1408 3434; x_wconf 87' lang='lat' dir='ltr'><strong>peregrinabantur</strong></span> <span class='ocrx_word' id='word_1_236' title='bbox 1441 3374 1588 3417; x_wconf 89' lang='lat' dir='ltr'><strong>vota.</strong></span> 
     </span>
    </p>
   </div>
   <div class='ocr_carea' id='block_1_35' title="bbox 89 3445 1591 3526">
    <p class='ocr_par' dir='ltr' id='par_1_35' title="bbox 89 3445 1591 3526">
     <span class='ocr_line' id='line_1_35' title="bbox 89 3445 1591 3526; baseline -0.002 -14"><span class='ocrx_word' id='word_1_237' title='bbox 89 3445 355 3521; x_wconf 77' lang='lat' dir='ltr'><strong>Quapropter</strong></span> <span class='ocrx_word' id='word_1_238' title='bbox 385 3462 599 3510; x_wconf 88' lang='lat' dir='ltr'><strong>cessent</strong></span> <span class='ocrx_word' id='word_1_239' title='bbox 623 3470 849 3513; x_wconf 86' lang='lat' dir='ltr'><strong>necesse</strong></span> <span class='ocrx_word' id='word_1_240' title='bbox 889 3464 974 3510; x_wconf 89' lang='lat' dir='ltr'><strong>est</strong></span> <span class='ocrx_word' id='word_1_241' title='bbox 1005 3455 1229 3526; x_wconf 90' lang='lat' dir='ltr'><strong>quidam</strong></span> <span class='ocrx_word' id='word_1_242' title='bbox 1269 3455 1591 3510; x_wconf 87' lang='lat' dir='ltr'><strong>deliciarum</strong></span> 
     </span>
    </p>
   </div>
   <div class='ocr_carea' id='block_1_36' title="bbox 91 3530 1628 3619">
    <p class='ocr_par' dir='ltr' id='par_1_36' title="bbox 91 3530 1628 3619">
     <span class='ocr_line' id='line_1_36' title="bbox 91 3530 1628 3619; baseline 0.007 -28"><span class='ocrx_word' id='word_1_243' title='bbox 91 3541 265 3598; x_wconf 76' lang='lat' dir='ltr'><strong>vinculis</strong></span> <span class='ocrx_word' id='word_1_244' title='bbox 282 3546 479 3614; x_wconf 90' lang='lat' dir='ltr'><strong>irretiti,</strong></span> <span class='ocrx_word' id='word_1_245' title='bbox 503 3564 726 3603; x_wconf 90' lang='lat' dir='ltr'><strong>crucem</strong></span> <span class='ocrx_word' id='word_1_246' title='bbox 769 3557 895 3619; x_wconf 89' lang='lat' dir='ltr'><strong>post</strong></span> <span class='ocrx_word' id='word_1_247' title='bbox 921 3547 1226 3614; x_wconf 88' lang='lat' dir='ltr'><strong>Christum,</strong></span> <span class='ocrx_word' id='word_1_248' title='bbox 1256 3547 1509 3619; x_wconf 81' lang='lat' dir='ltr'><strong>quamvis</strong></span> <span class='ocrx_word' id='word_1_249' title='bbox 1535 3547 1593 3602; x_wconf 91' lang='lat' dir='ltr'><strong>in</strong></span> <span class='ocrx_word' id='word_1_250' title='bbox 1618 3530 1628 3543; x_wconf 66' lang='grc'><em>’</em></span> 
     </span>
    </p>
   </div>
   <div class='ocr_carea' id='block_1_37' title="bbox 96 3635 1595 3712">
    <p class='ocr_par' dir='ltr' id='par_1_37' title="bbox 96 3635 1595 3712">
     <span class='ocr_line' id='line_1_37' title="bbox 96 3635 1595 3712; baseline 0.008 -28"><span class='ocrx_word' id='word_1_251' title='bbox 96 3635 257 3702; x_wconf 76' lang='lat' dir='ltr'><strong>angaria</strong></span> <span class='ocrx_word' id='word_1_252' title='bbox 280 3652 392 3692; x_wconf 87' lang='lat' dir='ltr'><strong>cum</strong></span> <span class='ocrx_word' id='word_1_253' title='bbox 422 3638 681 3711; x_wconf 79' lang='lat' dir='ltr'><strong>Symone,</strong></span> <span class='ocrx_word' id='word_1_254' title='bbox 710 3641 1059 3711; x_wconf 88' lang='lat' dir='ltr'><strong>portantibus</strong></span> <span class='ocrx_word' id='word_1_255' title='bbox 1083 3641 1457 3712; x_wconf 87' lang='lat' dir='ltr'><strong>inproperare,</strong></span> <span class='ocrx_word' id='word_1_256' title='bbox 1493 3656 1595 3696; x_wconf 90' lang='lat' dir='ltr'><strong>cur</strong></span> 
     </span>
    </p>
   </div>
   <div class='ocr_carea' id='block_1_38' title="bbox 97 3720 1591 3804">
    <p class='ocr_par' dir='ltr' id='par_1_38' title="bbox 97 3720 1591 3804">
     <span class='ocr_line' id='line_1_38' title="bbox 97 3720 1591 3804; baseline 0.004 -24"><span class='ocrx_word' id='word_1_257' title='bbox 97 3720 223 3789; x_wconf 79' lang='lat' dir='ltr'><strong>ipsum</strong></span> <span class='ocrx_word' id='word_1_258' title='bbox 247 3727 351 3796; x_wconf 88' lang='lat' dir='ltr'><strong>iter,</strong></span> <span class='ocrx_word' id='word_1_259' title='bbox 399 3740 580 3802; x_wconf 86' lang='lat' dir='ltr'><strong>utpote</strong></span> <span class='ocrx_word' id='word_1_260' title='bbox 620 3748 896 3803; x_wconf 88' lang='lat' dir='ltr'><strong>nusquam</strong></span> <span class='ocrx_word' id='word_1_261' title='bbox 945 3732 1145 3788; x_wconf 84' lang='lat' dir='ltr'><strong>divinis</strong></span> <span class='ocrx_word' id='word_1_262' title='bbox 1198 3732 1410 3804; x_wconf 84' lang='lat' dir='ltr'><strong>legibus</strong></span> <span class='ocrx_word' id='word_1_263' title='bbox 1447 3732 1591 3787; x_wconf 90' lang='lat' dir='ltr'><strong>indi-</strong></span> 
     </span>
    </p>
   </div>
   <div class='ocr_carea' id='block_1_39' title="bbox 99 3819 1592 3895">
    <p class='ocr_par' dir='ltr' id='par_1_39' title="bbox 99 3819 1592 3895">
     <span class='ocr_line' id='line_1_39' title="bbox 99 3819 1592 3895; baseline 0.01 -31"><span class='ocrx_word' id='word_1_264' title='bbox 99 3821 219 3882; x_wconf 83' lang='lat' dir='ltr'><strong>ctum,</strong></span> <span class='ocrx_word' id='word_1_265' title='bbox 241 3819 366 3877; x_wconf 91' lang='lat' dir='ltr'><strong>vicio</strong></span> <span class='ocrx_word' id='word_1_266' title='bbox 382 3823 664 3880; x_wconf 80' lang='lat' dir='ltr'><strong>dumtaxat</strong></span> <span class='ocrx_word' id='word_1_267' title='bbox 697 3823 1018 3881; x_wconf 90' lang='lat' dir='ltr'><strong>mobilitatis</strong></span> <span class='ocrx_word' id='word_1_268' title='bbox 1038 3833 1406 3895; x_wconf 88' lang='lat' dir='ltr'><strong>asseqnantur</strong></span> <span class='ocrx_word' id='word_1_269' title='bbox 1427 3842 1442 3892; x_wconf 91' lang='lat'><strong>;</strong></span> <span class='ocrx_word' id='word_1_270' title='bbox 1467 3840 1592 3879; x_wconf 91' lang='lat' dir='ltr'><strong>cum</strong></span> 
     </span>
    </p>
   </div>
   <div class='ocr_carea' id='block_1_40' title="bbox 101 3900 1594 3988">
    <p class='ocr_par' dir='ltr' id='par_1_40' title="bbox 101 3900 1594 3988">
     <span class='ocr_line' id='line_1_40' title="bbox 101 3900 1594 3988; baseline 0.001 -19"><span class='ocrx_word' id='word_1_271' title='bbox 101 3900 168 3969; x_wconf 62' lang='grc' dir='ltr'><strong><em>διιεῖ</em></strong></span> <span class='ocrx_word' id='word_1_272' title='bbox 189 3921 234 3961; x_wconf 81' lang='lat' dir='ltr'><strong>se</strong></span> <span class='ocrx_word' id='word_1_273' title='bbox 252 3912 410 3979; x_wconf 85' lang='lat' dir='ltr'><strong>potius</strong></span> <span class='ocrx_word' id='word_1_274' title='bbox 432 3914 850 3988; x_wconf 87' lang='lat' dir='ltr'><strong>incorrigibilcs,</strong></span> <span class='ocrx_word' id='word_1_275' title='bbox 880 3915 1010 3970; x_wconf 89' lang='lat' dir='ltr'><strong>dum</strong></span> <span class='ocrx_word' id='word_1_276' title='bbox 1031 3916 1151 3971; x_wconf 84' lang='lat' dir='ltr'><strong>vias</strong></span> <span class='ocrx_word' id='word_1_277' title='bbox 1177 3915 1392 3971; x_wconf 90' lang='lat' dir='ltr'><strong>Domini</strong></span> <span class='ocrx_word' id='word_1_278' title='bbox 1426 3916 1594 3971; x_wconf 91' lang='lat' dir='ltr'><strong>duras</strong></span> 
     </span>
    </p>
   </div>
   <div class='ocr_carea' id='block_1_41' title="bbox 104 4006 1593 4079">
    <p class='ocr_par' dir='ltr' id='par_1_41' title="bbox 104 4006 1593 4079">
     <span class='ocr_line' id='line_1_41' title="bbox 104 4006 1593 4079; baseline 0.008 -28"><span class='ocrx_word' id='word_1_279' title='bbox 104 4007 177 4047; x_wconf 82' lang='lat' dir='ltr'><strong>non</strong></span> <span class='ocrx_word' id='word_1_280' title='bbox 210 4010 451 4072; x_wconf 83' lang='lat' dir='ltr'><strong>appetunt,</strong></span> <span class='ocrx_word' id='word_1_281' title='bbox 479 4006 913 4063; x_wconf 86' lang='lat' dir='ltr'><strong>detractionibus</strong></span> <span class='ocrx_word' id='word_1_282' title='bbox 961 4015 1226 4062; x_wconf 88' lang='lat' dir='ltr'><strong>venenata</strong></span> <span class='ocrx_word' id='word_1_283' title='bbox 1276 4007 1463 4079; x_wconf 86' lang='lat' dir='ltr'><strong>lingua</strong></span> <span class='ocrx_word' id='word_1_284' title='bbox 1514 4016 1593 4063; x_wconf 89' lang='lat' dir='ltr'><strong>te-</strong></span> 
     </span>
    </p>
   </div>
   <div class='ocr_carea' id='block_1_42' title="bbox 105 4090 1593 4173">
    <p class='ocr_par' dir='ltr' id='par_1_42' title="bbox 105 4090 1593 4173">
     <span class='ocr_line' id='line_1_42' title="bbox 105 4090 1593 4173; baseline 0.011 -34"><span class='ocrx_word' id='word_1_285' title='bbox 105 4090 272 4173; x_wconf 59' lang='lat' dir='ltr'><strong>sternar.</strong></span> <span class='ocrx_word' id='word_1_286' title='bbox 285 4090 381 4150; x_wconf 81' lang='lat' dir='ltr'><strong>Nos</strong></span> <span class='ocrx_word' id='word_1_287' title='bbox 401 4105 575 4153; x_wconf 88' lang='lat' dir='ltr'><strong>autem</strong></span> <span class='ocrx_word' id='word_1_288' title='bbox 601 4099 735 4170; x_wconf 92' lang='lat' dir='ltr'><strong>quid</strong></span> <span class='ocrx_word' id='word_1_289' title='bbox 760 4100 859 4155; x_wconf 91' lang='lat' dir='ltr'><strong>hos</strong></span> <span class='ocrx_word' id='word_1_290' title='bbox 887 4099 991 4155; x_wconf 90' lang='lat' dir='ltr'><strong>nisi</strong></span> <span class='ocrx_word' id='word_1_291' title='bbox 1017 4115 1145 4155; x_wconf 91' lang='lat' dir='ltr'><strong>vere</strong></span> <span class='ocrx_word' id='word_1_292' title='bbox 1180 4110 1450 4173; x_wconf 83' lang='lat' dir='ltr'><strong>martyres</strong></span> <span class='ocrx_word' id='word_1_293' title='bbox 1471 4116 1593 4156; x_wconf 89' lang='lat' dir='ltr'><strong>cre-</strong></span> 
     </span>
    </p>
   </div>
   <div class='ocr_carea' id='block_1_43' title="bbox 107 4170 1590 4262">
    <p class='ocr_par' dir='ltr' id='par_1_43' title="bbox 107 4170 1590 4262">
     <span class='ocr_line' id='line_1_43' title="bbox 107 4170 1590 4262; baseline 0.009 -29"><span class='ocrx_word' id='word_1_294' title='bbox 107 4170 263 4246; x_wconf 59' lang='lat' dir='ltr'><strong>ﬁmus,</strong></span> <span class='ocrx_word' id='word_1_295' title='bbox 295 4185 476 4254; x_wconf 89' lang='lat' dir='ltr'><strong>quibus</strong></span> <span class='ocrx_word' id='word_1_296' title='bbox 518 4190 758 4246; x_wconf 88' lang='lat' dir='ltr'><strong>mundus</strong></span> <span class='ocrx_word' id='word_1_297' title='bbox 785 4191 1105 4258; x_wconf 77' lang='lat' dir='ltr'><strong>cruciﬁxus,</strong></span> <span class='ocrx_word' id='word_1_298' title='bbox 1136 4199 1191 4246; x_wconf 85' lang='lat' dir='ltr'><strong>et</strong></span> <span class='ocrx_word' id='word_1_299' title='bbox 1229 4170 1341 4262; x_wconf 82' lang='lat' dir='ltr'><strong>ipsi</strong></span> <span class='ocrx_word' id='word_1_300' title='bbox 1366 4192 1590 4247; x_wconf 90' lang='lat' dir='ltr'><strong>mundo.</strong></span> 
     </span>
    </p>
   </div>
   <div class='ocr_carea' id='block_1_44' title="bbox 109 4262 1595 4356">
    <p class='ocr_par' dir='ltr' id='par_1_44' title="bbox 109 4262 1595 4356">
     <span class='ocr_line' id='line_1_44' title="bbox 109 4262 1595 4356; baseline 0.013 -37"><span class='ocrx_word' id='word_1_301' title='bbox 109 4262 245 4325; x_wconf 77' lang='lat' dir='ltr'><strong>Cmcis</strong></span> <span class='ocrx_word' id='word_1_302' title='bbox 268 4290 316 4331; x_wconf 86' lang='lat' dir='ltr'><strong>se</strong></span> <span class='ocrx_word' id='word_1_303' title='bbox 347 4279 491 4350; x_wconf 88' lang='lat' dir='ltr'><strong>signo</strong></span> <span class='ocrx_word' id='word_1_304' title='bbox 529 4283 596 4338; x_wconf 90' lang='lat' dir='ltr'><strong>ad</strong></span> <span class='ocrx_word' id='word_1_305' title='bbox 642 4292 724 4338; x_wconf 88' lang='lat' dir='ltr'><strong>tot</strong></span> <span class='ocrx_word' id='word_1_306' title='bbox 753 4284 1033 4339; x_wconf 88' lang='lat' dir='ltr'><strong>cruciatus</strong></span> <span class='ocrx_word' id='word_1_307' title='bbox 1061 4283 1386 4356; x_wconf 87' lang='lat' dir='ltr'><strong>insigniunt,</strong></span> <span class='ocrx_word' id='word_1_308' title='bbox 1435 4294 1490 4339; x_wconf 92' lang='lat' dir='ltr'><strong>et</strong></span> <span class='ocrx_word' id='word_1_309' title='bbox 1528 4284 1595 4339; x_wconf 91' lang='lat' dir='ltr'><strong>de</strong></span> 
     </span>
    </p>
   </div>
   <div class='ocr_carea' id='block_1_45' title="bbox 111 4361 1595 4448">
    <p class='ocr_par' dir='ltr' id='par_1_45' title="bbox 111 4361 1595 4448">
     <span class='ocr_line' id='line_1_45' title="bbox 111 4361 1595 4448; baseline 0.006 -24"><span class='ocrx_word' id='word_1_310' title='bbox 111 4361 243 4425; x_wconf 49' lang='lat' dir='ltr'><strong>illis</strong></span> <span class='ocrx_word' id='word_1_311' title='bbox 262 4372 544 4438; x_wconf 82' lang='lat' dir='ltr'><strong>paucissimi</strong></span> <span class='ocrx_word' id='word_1_312' title='bbox 590 4376 846 4448; x_wconf 90' lang='lat' dir='ltr'><strong>idemque</strong></span> <span class='ocrx_word' id='word_1_313' title='bbox 895 4376 1121 4447; x_wconf 88' lang='lat' dir='ltr'><strong>palmati</strong></span> <span class='ocrx_word' id='word_1_314' title='bbox 1154 4377 1314 4447; x_wconf 90' lang='lat' dir='ltr'><strong>quasi</strong></span> <span class='ocrx_word' id='word_1_315' title='bbox 1358 4378 1595 4433; x_wconf 87' lang='lat' dir='ltr'><strong>victores</strong></span> 
     </span>
    </p>
   </div>
   <div class='ocr_carea' id='block_1_46' title="bbox 1090 306 2139 365">
    <p class='ocr_par' dir='ltr' id='par_1_46' title="bbox 1090 306 2139 365">
     <span class='ocr_line' id='line_1_46' title="bbox 1090 306 2139 365; baseline 0.006 -6"><span class='ocrx_word' id='word_1_316' title='bbox 1090 306 1427 363; x_wconf 81' lang='lat' dir='ltr'><strong>EPISTOLA</strong></span> <span class='ocrx_word' id='word_1_317' title='bbox 1465 308 1557 361; x_wconf 83' lang='lat' dir='ltr'><strong>AD</strong></span> <span class='ocrx_word' id='word_1_318' title='bbox 1592 308 2139 365; x_wconf 73' lang='lat' dir='ltr'><strong>ERKEMBERTUM.</strong></span> 
     </span>
    </p>
   </div>
   <div class='ocr_carea' id='block_1_47' title="bbox 3136 326 3272 381">
    <p class='ocr_par' dir='ltr' id='par_1_47' title="bbox 3136 326 3272 381">
     <span class='ocr_line' id='line_1_47' title="bbox 3136 326 3272 381; baseline 0 -2"><span class='ocrx_word' id='word_1_319' title='bbox 3136 326 3272 381; x_wconf 67' lang='lat' dir='ltr'><strong>i062</strong></span> 
     </span>
    </p>
   </div>
   <div class='ocr_carea' id='block_1_48' title="bbox 1684 421 3271 499">
    <p class='ocr_par' dir='ltr' id='par_1_48' title="bbox 1684 421 3271 499">
     <span class='ocr_line' id='line_1_48' title="bbox 1684 421 3271 499; baseline 0.011 -24"><span class='ocrx_word' id='word_1_320' title='bbox 1684 421 1878 477; x_wconf 88' lang='lat' dir='ltr'><strong>mortis</strong></span> <span class='ocrx_word' id='word_1_321' title='bbox 1908 422 2153 478; x_wconf 87' lang='lat' dir='ltr'><strong>redeunt.</strong></span> <span class='ocrx_word' id='word_1_322' title='bbox 2178 422 2287 480; x_wconf 87' lang='lat' dir='ltr'><strong>Nec</strong></span> <span class='ocrx_word' id='word_1_323' title='bbox 2324 425 2524 482; x_wconf 89' lang='lat' dir='ltr'><strong>desunt</strong></span> <span class='ocrx_word' id='word_1_324' title='bbox 2545 428 2660 499; x_wconf 86' lang='lat' dir='ltr'><strong>jam</strong></span> <span class='ocrx_word' id='word_1_325' title='bbox 2684 431 2914 485; x_wconf 89' lang='lat' dir='ltr'><strong>eandem</strong></span> <span class='ocrx_word' id='word_1_326' title='bbox 2946 440 3147 489; x_wconf 89' lang='lat' dir='ltr'><strong>terram</strong></span> <span class='ocrx_word' id='word_1_327' title='bbox 3185 453 3271 491; x_wconf 87' lang='lat' dir='ltr'><strong>re-</strong></span> 
     </span>
    </p>
   </div>
   <div class='ocr_carea' id='block_1_49' title="bbox 1689 513 3273 596">
    <p class='ocr_par' dir='ltr' id='par_1_49' title="bbox 1689 513 3273 596">
     <span class='ocr_line' id='line_1_49' title="bbox 1689 513 3273 596; baseline 0.011 -30"><span class='ocrx_word' id='word_1_328' title='bbox 1689 513 2077 584; x_wconf 87' lang='lat' dir='ltr'><strong>promissionis</strong></span> <span class='ocrx_word' id='word_1_329' title='bbox 2113 516 2479 574; x_wconf 90' lang='lat' dir='ltr'><strong>incolentibus</strong></span> <span class='ocrx_word' id='word_1_330' title='bbox 2501 520 2773 576; x_wconf 88' lang='lat' dir='ltr'><strong>cotidiana</strong></span> <span class='ocrx_word' id='word_1_331' title='bbox 2797 526 3079 596; x_wconf 63' lang='lat' dir='ltr'><strong>martyria,</strong></span> <span class='ocrx_word' id='word_1_332' title='bbox 3106 527 3273 582; x_wconf 89' lang='lat' dir='ltr'><strong>ultro-</strong></span> 
     </span>
    </p>
   </div>
   <div class='ocr_carea' id='block_1_50' title="bbox 1686 596 3271 687">
    <p class='ocr_par' dir='ltr' id='par_1_50' title="bbox 1686 596 3271 687">
     <span class='ocr_line' id='line_1_50' title="bbox 1686 596 3271 687; baseline 0.011 -29"><span class='ocrx_word' id='word_1_333' title='bbox 1686 619 1849 660; x_wconf 90' lang='lat' dir='ltr'><strong>neum</strong></span> <span class='ocrx_word' id='word_1_334' title='bbox 1874 596 2123 663; x_wconf 82' lang='lat' dir='ltr'><strong>videlicet</strong></span> <span class='ocrx_word' id='word_1_335' title='bbox 2151 609 2398 676; x_wconf 73' lang='lat' dir='ltr'><strong>exilium,</strong></span> <span class='ocrx_word' id='word_1_336' title='bbox 2421 611 2667 667; x_wconf 89' lang='lat' dir='ltr'><strong>absentia</strong></span> <span class='ocrx_word' id='word_1_337' title='bbox 2699 624 3007 683; x_wconf 90' lang='lat' dir='ltr'><strong>parentum,</strong></span> <span class='ocrx_word' id='word_1_338' title='bbox 3044 620 3271 687; x_wconf 84' lang='lat' dir='ltr'><strong>penuria</strong></span> 
     </span>
    </p>
   </div>
   <div class='ocr_carea' id='block_1_51' title="bbox 1686 696 3271 779">
    <p class='ocr_par' dir='ltr' id='par_1_51' title="bbox 1686 696 3271 779">
     <span class='ocr_line' id='line_1_51' title="bbox 1686 696 3271 779; baseline 0.013 -30"><span class='ocrx_word' id='word_1_339' title='bbox 1686 709 1894 763; x_wconf 88' lang='lat' dir='ltr'><strong>rerum,</strong></span> <span class='ocrx_word' id='word_1_340' title='bbox 1930 696 2294 767; x_wconf 89' lang='lat' dir='ltr'><strong>incursiones,</strong></span> <span class='ocrx_word' id='word_1_341' title='bbox 2317 700 2626 769; x_wconf 88' lang='lat' dir='ltr'><strong>latrocinia,</strong></span> <span class='ocrx_word' id='word_1_342' title='bbox 2663 703 2828 760; x_wconf 87' lang='lat' dir='ltr'><strong>timor</strong></span> <span class='ocrx_word' id='word_1_343' title='bbox 2863 708 3180 779; x_wconf 87' lang='lat' dir='ltr'><strong>continuus,</strong></span> <span class='ocrx_word' id='word_1_344' title='bbox 3212 719 3271 769; x_wconf 87' lang='lat' dir='ltr'><strong>et</strong></span> 
     </span>
    </p>
   </div>
   <div class='ocr_carea' id='block_1_52' title="bbox 1686 786 3272 872">
    <p class='ocr_par' dir='ltr' id='par_1_52' title="bbox 1686 786 3272 872">
     <span class='ocr_line' id='line_1_52' title="bbox 1686 786 3272 872; baseline 0.013 -32"><span class='ocrx_word' id='word_1_345' title='bbox 1686 786 1900 841; x_wconf 71' lang='lat' dir='ltr'><strong>insidiae</strong></span> <span class='ocrx_word' id='word_1_346' title='bbox 1958 788 2338 857; x_wconf 90' lang='lat' dir='ltr'><strong>barbarorum,</strong></span> <span class='ocrx_word' id='word_1_347' title='bbox 2394 792 2660 849; x_wconf 73' lang='lat' dir='ltr'><strong>inﬁnitive</strong></span> <span class='ocrx_word' id='word_1_348' title='bbox 2717 794 2855 851; x_wconf 86' lang='lat' dir='ltr'><strong>bella</strong></span> <span class='ocrx_word' id='word_1_349' title='bbox 2908 813 3034 853; x_wconf 92' lang='lat' dir='ltr'><strong>cum</strong></span> <span class='ocrx_word' id='word_1_350' title='bbox 3084 801 3272 872; x_wconf 85' lang='lat' dir='ltr'><strong>regnis</strong></span> 
     </span>
    </p>
   </div>
   <div class='ocr_carea' id='block_1_53' title="bbox 1686 872 3270 955">
    <p class='ocr_par' dir='ltr' id='par_1_53' title="bbox 1686 872 3270 955">
     <span class='ocr_line' id='line_1_53' title="bbox 1686 872 3270 955; baseline 0.015 -28"><span class='ocrx_word' id='word_1_351' title='bbox 1686 872 1975 933; x_wconf 83' lang='lat' dir='ltr'><strong>Persarum</strong></span> <span class='ocrx_word' id='word_1_352' title='bbox 2004 880 2088 935; x_wconf 90' lang='lat' dir='ltr'><strong>vel</strong></span> <span class='ocrx_word' id='word_1_353' title='bbox 2116 881 2557 955; x_wconf 83' lang='lat' dir='ltr'><strong>Babyloniorum.</strong></span> <span class='ocrx_word' id='word_1_354' title='bbox 2606 884 2841 942; x_wconf 80' lang='lat' dir='ltr'><strong>Econtra</strong></span> <span class='ocrx_word' id='word_1_355' title='bbox 2874 890 2928 943; x_wconf 90' lang='lat' dir='ltr'><strong>in</strong></span> <span class='ocrx_word' id='word_1_356' title='bbox 2952 892 3068 947; x_wconf 90' lang='lat' dir='ltr'><strong>dies</strong></span> <span class='ocrx_word' id='word_1_357' title='bbox 3102 908 3270 949; x_wconf 88' lang='lat' dir='ltr'><strong>excu-</strong></span> 
     </span>
    </p>
   </div>
   <div class='ocr_carea' id='block_1_54' title="bbox 1686 973 3258 1052">
    <p class='ocr_par' dir='ltr' id='par_1_54' title="bbox 1686 973 3258 1052">
     <span class='ocr_line' id='line_1_54' title="bbox 1686 973 3258 1052; baseline 0.01 -25"><span class='ocrx_word' id='word_1_358' title='bbox 1686 973 1829 1029; x_wconf 91' lang='lat' dir='ltr'><strong>tiens</strong></span> <span class='ocrx_word' id='word_1_359' title='bbox 1858 989 1917 1030; x_wconf 91' lang='lat' dir='ltr'><strong>se</strong></span> <span class='ocrx_word' id='word_1_360' title='bbox 1940 975 2006 1030; x_wconf 89' lang='lat' dir='ltr'><strong>de</strong></span> <span class='ocrx_word' id='word_1_361' title='bbox 2030 976 2248 1045; x_wconf 89' lang='lat' dir='ltr'><strong>pulvere</strong></span> <span class='ocrx_word' id='word_1_362' title='bbox 2284 979 2390 1033; x_wconf 83' lang='lat' dir='ltr'><strong>tilla</strong></span> <span class='ocrx_word' id='word_1_363' title='bbox 2433 978 2601 1052; x_wconf 89' lang='lat' dir='ltr'><strong>Syon,</strong></span> <span class='ocrx_word' id='word_1_364' title='bbox 2644 979 3123 1041; x_wconf 84' lang='lat' dir='ltr'><strong>Hierosolimitana</strong></span> <span class='ocrx_word' id='word_1_365' title='bbox 3170 990 3258 1043; x_wconf 75' lang='lat' dir='ltr'><strong>ni-</strong></span> 
     </span>
    </p>
   </div>
   <div class='ocr_carea' id='block_1_55' title="bbox 1684 1063 3264 1149">
    <p class='ocr_par' dir='ltr' id='par_1_55' title="bbox 1684 1063 3264 1149">
     <span class='ocr_line' id='line_1_55' title="bbox 1684 1063 3264 1149; baseline 0.011 -32"><span class='ocrx_word' id='word_1_366' title='bbox 1684 1063 1891 1117; x_wconf 91' lang='lat' dir='ltr'><strong>mirum</strong></span> <span class='ocrx_word' id='word_1_367' title='bbox 1913 1065 2177 1131; x_wconf 76' lang='lat' dir='ltr'><strong>:ccclesia,</strong></span> <span class='ocrx_word' id='word_1_368' title='bbox 2212 1069 2485 1123; x_wconf 89' lang='lat' dir='ltr'><strong>canticum</strong></span> <span class='ocrx_word' id='word_1_369' title='bbox 2510 1087 2711 1126; x_wconf 87' lang='lat' dir='ltr'><strong>novum</strong></span> <span class='ocrx_word' id='word_1_370' title='bbox 2757 1072 2955 1129; x_wconf 90' lang='lat' dir='ltr'><strong>dilecto</strong></span> <span class='ocrx_word' id='word_1_371' title='bbox 3002 1091 3125 1143; x_wconf 92' lang='lat' dir='ltr'><strong>suo,</strong></span> <span class='ocrx_word' id='word_1_372' title='bbox 3167 1081 3264 1149; x_wconf 87' lang='lat' dir='ltr'><strong>qui</strong></span> 
     </span>
    </p>
   </div>
   <div class='ocr_carea' id='block_1_56' title="bbox 1686 1156 3266 1228">
    <p class='ocr_par' dir='ltr' id='par_1_56' title="bbox 1686 1156 3266 1228">
     <span class='ocr_line' id='line_1_56' title="bbox 1686 1156 3266 1228; baseline 0.01 -18"><span class='ocrx_word' id='word_1_373' title='bbox 1686 1171 1874 1210; x_wconf 83' lang='lat' dir='ltr'><strong>secum</strong></span> <span class='ocrx_word' id='word_1_374' title='bbox 1911 1156 2184 1213; x_wconf 80' lang='lat' dir='ltr'><strong>mirabilia</strong></span> <span class='ocrx_word' id='word_1_375' title='bbox 2215 1158 2363 1228; x_wconf 79' lang='lat' dir='ltr'><strong>fecit,</strong></span> <span class='ocrx_word' id='word_1_376' title='bbox 2398 1170 2621 1218; x_wconf 91' lang='lat' dir='ltr'><strong>cantare</strong></span> <span class='ocrx_word' id='word_1_377' title='bbox 2667 1180 2776 1219; x_wconf 92' lang='lat' dir='ltr'><strong>non</strong></span> <span class='ocrx_word' id='word_1_378' title='bbox 2813 1175 2989 1222; x_wconf 87' lang='lat' dir='ltr'><strong>cessat</strong></span> <span class='ocrx_word' id='word_1_379' title='bbox 3018 1186 3033 1223; x_wconf 91' lang='lat'><strong>:</strong></span> <span class='ocrx_word' id='word_1_380' title='bbox 3066 1167 3266 1225; x_wconf 81' lang='lat' dir='ltr'><strong>Serun-</strong></span> 
     </span>
    </p>
   </div>
   <div class='ocr_carea' id='block_1_57' title="bbox 1685 1249 3266 1324">
    <p class='ocr_par' dir='ltr' id='par_1_57' title="bbox 1685 1249 3266 1324">
     <span class='ocr_line' id='line_1_57' title="bbox 1685 1249 3266 1324; baseline 0.009 -23"><span class='ocrx_word' id='word_1_381' title='bbox 1685 1250 1812 1303; x_wconf 86' lang='lat' dir='ltr'><strong>dum</strong></span> <span class='ocrx_word' id='word_1_382' title='bbox 1868 1249 2283 1319; x_wconf 73' lang='lat' dir='ltr'><strong>multitudinem,</strong></span> <span class='ocrx_word' id='word_1_383' title='bbox 2329 1253 2605 1324; x_wconf 91' lang='lat' dir='ltr'><strong>inquiens,</strong></span> <span class='ocrx_word' id='word_1_384' title='bbox 2652 1256 2895 1312; x_wconf 79' lang='lat' dir='ltr'><strong>dolorum</strong></span> <span class='ocrx_word' id='word_1_385' title='bbox 2933 1276 3165 1315; x_wconf 84' lang='lat' dir='ltr'><strong>meorum</strong></span> <span class='ocrx_word' id='word_1_386' title='bbox 3213 1264 3266 1316; x_wconf 83' lang='lat' dir='ltr'><strong>in</strong></span> 
     </span>
    </p>
   </div>
   <div class='ocr_carea' id='block_1_58' title="bbox 1685 1343 3267 1418">
    <p class='ocr_par' dir='ltr' id='par_1_58' title="bbox 1685 1343 3267 1418">
     <span class='ocr_line' id='line_1_58' title="bbox 1685 1343 3267 1418; baseline 0.007 -21"><span class='ocrx_word' id='word_1_387' title='bbox 1685 1344 1841 1398; x_wconf 74' lang='lat' dir='ltr'><strong>corde</strong></span> <span class='ocrx_word' id='word_1_388' title='bbox 1888 1359 2001 1399; x_wconf 87' lang='lat' dir='ltr'><strong>meo</strong></span> <span class='ocrx_word' id='word_1_389' title='bbox 2030 1343 2414 1401; x_wconf 78' lang='lat' dir='ltr'><strong>consolationes</strong></span> <span class='ocrx_word' id='word_1_390' title='bbox 2458 1355 2563 1402; x_wconf 75' lang='lat' dir='ltr'><strong>tute</strong></span> <span class='ocrx_word' id='word_1_391' title='bbox 2601 1347 2983 1418; x_wconf 81' lang='lat' dir='ltr'><strong>letiﬁcaverunt</strong></span> <span class='ocrx_word' id='word_1_392' title='bbox 3032 1355 3267 1408; x_wconf 59' lang='lat' dir='ltr'><strong>animum</strong></span> 
     </span>
    </p>
   </div>
   <div class='ocr_carea' id='block_1_59' title="bbox 1686 1434 3270 1508">
    <p class='ocr_par' dir='ltr' id='par_1_59' title="bbox 1686 1434 3270 1508">
     <span class='ocr_line' id='line_1_59' title="bbox 1686 1434 3270 1508; baseline 0.008 -20"><span class='ocrx_word' id='word_1_393' title='bbox 1686 1452 1856 1490; x_wconf 85' lang='lat' dir='ltr'><strong>meam</strong></span> <span class='ocrx_word' id='word_1_394' title='bbox 1898 1434 2076 1507; x_wconf 80' lang='lat' dir='ltr'><strong>(Psal.</strong></span> <span class='ocrx_word' id='word_1_395' title='bbox 2117 1452 2270 1504; x_wconf 83' lang='lat' dir='ltr'><strong>xcm,</strong></span> <span class='ocrx_word' id='word_1_396' title='bbox 2324 1438 2436 1508; x_wconf 84' lang='grc'><strong>19).</strong></span> <span class='ocrx_word' id='word_1_397' title='bbox 2489 1437 2625 1493; x_wconf 79' lang='lat' dir='ltr'><strong>Nam</strong></span> <span class='ocrx_word' id='word_1_398' title='bbox 2673 1440 2811 1496; x_wconf 90' lang='lat' dir='ltr'><strong>inter</strong></span> <span class='ocrx_word' id='word_1_399' title='bbox 2853 1444 2970 1500; x_wconf 65' lang='lat' dir='ltr'><strong>haec</strong></span> <span class='ocrx_word' id='word_1_400' title='bbox 3010 1445 3270 1503; x_wconf 67' lang='lat' dir='ltr'><strong>exercitia</strong></span> 
     </span>
    </p>
   </div>
   <div class='ocr_carea' id='block_1_60' title="bbox 1685 1529 3270 1604">
    <p class='ocr_par' dir='ltr' id='par_1_60' title="bbox 1685 1529 3270 1604">
     <span class='ocr_line' id='line_1_60' title="bbox 1685 1529 3270 1604; baseline 0.007 -21"><span class='ocrx_word' id='word_1_401' title='bbox 1685 1544 1842 1584; x_wconf 89' lang='lat' dir='ltr'><strong>sacra</strong></span> <span class='ocrx_word' id='word_1_402' title='bbox 1862 1529 1980 1585; x_wconf 89' lang='lat' dir='ltr'><strong>loca</strong></span> <span class='ocrx_word' id='word_1_403' title='bbox 2004 1530 2074 1584; x_wconf 89' lang='lat' dir='ltr'><strong>ab</strong></span> <span class='ocrx_word' id='word_1_404' title='bbox 2095 1530 2407 1587; x_wconf 87' lang='lat' dir='ltr'><strong>inveteratis</strong></span> <span class='ocrx_word' id='word_1_405' title='bbox 2428 1548 2763 1603; x_wconf 82' lang='lat' dir='ltr'><strong>paganorum</strong></span> <span class='ocrx_word' id='word_1_406' title='bbox 2806 1538 3084 1604; x_wconf 88' lang='lat' dir='ltr'><strong>spurcitiis</strong></span> <span class='ocrx_word' id='word_1_407' title='bbox 3109 1555 3270 1593; x_wconf 90' lang='lat' dir='ltr'><strong>mun-</strong></span> 
     </span>
    </p>
   </div>
   <div class='ocr_carea' id='block_1_61' title="bbox 1684 1621 3268 1701">
    <p class='ocr_par' dir='ltr' id='par_1_61' title="bbox 1684 1621 3268 1701">
     <span class='ocr_line' id='line_1_61' title="bbox 1684 1621 3268 1701; baseline 0.005 -24"><span class='ocrx_word' id='word_1_408' title='bbox 1684 1621 1904 1686; x_wconf 89' lang='lat' dir='ltr'><strong>dantur,</strong></span> <span class='ocrx_word' id='word_1_409' title='bbox 1935 1621 2195 1677; x_wconf 69' lang='lat' dir='ltr'><strong>azcclesiaz</strong></span> <span class='ocrx_word' id='word_1_410' title='bbox 2227 1622 2520 1679; x_wconf 71' lang='lat' dir='ltr'><strong>destructa:</strong></span> <span class='ocrx_word' id='word_1_411' title='bbox 2563 1633 2963 1692; x_wconf 88' lang='lat' dir='ltr'><strong>restaurantur,</strong></span> <span class='ocrx_word' id='word_1_412' title='bbox 2995 1630 3268 1701; x_wconf 87' lang='lat' dir='ltr'><strong>cpiscopia</strong></span> 
     </span>
    </p>
   </div>
   <div class='ocr_carea' id='block_1_62' title="bbox 1684 1713 3271 1786">
    <p class='ocr_par' dir='ltr' id='par_1_62' title="bbox 1684 1713 3271 1786">
     <span class='ocr_line' id='line_1_62' title="bbox 1684 1713 3271 1786; baseline 0.006 -19"><span class='ocrx_word' id='word_1_413' title='bbox 1684 1714 1769 1768; x_wconf 89' lang='lat' dir='ltr'><strong>vel</strong></span> <span class='ocrx_word' id='word_1_414' title='bbox 1792 1713 2020 1769; x_wconf 89' lang='lat' dir='ltr'><strong>cenobia</strong></span> <span class='ocrx_word' id='word_1_415' title='bbox 2043 1730 2140 1785; x_wconf 91' lang='lat' dir='ltr'><strong>per</strong></span> <span class='ocrx_word' id='word_1_416' title='bbox 2165 1716 2418 1786; x_wconf 83' lang='lat' dir='ltr'><strong>regiones</strong></span> <span class='ocrx_word' id='word_1_417' title='bbox 2447 1714 2694 1785; x_wconf 88' lang='lat' dir='ltr'><strong>pristinis</strong></span> <span class='ocrx_word' id='word_1_418' title='bbox 2723 1716 2779 1771; x_wconf 92' lang='lat' dir='ltr'><strong>in</strong></span> <span class='ocrx_word' id='word_1_419' title='bbox 2811 1717 2947 1773; x_wconf 92' lang='lat' dir='ltr'><strong>locis</strong></span> <span class='ocrx_word' id='word_1_420' title='bbox 2974 1719 3271 1777; x_wconf 88' lang='lat' dir='ltr'><strong>instituun-</strong></span> 
     </span>
    </p>
   </div>
   <div class='ocr_carea' id='block_1_63' title="bbox 1689 1806 3271 1879">
    <p class='ocr_par' dir='ltr' id='par_1_63' title="bbox 1689 1806 3271 1879">
     <span class='ocr_line' id='line_1_63' title="bbox 1689 1806 3271 1879; baseline 0.004 -18"><span class='ocrx_word' id='word_1_421' title='bbox 1689 1815 1797 1872; x_wconf 92' lang='lat' dir='ltr'><strong>tur,</strong></span> <span class='ocrx_word' id='word_1_422' title='bbox 1823 1806 2074 1861; x_wconf 86' lang='lat' dir='ltr'><strong>civitates</strong></span> <span class='ocrx_word' id='word_1_423' title='bbox 2107 1814 2162 1862; x_wconf 87' lang='lat' dir='ltr'><strong>et</strong></span> <span class='ocrx_word' id='word_1_424' title='bbox 2187 1807 2409 1863; x_wconf 87' lang='lat' dir='ltr'><strong>castella</strong></span> <span class='ocrx_word' id='word_1_425' title='bbox 2441 1808 2785 1874; x_wconf 90' lang='lat' dir='ltr'><strong>muniuntur,</strong></span> <span class='ocrx_word' id='word_1_426' title='bbox 2814 1819 3007 1879; x_wconf 89' lang='lat' dir='ltr'><strong>portus</strong></span> <span class='ocrx_word' id='word_1_427' title='bbox 3035 1820 3089 1865; x_wconf 90' lang='lat' dir='ltr'><strong>et</strong></span> <span class='ocrx_word' id='word_1_428' title='bbox 3123 1827 3271 1867; x_wconf 91' lang='lat' dir='ltr'><strong>mer-</strong></span> 
     </span>
    </p>
   </div>
   <div class='ocr_carea' id='block_1_64' title="bbox 1687 1898 3276 1973">
    <p class='ocr_par' dir='ltr' id='par_1_64' title="bbox 1687 1898 3276 1973">
     <span class='ocr_line' id='line_1_64' title="bbox 1687 1898 3276 1973; baseline 0.003 -19"><span class='ocrx_word' id='word_1_429' title='bbox 1687 1907 1843 1954; x_wconf 88' lang='lat' dir='ltr'><strong>catus</strong></span> <span class='ocrx_word' id='word_1_430' title='bbox 1892 1898 2024 1953; x_wconf 89' lang='lat' dir='ltr'><strong>olim</strong></span> <span class='ocrx_word' id='word_1_431' title='bbox 2086 1898 2316 1954; x_wconf 90' lang='lat' dir='ltr'><strong>dcsolati</strong></span> <span class='ocrx_word' id='word_1_432' title='bbox 2361 1900 2647 1970; x_wconf 60' lang='lat' dir='ltr'><strong>populesis</strong></span> <span class='ocrx_word' id='word_1_433' title='bbox 2698 1902 3059 1957; x_wconf 88' lang='lat' dir='ltr'><strong>conventibus</strong></span> <span class='ocrx_word' id='word_1_434' title='bbox 3086 1902 3276 1973; x_wconf 81' lang='lat' dir='ltr'><strong>jucun-</strong></span> 
     </span>
    </p>
   </div>
   <div class='ocr_carea' id='block_1_65' title="bbox 1687 1990 3269 2064">
    <p class='ocr_par' dir='ltr' id='par_1_65' title="bbox 1687 1990 3269 2064">
     <span class='ocr_line' id='line_1_65' title="bbox 1687 1990 3269 2064; baseline 0.003 -18"><span class='ocrx_word' id='word_1_435' title='bbox 1687 1990 1906 2057; x_wconf 91' lang='lat' dir='ltr'><strong>dantur,</strong></span> <span class='ocrx_word' id='word_1_436' title='bbox 1931 1990 2095 2045; x_wconf 90' lang='lat' dir='ltr'><strong>etiam</strong></span> <span class='ocrx_word' id='word_1_437' title='bbox 2118 1998 2174 2046; x_wconf 93' lang='lat' dir='ltr'><strong>et</strong></span> <span class='ocrx_word' id='word_1_438' title='bbox 2206 1991 2482 2062; x_wconf 88' lang='lat' dir='ltr'><strong>agricolis,</strong></span> <span class='ocrx_word' id='word_1_439' title='bbox 2511 1991 2841 2048; x_wconf 89' lang='lat' dir='ltr'><strong>vinitoribus</strong></span> <span class='ocrx_word' id='word_1_440' title='bbox 2869 2003 2924 2048; x_wconf 90' lang='lat' dir='ltr'><strong>et</strong></span> <span class='ocrx_word' id='word_1_441' title='bbox 2954 1996 3269 2064; x_wconf 82' lang='lat' dir='ltr'><strong>pastoribus</strong></span> 
     </span>
    </p>
   </div>
   <div class='ocr_carea' id='block_1_66' title="bbox 1688 2082 3275 2157">
    <p class='ocr_par' dir='ltr' id='par_1_66' title="bbox 1688 2082 3275 2157">
     <span class='ocr_line' id='line_1_66' title="bbox 1688 2082 3275 2157; baseline 0.003 -22"><span class='ocrx_word' id='word_1_442' title='bbox 1688 2082 1864 2138; x_wconf 80' lang='lat' dir='ltr'><strong>cilicia</strong></span> <span class='ocrx_word' id='word_1_443' title='bbox 1913 2084 2450 2157; x_wconf 86' lang='lat' dir='ltr'><strong>sua_conceduntur,</strong></span> <span class='ocrx_word' id='word_1_444' title='bbox 2482 2091 2543 2137; x_wconf 77' lang='lat' dir='ltr'><strong>et&#39;</strong></span> <span class='ocrx_word' id='word_1_445' title='bbox 2584 2083 2730 2153; x_wconf 91' lang='lat' dir='ltr'><strong>quod</strong></span> <span class='ocrx_word' id='word_1_446' title='bbox 2773 2085 3029 2140; x_wconf 80' lang='lat' dir='ltr'><strong>omnibus</strong></span> <span class='ocrx_word' id='word_1_447' title='bbox 3058 2087 3275 2142; x_wconf 81' lang='lat' dir='ltr'><strong>excellit</strong></span> 
     </span>
    </p>
   </div>
   <div class='ocr_carea' id='block_1_67' title="bbox 1689 2173 3273 2246">
    <p class='ocr_par' dir='ltr' id='par_1_67' title="bbox 1689 2173 3273 2246">
     <span class='ocr_line' id='line_1_67' title="bbox 1689 2173 3273 2246; baseline 0.001 -17"><span class='ocrx_word' id='word_1_448' title='bbox 1689 2173 1970 2229; x_wconf 82' lang='lat' dir='ltr'><strong>beneﬁciis</strong></span> <span class='ocrx_word' id='word_1_449' title='bbox 2016 2174 2427 2245; x_wconf 89' lang='lat' dir='ltr'><strong>temporalibus,</strong></span> <span class='ocrx_word' id='word_1_450' title='bbox 2459 2174 2691 2229; x_wconf 62' lang='lat' dir='ltr'><strong>cwlestis</strong></span> <span class='ocrx_word' id='word_1_451' title='bbox 2751 2174 2893 2246; x_wconf 87' lang='lat' dir='ltr'><strong>ignis</strong></span> <span class='ocrx_word' id='word_1_452' title='bbox 2941 2176 2994 2229; x_wconf 91' lang='lat' dir='ltr'><strong>in</strong></span> <span class='ocrx_word' id='word_1_453' title='bbox 3027 2191 3273 2231; x_wconf 86' lang='lat' dir='ltr'><strong>resurre-</strong></span> 
     </span>
    </p>
   </div>
   <div class='ocr_carea' id='block_1_68' title="bbox 1688 2265 3275 2323">
    <p class='ocr_par' dir='ltr' id='par_1_68' title="bbox 1688 2265 3275 2323">
     <span class='ocr_line' id='line_1_68' title="bbox 1688 2265 3275 2323; baseline 0 -1"><span class='ocrx_word' id='word_1_454' title='bbox 1688 2267 1870 2323; x_wconf 82' lang='lat' dir='ltr'><strong>ctione</strong></span> <span class='ocrx_word' id='word_1_455' title='bbox 1906 2265 2110 2321; x_wconf 88' lang='lat' dir='ltr'><strong>Cbristi</strong></span> <span class='ocrx_word' id='word_1_456' title='bbox 2136 2282 2381 2321; x_wconf 90' lang='lat' dir='ltr'><strong>annuum</strong></span> <span class='ocrx_word' id='word_1_457' title='bbox 2418 2265 2660 2321; x_wconf 81' lang='lat' dir='ltr'><strong>karisma</strong></span> <span class='ocrx_word' id='word_1_458' title='bbox 2691 2266 3035 2321; x_wconf 88' lang='lat' dir='ltr'><strong>ministratur</strong></span> <span class='ocrx_word' id='word_1_459' title='bbox 3081 2267 3275 2322; x_wconf 83' lang='lat' dir='ltr'><strong>usibus</strong></span> 
     </span>
    </p>
   </div>
   <div class='ocr_carea' id='block_1_69' title="bbox 1690 2355 3274 2429">
    <p class='ocr_par' dir='ltr' id='par_1_69' title="bbox 1690 2355 3274 2429">
     <span class='ocr_line' id='line_1_69' title="bbox 1690 2355 3274 2429; baseline 0.002 -18"><span class='ocrx_word' id='word_1_460' title='bbox 1690 2355 1968 2413; x_wconf 84' lang='lat' dir='ltr'><strong>humanis.</strong></span> <span class='ocrx_word' id='word_1_461' title='bbox 2008 2356 2170 2413; x_wconf 80' lang='lat' dir='ltr'><strong>Venit</strong></span> <span class='ocrx_word' id='word_1_462' title='bbox 2197 2357 2361 2412; x_wconf 90' lang='lat' dir='ltr'><strong>etiam</strong></span> <span class='ocrx_word' id='word_1_463' title='bbox 2405 2357 2461 2412; x_wconf 92' lang='lat' dir='ltr'><strong>in</strong></span> <span class='ocrx_word' id='word_1_464' title='bbox 2489 2374 2685 2413; x_wconf 89' lang='lat' dir='ltr'><strong>manus</strong></span> <span class='ocrx_word' id='word_1_465' title='bbox 2711 2366 2954 2425; x_wconf 88' lang='lat' dir='ltr'><strong>nostras,</strong></span> <span class='ocrx_word' id='word_1_466' title='bbox 2987 2359 3133 2429; x_wconf 91' lang='lat' dir='ltr'><strong>quod</strong></span> <span class='ocrx_word' id='word_1_467' title='bbox 3159 2359 3274 2428; x_wconf 89' lang='lat' dir='ltr'><strong>jam</strong></span> 
     </span>
    </p>
   </div>
   <div class='ocr_carea' id='block_1_70' title="bbox 1690 2449 3273 2520">
    <p class='ocr_par' dir='ltr' id='par_1_70' title="bbox 1690 2449 3273 2520">
     <span class='ocr_line' id='line_1_70' title="bbox 1690 2449 3273 2520; baseline 0 -17"><span class='ocrx_word' id='word_1_468' title='bbox 1690 2465 1786 2520; x_wconf 88' lang='lat' dir='ltr'><strong>per</strong></span> <span class='ocrx_word' id='word_1_469' title='bbox 1816 2458 1992 2506; x_wconf 89' lang='lat' dir='ltr'><strong>totum</strong></span> <span class='ocrx_word' id='word_1_470' title='bbox 2042 2450 2232 2505; x_wconf 89' lang='lat' dir='ltr'><strong>orbem</strong></span> <span class='ocrx_word' id='word_1_471' title='bbox 2268 2449 2688 2506; x_wconf 87' lang='lat' dir='ltr'><strong>disseminatum</strong></span> <span class='ocrx_word' id='word_1_472' title='bbox 2740 2450 3037 2517; x_wconf 89' lang='lat' dir='ltr'><strong>credimus,</strong></span> <span class='ocrx_word' id='word_1_473' title='bbox 3087 2465 3273 2504; x_wconf 83' lang='lat' dir='ltr'><strong>exem-</strong></span> 
     </span>
    </p>
   </div>
   <div class='ocr_carea' id='block_1_71' title="bbox 1690 2540 3274 2613">
    <p class='ocr_par' dir='ltr' id='par_1_71' title="bbox 1690 2540 3274 2613">
     <span class='ocr_line' id='line_1_71' title="bbox 1690 2540 3274 2613; baseline 0 -18"><span class='ocrx_word' id='word_1_474' title='bbox 1690 2541 1811 2612; x_wconf 88' lang='lat' dir='ltr'><strong>plar</strong></span> <span class='ocrx_word' id='word_1_475' title='bbox 1839 2542 2129 2613; x_wconf 88' lang='lat' dir='ltr'><strong>cujusdam</strong></span> <span class='ocrx_word' id='word_1_476' title='bbox 2161 2541 2425 2613; x_wconf 68' lang='lat' dir='ltr'><strong>epistolae,</strong></span> <span class='ocrx_word' id='word_1_477' title='bbox 2475 2557 2640 2612; x_wconf 90' lang='lat' dir='ltr'><strong>quam</strong></span> <span class='ocrx_word' id='word_1_478' title='bbox 2689 2540 2996 2597; x_wconf 87' lang='lat' dir='ltr'><strong>Cabrielem</strong></span> <span class='ocrx_word' id='word_1_479' title='bbox 3038 2542 3274 2596; x_wconf 84' lang='lat' dir='ltr'><strong>archan—</strong></span> 
     </span>
    </p>
   </div>
   <div class='ocr_carea' id='block_1_72' title="bbox 1690 2631 3278 2705">
    <p class='ocr_par' dir='ltr' id='par_1_72' title="bbox 1690 2631 3278 2705">
     <span class='ocr_line' id='line_1_72' title="bbox 1690 2631 3278 2705; baseline -0.001 -16"><span class='ocrx_word' id='word_1_480' title='bbox 1690 2634 1869 2705; x_wconf 86' lang='lat' dir='ltr'><strong>gelum</strong></span> <span class='ocrx_word' id='word_1_481' title='bbox 1901 2648 1968 2689; x_wconf 84' lang='lat' dir='ltr'><strong>ex</strong></span> <span class='ocrx_word' id='word_1_482' title='bbox 1997 2648 2233 2704; x_wconf 88' lang='lat' dir='ltr'><strong>persona</strong></span> <span class='ocrx_word' id='word_1_483' title='bbox 2262 2632 2564 2687; x_wconf 86' lang='lat' dir='ltr'><strong>Salvatoris</strong></span> <span class='ocrx_word' id='word_1_484' title='bbox 2592 2632 2765 2687; x_wconf 90' lang='lat' dir='ltr'><strong>nostri</strong></span> <span class='ocrx_word' id='word_1_485' title='bbox 2801 2632 2904 2702; x_wconf 92' lang='lat' dir='ltr'><strong>ipsi</strong></span> <span class='ocrx_word' id='word_1_486' title='bbox 2934 2631 3195 2687; x_wconf 70' lang='lat' dir='ltr'><strong>:ecclesite</strong></span> <span class='ocrx_word' id='word_1_487' title='bbox 3221 2639 3278 2688; x_wconf 79' lang='lat' dir='ltr'><strong>et</strong></span> 
     </span>
    </p>
   </div>
   <div class='ocr_carea' id='block_1_73' title="bbox 1692 2722 3276 2796">
    <p class='ocr_par' dir='ltr' id='par_1_73' title="bbox 1692 2722 3276 2796">
     <span class='ocr_line' id='line_1_73' title="bbox 1692 2722 3276 2796; baseline -0.002 -16"><span class='ocrx_word' id='word_1_488' title='bbox 1692 2741 1791 2796; x_wconf 89' lang='lat' dir='ltr'><strong>per</strong></span> <span class='ocrx_word' id='word_1_489' title='bbox 1818 2725 1964 2780; x_wconf 87' lang='lat' dir='ltr'><strong>illam</strong></span> <span class='ocrx_word' id='word_1_490' title='bbox 1997 2725 2255 2781; x_wconf 90' lang='lat' dir='ltr'><strong>omnibus</strong></span> <span class='ocrx_word' id='word_1_491' title='bbox 2295 2724 2557 2780; x_wconf 61' lang='lat' dir='ltr'><strong>{ecclesiis</strong></span> <span class='ocrx_word' id='word_1_492' title='bbox 2583 2723 2807 2779; x_wconf 88' lang='lat' dir='ltr'><strong>missam</strong></span> <span class='ocrx_word' id='word_1_493' title='bbox 2854 2722 3098 2778; x_wconf 79' lang='lat' dir='ltr'><strong>referunt</strong></span> <span class='ocrx_word' id='word_1_494' title='bbox 3125 2730 3276 2778; x_wconf 74' lang='lat' dir='ltr'><strong>anu--</strong></span> 
     </span>
    </p>
   </div>
   <div class='ocr_carea' id='block_1_74' title="bbox 1690 2804 3277 2887">
    <p class='ocr_par' dir='ltr' id='par_1_74' title="bbox 1690 2804 3277 2887">
     <span class='ocr_line' id='line_1_74' title="bbox 1690 2804 3277 2887; baseline -0.002 -16"><span class='ocrx_word' id='word_1_495' title='bbox 1690 2817 1841 2884; x_wconf 86' lang='lat' dir='ltr'><strong>lisse,</strong></span> <span class='ocrx_word' id='word_1_496' title='bbox 1886 2832 2009 2887; x_wconf 62' lang='lat' dir='ltr'><strong>qua</strong></span> <span class='ocrx_word' id='word_1_497' title='bbox 2056 2804 2200 2872; x_wconf 78' lang='lat' dir='ltr'><strong>sicut</strong></span> <span class='ocrx_word' id='word_1_498' title='bbox 2247 2816 2451 2870; x_wconf 91' lang='lat' dir='ltr'><strong>multos</strong></span> <span class='ocrx_word' id='word_1_499' title='bbox 2497 2815 2998 2885; x_wconf 84' lang='lat' dir='ltr'><strong>prevaricatoribus</strong></span> <span class='ocrx_word' id='word_1_500' title='bbox 3044 2813 3277 2869; x_wconf 85' lang='lat' dir='ltr'><strong>intentat</strong></span> 
     </span>
    </p>
   </div>
   <div class='ocr_carea' id='block_1_75' title="bbox 1691 2906 3274 2974">
    <p class='ocr_par' dir='ltr' id='par_1_75' title="bbox 1691 2906 3274 2974">
     <span class='ocr_line' id='line_1_75' title="bbox 1691 2906 3274 2974; baseline -0.001 -12"><span class='ocrx_word' id='word_1_501' title='bbox 1691 2908 1966 2963; x_wconf 89' lang='lat' dir='ltr'><strong>minarum</strong></span> <span class='ocrx_word' id='word_1_502' title='bbox 2002 2916 2264 2974; x_wconf 89' lang='lat' dir='ltr'><strong>terrores,</strong></span> <span class='ocrx_word' id='word_1_503' title='bbox 2290 2907 2362 2962; x_wconf 90' lang='lat' dir='ltr'><strong>ita</strong></span> <span class='ocrx_word' id='word_1_504' title='bbox 2398 2906 2679 2963; x_wconf 88' lang='lat' dir='ltr'><strong>conversis</strong></span> <span class='ocrx_word' id='word_1_505' title='bbox 2701 2908 2892 2964; x_wconf 88' lang='lat' dir='ltr'><strong>solitas</strong></span> <span class='ocrx_word' id='word_1_506' title='bbox 2931 2906 3129 2963; x_wconf 65' lang='lat' dir='ltr'><strong>divina:</strong></span> <span class='ocrx_word' id='word_1_507' title='bbox 3161 2908 3274 2963; x_wconf 86' lang='lat' dir='ltr'><strong>cle-</strong></span> 
     </span>
    </p>
   </div>
   <div class='ocr_carea' id='block_1_76' title="bbox 1692 2999 3277 3072">
    <p class='ocr_par' dir='ltr' id='par_1_76' title="bbox 1692 2999 3277 3072">
     <span class='ocr_line' id='line_1_76' title="bbox 1692 2999 3277 3072; baseline -0.001 -17"><span class='ocrx_word' id='word_1_508' title='bbox 1692 3002 1911 3056; x_wconf 64' lang='lat' dir='ltr'><strong>mentiae</strong></span> <span class='ocrx_word' id='word_1_509' title='bbox 1956 3016 2068 3056; x_wconf 88' lang='lat' dir='ltr'><strong>non</strong></span> <span class='ocrx_word' id='word_1_510' title='bbox 2103 3001 2334 3072; x_wconf 86' lang='lat' dir='ltr'><strong>denegat</strong></span> <span class='ocrx_word' id='word_1_511' title='bbox 2362 3001 2788 3056; x_wconf 90' lang='lat' dir='ltr'><strong>consolationes.</strong></span> <span class='ocrx_word' id='word_1_512' title='bbox 2817 2999 2961 3070; x_wconf 84' lang='lat' dir='ltr'><strong>Ergo</strong></span> <span class='ocrx_word' id='word_1_513' title='bbox 2990 3009 3138 3056; x_wconf 88' lang='lat' dir='ltr'><strong>tanta</strong></span> <span class='ocrx_word' id='word_1_514' title='bbox 3182 3016 3277 3071; x_wconf 87' lang='lat' dir='ltr'><strong>per</strong></span> 
     </span>
    </p>
   </div>
   <div class='ocr_carea' id='block_1_77' title="bbox 1693 3089 3277 3161">
    <p class='ocr_par' dir='ltr' id='par_1_77' title="bbox 1693 3089 3277 3161">
     <span class='ocr_line' id='line_1_77' title="bbox 1693 3089 3277 3161; baseline -0.001 -15"><span class='ocrx_word' id='word_1_515' title='bbox 1693 3092 2072 3147; x_wconf 88' lang='lat' dir='ltr'><strong>multitudines</strong></span> <span class='ocrx_word' id='word_1_516' title='bbox 2087 3091 2506 3147; x_wconf 90' lang='lat' dir='ltr'><strong>miserationum</strong></span> <span class='ocrx_word' id='word_1_517' title='bbox 2522 3089 2740 3146; x_wconf 88' lang='lat' dir='ltr'><strong>Domini</strong></span> <span class='ocrx_word' id='word_1_518' title='bbox 2761 3106 2926 3161; x_wconf 90' lang='lat' dir='ltr'><strong>super</strong></span> <span class='ocrx_word' id='word_1_519' title='bbox 2938 3089 3277 3146; x_wconf 78' lang='lat' dir='ltr'><strong>Hierusalem</strong></span> 
     </span>
    </p>
   </div>
   <div class='ocr_carea' id='block_1_78' title="bbox 1691 3183 3277 3257">
    <p class='ocr_par' dir='ltr' id='par_1_78' title="bbox 1691 3183 3277 3257">
     <span class='ocr_line' id='line_1_78' title="bbox 1691 3183 3277 3257; baseline -0.003 -16"><span class='ocrx_word' id='word_1_520' title='bbox 1691 3193 1813 3241; x_wconf 92' lang='lat' dir='ltr'><strong>orta</strong></span> <span class='ocrx_word' id='word_1_521' title='bbox 1847 3185 2018 3257; x_wconf 90' lang='lat' dir='ltr'><strong>gloria</strong></span> <span class='ocrx_word' id='word_1_522' title='bbox 2059 3185 2179 3255; x_wconf 89' lang='lat' dir='ltr'><strong>ejus</strong></span> <span class='ocrx_word' id='word_1_523' title='bbox 2209 3192 2442 3255; x_wconf 86' lang='lat' dir='ltr'><strong>oportet,</strong></span> <span class='ocrx_word' id='word_1_524' title='bbox 2491 3192 2549 3239; x_wconf 94' lang='lat' dir='ltr'><strong>ut</strong></span> <span class='ocrx_word' id='word_1_525' title='bbox 2583 3183 2853 3239; x_wconf 73' lang='lat' dir='ltr'><strong>universae</strong></span> <span class='ocrx_word' id='word_1_526' title='bbox 2898 3183 3074 3238; x_wconf 91' lang='lat' dir='ltr'><strong>tribus</strong></span> <span class='ocrx_word' id='word_1_527' title='bbox 3097 3192 3277 3248; x_wconf 81' lang='lat' dir='ltr'><strong>teme,</strong></span> 
     </span>
    </p>
   </div>
   <div class='ocr_carea' id='block_1_79' title="bbox 1692 3273 3281 3349">
    <p class='ocr_par' dir='ltr' id='par_1_79' title="bbox 1692 3273 3281 3349">
     <span class='ocr_line' id='line_1_79' title="bbox 1692 3273 3281 3349; baseline -0.003 -16"><span class='ocrx_word' id='word_1_528' title='bbox 1692 3293 1964 3334; x_wconf 89' lang='lat' dir='ltr'><strong>memores</strong></span> <span class='ocrx_word' id='word_1_529' title='bbox 1985 3276 2133 3349; x_wconf 89' lang='lat' dir='ltr'><strong>quod</strong></span> <span class='ocrx_word' id='word_1_530' title='bbox 2163 3277 2293 3331; x_wconf 91' lang='lat' dir='ltr'><strong>olim</strong></span> <span class='ocrx_word' id='word_1_531' title='bbox 2323 3276 2554 3332; x_wconf 88' lang='lat' dir='ltr'><strong>salvatio</strong></span> <span class='ocrx_word' id='word_1_532' title='bbox 2580 3277 2647 3331; x_wconf 90' lang='lat' dir='ltr'><strong>de</strong></span> <span class='ocrx_word' id='word_1_533' title='bbox 2675 3288 2861 3331; x_wconf 81' lang='lat' dir='ltr'><strong>monte</strong></span> <span class='ocrx_word' id='word_1_534' title='bbox 2894 3273 3040 3347; x_wconf 75' lang='lat' dir='ltr'><strong>Syon</strong></span> <span class='ocrx_word' id='word_1_535' title='bbox 3067 3275 3281 3329; x_wconf 86' lang='lat' dir='ltr'><strong>venerit</strong></span> 
     </span>
    </p>
   </div>
   <div class='ocr_carea' id='block_1_80' title="bbox 1693 3364 3281 3438">
    <p class='ocr_par' dir='ltr' id='par_1_80' title="bbox 1693 3364 3281 3438">
     <span class='ocr_line' id='line_1_80' title="bbox 1693 3364 3281 3438; baseline -0.004 -14"><span class='ocrx_word' id='word_1_536' title='bbox 1693 3369 1918 3435; x_wconf 89' lang='lat' dir='ltr'><strong>mundo,</strong></span> <span class='ocrx_word' id='word_1_537' title='bbox 1974 3367 2138 3424; x_wconf 90' lang='lat' dir='ltr'><strong>sicuti</strong></span> <span class='ocrx_word' id='word_1_538' title='bbox 2188 3367 2394 3422; x_wconf 85' lang='lat' dir='ltr'><strong>dudum</strong></span> <span class='ocrx_word' id='word_1_539' title='bbox 2448 3366 2708 3438; x_wconf 88' lang='lat' dir='ltr'><strong>lugebant</strong></span> <span class='ocrx_word' id='word_1_540' title='bbox 2749 3365 3029 3421; x_wconf 85' lang='lat' dir='ltr'><strong>liliationis</strong></span> <span class='ocrx_word' id='word_1_541' title='bbox 3085 3364 3281 3419; x_wconf 71' lang='lat' dir='ltr'><strong>affectu</strong></span> 
     </span>
    </p>
   </div>
   <div class='ocr_carea' id='block_1_81' title="bbox 1693 3454 3284 3533">
    <p class='ocr_par' dir='ltr' id='par_1_81' title="bbox 1693 3454 3284 3533">
     <span class='ocr_line' id='line_1_81' title="bbox 1693 3454 3284 3533; baseline -0.004 -19"><span class='ocrx_word' id='word_1_542' title='bbox 1693 3475 1858 3530; x_wconf 91' lang='lat' dir='ltr'><strong>super</strong></span> <span class='ocrx_word' id='word_1_543' title='bbox 1890 3474 2033 3525; x_wconf 92' lang='lat' dir='ltr'><strong>eam,</strong></span> <span class='ocrx_word' id='word_1_544' title='bbox 2059 3458 2133 3513; x_wconf 88' lang='lat' dir='ltr'><strong>ita</strong></span> <span class='ocrx_word' id='word_1_545' title='bbox 2165 3474 2311 3513; x_wconf 91' lang='lat' dir='ltr'><strong>nunc</strong></span> <span class='ocrx_word' id='word_1_546' title='bbox 2334 3457 2510 3513; x_wconf 89' lang='lat' dir='ltr'><strong>eidem</strong></span> <span class='ocrx_word' id='word_1_547' title='bbox 2540 3456 2830 3528; x_wconf 66' lang='lat' dir='ltr'><strong>primitivaa</strong></span> <span class='ocrx_word' id='word_1_548' title='bbox 2850 3455 3011 3533; x_wconf 82' lang='lat' dir='ltr'><strong>matri</strong></span> <span class='ocrx_word' id='word_1_549' title='bbox 3043 3454 3284 3525; x_wconf 81' lang='lat' dir='ltr'><strong>congau-</strong></span> 
     </span>
    </p>
   </div>
   <div class='ocr_carea' id='block_1_82' title="bbox 1692 3546 3282 3617">
    <p class='ocr_par' dir='ltr' id='par_1_82' title="bbox 1692 3546 3282 3617">
     <span class='ocr_line' id='line_1_82' title="bbox 1692 3546 3282 3617; baseline -0.005 -10"><span class='ocrx_word' id='word_1_550' title='bbox 1692 3551 1857 3607; x_wconf 88' lang='lat' dir='ltr'><strong>deant</strong></span> <span class='ocrx_word' id='word_1_551' title='bbox 1886 3560 1941 3606; x_wconf 89' lang='lat' dir='ltr'><strong>et</strong></span> <span class='ocrx_word' id='word_1_552' title='bbox 1980 3550 2260 3607; x_wconf 87' lang='lat' dir='ltr'><strong>sacientur</strong></span> <span class='ocrx_word' id='word_1_553' title='bbox 2299 3549 2370 3605; x_wconf 90' lang='lat' dir='ltr'><strong>ab</strong></span> <span class='ocrx_word' id='word_1_554' title='bbox 2406 3549 2671 3604; x_wconf 85' lang='lat' dir='ltr'><strong>uberibus</strong></span> <span class='ocrx_word' id='word_1_555' title='bbox 2707 3547 3103 3604; x_wconf 84' lang='lat' dir='ltr'><strong>consolationis</strong></span> <span class='ocrx_word' id='word_1_556' title='bbox 3139 3546 3282 3617; x_wconf 83' lang='lat' dir='ltr'><strong>ejus,</strong></span> 
     </span>
    </p>
   </div>
   <div class='ocr_carea' id='block_1_83' title="bbox 1695 3639 3286 3711">
    <p class='ocr_par' dir='ltr' id='par_1_83' title="bbox 1695 3639 3286 3711">
     <span class='ocr_line' id='line_1_83' title="bbox 1695 3639 3286 3711; baseline -0.002 -13"><span class='ocrx_word' id='word_1_557' title='bbox 1695 3644 1826 3699; x_wconf 91' lang='lat' dir='ltr'><strong>illuc</strong></span> <span class='ocrx_word' id='word_1_558' title='bbox 1847 3644 2206 3700; x_wconf 88' lang='lat' dir='ltr'><strong>ascendentes</strong></span> <span class='ocrx_word' id='word_1_559' title='bbox 2234 3659 2262 3697; x_wconf 92' lang='lat' dir='ltr'><strong>a</strong></span> <span class='ocrx_word' id='word_1_560' title='bbox 2286 3642 2418 3699; x_wconf 91' lang='lat' dir='ltr'><strong>solis</strong></span> <span class='ocrx_word' id='word_1_561' title='bbox 2444 3650 2569 3699; x_wconf 89' lang='lat' dir='ltr'><strong>ortu</strong></span> <span class='ocrx_word' id='word_1_562' title='bbox 2599 3651 2653 3697; x_wconf 92' lang='lat' dir='ltr'><strong>et</strong></span> <span class='ocrx_word' id='word_1_563' title='bbox 2679 3657 2902 3711; x_wconf 78' lang='lat' dir='ltr'><strong>occasu,</strong></span> <span class='ocrx_word' id='word_1_564' title='bbox 2932 3641 3003 3698; x_wconf 70' lang='lat' dir='ltr'><strong>ab</strong></span> <span class='ocrx_word' id='word_1_565' title='bbox 3029 3639 3286 3711; x_wconf 83' lang='lat' dir='ltr'><strong>aquilone</strong></span> 
     </span>
    </p>
   </div>
   <div class='ocr_carea' id='block_1_84' title="bbox 1693 3731 3271 3804">
    <p class='ocr_par' dir='ltr' id='par_1_84' title="bbox 1693 3731 3271 3804">
     <span class='ocr_line' id='line_1_84' title="bbox 1693 3731 3271 3804; baseline -0.003 -15"><span class='ocrx_word' id='word_1_566' title='bbox 1693 3743 1748 3789; x_wconf 90' lang='lat' dir='ltr'><strong>et</strong></span> <span class='ocrx_word' id='word_1_567' title='bbox 1781 3733 1942 3801; x_wconf 90' lang='lat' dir='ltr'><strong>mari,</strong></span> <span class='ocrx_word' id='word_1_568' title='bbox 1970 3734 2038 3789; x_wconf 91' lang='lat' dir='ltr'><strong>ad</strong></span> <span class='ocrx_word' id='word_1_569' title='bbox 2063 3733 2435 3789; x_wconf 83' lang='lat' dir='ltr'><strong>conﬁtendum</strong></span> <span class='ocrx_word' id='word_1_570' title='bbox 2471 3733 2661 3804; x_wconf 90' lang='lat' dir='ltr'><strong>procul</strong></span> <span class='ocrx_word' id='word_1_571' title='bbox 2691 3732 2861 3789; x_wconf 92' lang='lat' dir='ltr'><strong>dubio</strong></span> <span class='ocrx_word' id='word_1_572' title='bbox 2883 3731 3062 3787; x_wconf 90' lang='lat' dir='ltr'><strong>modis</strong></span> <span class='ocrx_word' id='word_1_573' title='bbox 3091 3731 3271 3786; x_wconf 87' lang='lat' dir='ltr'><strong>omni-</strong></span> 
     </span>
    </p>
   </div>
   <div class='ocr_carea' id='block_1_85' title="bbox 1692 3822 3279 3893">
    <p class='ocr_par' dir='ltr' id='par_1_85' title="bbox 1692 3822 3279 3893">
     <span class='ocr_line' id='line_1_85' title="bbox 1692 3822 3279 3893; baseline -0.004 -12"><span class='ocrx_word' id='word_1_574' title='bbox 1692 3825 1797 3881; x_wconf 90' lang='lat' dir='ltr'><strong>bus</strong></span> <span class='ocrx_word' id='word_1_575' title='bbox 1826 3824 2037 3879; x_wconf 85' lang='lat' dir='ltr'><strong>nomini</strong></span> <span class='ocrx_word' id='word_1_576' title='bbox 2069 3823 2288 3879; x_wconf 92' lang='lat' dir='ltr'><strong>Domini</strong></span> <span class='ocrx_word' id='word_1_577' title='bbox 2331 3824 2507 3880; x_wconf 88' lang='lat' dir='ltr'><strong>nostri</strong></span> <span class='ocrx_word' id='word_1_578' title='bbox 2548 3823 2678 3880; x_wconf 83' lang='lat' dir='ltr'><strong>Jesu</strong></span> <span class='ocrx_word' id='word_1_579' title='bbox 2706 3822 2936 3888; x_wconf 88' lang='lat' dir='ltr'><strong>Christi,</strong></span> <span class='ocrx_word' id='word_1_580' title='bbox 2966 3822 3061 3893; x_wconf 91' lang='lat' dir='ltr'><strong>qui</strong></span> <span class='ocrx_word' id='word_1_581' title='bbox 3094 3822 3279 3876; x_wconf 88' lang='lat' dir='ltr'><strong>locum</strong></span> 
     </span>
    </p>
   </div>
   <div class='ocr_carea' id='block_1_86' title="bbox 1693 3912 3283 3983">
    <p class='ocr_par' dir='ltr' id='par_1_86' title="bbox 1693 3912 3283 3983">
     <span class='ocr_line' id='line_1_86' title="bbox 1693 3912 3283 3983; baseline -0.001 -14"><span class='ocrx_word' id='word_1_582' title='bbox 1693 3914 1949 3980; x_wconf 90' lang='lat' dir='ltr'><strong>eundem,</strong></span> <span class='ocrx_word' id='word_1_583' title='bbox 2003 3913 2151 3983; x_wconf 84' lang='lat' dir='ltr'><strong>quod</strong></span> <span class='ocrx_word' id='word_1_584' title='bbox 2206 3914 2355 3968; x_wconf 88' lang='lat' dir='ltr'><strong>salva</strong></span> <span class='ocrx_word' id='word_1_585' title='bbox 2401 3922 2583 3969; x_wconf 89' lang='lat' dir='ltr'><strong>tamen</strong></span> <span class='ocrx_word' id='word_1_586' title='bbox 2635 3913 2739 3970; x_wconf 78' lang='lat' dir='ltr'><strong>fide</strong></span> <span class='ocrx_word' id='word_1_587' title='bbox 2788 3913 2896 3968; x_wconf 91' lang='lat' dir='ltr'><strong>dici</strong></span> <span class='ocrx_word' id='word_1_588' title='bbox 2926 3912 3107 3978; x_wconf 89' lang='lat' dir='ltr'><strong>liceat,</strong></span> <span class='ocrx_word' id='word_1_589' title='bbox 3156 3913 3283 3981; x_wconf 92' lang='lat' dir='ltr'><strong>plus</strong></span> 
     </span>
    </p>
   </div>
   <div class='ocr_carea' id='block_1_87' title="bbox 1694 4002 3279 4076">
    <p class='ocr_par' dir='ltr' id='par_1_87' title="bbox 1694 4002 3279 4076">
     <span class='ocr_line' id='line_1_87' title="bbox 1694 4002 3279 4076; baseline -0.001 -18"><span class='ocrx_word' id='word_1_590' title='bbox 1694 4019 1861 4076; x_wconf 91' lang='lat' dir='ltr'><strong>quam</strong></span> <span class='ocrx_word' id='word_1_591' title='bbox 1888 4003 2069 4074; x_wconf 92' lang='lat' dir='ltr'><strong>ipsum</strong></span> <span class='ocrx_word' id='word_1_592' title='bbox 2098 4002 2426 4075; x_wconf 83' lang='lat' dir='ltr'><strong>paradysum</strong></span> <span class='ocrx_word' id='word_1_593' title='bbox 2466 4012 2781 4059; x_wconf 90' lang='lat' dir='ltr'><strong>terrestrem</strong></span> <span class='ocrx_word' id='word_1_594' title='bbox 2810 4003 3158 4059; x_wconf 89' lang='lat' dir='ltr'><strong>consecravit</strong></span> <span class='ocrx_word' id='word_1_595' title='bbox 3192 4003 3279 4057; x_wconf 90' lang='lat' dir='ltr'><strong>in-</strong></span> 
     </span>
    </p>
   </div>
   <div class='ocr_carea' id='block_1_88' title="bbox 1696 4093 3283 4163">
    <p class='ocr_par' dir='ltr' id='par_1_88' title="bbox 1696 4093 3283 4163">
     <span class='ocr_line' id='line_1_88' title="bbox 1696 4093 3283 4163; baseline -0.001 -14"><span class='ocrx_word' id='word_1_596' title='bbox 1696 4094 2036 4161; x_wconf 87' lang='lat' dir='ltr'><strong>carnatione,</strong></span> <span class='ocrx_word' id='word_1_597' title='bbox 2087 4093 2387 4161; x_wconf 86' lang='lat' dir='ltr'><strong>miraculis,</strong></span> <span class='ocrx_word' id='word_1_598' title='bbox 2446 4094 2733 4163; x_wconf 86' lang='lat' dir='ltr'><strong>passione,</strong></span> <span class='ocrx_word' id='word_1_599' title='bbox 2781 4093 3182 4150; x_wconf 89' lang='lat' dir='ltr'><strong>resurrectione</strong></span> <span class='ocrx_word' id='word_1_600' title='bbox 3225 4100 3283 4147; x_wconf 86' lang='lat' dir='ltr'><strong>et</strong></span> 
     </span>
    </p>
   </div>
   <div class='ocr_carea' id='block_1_89' title="bbox 1696 4181 3281 4253">
    <p class='ocr_par' dir='ltr' id='par_1_89' title="bbox 1696 4181 3281 4253">
     <span class='ocr_line' id='line_1_89' title="bbox 1696 4181 3281 4253; baseline -0.003 -13"><span class='ocrx_word' id='word_1_601' title='bbox 1696 4184 2021 4241; x_wconf 87' lang='lat' dir='ltr'><strong>ascensione</strong></span> <span class='ocrx_word' id='word_1_602' title='bbox 2087 4198 2188 4237; x_wconf 88' lang='lat' dir='ltr'><strong>sua</strong></span> <span class='ocrx_word' id='word_1_603' title='bbox 2213 4184 2239 4250; x_wconf 82' lang='lat'><strong>;&#39;</strong></span> <span class='ocrx_word' id='word_1_604' title='bbox 2285 4182 2446 4253; x_wconf 90' lang='lat' dir='ltr'><strong>cujus</strong></span> <span class='ocrx_word' id='word_1_605' title='bbox 2494 4197 2691 4239; x_wconf 87' lang='lat' dir='ltr'><strong>nomen</strong></span> <span class='ocrx_word' id='word_1_606' title='bbox 2736 4192 2792 4238; x_wconf 92' lang='lat' dir='ltr'><strong>et</strong></span> <span class='ocrx_word' id='word_1_607' title='bbox 2848 4181 3281 4238; x_wconf 88' lang='lat' dir='ltr'><strong>misericordiam</strong></span> 
     </span>
    </p>
   </div>
   <div class='ocr_carea' id='block_1_90' title="bbox 1697 4279 3279 4353">
    <p class='ocr_par' dir='ltr' id='par_1_90' title="bbox 1697 4279 3279 4353">
     <span class='ocr_line' id='line_1_90' title="bbox 1697 4279 3279 4353; baseline -0.002 -15"><span class='ocrx_word' id='word_1_608' title='bbox 1697 4290 1893 4338; x_wconf 91' lang='lat' dir='ltr'><strong>cuncta</strong></span> <span class='ocrx_word' id='word_1_609' title='bbox 1948 4279 2230 4351; x_wconf 91' lang='lat' dir='ltr'><strong>predicent</strong></span> <span class='ocrx_word' id='word_1_610' title='bbox 2273 4288 2327 4335; x_wconf 93' lang='lat' dir='ltr'><strong>et</strong></span> <span class='ocrx_word' id='word_1_611' title='bbox 2364 4280 2666 4353; x_wconf 85' lang='lat' dir='ltr'><strong>gloriﬁcent</strong></span> <span class='ocrx_word' id='word_1_612' title='bbox 2710 4280 3023 4337; x_wconf 90' lang='lat' dir='ltr'><strong>seculorum</strong></span> <span class='ocrx_word' id='word_1_613' title='bbox 3072 4280 3279 4338; x_wconf 90' lang='lat' dir='ltr'><strong>secula.</strong></span> 
     </span>
    </p>
   </div>
   <div class='ocr_carea' id='block_1_91' title="bbox 1698 4376 1891 4430">
    <p class='ocr_par' dir='ltr' id='par_1_91' title="bbox 1698 4376 1891 4430">
     <span class='ocr_line' id='line_1_91' title="bbox 1698 4376 1891 4430; baseline 0.005 -2"><span class='ocrx_word' id='word_1_614' title='bbox 1698 4376 1891 4430; x_wconf 84' lang='lat' dir='ltr'><strong>Amen.</strong></span> 
     </span>
    </p>
   </div>
   <div class='ocr_carea' id='block_1_92' title="bbox 1412 4489 1883 4546">
    <p class='ocr_par' dir='ltr' id='par_1_92' title="bbox 1412 4489 1883 4546">
     <span class='ocr_line' id='line_1_92' title="bbox 1412 4489 1883 4546; baseline 0.004 -4"><span class='ocrx_word' id='word_1_615' title='bbox 1412 4489 1728 4546; x_wconf 75' lang='lat' dir='ltr'><strong>EXPLlClT</strong></span> <span class='ocrx_word' id='word_1_616' title='bbox 1768 4490 1883 4544; x_wconf 79' lang='grc'><strong>³⁸³⁸.</strong></span> 
     </span>
    </p>
   </div>
   <div class='ocr_carea' id='block_1_93' title="bbox 118 4670 661 4809">
    <p class='ocr_par' dir='ltr' id='par_1_93' title="bbox 118 4670 661 4809">
     <span class='ocr_line' id='line_1_93' title="bbox 118 4670 661 4809; baseline 0.026 -50"><span class='ocrx_word' id='word_1_617' title='bbox 118 4670 125 4809; x_wconf 50' lang='lat' dir='ltr'><strong>il</strong></span> <span class='ocrx_word' id='word_1_618' title='bbox 214 4702 286 4737; x_wconf 73' lang='grc' dir='ltr'>ἰιι</span> <span class='ocrx_word' id='word_1_619' title='bbox 310 4708 451 4769; x_wconf 72' lang='lat' dir='ltr'><strong>deest.</strong></span> <span class='ocrx_word' id='word_1_620' title='bbox 477 4714 570 4771; x_wconf 87' lang='lat' dir='ltr'><strong>El.</strong></span> <span class='ocrx_word' id='word_1_621' title='bbox 607 4717 661 4772; x_wconf 81' lang='lat'><strong>2.</strong></span> 
     </span>
    </p>
   </div>
   <div class='ocr_carea' id='block_1_94' title="bbox 314 4875 570 4898">
    <p class='ocr_par' dir='ltr' id='par_1_94' title="bbox 314 4875 570 4898">
     <span class='ocr_line' id='line_1_94' title="bbox 314 4875 570 4898; baseline 0.012 -3"><span class='ocrx_word' id='word_1_622' title='bbox 314 4875 570 4898; x_wconf 69' lang='lat'><strong>-—_</strong></span> 
     </span>
    </p>
   </div>
   <div class='ocr_carea' id='block_1_95' title="bbox 1303 4626 1988 4685">
    <p class='ocr_par' dir='ltr' id='par_1_95' title="bbox 1303 4626 1988 4685">
     <span class='ocr_line' id='line_1_95' title="bbox 1303 4626 1988 4685; baseline 0.001 -2"><span class='ocrx_word' id='word_1_623' title='bbox 1303 4628 1537 4684; x_wconf 70' lang='lat' dir='ltr'><strong>VARLE</strong></span> <span class='ocrx_word' id='word_1_624' title='bbox 1576 4626 1988 4685; x_wconf 79' lang='lat' dir='ltr'><strong>LECTIONES.</strong></span> 
     </span>
    </p>
   </div>
   <div class='ocr_carea' id='block_1_96' title="bbox 583 4873 3275 4902">
    <p class='ocr_par' dir='ltr' id='par_1_96' title="bbox 583 4873 3275 4902">
     <span class='ocr_line' id='line_1_96' title="bbox 583 4873 3275 4902; baseline -0.001 -4"><span class='ocrx_word' id='word_1_625' title='bbox 583 4873 3275 4902; x_wconf 52' lang='lat' dir='ltr'>ww</span> 
     </span>
    </p>
   </div>
   <div class='ocr_carea' id='block_1_97' title="bbox 1100 5052 2212 5170">
    <p class='ocr_par' dir='ltr' id='par_1_97' title="bbox 1100 5052 2212 5170">
     <span class='ocr_line' id='line_1_97' title="bbox 1100 5052 2212 5170; baseline -0.005 0"><span class='ocrx_word' id='word_1_626' title='bbox 1100 5052 2212 5170; x_wconf 70' lang='grc' dir='ltr'><strong>ΕΚΚΕΗΔΒΙΠ</strong></span> 
     </span>
    </p>
   </div>
   <div class='ocr_carea' id='block_1_98' title="bbox 735 5286 2571 5384">
    <p class='ocr_par' dir='ltr' id='par_1_98' title="bbox 735 5286 2571 5384">
     <span class='ocr_line' id='line_1_98' title="bbox 735 5286 2571 5384; baseline -0.002 -2"><span class='ocrx_word' id='word_1_627' title='bbox 735 5286 1321 5384; x_wconf 86' lang='lat' dir='ltr'><strong>EPISTOLA</strong></span> <span class='ocrx_word' id='word_1_628' title='bbox 1389 5288 1539 5377; x_wconf 87' lang='lat' dir='ltr'><strong>AD</strong></span> <span class='ocrx_word' id='word_1_629' title='bbox 1610 5287 2571 5381; x_wconf 83' lang='lat' dir='ltr'><strong>ERKEMBERTUM.</strong></span> 
     </span>
    </p>
   </div>
   <div class='ocr_carea' id='block_1_99' title="bbox 1332 5482 2001 5556">
    <p class='ocr_par' dir='ltr' id='par_1_99' title="bbox 1332 5482 2001 5556">
     <span class='ocr_line' id='line_1_99' title="bbox 1332 5482 2001 5556; baseline -0.001 -18"><span class='ocrx_word' id='word_1_630' title='bbox 1332 5482 1495 5556; x_wconf 80' lang='lat' dir='ltr'><strong>(Vide</strong></span> <span class='ocrx_word' id='word_1_631' title='bbox 1522 5498 1685 5553; x_wconf 77' lang='lat' dir='ltr'><strong>supra</strong></span> <span class='ocrx_word' id='word_1_632' title='bbox 1721 5483 1822 5537; x_wconf 88' lang='lat' dir='ltr'><strong>col.</strong></span> <span class='ocrx_word' id='word_1_633' title='bbox 1849 5482 2001 5554; x_wconf 67' lang='lat'><strong>449.)</strong></span> 
     </span>
    </p>
   </div>
   <div class='ocr_carea' id='block_1_100' title="bbox 1564 5641 1796 5657">
    <p class='ocr_par' dir='ltr' id='par_1_100' title="bbox 1564 5641 1796 5657">
     <span class='ocr_line' id='line_1_100' title="bbox 1564 5641 1796 5657; baseline 0.009 -6"><span class='ocrx_word' id='word_1_634' title='bbox 1564 5641 1796 5657; x_wconf 66' lang='lat'>_</span> 
     </span>
    </p>
   </div>
  </div>
