3862 6306
82 364 193 423 1077

1388 339 1920 400 PROLEGOMENA.

3138 316 3272 394 1078

81 473 266 532 mribus
301 466 455 523 verbis
479 480 635 537 quam
682 461 912 534 fabulosi
940 461 1024 517 illi
1063 458 1353 517 Catholdus
1397 468 1448 513 et
1472 459 1598 513 Ari—
1626 458 1673 515 Α
1698 456 1829 510 mini
1858 463 2130 525 sepu.tura
2154 454 2473 524 referuntur,
2498 454 2553 507 in
2579 446 2875 525 antiquiore
2900 434 2994 507 illo
3017 451 3151 507 libro
3177 467 3280 508 non

80 581 243 635 maspes
261 558 548 615 laudantur.
594 554 671 610 De
712 554 939 626 Egberto
977 553 1186 625 quidem
1236 560 1286 617 et
1334 551 1593 622 proximis

78 660 165 730 ejus
194 649 546 709 successoribus
607 657 795 702 auctor
850 647 1025 700 minus
1071 660 1230 715 parco
1284 644 1455 697 utitur
1483 658 1595 696 ser-

76 763 220 809 mone;
243 744 325 798 sed
353 756 467 796 mox
485 748 733 793 consueto
768 753 911 791 more
943 737 1130 807 pergit.
1160 734 1340 805 Neque
1384 749 1449 790 ex
1477 733 1595 803 fon-

75 843 177 894 tium
195 816 393 907 penuria
416 833 524 887 haec
535 831 653 901 jam
698 829 954 901 explicari
1003 835 1241 899 possunt.
1299 824 1443 879 Nam
1489 842 1593 896 quo

67 930 246 1000 propius
264 927 331 980 ad
356 940 449 979 sua
472 932 705 994 tempora
744 923 972 993 scriptor
1006 920 1229 986 devenit,
1285 935 1344 974 eo
1389 917 1592 972 brevius

69 1039 129 1074 res
172 1019 476 1073 Treverenses
518 1016 794 1082 narravit,
828 1022 920 1068 aut
962 1030 1052 1068 eas
1090 1013 1225 1067 satis
1288 1021 1441 1065 notas
1483 1027 1594 1065 esse

66 1122 199 1177 ratus,
257 1116 343 1163 aut
386 1122 443 1162 eo
487 1105 709 1162 consilio
754 1105 943 1159 ductus
985 1111 1043 1158 ut
1088 1112 1309 1158 veterem
1356 1102 1592 1156 civitatis

63 1203 248 1271 gloriam
283 1212 434 1270 quam
462 1197 805 1268 amplissimis
855 1196 1103 1249 laudibus
1146 1194 1383 1265 e/ferret,
1417 1210 1593 1248 recen-

62 1293 172 1344 tiora
202 1306 306 1344 vero
354 1298 584 1358 tempora
612 1303 748 1358 scepe
793 1287 974 1343 minus.
989 1286 1172 1357 felicia
1208 1285 1488 1357 negligeret
1516 1285 1594 1341 vel

59 1383 155 1435 aliis
177 1381 368 1435 uberius
393 1379 735 1434 describenda
759 1379 1092 1450 relinqueret.

113 1473 199 1527 Sed
222 1473 375 1527 aliam
401 1474 627 1543 fortasse
671 1473 828 1542 hujus
862 1472 1189 1527 diversitatis
1211 1488 1429 1526 causam
1469 1471 1591 1526 licet

54 1566 266 1619 indicare.
303 1564 443 1630 Quid
469 1565 612 1619 enim
640 1566 687 1618 si
723 1564 816 1619 ille
855 1581 1006 1635 quem
1038 1562 1315 1619 Gestorum
1361 1565 1590 1617 dicimus

55 1667 277 1709 auctorem
303 1657 572 1727 antiquius
595 1657 874 1726 descripsit
910 1673 1062 1727 opus,
1114 1642 1275 1728 quod.
1301 1656 1366 1711 de
1401 1656 1590 1727 primis

50 1747 247 1801 historia:
277 1745 601 1800 Treverensis
641 1747 959 1816 temporibus
1014 1746 1226 1800 uberius
1274 1747 1400 1816 egit,
1448 1746 1587 1817 quod

51 1841 134 1907 ipse
150 1854 249 1893 vere
276 1838 476 1892 brevius
534 1838 951 1892 continuandum
994 1837 1258 1908 sumpsit?
1293 1836 1428 1891 Sunt
1461 1853 1588 1891 sane

46 1946 135 1999 qua:
160 1930 301 1982 utita
329 1938 631 1983 statuamus
662 1928 813 1983 valde
851 1929 1131 1984 suadeant.
1182 1928 1462 1998 Ejusmodi
1516 1928 1588 1981 li-

46 2032 164 2072 brum
190 2036 341 2091 usque
362 2020 431 2074 ad
456 2019 652 2074 Basini
676 2028 909 2091 tempora
933 2021 1294 2075 decurrentem
1321 2019 1589 2074 Hillarius

45 2110 163 2177 vidit,
186 2111 286 2165 sive
302 2111 526 2165 eundem
572 2112 679 2165 sive
726 2110 956 2166 similem
984 2110 1254 2167 Calmetus
1283 2127 1394 2182 pra:
1423 2110 1589 2165 oculis

45 2202 185 2255 lubuit
206 2218 361 2273 eaque
382 2201 572 2256 attulit
600 2218 717 2273 qua:
749 2202 885 2256 hanc
906 2204 1266 2257 narrationem
1288 2204 1591 2274 plerumque

45 2311 128 2347 tum
148 2293 309 2349 Gestis
339 2297 640 2363 convenire,
667 2297 722 2350 in
747 2296 971 2367 singulis
996 2313 1115 2351 vero
1137 2296 1265 2350 locis
1292 2298 1590 2367 discrepare

45 2385 272 2439 utendam
302 2385 437 2457 (99).
480 2384 692 2453 Quibus
715 2387 1020 2440 accuratius
1042 2386 1386 2454 examinatis,
1411 2388 1467 2441 id
1492 2404 1590 2457 pa-

46 2485 101 2543 ‘et,
135 2476 262 2531 hunc
296 2478 541 2533 codicem
576 2480 791 2551 propius
822 2479 891 2533 ad
926 2479 1094 2550 fontes
1141 2479 1384 2534 accedere
1429 2495 1590 2550 neque

45 2586 77 2621 ra
97 2569 317 2625 exhibere
342 2588 463 2642 quae
500 2570 751 2641 fabulosa
779 2580 830 2626 et
855 2571 910 2626 in
934 2572 1164 2626 coenobio
1202 2569 1588 2626 Sanmathiano

46 2671 206 2716 necata
229 2680 339 2718 esse
368 2663 677 2718 videantur.
713 2663 879 2730 Quem
906 2664 1136 2719 codicem
1175 2664 1450 2734 quominus
1492 2680 1590 2717 an-

48 2752 270 2820 iquiorem
302 2753 591 2811 Gestorum
620 2756 848 2825 formam
874 2756 1115 2810 exhibere
1138 2756 1378 2810 dicamus
1417 2748 1593 2810 multa

46 2851 171 2895 etant
216 2844 384 2916 (l00),
429 2848 540 2901 nisi
602 2854 855 2918 quotquot
903 2846 967 2901 de
1008 2847 1234 2902 historia
1288 2847 1590 2904 Treverensi

45 2934 178 3002 cripti
202 2936 307 2989 sint
331 2936 484 3005 libri,
534 2936 696 2993 Gesta
754 2936 1095 3007 appellemus.
1137 2936 1240 2993 Sed
1270 2937 1440 2994 Gestis
1488 2956 1587 2993 no-

45 3027 124 3079 tris
148 3026 336 3083 librum
364 3030 529 3084 illum
580 3032 923 3102 fundamento
944 3049 1053 3087 esse
1079 3035 1309 3103 positum
1340 3043 1389 3089 et
1417 3036 1586 3105 fontes

45 3133 120 3170 uos
149 3136 305 3190 supra
332 3124 581 3177 recensui
618 3139 863 3194 magnam
890 3133 1093 3193 partem
1128 3141 1232 3178 non
1259 3124 1324 3178 ab
1348 3127 1460 3196 ipso
1486 3124 1585 3181 Ge-

47 3215 188 3261 tarum
235 3220 456 3267 auctore
500 3212 598 3267 sed
629 3231 662 3267 α
684 3215 858 3283 priore
893 3213 988 3267 illo
1018 3215 1273 3285 scriptore
1321 3216 1584 3270 adhibitos

47 3316 119 3364 :se,
145 3318 243 3356 non
264 3320 559 3374 possumus
607 3305 733 3376 quin
783 3314 1113 3372 statuamus;
1157 3307 1397 3378 quamvis
1449 3324 1586 3363 nunc

47 3407 108 3443 ius
125 3392 203 3446 hic
224 3394 361 3450 liber
388 3396 720 3460 exhibuerit,
748 3413 865 3468 quae
893 3395 1169 3453 Gestorum
1196 3407 1384 3453 auctor
1429 3400 1587 3454 addi-

48 3485 141 3551 erit,
172 3503 274 3540 non
296 3490 440 3543 satis
471 3489 710 3543 discerni
730 3491 913 3559 possit.
955 3488 1086 3556 Qua:
1108 3489 1377 3546 Calmetus
1428 3491 1585 3561 affert

47 3589 99 3625 ec
137 3586 257 3630 sunt
289 3593 310 3632 :
344 3578 504 3633 locus
539 3597 589 3633 c.
626 3578 692 3633 16
717 3580 781 3634 de
819 3580 1076 3651 episcopis
1111 3581 1250 3636 inter
1286 3580 1586 3637 Maternum

54 3664 311 3736 Agritium
350 3671 651 3726 ecclesiam
680 3670 1042 3727 Treverensem
1074 3673 1368 3745 regentibus
1413 3673 1582 3746 (101),

47 3766 229 3813 veterea
273 3777 399 3831 qum
455 3779 508 3816 c.
542 3761 614 3817 15
642 3761 707 3816 de
758 3762 1052 3829 viniductu,
1095 3778 1143 3816 c.
1174 3761 1241 3817 19
1269 3762 1335 3815 de
1366 3760 1588 3818 Mat/tiae

49 3849 178 3905 sibus
203 3861 256 3908 et
285 3855 482 3909 tunica
513 3852 756 3923 Domini,
792 3853 987 3910 ibidem
1008 3853 1073 3909 de
1104 3851 1305 3925 Agritii
1330 3861 1382 3908 et
1408 3852 1591 3909 Maxi-

1613 3169 1655 3226 C

1696 546 2019 617 legebantur.
2046 545 2171 600 Alia
2215 546 2477 617 probabili
2526 547 2828 618 conjectura
2873 545 3102 599 indicari
3153 561 3279 614 pos-

1695 645 1837 702 sunt,
1868 654 1913 691 e.
1947 653 2026 707 gr.
2055 653 2172 707 qua:
2199 636 2264 691 de
2307 635 2526 691 ecclesia
2557 638 2621 691 ab
2677 636 2945 690 Euchario
2988 636 3277 705 cedificata,

1693 730 1759 783 de
1783 727 2299 795 Euchario,Valerio
2328 738 2379 783 et
2401 729 2639 784 Materno
2656 730 2731 784 ibi
2752 728 2971 799 sepultis
2996 746 3042 783 c.
3072 729 3160 795 14,
3188 729 3275 794 15,

1680 821 1783 888 16,
1820 821 1883 875 de
1930 820 2065 875 cella
2095 822 2267 875 sancti
2296 820 2554 876 Eucharii
2611 839 2659 878 c.
2706 822 2768 876 21
2830 821 3093 892 leguntur.
3147 819 3279 877 Ha‘c

1692 913 1833 967 enim
1856 913 2164 982 scriptorem
2187 915 2495 968 monasterii
2523 912 2708 970 Sancti
2731 913 2988 969 Eucharii
3023 915 3128 968 sive
3157 913 3278 967 Ma-

1694 1004 1820 1059 thia:
1850 1004 2110 1071 indicant,
2144 1006 2236 1077 qui
2269 1008 2565 1077 prwsertim
2595 1007 2651 1061 id
2676 1008 2782 1079 egit
2807 1009 2941 1061 utin
2969 1024 3064 1063 suo
3090 1025 3275 1062 mona-

1690 1097 1854 1150 sterio
1875 1097 2146 1166 pontiﬁces
2170 1099 2399 1168 egregios
2423 1107 2474 1153 et
2506 1099 2643 1153 viros
2685 1108 2894 1153 sanctos
2914 1099 3143 1170 sepultos
3167 1117 3277 1153 esse

1691 1188 1985 1243 ostenderet
2013 1186 2181 1259 (102).
2208 1186 2396 1259 Capite
2430 1190 2493 1245 16
2519 1207 2639 1245 vero
2668 1192 3030 1261 episcoporum
3065 1190 3275 1244 catalo-

1691 1298 1813 1353 gum
1866 1282 2017 1336 valde
2046 1283 2218 1350 auxit,
2247 1293 2305 1337 ut
2353 1283 2601 1339 lacunam
2628 1285 2780 1340 illam
2808 1288 2946 1340 inter
2976 1284 3275 1340 Maternum

1692 1385 1739 1432 et
1767 1376 2033 1448 Agritium
2057 1378 2289 1447 expleret
2326 1387 2376 1432 et
2414 1377 2667 1433 Ecclesia:
2692 1378 3020 1434 Treverensis
3042 1380 3279 1451 antiqui-

1692 1475 1852 1521 tatem
1872 1469 2069 1522 certius
2110 1469 2423 1524 vindicaret.
2461 1468 2592 1525 Ha’c
2628 1472 2859 1539 nomina,
2890 1488 3007 1542 quae
3047 1472 3101 1525 in
3134 1473 3277 1524 anti-

1690 1560 1963 1631 quioribus
1996 1561 2253 1633 catalogis
2278 1562 2649 1617 desiderantur
2674 1563 2844 1633 (105),
2897 1564 3091 1633 ﬁctitia
3143 1580 3274 1629 esse,

1680 1652 1799 1724 jam
1823 1652 2088 1721 omnibus,
2113 1654 2218 1707 nisi
2259 1654 2441 1724 fallor,
2503 1664 2711 1709 constat
2739 1654 2911 1726 (104);
2948 1655 3120 1724 major
3160 1671 3277 1709 vero

1689 1762 1869 1800 eorum
1895 1762 2020 1816 pars
2042 1747 2099 1800 in
2121 1746 2256 1800 libro
2279 1745 2548 1818 legebatur
2569 1747 2824 1801 Methodii
2851 1740 3158 1800 Paterensis
3190 1763 3279 1800 no-

1621 1814 1661 1873 Β
1693 1838 1830 1892 mine
1857 1814 2113 1909 inscripto
2140 1837 2312 1910 (105);
2330 1814 2492 1909 quem
2532 1855 2593 1893 ne
2619 1856 2794 1894 revera
2816 1838 2939 1893 huic
2961 1839 3166 1893 auctori
3196 1846 3282 1892 at-

1690 1930 1894 1984 tribuas
1920 1938 2030 1984 tum
2051 1932 2217 2001 ipsius
2235 1940 2366 1985 artas
2392 1939 2502 1983 tum
2526 1931 2650 1986 alia:
2666 1932 2896 2001 rationes
2914 1940 3088 1985 vetant
3106 1928 3275 2001 (106).

1691 2021 1792 2076 llis
1818 2025 2037 2094 receptis
2062 2032 2177 2076 octo
2201 2022 2533 2076 addebantur
2559 2022 2877 2094 Tungrensis
2902 2022 3154 2077 Ecclesia:
3168 2024 3282 2094 epi-

1688 2114 1853 2182 scopi,
1882 2113 1945 2167 de
1966 2113 2154 2184 quibus
2183 2121 2361 2166 noster
2384 2111 2629 2182 Herigeri
2675 2112 2829 2167 verba
2876 2112 3093 2166 retinuit
3119 2152 3135 2180 ,
3187 2111 3279 2165 sed

1688 2220 1911 2275 quorum
1952 2203 2037 2257 hic
2080 2202 2254 2257 locum
2302 2202 2589 2273 sepultura:
2643 2220 2698 2257 se
2747 2204 2944 2258 nescire
3005 2203 3157 2270 dicit,
3185 2203 3278 2257 hos

1690 2312 1833 2350 more
1883 2304 2127 2350 consueto
2158 2296 2214 2349 in
2263 2296 2435 2349 sancti
2478 2294 2739 2349 Eucharii
2785 2295 3006 2350 ecclesia
3047 2296 3279 2367 sepultos

1688 2386 1901 2443 asserit.
1927 2420 1997 2430 —
2018 2388 2159 2442 Aliis
2183 2387 2315 2442 locis
2341 2404 2458 2459 qua:
2483 2403 2549 2443 ex
2573 2403 2724 2457 opere
2771 2387 2867 2442 illo
2901 2396 3133 2459 sumpta,
3162 2404 3281 2460 qua:

1689 2479 1877 2532 addita
1920 2480 2048 2545 sint,
2092 2479 2210 2550 jam
2256 2480 2488 2534 indicari
2539 2479 2750 2550 nequit,
2776 2496 2937 2550 neque
2966 2479 3088 2534 inde
3111 2497 3144 2534 a
3177 2496 3280 2551 quo

1690 2577 1918 2641 tempore
1944 2569 2219 2625 Gestorum
2249 2572 2478 2641 scriptor
2509 2573 2722 2641 proprio
2780 2570 2956 2626 Marte
3008 2573 3281 2626 narratio-

1689 2679 1804 2716 nem
1836 2665 2221 2718 continuaverit
2246 2672 2567 2734 compertum
2586 2662 2855 2719 habemus.
2895 2663 3165 2720 Calmetus
3190 2681 3281 2720 co-

1687 2754 1857 2808 dicem
1896 2746 1999 2809 non
2019 2754 2163 2809 ultra
2195 2754 2483 2810 Maximini
2528 2764 2762 2825 tempora
2786 2756 2963 2825 aﬂ'ert,
3009 2755 3279 2811 Hillarius

1687 2844 1916 2899 alterum
1943 2846 1999 2899 in
2021 2844 2219 2899 Basino
2241 2845 2500 2911 desinere,
2528 2844 2775 2912 alterum,
2805 2861 2957 2916 quem
2989 2844 3282 2901 Calmetia-

1689 2954 1814 2991 num
1849 2937 2024 3000 habet,
2072 2947 2379 2991 sanctorum
2414 2938 2699 3007 primitiuae
2758 2936 2993 2991 ecclesia:
3039 2954 3283 3007 compen-

1687 3028 1892 3083 diosum
1920 3030 2150 3083 vitarum
2181 3028 2491 3083 relationem
2535 3029 2777 3085 exhibere
2825 3030 2979 3083 dicit.
3018 3027 3279 3099 Equidem

1688 3123 1809 3177 inde
1832 3139 1865 3177 a
1891 3123 2063 3193 capite
2094 3122 2201 3193 fere
2224 3118 2296 3178 23
2333 3131 2601 3178 auctorem
2638 3124 2734 3179 hoc
2786 3123 2915 3179 duce
2966 3124 3278 3179 destitutum

1689 3216 1852 3286 fuisse
1881 3217 2151 3286 putarim;
2175 3215 2267 3269 sed
2292 3217 2454 3270 etiam
2498 3233 2615 3286 qua:
2639 3226 2794 3272 antea
2838 3231 2903 3272 ex
2933 3214 3186 3288 Gregorio
3214 3216 3289 3271 -et‘

1690 3303 1740 3359 F
1744 3305 2013 3375 redegario
2037 3314 2272 3375 sumpta,
2296 3305 2457 3359 immo
2502 3321 2620 3375 qua:
2673 3306 2736 3360 de
2791 3304 3037 3374 antiqua'
3069 3306 3282 3359 civitate

1694 3397 1995 3453 Treuereusi
2043 3413 2108 3452 ex
2158 3398 2312 3451 libris
2362 3398 2581 3467 partim,
2620 3399 2822 3468 partim
2870 3414 2937 3454 ex
2994 3398 3282 3452 traditione

1689 3489 1897 3561 vulgari
1935 3488 2225 3560 compilata
2278 3497 2423 3557 sunt,
2465 3489 2720 3544 monacho
2764 3488 2847 3545 illi
2895 3487 3281 3545 Sanmathiano

1692 3582 1988 3649 tribuerim,
2012 3582 2103 3653 qui
2132 3581 2327 3636 swculo
2352 3597 2428 3635 xu
2473 3597 2539 3636 ex
2586 3582 2810 3635 breviori
2861 3582 3282 3653 archiepiscopo-

1694 3688 1813 3727 rum
1835 3671 2059 3726 historia
2087 3671 2246 3727 Gesta
2281 3671 2392 3726 Iuec
2418 3673 2793 3743 composuerit,
2821 3688 2881 3727 eo
2912 3673 3133 3728 consilio
3181 3672 3282 3725 du-

1694 3772 1832 3831 ctus,
1866 3771 1925 3818 ut
1952 3764 2147 3834 patria:
2198 3772 2248 3818 et
2294 3761 2550 3820 Ecclesia:
2567 3781 2679 3820 sure
2704 3764 2930 3838 gloriam
2963 3782 3120 3822 auum
3160 3782 3278 3819 ma—

1693 3855 1836 3910 xime
1874 3854 2163 3911 celebraret
2194 3853 2363 3931 (107).

1517 3964 1748 4028 NOTAE.

51 4057 160 4133 (00)
192 4059 279 4133 Ci:
310 4077 496 4133 supra
524 4077 587 4116 n.
627 4061 717 4133 51.

51 4128 191 4204 (IQO)
230 4130 355 4188 Hoc
374 4128 595 4204 juiper
608 4130 781 4204 _Syhel
806 4133 1103 4204 contendit,
1150 4132 1247 4189 Die
1274 4131 1589 4189 Advocaten

49 4214 71 4253 s
101 4196 321 4275 Trierer
370 4196 575 4259 Rocks
604 4196 792 4260 Fascs.
825 4203 912 4270 Ill,
940 4221 994 4274 p.
1030 4196 1100 4260 75
1127 4220 1273 4275 ειμι,
1304 4205 1588 4274 antiquam

53 4279 259 4346 εισι-νει)
286 4273 545 4329 formam
575 4273 1141 4346 restiluereico’natus.
1171 4273 1285 4346 Sed
1313 4273 1591 4346 quaepar-

50 4356 77 4414 ‘i
108 4350 173 4397 ‘ex
206 4344 477 4410 Hillario,
519 4353 727 4414 parum
754 4360 822 4400 ex
853 4344 1097 4400 Calmeto
1125 4344 1299 4411 aﬁ‘ert,
1341 4344 1485 4400 inter
1530 4360 1591 4400 se

49 4410 113 4466 llo
136 4416 307 4472 modo
352 4410 678 4479 cohaerent,
719 4422 774 4469 et
816 4422 1000 4470 utrum
1048 4430 1116 4470 ex
1171 4416 1360 4470 eodem
1402 4415 1591 4470 codice

50 4492 180 4556 rupta
219 4486 339 4556 sint
390 4485 571 4556 valde
611 4483 802 4556 dubito
853 4484 927 4555 (v.
954 4500 1117 4556 supra
1167 4485 1354 4556 p.1i0
1384 4502 1440 4539 η.
1473 4484 1585 4556 50).

51 4552 137 4608 rba
159 4557 232 4611 ab
264 4555 522 4611 Hillariu
548 4554 822 4625 exscripta
853 4552 963 4609 non
999 4552 1265 4610 Gesta'vel
1292 4552 1589 4625 Historiam

51 4625 56 4676 1
86 4627 581 4750 uiarItyroiogium
610 4624 853 4708 indicant
879 4625 1104 4750 Verba}
1134 4626 1362 4708 Treviris
1387 4625 1445 4681 S.
1478 4624 1587 4708 Eu-

51 4711 153 4750 zru.
244 4713 449 4750 remrss
483 4696 754 4750 depositio
777 4695 835 4750 S.
926 4695 1079 4750 alem
1103 4712 1222 4750 sine
1262 4697 1473 4750 dierum
1507 4712 1587 4750 m-

51 4644 56 4676 ι
86 4644 232 4680 Illa".
274 4644 581 4697 ronoglum
610 4644 853 4681 mulcant
901 4644 1063 4680 verna
1092 4644 1104 4678 Σ
1137 4644 1163 4679 ι
1182 4644 1362 4680 revms
1387 4644 1445 4681 ὗ.
1478 4644 1587 4679 ωι-

51 4696 153 4761 Irii,
196 4644 449 4751 ἵζανεν-ὗε
483 4696 754 4764 depositio
777 4695 835 4751 S.
879 4644 1081 4750 h’alerii
1103 4697 1222 4752 sine
1262 4697 1473 4752 dierum
1507 4696 1593 4751 in-

51 4765 235 4823 ationc
262 4766 631 4837 nequeunt),
656 4774 710 4820 et
739 4782 768 4820 a
798 4766 1090 4821 Gestorum
1119 4776 1268 4822 textu
1320 4767 1479 4836 longe
1505 4780 1594 4820 re-

58 4846 192 4904 unt;
217 4836 487 4909 quocum
529 4836 707 4891 codex
735 4836 1112 4909 (Ialmetianus
1151 4838 1475 4909 plerumque
1504 4851 1594 4890 sa-

77 4906 376 4964 convénit.
432 4908 574 4978 Ipse
603 4921 735 4978 vero
759 4906 1038 4978 Calmetus
1062 4907 1193 4963 dicit
1228 4926 1240 4960 :
1279 4906 1361 4961 Un
1392 4906 1595 4978 manu-

51 4977 83 5029 r't
103 4978 230 5048 plus
261 4976 477 5034 ιιηείεή
509 4985 569 5031 et
590 4977 710 5045 plus
738 4986 908 5043 court,
932 4977 1061 5030 dont
1099 4986 1491 5048 apparemment
1532 4976 1595 5048 le

51 5047 125 5102 me
152 5049 400 5119 Thierry
434 5048 627 5119 s‘etoit
654 5048 790 5119 servi
814 5056 864 5101 et
887 5048 1077 5119 (μή-εει
1102 5063 1299 5119 comme
1338 5047 1385 5101 le
1410 5047 1596 5119 fonde—

52 5127 93 5170 tt
120 5129 174 5173 et
198 5120 260 5173 la
295 5116 440 5174 ba'se
479 5118 556 5171 de
579 5133 672 5171 son
697 5116 935 5171 histoire.
968 5116 1387 5183 Theodericum,
1412 5116 1513 5187 ’qui
1545 5132 1591 5171 s.

53 5206 124 5257 ι,
174 5208 238 5245 x1
272 5192 398 5245 inc.
437 5187 615 5253 vixit,
645 5187 853 5243 Calmet
900 5188 1132 5257 primum
1173 5187 1460 5244 Gestorum
1493 5202 1595 5241 au-

53 5274 157 5313 rem
212 5262 401 5315 habet
449 5261 729 5330 (.....‘est
771 5258 1161 5330 probablement
1208 5261 1448 5330 composé
1498 5271 1598 5330 par

53 5330 222 5403 erry).
263 5330 410 5403 Ideo
435 5327 786 5403 non_Gesta,
819 5329 914 5403 sed
944 5327 1234 5403 Gestorum
1260 5327 1468 5403 fontem
1503 5327 1596 5403 ill_o

53 5397 770 5470 ice"contineri_innuit.
824 5399 1004 5470 (Quod
1037 5400 1327 5455 Hontheim
1382 5399 1525 5455 Hist.
1552 5397 1594 5466 1,

58 5510 71 5522 .
105 5488 245 5527 xxv:
280 5472 457 5538 dicit,
508 5465 999 5542 AEberbardi'anum
1048 5473 1326 5542 exemplar
1353 5465 1597 5528 Calmeto

53 5557 125 5597 tm
160 5558 319 5609 esse,
348 5540 664 5613 neminem
694 5542 942 5613 tenebit.)
987 5542 1149 5599 Gesta
1188 5540 1295 5597 saec
1333 5558 1413 5613 xu
1463 5543 1599 5613 anti-

54 5630 139 5666 Jra
170 5615 339 5667 nulla
378 5612 615 5681 fuisse,
640 5610 757 5680 jam
806 5610 971 5681 supra
1009 5614 1143 5667 satis
1191 5611 1385 5676 docui;
1430 5612 1596 5681 codex

54 5698 76 5735 υ
98 5682 313 5737 Aurea:
347 5679 797 5751 wallis,_Quem
831 5679 990 5751 syhel
1020 5681 1128 5751 huc
1144 5680 1461 5751 revocavit,
1493 5680 1599 5751 alio

53 5753 220 5820 liuet;
259 5770 318 5809 ν.
361 5749 559 5808 infra.
581 5746 843 5820 Denique
871 5746 992 5820 oua:
1013 5750 1079 5804 de
1110 5749 1432 5820 Annalibus
1461 5748 1598 5820 civi-

53 5838 72 5877 s
110 5817 276 5896 gesta
340 5817 768 5892 antiquissima
826 5817 1249 5886 continentibus,
1298 5835 1439 5891 quos
1495 5818 1601 5876 Sil-

1622 4502 1734 4596 DD

1690 4070 1872 4120 vester
1908 4079 2047 4136 papa
2092 4064 2387 4122 revolvisse
2406 4064 2626 4132 dicitur,
2651 4063 2706 4118 in
2734 4062 2857 4136 Vita
2884 4061 3178 4136 S.__Agriiii_
3201 4062 3270 4117 le‘

1695 4131 2000 4207 suntm—(v1
2025 4152 2190 4207 supra
2211 4153 2265 4207 p.
2293 4136 2441 4207 112),
2473 4131 2623 4207 gesta
2647 4134 2897 4207 quaedam
2945 4131 3068 4187 Vita
3104 4131 3280 4188 fuisse

1696 4205 2029 4329 antiq’uiora,
2063 4205 2553 4279 mihi.‘persuadc'rc
2574 4205 2870 4277 nedueunt.

1769 4277 1818 4330 (1
1868 4276 1918 4330 1)
1953 4276 1995 4330 l.
2020 4292 2074 4330 ι).
2099 4293 2195 4330 vu.
2372 4320 2381 4325 -

1979 4319 1995 4346 ,
2020 4292 2074 4346 p.
2099 4293 2195 4332 vu.
2372 4320 2381 4325 -

1953 4277 2329 4417 [Iitppgiiinent
2359 4320 2554 4417 quiec.
2580 4346 2658 4417 25
2696 4346 2763 4417 (ie
2812 4342 3171 4417 translatione
3218 4343 3275 4400 S.

1696 4414 1998 4485 Maximini,
2029 4414 2079 4472 c'.
2104 4417 2175 4472 25
2195 4427 2249 4472 et
2268 4418 2340 4472 28
2361 4414 2427 4472 de
2450 4414 2594 4471 Hetti
2618 4424 2673 4471 et
2700 4414 3038 4470 Theoderico
3067 4415 3144 4470 ibi
3189 4431 3279 4470 se—

1739 4485 1887 4551 ultis,
1910 4502 1961 4542 c.
1998 4487 2069 4541 27
2098 4488 2164 4542 de
2189 4503 2417 4551 corpore
2443 4486 2499 4542 S.
2529 4486 2787 4541 Eucharii
2812 4485 3122 4547 traduntur.

1767 4557 1915 4627 (-103)
1951 4556 2016 4611 ν.
2062 4559 2224 4613 cata].
2274 4553 2648 4627 Gislenianum
2682 4573 2770 4627 ap.
2827 4555 3120 4627 Horitheim
3148 4553 3190 4627 l,
3222 4571 3276 4626 p.

1695 4622 2069 4698 xxiv_(Hillar.
2102 4644 2155 4698 p.
2189 4629 2277 4694 71,
2319 4629 2465 4698 159),
2511 4622 2891 4698 Prumiénscm
2927 4625 3119 4681 Prodr.
3149 4622 3191 4692 Ι,

1696 4697 1783 4752 78.
1815 4695 2027 4764 Quibus
2055 4695 2193 4754 adde
2220 4695 2442 4754 tertium
2467 4713 2648 4768 usque
2681 4698 2750 4752 ad
2781 4696 3078 4768 Egber_tum_
3103 4695 3281 4768 couti-

1692 4777 1923 4823 nuatum
1945 4785 2108 4839 quem
2138 4769 2510 4824 Bethmannus
2536 4765 2601 4823 ex
2626 4765 2904 4839 Lamberti
2937 4765 3156 4839 florido
3176 4765 3279 4839 de-

1693 4839 1932 4909 scripsit.
1954 4834 2287 4909 V'Hontheim
2312 4839 2353 4906 l,
2400 4854 2454 4909 p.
2501 4854 2652 4893 xxvu
2682 4837 2813 4909 dicit
2835 4852 2856 4909 _:
2896 4834 3088 4909 {Quod
3136 4835 3281 4909 alius

1693 4909 1778 4962 vir
1799 4905 2035 4964 eximius
2064 4918 2117 4962 et
2157 4905 2351 4963 harum
2380 4905 2561 4963 rerum
2597 4905 3057 4977 prudentissimus
3103 4906 3282 4977 simile

1694 4978 1796 5033 Ms.
1824 4978 2114 5033 Gestorum
2144 4980 2438 5049 exemplar,
2462 4979 2516 5032 in
2542 4993 2653 5048 quo
2675 4977 2880 5049 pariter
2901 4976 3047 5049 nulla
3071 4976 3282 5049 episco-

1694 5064 1888 5119 porum
1947 5049 2169 5103 nomina
2215 5046 2357 5102 inter
2395 5046 2696 5102 Maternum
2718 5056 2772 5102 et
2796 5046 3065 5115 Agritium
3102 5046 3281 5100 media

1696 5127 1846 5173 sunt.
1885 5118 1993 5173 alio
2021 5120 2142 5173 loco
2168 5134 2198 5173 a
2223 5135 2283 5173 se
2311 5118 2487 5172 visum
2520 5118 2655 5172 mihi
2684 5116 2948 5172 retulerit.
2979 5138 2995 5169 ι
3033 5115 3139 5172 Sed
3167 5114 3283 5172 for-

1695 5160 1849 5261 iJééE
1869 5160 2151 5261 οῖίξιὸῖςῖιέ
2165 5160 2504 5261 Elissa}
2521 5160 3007 5261 ἰίὶξῖὸὲίῖἷὶἷιὲεἱὶἒέί
3030 5160 3247 5261 ὅέἱὶςὶῗ
3348 5246 3357 5255 ,

1768 5258 1915 5329 (104)
1949 5256 2210 5326 Quamvis
2266 5256 2523 5314 Hillarius
2573 5256 2873 5314 fortissime
2919 5256 3112 5313 contra
3142 5256 3313 5313 hanc-

1696 5327 2045 5385 dimicaverit
2063 5329 2411 5384 sententiam.

1768 5398 1916 5470 (1'05)
1946 5399 2031 5470 ᾳῑ.
2064 5399 2204 5453 infra
2230 5408 2415 5470 notam
2433 5398 2513 5470 ad
2543 5414 2592 5454 c.
2627 5397 2713 5453 16.

1794 5465 1921 5539 106)
1949 5469 2237 5524 Hontheim
2262 5468 2398 5525 Hist.
2432 5469 2472 5536 l,
2496 5485 2549 5539 p.
2576 5485 2690 5525 xxi.
2717 5468 2850 5524 Acta
2882 5466 2983 5522 SS.
3014 5466 3163 5539 Sept.
3185 5465 3278 5539 by,

1696 5557 1751 5614 p.
1778 5537 1907 5663 ξδο.
1940 5539 2018 5596 De
2045 5555 2175 5596 vera
2204 5539 2464 5596 Methodii
2499 5537 2676 5595 aetate.
2707 5556 2761 5594 v.
2792 5539 2994 5594 ibidem
3020 5537 3149 5594 Jun.
3188 5537 3280 5604 ιγ,

1696 5629 1750 5663 1).
1779 5648 1795 5663 ι
1818 5653 1833 5663 .

1696 5629 1750 5684 p.
1770 5629 1923 5752 (1.07)
1944 5680 2144 5752 Paucis
2172 5694 2314 5752 saepe
2340 5679 2521 5734 verbis
2565 5679 2764 5735 additis
2781 5680 2871 5752 vel
2909 5676 3133 5752 mutatis
3156 5675 3297 5730 fon-'

1702 5746 1839 5806 tium
1868 5746 2180 5807 testimonia
2204 5746 2266 5805 in'
2282 5766 2443 5805 suum
2475 5766 2636 5805 usum
2659 5749 2849 5816 vertit;
2874 5765 2925 5805 c.
2949 5749 3040 5803 22.
3076 5746 3283 5816 Roma-

1704 5836 1900 5877 norum
1949 5823 2116 5878 duces
2144 5822 2199 5878 in
2234 5819 2599 5876 Treverorum
2628 5814 2901 5892 principes
2930 5816 3180 5875 mutavit.
3219 5814 3278 5872 δ.
