3862 6306
536 356 682 416 1085
702 436 703 439 γ

1790 345 2017 405 GESTA
2059 346 2542 404 TREVERORUM
2552 388 2566 402 .

3622 352 3714 410 i031

539 480 701 528 antea
726 469 1005 524 Lammens
1031 464 1199 539 (152),
1223 480 1345 519 εανσ.
1371 478 1471 529 xu,
1496 461 1762 534 eleganter
1782 462 1839 515 in
1870 460 2131 514 membra-

2251 458 2533 513 'ernionum
2570 457 2773 511 numeri
2809 454 2861 509 Χ
2865 454 2917 509 Χ
2919 454 2971 509 Χ
2976 453 3007 509 Ι
3012 453 3093 509 -Χ
3095 453 3146 509 Χ
3150 454 3197 509 Χ
3202 454 3234 509 1
3246 454 3288 509 V
3315 456 3580 524 ostendunt,
3611 476 3717 516 ειυια.

542 561 625 618 nis
651 569 921 617 exoratus.
966 556 1141 627 Hujus
1176 570 1380 626 quoque
1401 561 1517 608 octo
1549 561 1755 607 tantum
1786 552 1918 623 folia
1949 568 2133 623 super-

541 667 686 724 sunt,
712 669 829 726 qua:
869 666 1030 722 usque
1069 649 1138 703 ad
1180 664 1229 703 c.
1276 646 1345 701 12
1385 646 1541 701 verba
1573 661 1591 700 :
1624 645 1978 717 magistratus
2010 659 2134 715 quae

542 750 825 821 pertinent.

586 858 589 861 ·
613 839 733 893 Huc
761 833 1017 890 accedunt
1033 832 1259 898 codices,
1282 846 1409 902 quos
1427 846 1546 884 cum
1568 828 1801 900 antiquis
1826 826 1997 883 Gestis
2020 826 2131 899 (Α.)

540 942 702 997 usque
733 924 801 978 ad
831 921 1128 976 Eberhardi
1169 930 1389 974 mortem
1434 919 1496 991 (ιθ
1542 936 1594 973 a.
1645 917 1803 988 1066)
1853 918 2133 987 exscriptis

539 1014 992 1069 continuationem
1023 1011 1176 1064 illam
1213 1025 1378 1080 usque
1417 1009 1488 1062 ad
1525 1026 1582 1062 a.
1624 1007 1759 1062 M52
1800 1007 2136 1078 conjunxisse

539 1118 591 1164 et
636 1111 713 1163 ita
747 1090 934 1161 novum
972 1103 1355 1176 quodammodo
1388 1119 1517 1173 opus
1557 1102 1810 1172 effecisse,
1835 1118 1997 1172 supra
2016 1100 2136 1170 jam

543 1202 677 1256 dixi.
722 1199 913 1254 Nescio
946 1214 1014 1251 an
1046 1197 1249 1251 codices
1266 1195 1339 1259 5a
1374 1194 1439 1249 5b
1470 1194 1570 1248 huc
1594 1195 1911 1265 pertineant,
1945 1193 2136 1265 reliqui

543 1312 661 1349 vero
685 1293 940 1348 sceculum
968 1308 1067 1345 xm
1098 1307 1202 1343 non
1223 1296 1494 1358 superant,
1542 1304 1704 1358 neque
1751 1295 1926 1354 vetate,
1975 1302 2137 1357 neque

506 1452 509 1453 ν
543 1392 800 1437 accurata
823 1381 1044 1436 lectione
1066 1378 1521 1445 commendantur,
1548 1378 1787 1449 quamvis
1815 1393 1935 1431 cum
1967 1376 2004 1430 2
2026 1376 2139 1447 ple-

546 1492 767 1546 rumque
795 1474 1126 1528 conveniant.
2062 1512 2065 1515 .

614 1568 672 1638 4)
709 1566 887 1622 Codex
929 1565 993 1621 V.
1035 1564 1103 1618 cl.
1134 1563 1348 1619 Thomre
1369 1562 1637 1633 Phillipps
1658 1563 1870 1635 equitis,
1897 1563 1954 1617 in
1988 1562 2139 1632 cujus

545 1659 815 1714 ditissima
848 1656 1162 1712 bibliotheca
1190 1654 1493 1709 Middle/till
1512 1664 1832 1721 asseruatur,
1861 1656 1951 1726 qui
1976 1655 2138 1724 info-

547 1748 638 1803 liis
668 1748 739 1803 42
769 1746 1181 1801 membranaceis
1212 1761 1373 1799 manu
1405 1762 1528 1800 sate.
1566 1762 1665 1800 xm
1698 1744 1858 1800 Gesta
1886 1745 2137 1811 continet,
2176 1788 2185 1811 ,

548 1840 683 1893 satis
705 1838 985 1909 diligenter
1003 1844 1247 1893 exarata.
1284 1836 1596 1908 Prwcipuas
1628 1836 1874 1891 lectiones
1899 1836 1971 1891 cl.
2002 1834 2140 1906 Lap-

550 1930 773 2001 penberg
792 1930 1047 1985 enotavit.

622 2024 718 2093 5³)
778 2022 954 2078 Codex
1013 2020 1431 2093 Hamburgensis
1494 2020 1643 2075 Hist.
1701 2019 1829 2076 eccl.
1861 2061 1876 2087 ,
1932 2020 2031 2087 4ο,
2085 2036 2139 2074 n.

551 2114 749 2169 XXXI
766 2115 936 2187 (155),
958 2114 1087 2168 olim
1120 2112 1476 2182 Uﬂ'enbachii,
1506 2121 1689 2182 postea
1712 2112 1919 2181 Wolﬁi,
1946 2112 2141 2180 chart.,

551 2225 597 2261 s.
634 2206 683 2260 X
703 2205 761 2273 γ,
796 2206 874 2273 4?,
897 2206 986 2276 qui
1014 2205 1159 2275 foliis
1185 2203 1292 2257 225
1319 2204 1470 2257 varia
1508 2218 1668 2271 opera
1705 2204 1935 2256 continet
1972 2202 2144 2256 histo-

553 2303 689 2366 rica,
736 2300 961 2354 Joannis
1002 2299 1065 2354 de
1101 2297 1393 2353 Stabulaus
1437 2295 1597 2351 Gesta
1640 2297 1951 2367 pontiﬁcum
1999 2295 2145 2351 Tun-

554 2410 682 2463 gren
713 2393 852 2459 ium,
903 2390 1060 2446 Gesta
1120 2390 1512 2445 Treverensium
1562 2405 1762 2451 necnon
1818 2387 2036 2443 Eusebii
2068 2397 2145 2451 et

554 2485 811 2555 Prosperi
843 2483 1104 2539 Chronica
1128 2481 1398 2554 Sigcberto
1408 2483 1705 2552 praemissa.
1723 2481 1879 2538 Gesta
1896 2482 2146 2538 Trevero-

563 2594 683 2632 rum
725 2577 791 2630 70
820 2577 954 2648 folia
996 2576 1225 2647 explent,
1260 2575 1388 2630 olim
1415 2576 1636 2630 seorsim
1667 2583 1977 2642 numerata,
2010 2591 2147 2630 nunc

553 2670 767 2740 paginis
786 2657 1319 2737 159-278inscriptaj
1338 2668 1429 2722 sed
1450 2667 1571 2722 inde
1591 2685 1624 2721 a
1643 2684 1695 2738 p.
1712 2668 1821 2723 255
1840 2668 1904 2739 (Ῑ.
1920 2666 2008 2738 48)
2023 2684 2150 2722 con-

2232 568 2332 622 que
2365 550 2465 604 hac
2519 548 2824 604 reccntioris
2866 565 3056 601 manus
3098 548 3472 617 conﬁrmatur:
3498 548 3720 627 lnvlcten']

2234 640 2472 717 c[odice]
2512 642 2892 713 praecedebant
2931 640 3096 696 Gesta
3124 639 3449 694 Francorum
3474 650 3522 695 et
3541 640 3722 700 Historia

2234 736 2494 790 miscella:
2536 734 2691 789 Pauli
2743 731 2971 788 Diaconi
3017 732 3236 787 nomine
3280 732 3402 786 libri
3445 749 3570 787 xm.
3617 734 3722 792 Nm

2235 829 2370 883 nihil
2405 828 2507 884 nisi
2536 826 2694 883 Gesta
2723 826 3064 881 Treverorum
3092 826 3176 878 hic
3211 824 3452 895 leguntur
3470 825 3567 894 jam
3584 827 3723 882 dualis

2236 919 2382 990 foliis
2439 919 2649 973 omissis
2702 934 2913 971 manca.
2973 915 3077 971 Sed
3115 916 3223 971 hare
3267 932 3425 984 nuper
3455 915 3727 973 Bethmms

2237 1022 2412 1068 noster
2457 1012 2640 1067 Roma:
2685 1010 2875 1082 reperit
2917 1011 2973 1064 in
3022 1010 3140 1063 cod.
3208 1007 3459 1062 Vaticano
3505 1009 3727 1075 Christ.,s.

2238 1104 2399 1172 1285,
2444 1103 2532 1157 ubi
2573 1104 2614 1174 f.
2659 1102 2745 1169 70,
2798 1101 2893 1169 71,
2938 1109 3170 1156 exstant.

2308 1195 2394 1266 6‘3)
2420 1193 2599 1251 Codex
2624 1193 2953 1248 Parisiensis
3006 1190 3467 1258 Saint—Germain,
3490 1206 3538 1245 κ.
3567 1191 3634 1255 Tt,
3665 1192 3727 1260 fol.

2238 1288 2393 1358 maj.,
2451 1305 2496 1342 s.
2538 1303 2658 1354 xm,
2692 1286 2897 1340 duabus
2926 1284 3187 1339 columnis
3217 1284 3466 1354 scriptus,
3487 1283 3627 1354 quies
3650 1301 3732 1337 ros-

2240 1382 2367 1435 tinet
2393 1397 2510 1451 qua:
2537 1380 2592 1436 in
2642 1379 2706 1434 ϐα
2741 1379 2862 1448 jam
2908 1377 3304 1443 desiderantur,
3343 1385 3531 1446 partem
3567 1375 3732 1429 historic

2240 1472 2578 1527 Francorum
2622 1471 2688 1525 ab
2743 1469 2968 1542 Hugone
2999 1468 3342 1523 Floriacensi
3380 1468 3586 1537 scriptae,
3611 1466 3733 1520 Histo-

2240 1567 2377 1620 riam
2399 1565 2713 1633 miscellam,
2744 1545 3043 1633 fragmenta
3064 1561 3314 1632 quaedam
3334 1560 3397 1614 de
3412 1561 3609 1613 historia
3620 1559 3734 1612 Fru-

2241 1674 2442 1723 corum,
2467 1658 2635 1727 iisque
2658 1654 2817 1709 Gesta
2870 1652 3213 1708 Treverorum
3240 1652 3396 1705 addit
3436 1652 3499 1704 ad
3519 1650 3677 1704 verbis:
3696 1665 3733 1702 επ

2242 1747 2327 1802 ὃιι.
2370 1748 2656 1817 descripta,
2709 1755 2768 1799 ut
2804 1753 3061 1799 accurata
3112 1744 3362 1797 codicum
3397 1742 3738 1796 collationem

2243 1838 2497 1894 intellexi.

2314 1932 2424 2003 61")
2452 1930 2632 1987 Codex
2661 1929 2998 1993 Parisiensis
3038 1926 3501 1993 Saint-Germain,
3541 1943 3586 1979 ι.
3636 1923 3737 1987 ίῧῑθ,

2243 2028 2438 2084 sreculo
2464 2044 2576 2095 xvr,
2602 2043 2668 2082 ex
2695 2024 3038 2080 libroJoan.
3079 2024 3127 2078 le
3168 2022 3353 2078 Feron
3394 2019 3738 2090 Carol0politeai,

2243 2119 2304 2173 id
2335 2129 2411 2173 est
2442 2134 2506 2172 ex
2535 2117 2598 2172 (it!l
2628 2118 2944 2187 descriptus.

2318 2210 2452 2282 6b“)
2482 2209 2661 2265 Codex
2686 2208 3013 2263 Parisiemis
3070 2206 3277 2263 Baluze
3322 2204 3557 2260 Armoire
3592 2201 3737 2271 ll,psg.

2247 2304 2301 2360 5.
2340 2320 2393 2358 η.
2423 2303 2482 2362 2,
2503 2302 2700 2357 codicis
2756 2302 2819 2356 6al
2864 2300 3229 2373 apographum
3272 2317 3321 2355 s.
3350 2315 3458 2355 χιιι
3483 2298 3741 2368 factum

2249 2397 2396 2453 tinet.

2319 2487 2406 2558 σε)
2433 2485 2613 2542 Codex
2637 2484 3003 2539 Bruxeliensis
3027 2501 3080 2538 η.
3112 2482 3450 2549 9178-918Ἱ,
3472 2500 3513 2536 s.
3546 2498 3639 2545 xm,
3666 2482 3739 2549 fol,
3796 2464 3797 2547 ξ

2248 2574 2431 2634 eadem
2453 2594 2612 2648 opera
2644 2578 2874 2631 continet
2904 2593 3021 2648 quae
3045 2577 3103 2629 in
3144 2576 3208 2630 6'|
3254 2574 3387 2629 olim
3437 2573 3741 2644 legebantur}

2250 2672 2316 2727 (ib
2338 2672 2538 2742 partim
2561 2670 2815 2741 hodieque
2836 2678 3069 2725 exstant.
3098 2667 3432 2734 Quibuscum
3454 2666 3665 2720 codicibus
3678 2665 3741 2715 hs-

555 2764 788 2817 t'nuatio
831 2761 1026 2833 legitur
1051 2761 1120 2816 ad
1142 2760 1488 2815 Wernherum
1514 2776 1675 2831 usque
1698 2760 2151 2832 archicpiscopum
2240 2765 2334 2835 jus
2362 2764 2611 2819 lectiones
2634 2780 2666 2815 a
2697 2761 2758 2816 V.
2790 2762 2859 2818 cl.
2921 2761 3110 2818 Oelrler
3153 2761 3550 2832 diligentissime
3592 2766 3743 2813 enatat:

555 2855 631 2925 (a.
687 2853 844 2924 1588)
891 2854 1135 2908 deducta.

580 3016 585 3020 '
629 2947 716 3015 Sb)
743 2946 920 3002 Codex
944 2944 1361 3016 Hamburgensis
1390 2943 1535 2999 Hist.
1567 2942 1769 3012 Germ.,
1793 2943 1914 3015 fol.,
1946 2961 1999 3000 η.
2024 2944 2148 3013 511),

552 3035 794 3105 pluribus
818 3036 1060 3097 manibus
1089 3051 1212 3089 stuc.
1250 3050 1456 3089 Juv-xw
1496 3035 1684 3089 ἔπι-1⁸0
1722 3036 1851 3105 maj.
1898 3035 2148 3106 scriptus,

2250 2854 2442 2926 ubique
2469 2854 2817 2909 concordant.

2322 2945 2408 3019 ϐἀ)
2437 2947 2616 3003 Codex
2648 2946 3016 3018 Lugdunensis
3039 2962 3093 3000 η.
3125 2946 3255 3013 127,
3279 2964 3327 3001 s.
3361 2962 3458 3001 xm
3476 2946 3587 3008 ina,
3604 2943 3660 3004 1ο,
3675 2941 3743 2992 inin

2254 3040 2329 3094 tio
2352 3049 2404 3094 et
2425 3040 2531 3110 [ine
2562 3055 2803 3105 mancus,
2831 3036 2991 3092 Gesta
3003 3039 3144 3092 enim
3167 3038 3254 3092 his
3287 3044 3338 3092 c.
3363 3038 3433 3092 21
3460 3036 3600 3091 verbis
3624 3031 3742 3102 :un
3796 3042 3797 3110 ξ

555 3128 790 3200 amplam
838 3128 1097 3183 librorum
1149 3127 1522 3183 historicorum
1575 3127 1934 3184 collectionem
1982 3128 2151 3184 conti-
2175 3154 2219 3215 ρ
2249 3139 2477 3189 vocatur
2507 3130 2763 3188 horreum
2791 3131 3076 3203 incipiunt.
3108 3127 3413 3204 Sequuntur
3438 3130 3588 3203 prima
3626 3124 3744 3181 Histi-

556 3232 641 3276 net
675 3222 846 3293 (154),
874 3223 1013 3277 inter
1033 3238 1151 3293 qua:
1183 3231 1291 3277 tam
1314 3221 1539 3276 Joannis
1582 3222 1645 3276 de
1687 3221 1979 3278 Stabulaus
2020 3240 2150 3294 opus

555 3331 716 3384 quam
766 3313 1107 3368 Treverorum
1151 3314 1309 3369 Gesta
1348 3314 1614 3385 leguntur,
1666 3314 1776 3369 ham
1816 3316 1856 3386 Ῑ.
1908 3315 2153 3371 175-190

560 3422 720 3459 manu
759 3422 805 3460 s.
853 3422 945 3473 xv,
973 3416 1030 3459 ut
1064 3406 1270 3460 videtur
1313 3415 1556 3460 exarata.
1597 3405 1871 3471 Lectiones
1922 3424 2042 3462 cum
2086 3392 2152 3463 5t!l

560 3498 866 3569 plerumque
900 3500 1231 3566 conveniunt,
1269 3500 1600 3554 continuatio
1627 3500 1668 3570 f.
1706 3499 1942 3557 186-190
1970 3500 2153 3557 eadem

561 3600 660 3645 est.
1278 3638 1284 3644 .

632 3682 720 3755 5°)
762 3681 942 3738 Cadex
966 3682 1381 3755 Hamburgensis
1408 3682 1553 3740 Hist.
1576 3683 1752 3740 Germ.
1789 3686 1928 3757 sing.
1952 3686 2151 3757 region.

563 3774 685 3846 fol.,
708 3791 761 3829 n.
798 3774 863 3827 70
892 3776 1038 3846 (I55)
1074 3775 1377 3830 recentioris
1406 3777 1603 3843 aetatis,
1636 3777 1726 3849 qui
1757 3777 1904 3847 foliis
1945 3776 2014 3832 88
2060 3794 2154 3833 ea-

563 3870 682 3923 dem
712 3868 970 3924 Historia:
1000 3870 1326 3925 Treverensis
1354 3881 1689 3926 monumenta
1716 3872 1943 3940 exhibet,
1966 3873 2155 3944 quibus

566 3961 727 4016 Gesta
783 3963 1296 4034 archiepiscoporum
1327 3963 1723 4019 Coloniensium
1756 3965 1835 4035 (ut
1864 3966 1953 4037 5b)
1980 3948 2153 4022 addit.

567 4052 673 4107 Hic
695 4054 828 4109 liber
850 4071 1011 4108 manu
1030 4056 1163 4109 satis
1186 4054 1414 4126 eleganti
1446 4060 1674 4129 scriptus
1700 4058 2007 4128 fmdissimis
2031 4074 2158 4112 sca-

563 4146 638 4201 let
663 4146 949 4215 erroribus,
985 4149 1075 4219 qui
1107 4147 1341 4204 scribam
1363 4150 1548 4204 veteris
1583 4151 1864 4220 scriptura:
1911 4151 2160 4220 ignarum

564 4250 813 4310 arguunt.
854 4240 988 4295 Cum
1022 4240 1085 4295 5ll
1120 4249 1169 4294 et
1209 4239 1275 4295 5b
1316 4240 1467 4295 valde
1509 4241 1815 4308 concordat,
1857 4258 1922 4296 ex
1971 4250 2158 4295 neutro

567 4340 741 4385 tamen
767 4340 1008 4402 sumptus
1037 4340 1147 4396 est;
1179 4331 1269 4386 sed
1290 4333 1363 4399 ad
1386 4334 1655 4405 antiquius
1684 4332 1953 4405 exemplar
1980 4350 2159 4389 omnes

567 4424 755 4494 referri
787 4424 992 4478 debent.
1017 4457 1087 4466 —
1110 4423 1363 4494 Ejusdem
1392 4426 1615 4497 generis.

2255 3225 2353 3280 rite
2381 3224 2635 3280 miscellos
2661 3225 2837 3292 verba,
2874 3225 3080 3296 reliqua
3106 3225 3273 3295 hujus
3308 3225 3434 3279 libri
3459 3233 3587 3294 parte
3609 3220 3741 3274 salsa.
3796 3220 3797 3283 Ὺ

2256 3316 2441 3372 Etiam
2465 3318 2552 3372 hic
2585 3317 2718 3372 liber
2744 3316 2777 3372 α
2799 3316 3133 3372 Bethmanno
3168 3334 3295 3371 cum
3321 3318 3476 3371 editis
3506 3322 3742 3383 comparatu

2254 3427 2415 3482 quam
2439 3411 2681 3481 proxime
2702 3410 2772 3464 ad
2814 3410 2948 3465 alios
2975 3410 3132 3480 hujus
3161 3409 3361 3465 classis
3383 3410 3566 3464 codices
3589 3403 3742 3460 accedit:
3796 3424 3797 3482 ξ

2256 3519 2418 3574 neque
2447 3503 2686 3557 dubitari
2719 3512 2891 3574 potest
2925 3500 3052 3575 quin
3112 3519 3297 3557 omnes
3325 3519 3392 3557 ex
3432 3518 3525 3556 uno
3551 3501 3743 3570 faunas-

2255 3595 2460 3667 narint,
2484 3594 2574 3665 qui
2591 3593 2711 3664 jam
2751 3603 2954 3648 textum
2984 3593 3137 3648 valde
3161 3602 3432 3648 mutatum
3454 3594 3515 3647 iis
3532 3588 3741 3663 praebuerit.

2259 3685 2415 3740 Nam-
2454 3687 2691 3757 quamvis
2738 3685 2909 3740 multa
2950 3686 3057 3740 sint
3106 3703 3228 3739 cum
3263 3687 3300 3741 4
3349 3695 3399 3741 et
3445 3685 3478 3740 5
3521 3680 3740 3738 commisit.

2255 3777 2411 3850 plura
2437 3770 2621 3831 tamen
2639 3778 2936 3849 peculiaria
2956 3777 3042 3831 hic
3067 3777 3341 3848 leguntur,
3375 3793 3487 3849 qua:
3508 3775 3740 3844 scriptorcs.
3796 3828 3797 3847 ξ

2257 3876 2315 3920 ut
2343 3867 2638 3921 orationem
2669 3866 2907 3921 redderet
2931 3866 3228 3936 faciliorem
3268 3876 3321 3922 et
3352 3867 3679 3937 elegantioraa,
3699 3860 3741 3910 li-
3796 3864 3797 3911 1

2259 3960 2376 4015 bere
2398 3969 2449 4015 et
2479 3960 2738 4014 audacter
2759 3958 2914 4014 verba
2944 3961 3239 4015 correxisse
3270 3960 3555 4025 ostendunt.

2332 4052 2607 4125 [ntegrum
2645 4053 2753 4123 fere
2805 4053 2994 4108 horum
3046 4053 3293 4107 codicum
3332 4053 3607 4107 varietates!
3638 4044 3743 4097 ηδιο-

2260 4146 2391 4212 ιαυὶ,
2421 4146 2718 4212 praesertim
2767 4161 2884 4200 eam
2914 4144 2969 4198 in
3002 4161 3107 4215 qua
3155 4161 3339 4199 omnes
3398 4143 3471 4199 vel
3511 4136 3742 4207 singulm

2259 4236 2511 4290 classium
2539 4237 2744 4291 codices
2769 4237 3162 4291 conveniebant.
3201 4234 3365 4290 Hanc
3404 4233 3576 4289 litteris
3597 4231 3637 4295 ὅ,
3658 4224 3740 4289 ὄνθ’

2258 4329 2510 4384 iudicavi.

2336 4420 2481 4475 Libri
2511 4429 2801 4492 sequuntur
2823 4421 3192 4491 manuscripti,
3222 4422 3319 4492 qui
3343 4419 3588 4475 Gestorum
3613 4418 3739 4464 tum

637 4514 723 4584 ὅτι)
776 4510 955 4568 Codex
1018 4515 1184 4569 musei
1240 4515 1564 4585 Britannici,
1610 4516 1822 4573 Cotton.
1875 4516 2033 4574 Titus
2085 4516 2156 4574 D.
2192 4519 2237 4575 D
2262 4512 2446 4568 multis
2467 4514 2830 4568 additionibus
2856 4524 3073 4568 auctum
3093 4523 3145 4568 et
3173 4530 3341 4584 usque
3365 4513 3436 4566 ad
3468 4527 3514 4563 α.
3540 4503 3645 4561 Hii?
3662 4515 3740 4552 τοι·

564 4606 670 4661 XX
690 4606 747 4673 V,
768 4622 880 4660 esse
907 4607 1132 4674 videtur,
1157 4609 1249 4679 qui
1274 4606 1433 4663 Gesta
1462 4608 1801 4664 Treverorum
1828 4627 1992 4682 usque
2009 4609 2080 4664 ad
2102 4606 2156 4665 ἁ.

565 4698 724 4765 1587,
775 4714 973 4752 necnon
1011 4698 1169 4754 Gesta
1212 4702 1723 4772 archiepiscoporum
1763 4702 2160 4759 Coloniensium

561 4800 614 4846 et
667 4791 1085 4861 Trajectensiam
1124 4793 1336 4866 aliaque
1378 4797 1611 4851 continet
1654 4796 1823 4870 (156).

633 4883 720 4955 ϐα)
766 4884 945 4941 Codex
988 4885 1320 4942 bibliotheca:
1356 4889 1515 4959 regia:
1546 4888 1873 4944 Parisiensis
1910 4907 1964 4944 n.
1991 4889 2157 4959 5875,

563 4974 694 5028 olim
722 4974 768 5029 1.
790 4976 857 5031 Α,
891 4975 1120 5046 Thuani,
1156 4987 1314 5033 antea
1342 4999 1360 5030 ‹
1389 4997 1454 5035 ex
1480 4980 1635 5034 libris
1656 4979 1745 5035 Ιο.
1776 4980 2000 5052 Leferon
2023 4981 2158 5039 Car-

562 5066 862 5136 lopolitani.
896 5089 915 5122 ι
961 5069 1076 5125 Uno
1108 5058 1370 5126 volumine
1410 5080 1513 5126 tres
1546 5074 1750 5127 codices
1773 5074 1992 5129 diversa:
2027 5083 2161 5130 reta—

563 5159 632 5212 tis
661 5162 1014 5218 continentur.
1065 5163 1302 5219 Tertium
1323 5181 1446 5220 δαῖε,
1474 5166 1704 5221 ιιιιίηε.
1731 5166 1936 5221 duabus
1966 5167 2163 5223 colum-

563 5251 647 5305 nis
669 5253 923 5323 scriptum
953 5255 1087 5310 olim
1121 5256 1192 5312 a'd
1216 5256 1368 5312 aliud
1400 5259 1718 5329 pertinuisse
1739 5258 2001 5328 volumen,
2026 5276 2160 5330 qua-

2262 4607 2529 4660 tinuatum
2555 4605 2822 4661 exhibent.
2867 4605 3050 4660 Etiam
3094 4605 3150 4659 hi
3188 4605 3245 4658 in
3291 4605 3426 4658 duas
3454 4601 3613 4655 classes
3642 4605 3740 4645 tm"

2259 4709 2458 4753 nuntur
2479 4707 2704 4769 oportet,
2751 4697 2979 4753 alteram
3020 4713 3140 4769 quia
3167 4698 3445 4767 genuinam
3481 4690 3609 4760 hujus
3631 4680 3740 4752 θριτίε

2262 4790 2491 4862 formam
2532 4790 2786 4860 praebeat,
2853 4787 3083 4843 alteram
3140 4788 3289 4841 novis
3349 4771 3738 4853 interpolation“

2261 4885 2384 4940 hinc
2409 4884 2533 4938 inde
2568 4892 2805 4938 auctam.
2846 4883 3100 4954 Alioquin
3130 4872 3247 4936 vero
3274 4883 3467 4935 interse
3486 4873 3609 4930 vald:
3625 4880 3740 4921 (om

2261 4981 2435 5045 niunt,
2456 4986 2505 5033 et
2531 4977 2772 5048 quamvis
2800 4992 3178 5048 nonnunquam
3198 4976 3361 5029 etiam
3404 4971 3471 5026 ad
3499 4966 3656 5023 codices
3675 4957 3739 5048 5f"

2258 5072 2292 5127 6
2324 5046 2607 5138 accedant,
2631 5069 2938 5140 plerumque
2971 5046 3146 5124 tamen
3173 5068 3447 5139 genuinam
3477 5052 3668 5116 codicis!
3693 5046 3738 5098 ιε’

2259 5166 2487 5220 ctionem
2512 5171 2723 5218 servant
2758 5160 2929 5235 (157).

2334 5257 2419 5312 Ad
2446 5257 2679 5328 priorem
2713 5254 2935 5309 classem
2967 5252 3227 5325 pertinent
3257 5267 3279 5306 :

2085 5393 2316 5453 NOTAE.

639 5506 788 5580 (152)
827 5467 917 5583 or.
942 5507 1162 5583 Archiv.
1198 5507 1387 5582 vu,p.
1427 5510 1568 5579 522;
1601 5509 1738 5583 vui,
1780 5527 1835 5583 p.
1872 5512 1999 5568 555.
2046 5509 2152 5565 Mi-
2259 5524 2528 5583 russam.

561 5595 670 5636 nus
696 5588 843 5635 recte
882 5580 1255 5654 Betnmgnnus
1279 5580 1464 5638 noster
1499 5583 1609 5654 hoc
1639 5580 2003 5654 fragmentum
2026 5598 2154 5653 par-

561 5659 672 5723 tem
696 5665 819 5723 esse
834 5650 1054 5723 codicis
1080 5650 1467 5723 Lugdunensis,
1482 5652 1614 5709 dicit
1643 5650 1879 5723 (p.555,
1910 5652 2023 5723 97).

664 5722 788 5794 155)
821 5722 905 5794 De
936 5738 1049 5793 quo
1076 5720 1150 5794 cf.
1171 5720 1403 5794 Archiv.
1433 5722 1518 5794 Y1,
1546 5740 1600 5794 p.
1633 5720 1761 5778 250.

664 5792 783 5865 i5i)
808 5792 886 5873 ην.
922 5792 1145 5849 Archiv.
1176 5792 1265 5860 Vl,
1293 5810 1347 5864 p.
1368 5792 1497 5860 240,
1520 5792 1573 5849 et
1600 5810 1722 5864 qua:
1752 5795 1859 5851 vol.
1895 5795 1943 5850 Χ
1978 5794 2156 5851 dictu-

2361 5554 2744 5650 ιὲἓῖἈτριιῑν.
2761 5554 2876 5650 ’11,
2904 5591 2960 5647 p.
2990 5575 3119 5650 gis.

3004 5646 3092 5762 72..
3145 5717 3198 5762 9-
3251 5714 3331 5762 to-
3378 5718 3426 5762 et
3476 5703 3574 5762 aliis
3606 5690 3726 5752 ωυῖιίί

2264 5794 2280 5848 1
2336 5714 2484 5805 (157‘
2545 5718 2807 5791 Exempla
2858 5714 2980 5775 vide
3037 5732 3086 5772 c.
3145 5717 3198 5783 9,
3251 5714 3332 5781 10,
3378 5718 3426 5766 et

2285 5809 2417 5850 ocrs.
