3862 6306
64 325 169 384 1089
1337 298 1605 357 PROLEG

1723 298 1872 356 ENA.
3117 299 3257 355 1090

66 444 167 499 tcnsi
192 430 320 507 (155)
349 436 395 485 et
417 424 695 482 annalibus
721 438 785 477 ea:
815 420 1061 474 Mariano
1090 416 1315 488 aliisque
1343 415 1575 486 fontibus
1604 423 1653 482 Α
1682 413 1817 465 mius
1851 421 1961 466 tum
2001 412 2352 466 recensionem
2391 409 2465 478 C,
2502 410 2593 466 sed
2626 410 2782 464 initio
2824 410 3167 479 destitutam,
3194 429 3259 469 ea:

62 536 103 588 in
124 529 171 584 S.
200 502 436 595 bysibodi
464 514 779 572 monasterio
822 511 1072 582 confectis
1117 509 1265 581 (154)
1310 508 1375 560 de
1419 506 1570 559 rebus
1672 502 1914 557 codiceC
1946 503 2005 571 1,
2051 512 2161 556 tum
2206 504 2384 557 varias
2433 503 2853 555 continuatioues
2889 518 2953 554 ea:
2989 503 3261 557 codicibus

65 592 402 678 Treverensibus
443 611 700 681 leguntur,
753 603 970 659 aliunde
1018 617 1261 656 manasse
1307 598 1567 653 videntur.
1676 593 2076 649 Treverensibus
2116 594 2283 648 edidit
2320 592 2678 663 (Prodromus
2704 592 2948 648 historice
2974 592 3134 649 Trev.
3164 593 3260 661 II,

62 706 298 767 Domestici
334 719 445 758 vero
482 701 762 770 scriptores
811 711 987 750 omnes
1039 692 1210 747 Gestis
1262 690 1573 745 recentiores
1672 703 1727 757 p.
1762 686 2024 741 746-918.
2051 686 2306 756 Augustae
2347 684 2506 741 Vind.
2531 684 2713 757 1757).
2751 684 2968 739 Nostris
2993 702 3111 740 vero
3140 696 3267 740 tem-

59 817 199 858 corum
218 797 312 869 ﬁde
335 796 588 857 nituntur,
628 782 1247 851 narrationesrepetunt.
1282 782 1435 836 verba
1457 783 1575 846 ipsa
1674 778 1886 848 poribus
1961 776 2023 831 V.
2075 777 2143 832 cl.
2189 777 2624 848 Wyttenbachius
2666 786 2717 832 et
2768 776 3027 831 Mullerus
3077 795 3265 833 novam

58 910 164 964 sape
187 890 405 945 retinent.
444 884 561 938 Huc
585 880 842 953 referendi
865 886 986 934 sunt
1026 885 1268 931 auctores
1309 875 1575 947 passionis
1675 871 1962 925 editionem
1990 872 2231 925 curaturi
2275 869 2465 926 multos
2500 870 2711 942 quidem
2757 871 2961 926 codices
3007 871 3264 926 adhibue—

57 960 301 1049 murtyrum
328 974 710 1029 Treverensium
740 970 955 1024 inedita?
978 966 1150 1039 (155),
1195 965 1327 1020 Vitae
1363 963 1422 1019 S.
1452 964 1576 1018 Ma-
1679 971 1801 1015 runt
1827 962 2135 1033 uberemque
2169 979 2344 1017 rerum
2375 962 2769 1019 Treverensium
2801 960 3159 1017 collectione»:
3201 980 3268 1017 ea:

58 1068 308 1143 thia(156)
339 1076 387 1122 et
421 1064 652 1120 chronici
697 1061 1188 1117 Treverensis—a.
1228 1057 1368 1112 1555
1405 1055 1576 1128 (157),
1678 1052 1831 1109 libris
1873 1064 1921 1108 et
1974 1054 2363 1124 antiquioribus
2421 1063 2471 1108 et
2527 1054 2901 1110 recentioribus
2938 1055 3171 1125 fecerunt
3211 1057 3268 1127 (5

56 1180 213 1219 necnon
253 1160 494 1231 Aigidius
539 1156 826 1211 monachus
872 1152 1060 1207 Aurea:
1120 1150 1291 1204 Vallis
1338 1148 1486 1222 (158)
1529 1155 1579 1201 et
1693 1145 1830 1200 Voll.
1864 1145 2050 1199 in-zito
2088 1147 2345 1214 Augusta:
2396 1143 2738 1199 Treverorum
2788 1144 2927 1200 1856
2955 1146 3126 1216 sqq.);
3175 1146 3266 1199 sed

54 1257 277 1311 Iohannes
321 1253 382 1307 de
428 1250 719 1307 Stabulaus
766 1246 937 1320 (159),
990 1260 1165 1299 rerum
1212 1242 1582 1298 Leodiensium
1682 1237 1915 1292 codicem
1964 1234 2055 1289 C1
2094 1234 2397 1306 plerumque
2430 1238 2615 1304 secuti,
2668 1247 2727 1291 ut
2762 1239 2941 1292 varias
2990 1230 3270 1292 Gestorum

52 1350 305 1417 scriptores,
333 1353 583 1414 prieterea
608 1358 726 1396 vero
760 1341 851 1412 qui
877 1355 999 1393 sate.
1022 1354 1113 1393 xw
1136 1338 1241 1391 inc.
1268 1353 1399 1390 nova
1425 1334 1582 1389 Gesta
1684 1330 1887 1400 formas
1939 1329 2299 1383 discernerent
2346 1329 2561 1383 minime
2610 1331 2953 1395 studuerunt;
2988 1347 3047 1385 eo
3095 1339 3271 1384 tamen
3374 1332 3395 1345 ‘

54 1442 135 1493 sive
169 1438 402 1492 historias
450 1435 782 1490 Treverenses
830 1437 1255 1502 composuerunt,
1297 1427 1583 1482 monachus
1685 1421 1967 1489 laudandi,
2006 1421 2147 1484 quod
2197 1435 2263 1475 ea:
2317 1420 2585 1474 codicibus
2628 1422 2908 1477 ditissima:
2944 1422 3273 1477 bibliotheca:

54 1528 603 1585 Eberhardo—Clusanus
652 1524 821 1597 (160),
875 1538 1169 1593 anongmus
1204 1520 1342 1575 alter
1406 1518 1582 1591 (161),
1690 1513 2042 1581 Treverensis,
2084 1530 2116 1568 a
2166 1512 2571 1584 Wyttenbachio
2617 1529 2809 1585 magna
2850 1515 3130 1586 diligentia
3161 1515 3273 1568 col-

51 1622 273 1676 Iohannes
323 1619 468 1674 Enen
536 1616 708 1691 (162),
779 1616 968 1687 quibus
1023 1613 1150 1668 addi
1206 1619 1428 1683 possunt
1470 1607 1586 1679 Ky-
1686 1605 1837 1662 lectis
1865 1615 1915 1661 et
1938 1607 2182 1673 servatis,
2206 1606 2366 1675 plura
2395 1605 2466 1658 ad
2499 1603 2776 1660 Gestorum
2804 1604 2944 1658 locos
2987 1601 3272 1660 illustran—

49 1714 226 1768 riander
248 1712 388 1784 (165)
416 1720 467 1769 et
504 1710 774 1764 Iohannes
811 1707 1017 1762 Linden
1064 1704 1236 1776 (164),
1276 1705 1366 1775 qui
1424 1718 1588 1772 usque
1688 1700 1785 1755 dos
1819 1698 2113 1755 attulerunt
2138 1706 2324 1752 notatu
2345 1697 2531 1769 digna.

50 1806 103 1857 ad
160 1823 205 1859 a.
253 1803 386 1858 1629
446 1803 728 1857 Gestorum
804 1799 1167 1853 narrationem
1240 1794 1589 1850 continuavit.
1625 1793 1669 1853 Β

49 1895 220 1952 Secuto
270 1912 355 1950 xw
404 1894 728 1949 Trithemius
769 1891 1051 1947 Gestorum
1098 1888 1368 1959 exemplar
1400 1896 1589 1941 nactus

49 2004 175 2057 quam
205 1987 427 2057 plurima
468 1986 596 2040 inde
646 1986 704 2040 in
755 1999 916 2055 opera
960 1998 1061 2037 sua
1110 1981 1367 2035 historica
1412 1988 1592 2033 trans-

49 2079 147 2132 tulit
169 2088 313 2149 atque
334 2077 459 2133 libri
499 2078 705 2149 famam
724 2093 818 2148 per
840 2074 1182 2130 Germaniam
1212 2071 1482 2137 dilatavit,
1515 2070 1595 2125 ita

48 2182 91 2225 ut
115 2190 220 2226 mox
244 2173 416 2243 plures
441 2172 507 2227 de
536 2171 711 2241 Gestis
755 2169 970 2226 edendis
1018 2169 1334 2240 cogitarent,
1361 2168 1424 2225 C.
1455 2167 1597 2223 Brue

46 2265 209 2332 sobius,
242 2264 528 2333 Freherus,
563 2264 878 2319 Lambecius
927 2261 1097 2334 (165).
1138 2260 1273 2317 Cum
1326 2277 1475 2316 nemo
1509 2269 1584 2315 ta-

46 2371 138 2408 men
172 2355 260 2408 hoc
277 2364 556 2409 exsecutus
585 2362 719 2409 esset
773 2351 1078 2419 consilium,
1114 2366 1278 2422 neque
1319 2350 1598 2405 Browerus

43 2445 204 2499 librant
231 2457 301 2501 tot
324 2446 455 2501 locis
494 2446 802 2501 adhibitum
832 2461 953 2499 cum
977 2443 1260 2498 lectoribus
1302 2442 1599 2511 communi-

42 2550 211 2609 casset,
257 2543 464 2612 primus
518 2539 821 2594 Dacherius
877 2535 1037 2591 Gesta
1078 2536 1250 2592 edidit
1306 2534 1491 2606 qualia
1543 2535 1601 2588 in

45 2631 193 2686 codice
215 2631 276 2685 δι’
304 2632 502 2686 invenit
527 2630 605 2702 (a.
637 2629 799 2697 1675,
829 2625 1084 2699 Spicileg.
1102 2624 1246 2693 XII,
1271 2643 1324 2696 p.
1363 2624 1487 2692 196,
1513 2624 1598 2680 ed.

1768 1835 1976 1891 Novam
2005 1835 2142 1890 hanc
2171 1833 2453 1890 editionem
2500 1841 2790 1904 paraturus
2830 1831 3029 1903 partim
3054 1830 3122 1885 iis
3151 1845 3280 1884 usus

1692 1944 1807 1983 sum
1854 1944 1973 1991 aute
2017 1927 2117 1982 viri
2157 1921 2476 1985 doctissimi.
2519 1924 2698 1979 debita
2741 1923 2902 1978 laude
2941 1923 3061 1993 jam
3118 1938 3282 1992 supra

1695 2023 1986 2088 nominati,
2036 2037 2102 2075 ea:
2136 2019 2409 2075 codicibus
2449 2018 2870 2088 exscripserunt,
2916 2015 3116 2085 partim
3165 2029 3283 2068 vero

1695 2115 1898 2168 codices
1921 2112 2390 2185 praastantissimos
2422 2110 2529 2180 ipse
2559 2108 2723 2164 evolvi
2753 2116 2804 2162 et
2841 2123 2947 2178 qua
2978 2107 3124 2176 potui
3156 2104 3285 2158 dili-

1696 2208 1872 2278 gentia
1900 2204 2242 2277 pertractavi,
2276 2201 2752 2272 Francofurtenses
2783 2208 2832 2255 et
2848 2197 3284 2269 Guelferbytanos

1701 2297 2068 2365 Hannoverce,
2121 2295 2460 2350 Parisienses
2522 2292 2789 2358 Parisiis,
2857 2288 2899 2343 Τ
2902 2304 3189 2344 ret'erensee
3230 2288 3286 2341 in

1698 2390 1855 2462 hujus
1900 2391 2048 2444 urbis
2090 2387 2427 2453 bibliotheca,
2469 2384 2888 2456 Hamburgenses
2921 2382 3143 2454 denique
3187 2379 3291 2436 Ki-

1698 2480 1807 2536 lite.
1836 2480 1994 2535 Gesta
2016 2479 2392 2551 antiquissima
2415 2478 2588 2548 primo
2620 2475 2734 2530 loco
2767 2475 2948 2539 edidi;
2991 2475 3223 2527 codicem
3258 2474 3283 2527 1

1698 2573 2003 2645 plerumque
2049 2580 2291 2637 secutus,
2337 2570 2427 2641 qui
2479 2567 2664 2622 multis
2717 2566 2850 2621 locis
2906 2565 3052 2621 solus
3113 2580 3291 2623 veram

1700 2665 1975 2721 lectionem
2020 2664 2245 2719 servavit
2287 2661 2650 2732 (166),rariui
2685 2674 2750 2714 ea:
2780 2658 2884 2713 2-6
2933 2657 3290 2713 emendandus

41 2738 147 2776 nova
174 2720 266 2790 II,
313 2739 367 2792 p.
422 2721 583 2792 208).
633 2718 786 2786 Quod
822 2718 1056 2772 nesciens
1091 2715 1389 2771 Leibnitius
1439 2713 1603 2785 paulo

39 2826 130 2884 post
160 2817 323 2887 primo
350 2816 736 2872 Accessionum
775 2814 1157 2868 historicorum
1191 2809 1447 2887 volumini
1490 2817 1606 2863 tea:-

39 2919 128 2962 tum
160 2884 206 2962 -Β
249 2927 313 2965 ea:
366 2911 543 2965 tribus
605 2907 874 2963 codicibus
905 2906 1156 2959 haustum
1209 2884 1433 2957 inseruit
1484 2900 1604 2970 (Li-

39 3002 144 3071 psia:
176 3002 349 3076 1698).
395 3002 535 3057 Tum
568 3018 675 3056 uno
702 3002 810 3071 fere
835 3008 1064 3069 tempore
1103 2995 1377 3051 Eccardus
1424 3003 1599 3048 conti-

39 3093 306 3150 nuationem
358 3112 414 3149 a.
471 3092 795 3149 1152-1259
829 3090 1029 3161 publici
1066 3089 1212 3159 juris
1261 3088 1388 3158 fecit
1416 3085 1601 3158 (Corp.

39 3187 200 3243 histor.
234 3187 321 3251 II.
365 3205 421 3259 p.
454 3184 804 3252 2197-2258,
836 3182 1035 3254 Lipsiw
1080 3180 1263 3252 1725),
1286 3178 1600 3245 'Calmetus,

39 3277 399 3334 Lcibnitianam
450 3279 745 3334 editionem
779 3283 1012 3341 secutus,
1046 3272 1301 3343 majOrem
1322 3270 1446 3325 libri
1478 3285 1607 3340 par-

39 3379 117 3423 tem
173 3373 584 3444 exprimendam
647 3370 888 3436 curavit,
951 3367 1294 3437 codicumque
1359 3364 1607 3418 lectiones

39 3461 203 3532 tliquot
248 3466 455 3519 notavit
518 3461 789 3535 (Histoire
825 3461 893 3517 de
942 3458 1208 3515 Lorraine
1256 3455 1287 3510 Ι
1308 3497 1323 3523 ,
1377 3454 1607 3509 Preuves

39 3569 73 3613 ν.
101 3555 238 3612 1-50.
263 3548 472 3628 'Nancy
499 3555 669 3623 1728,
696 3554 780 3609 ed.
809 3553 864 3607 2.
892 3552 1026 3606 ibid.
1065 3568 1120 3606 a.
1155 3549 1315 3617 1745,
1343 3565 1397 3619 p.
1424 3545 1607 3612 t-Lxﬁ,

39 3646 222 3720 ienique
283 3649 601 3705 Martenius
658 3656 709 3702 et
768 3645 1061 3700 Durandus
1115 3642 1466 3697 recensionem
1510 3638 1609 3705 C.,

39 3739 266 3794 orioribus
314 3740 599 3811 capitibus
647 3736 881 3802 resectis,
913 3734 1004 3789 sed
1029 3729 1520 3787 continuationibus
1539 3757 1612 3766 —

39 3828 146 3886 [155
171 3833 395 3901 additis,
418 3832 782 3888 exhibuerant
820 3826 987 3900 (Vett.
1017 3824 1243 3896 Scriptt.
1274 3831 1330 3879 et
1358 3836 1608 3877 monum.

39 3922 172 3991 Imp].
226 3922 506 3981 Collectio
542 3922 576 3977 1
592 3921 655 3989 γ,
692 3938 742 3993 p.
786 3918 1048 3975 145-452.
1084 3916 1269 3971 Paris.
1309 3914 1491 3985 1729).
1528 3912 1613 3968 Ea:

39 4013 107 4069 hac
122 4017 351 4074 editione
380 4018 699 4089 fragmenta
719 4012 963 4085 quwdam
981 4010 1037 4064 in
1068 4007 1399 4078 Scriptorum
1430 4020 1607 4059 rerum

39 4102 335 4163 Iallicarum
372 4107 752 4164 collectionem
789 4103 1113 4158 transierunt
1152 4099 1413 4169 (Bouquet
1463 4104 1604 4150 cont.

39 4196 122 4267 Π,
149 4220 201 4273 p.
236 4203 386 4271 191;
421 4200 479 4256 Χ
495 4197 674 4265 VIII,
710 4214 765 4268 p.
814 4194 964 4267 670).
1002 4192 1132 4248 Post
1162 4207 1292 4263 quos
1345 4187 1608 4243 Honthei-

1700 2766 1835 2813 erat.
1862 2750 2076 2827 Subjeci
2101 2772 2220 2827 qutc
2240 2754 2284 2808 B
2324 2767 2373 2809 et
2404 2753 2447 2809 C
2515 2752 2857 2818 addiderunt,
2883 2749 3108 2805 lectione
3139 2749 3291 2802 codi-

1704 2857 1823 2907 cu’m
1844 2849 1888 2906 Β
1907 2850 1944 2905 2
1970 2859 2022 2905 et
2056 2848 2144 2904 C1
2180 2847 2370 2920 ubique
2398 2847 2507 2918 fere
2536 2861 2805 2916 expressa.
2840 2843 2972 2909 Qua:
2995 2843 3053 2896 in
3091 2840 3133 2895 Β
3172 2841 3294 2895 inde

1704 2962 1737 2999 a
1762 2943 2031 3014 Popponis
2050 2941 2371 3012 temporibus
2393 2939 2580 2993 addita
2603 2946 2725 2992 sunt
2763 2936 3213 2991 Additamentum
3238 2941 3296 2988 ct

1704 3024 2172 3092 continuationem
2203 3033 2472 3088 nominavi
2505 3047 2668 3102 eaque
2710 3038 2963 3100 tanquam
3008 3028 3297 3083 secundam

1632 3144 1677 3205 α
1710 3127 1987 3184 Gestorum
2028 3136 2235 3199 partem
2275 3125 2452 3192 edidi,
2500 3123 2680 3195 parvis
2719 3122 2959 3176 codicum
2993 3117 3036 3173 B
3064 3120 3135 3174 46
3168 3128 3217 3174 et
3253 3118 3298 3175 C

1707 3221 2070 3277 additionibus
2105 3220 2183 3275 vel
2218 3217 2604 3272 mutationibus
2651 3214 2796 3285 infra
2831 3213 3108 3268 indicatis.
3151 3210 3299 3267 Satis

1706 3315 1917 3370 uberem
1969 3313 2211 3368 lectionis
2265 3312 2577 3366 varietatem
2609 3309 2848 3374 enatavi,
2890 3323 3051 3376 neque
3092 3300 3149 3360 in
3181 3306 3300 3377 ipsa

1710 3412 2021 3465 narratione
2046 3408 2375 3463 illustranda
2413 3422 2605 3477 parcus
2635 3420 2746 3459 esse
2780 3402 2945 3470 volui,
2977 3403 3046 3459 iis
3076 3418 3302 3473 prwser-

1712 3505 1810 3559 tim
1842 3502 2161 3573 temporibus
2183 3501 2372 3572 quibus
2418 3498 2542 3553 libri
2571 3498 2741 3568 fontes
2773 3496 3003 3551 indicari
3035 3494 3113 3550 vel
3157 3493 3301 3548 divi-

1713 3597 1834 3650 nari
1867 3603 2105 3666 possunt.
2151 3593 2388 3663 Denique
2443 3590 2796 3662 Appendicem
2842 3594 3301 3642 monumentorum

1716 3687 2111 3742 Treverensium
2142 3686 2365 3756 subjeci,
2395 3701 2501 3756 qua
2526 3700 2588 3738 ea
2615 3682 2803 3753 collegi
2824 3697 2942 3752 qua:
2981 3678 3060 3734 vel
3086 3678 3156 3732 ad
3183 3677 3304 3748 ipsa

1715 3778 1876 3834 Gesta
1929 3778 2248 3847 explicanda
2315 3775 2392 3831 vel
2459 3775 2529 3829 ad
2595 3775 2877 3829 historiam
2949 3771 3302 3841 antiquiorem

1718 3870 2080 3927 Treverensem
2137 3870 2345 3942 plenius
2410 3867 2827 3938 cognoscendam
2912 3865 3085 3918 ’acere
3158 3860 3302 3916 vide-

1717 3965 1931 4018 bantur.

2805 4089 2870 4146 G.
2903 4090 3118 4146 Wsl'rz.

1528 4364 1759 4423 NOTAE.

39 4510 220 4567 talerio
243 4521 302 4570 et
322 4513 614 4577 Materno,
639 4508 730 4576 111,
760 4508 851 4574 45,
874 4507 941 4563 de
960 4503 1165 4561 Helena
1188 4502 1409 4558 Treveri
1434 4498 1621 4556 oriun-
1648 4499 1697 4559 D

39 4584 93 4649 Ia,
124 4581 212 4650 IV,
241 4585 298 4649 8,
328 4585 403 4640 de
433 4582 749 4637 Maximino
775 4589 828 4634 et
857 4578 1106 4650 Paulino.

39 4641 223 4737 ,(155)
560 4668 617 4723 p.
670 4650 760 4718 56,
791 4651 861 4705 de
889 4649 1023 4704 urbe
1068 4645 1286 4701 condita
1323 4658 1392 4699 ex
1420 4641 1618 4697 Ottonc

39 4725 51 4757 θ
56 4725 239 4797 rising.
263 4735 341 4797 ut
367 4725 623 4797 videtur.

76 4794 94 4864 (
102 4780 223 4863 151")
260 4795 400 4856 Haac
427 4792 720 4850 Methodio
745 4788 1081 4852 tribuuntur,
1116 4784 1183 4840 de
1213 4798 1324 4854 quo
1352 4780 1424 4837 cf.
1451 4795 1618 4850 supra

41 4865 108 4919 οι.
136 4867 300 4923 1078.

77 4936 224 5009 (155)
263 4935 534 5009 ArcbiyL
546 4931 741 5009 V11,_p.
776 4928 899 5009 517.

102 4937 224 5009 155)
263 4936 511 4993 Archiv.
546 4936 665 4999 Vl],
687 4946 741 5001 p.
776 4936 899 4987 517.

74 4936 221 5141 (156)
260 5011 411 5064 Acta
432 5002 564 5088 βε.
595 5002 754 5057 Febr.
783 4999 871 5063 111,
895 5015 947 5069 p.
972 4995 1098 5063 442,
1130 4994 1255 5049 445.

99 5078 225 5141 157)
262 5077 514 5133 Archiv.
554 5071 668 5140 Vl],
698 5088 751 5141 p.
787 5071 911 5126 695.
942 5068 1134 5123 Plures
1159 5064 1255 5121 cod

99 5060 225 5148 157)
261 5060 514 5133 Archiv.
554 5071 668 5140 Vl],
698 5088 751 5142 p.
787 5060 911 5126 695:
942 5060 1134 5123 Plures
1159 5064 1379 5121 codices
1399 5060 1622 5117 Treveri

40 5156 341 5343 ἷιῖἓέἓῖξη.
355 5214 744 5343 es.“st

43 5284 127 5344 ille
157 5284 283 5361 |,'p.
317 5288 418 5354 19,
447 5287 554 5351 21,
584 5284 687 5357 25.

72 5356 703 5442 (159)((1ιρμθηιρςιιιῃ
726 5370 780 5409 v.
818 5352 876 5408 in
917 5351 1080 5408 codd.
1119 5345 1630 5421 Hamburgensibus

39 5427 289 5500 upra’5¢,
331 5427 432 5497 5b,
466 5427 755 5483 indicatis.

39 5496 977 5627 nggﬁqcaosdsgvgpurbibliotheca
1029 5493 1248 5552 Trever.
1302 5488 1404 5547 No.
1466 5486 1625 5544 1550.

39 5570 263 5646 CXVIII)
297 5578 668 5631 asservatur.
702 5632 707 5637 η

750 5253 763 5267 .
815 5207 1200 5266 Leodiensium
1245 5220 1332 5278 ap.
1376 5202 1623 5274 Cbapea-

1797 4493 1921 4559 161)
1959 4488 2143 4546 Codex
2185 4485 2410 4559 Trevcr.
2456 4478 2772 4559 No.__1516.
2804 4475 3113 4559 (XXIX):

1723 4546 1857 4619 Ali—ie
1881 4546 2246 4616 Treverenses
2280 4553 2527 4610 historia:
2562 4552 2761 4606 ibidem
2792 4546 3027 4605 exstant'
3052 4546 3117 4602 N.
3166 4547 3299 4602 1591

1722 4631 2044 4708 (15471.11
2055 4626 2180 4708 557,
2204 4624 2444 4708 11.3592
2469 4620 2898 4708 (1516.71569.

1793 4688 1943 4777 (162)
1981 4700 2058 4777 I_)_e
2087 4688 2246 4777 cuius
2282 4696 2428 4777 libro
2444 4688 2489 4777 Aa‘
2516 4690 3016 4777 Scheckmﬁnnonin
3035 4688 3306 4777 latinum

1719 4760 1880 4831 veiso
1900 4760 1955 4831 e't
1986 4760 2216 4828 Metis's.
2251 4778 2290 4823 t.
2324 4766 2571 4836 Epitome
2595 4760 3014 4836 alias__bledu_ll_a
3031 4760 3309 4814 Gestorum

1731 4844 2119 4901 Trevirensium
2146 4842 2293 4897 edito
2316 4831 2800 4899 v.1!ontheimlll,
2831 4847 2885 4901 p.
2916 4831 3022 4887 989

1826 4916 1948 4976 165)
1988 4911 2281 4968 Hontheim
2308 4910 2347 4964 1.
2367 4908 2442 4974 ,1.,
2468 4922 2521 4976 p.
2554 4908 2678 4976 990.

1826 4916 1926 4970 165
1988 4916 2281 4968 Hontheim
2310 4916 2347 4964 1.
2367 4916 2442 4974 ,1.,
2468 4922 2521 4976 p.
2554 4916 2678 4959 990.

1990 4982 2282 5039 Hontheim
2307 4981 2343 5034 Ι.
2372 4978 2434 5045 1.,
2461 4993 2515 5047 p.
2548 4974 2673 5031 991.
2699 4971 3061 5046 Wyttenbach
3088 4969 3132 5038 1,
3168 4969 3309 5041 prol.

1828 5127 1953 5198 165)
1992 5124 2059 5198 Χ.
2091 5121 2349 5198 Leibnitii
2378 5118 2735 5198 Accessiones
2749 5113 2811 5198 ¹1,
2839 5111 2995 5197 praef.

1832 5181 1955 5270 166)
1994 5195 2110 5253 Hoc
2146 5194 2395 5265 pluribus
2422 5209 2485 5270 _c.
2525 5189 2592 5270 A9,
2629 5188 2716 5253 10,
2749 5181 2885 5270 locis
2927 5199 3054 5238 cum
3096 5181 3315 5270 (lassare

1733 5252 1950 5328 col‘latis'
1974 5275 2123 5339 patet
2135 5252 2164 5333 ς’
2187 5280 2349 5339 eugr.
2373 5303 2389 5327 ,
2414 5261 2780 5339 hortatusque,
2816 5256 2974 5339 longe
2994 5271 3121 5339 a,_a
3158 5252 3317 5339 Seno-

1735 5280 1948 5328 collatis
1974 5280 2150 5339 patet;
2187 5280 2237 5320 e.
2304 5280 2349 5317 r.
2373 5303 2389 5327 ,
2414 5280 2780 5329 hortatusque,
2816 5280 2904 5309 wn
2941 5280 2968 5309 ε
2994 5280 3056 5320 u,
3088 5280 3121 5307 α
3158 5280 3311 5308 acuu-

1735 5342 1888 5397 nibus
1948 5349 1997 5394 et
2038 5280 2395 5400 Carnotigus,
2450 5330 2655 5397 Quibus
2702 5358 2773 5367 -—
2823 5280 3152 5400 habitabamus!
3207 5336 3311 5377 etc.

1735 5395 1904 5468 Codd.
1939 5411 1976 5464 2
1997 5439 2069 5449 -
2097 5407 2130 5462 6
2158 5395 2431 5475 semper'a
2463 5395 2681 5459 Cmsare
2704 5397 2988 5475 recedunt,
3010 5397 3071 5475 B_.
3096 5395 3160 5475 C_.
3184 5408 3317 5475 vero

1738 5466 2129 5550 nonnunquam
2197 5466 2322 5550 cuin
2359 5476 2507 5550 _ip_s_o
2554 5471 2930 5550 con\'eniun_t,_
2962 5468 3093 5550 quia
3141 5466 3318 5538 ipsius

1738 5556 1937 5611 librum
1965 5538 2177 5623 primus
2199 5538 2421 5605 codicis'
2437 5545 2494 5599 Β.
2529 5545 2764 5615 scriptor
2786 5538 3116 5597 adhibuerit.

1729 5075 1784 5130 ρ.
