3838 6296
567 231 706 292 1179

1493 217 1715 276 GESTA
1754 210 2257 272 TREVERORUM.
2291 238 2364 252 αα-
2394 206 2903 269 ΟΟΝΤΙΝΠΑΤΙΟ.’

3610 223 3697 285 lli.

561 360 618 409 et
644 347 894 406 Iaeticiam
915 336 1009 380 ’³⁸⁸
1031 339 1298 400 universae
1326 334 1562 394 civitatis
1589 334 1903 391 cathedram
1931 332 2129 403 episco

2246 329 2484 400 episcopo
2497 329 2758 401 Popponi,
2775 334 2974 386 sanctie
2997 325 3277 388 Treberim
3286 332 3410 390 sedis
3418 336 3699 416 archinon

561 446 739 516 palem
753 440 992 512 suscepit
1015 441 1122 507 (an.
1142 433 1323 504 1015),
1347 447 1492 499 vere,
1520 430 1763 500 inquam,
1784 429 1839 482 in
1865 427 2145 499 gaudium,
2248 425 2822 492 venerabili,azternam
2839 424 2895 477 in
2918 422 3142 477 Domino
3167 425 3432 481 salutemet
3455 435 3697 499 apostolica

561 539 691 609 quia
715 547 775 593 ut
805 537 858 590 in
883 535 1062 605 ipsum
1087 527 1358 587 scolastici
1387 524 1675 596 cujusdam
1703 521 1886 578 verbis
1911 529 2074 574 utar:

667 629 879 684 Almum
905 635 1128 680 tutorem
1143 631 1317 678 secum
1345 620 1466 675 tulit
1489 618 1590 672 huc
1610 616 1949 688 Symeonem;

558 721 704 777 unde
726 721 781 774 in
805 717 1158 788 sequentibus
1180 715 1414 788 plenius,
1434 713 1545 768 Deo
1565 710 1850 782 largiente,
1875 706 2140 764 tractabo.

556 813 801 868 Primum
864 818 1048 866 autem
1102 809 1302 880 quibus
1352 804 1690 878 parentibus,
1745 801 1947 873 quibus
1977 799 2144 854 etiam

555 902 801 975 partibus
827 902 1068 958 extiterit
1097 897 1385 965 oriundus,
1408 903 1676 968 quantum
1704 894 1772 949 ad
1794 907 1974 948 meam
2000 888 2146 963 noti-
2192 966 2194 969 .

553 998 695 1053 ciam
746 997 1027 1068 seniorum
1070 993 1335 1050 relatione
1379 987 1618 1056 devenit,
1666 984 1870 1042 referre
1913 983 2138 1040 curabo.

551 1089 701 1146 Patri
724 1091 844 1160 ejus
867 1088 1130 1160 Luopaldi
1159 1087 1254 1119 ³⁸³⁷
1278 1098 1479 1140 nomen
1498 1090 1636 1148 erat,
1660 1079 1756 1152 qui
1775 1077 2018 1151 regionis
2029 1078 2145 1131 Au-

553 1183 702 1238 strize
736 1198 977 1238 marcum
1018 1178 1256 1246 tenebat,
1298 1185 1474 1233 mater
1521 1182 1704 1230 autem
1739 1171 1859 1243 ejus
1905 1170 2142 1227 Richeza

549 1275 837 1346 cujusdam
871 1275 1028 1331 ducis
1064 1271 1370 1331 Germaniae
1397 1268 1641 1324 Francia
1675 1265 1824 1340 (457)
1861 1264 1971 1320 tilia
2016 1263 2140 1331 fuit,

549 1365 646 1422 sed
672 1375 726 1423 et
742 1367 909 1423 frater
923 1369 1042 1438 ejus
1055 1367 1226 1438 patris
1247 1364 1561 1435 aequivocus
1583 1360 1752 1433 (458),
1777 1367 1929 1430 patre
1949 1371 2141 1413 eorum

548 1458 825 1529 defuncto,
856 1461 1082 1516 eandem
1112 1474 1354 1515 marcam
1381 1465 1642 1513 strennue
1668 1454 2027 1526 gubernabat.
2053 1450 2142 1507 Hii

479 1568 484 1574 ’
547 1551 733 1624 itaque
764 1555 936 1608 lilium
966 1570 1148 1620 suum,
1181 1551 1499 1623 Popponem
1526 1550 1622 1583 ’⁸⁸⁸
1653 1550 1794 1617 dico,
1831 1557 1990 1604 aetate
2011 1561 2140 1619 pro-

545 1646 819 1702 ﬁcientem
850 1647 1140 1717 disciplina
1168 1645 1388 1701 litterali
1416 1643 1775 1700 erudiendum
1806 1643 1861 1698 in
1895 1641 2140 1713 Regene-

2250 518 2676 574 benedictionem.
2707 516 3027 588 Apostolicw
3043 515 3387 574 sollicitudini
3403 527 3591 579 convenit
3610 528 3698 584 im“-

2246 629 2406 684 gnum
2437 629 2561 684 erga
2587 613 2781 682 fratres
2807 626 3009 681 semper
3042 610 3252 681 prebere
3279 612 3498 682 aﬁ'ectum
3513 632 3698 690 eorum

2244 703 2591 774 peticionibus
2635 719 2752 774 quae
2788 711 2921 756 ratae
2961 701 3397 774 rationabilesque
3427 722 3518 761 esse
3540 709 3698 764 videntur

2244 797 2578 852 commodare
2603 813 2875 852 assensum
2900 795 3016 850 ηδ’.
3038 795 3563 863 Proinde,dulcissitne
3581 803 3697 871 (rata,

2244 892 2371 963 quia
2393 891 2678 962 postulasti
2703 910 2736 947 a
2762 909 2842 948 me
2869 893 2949 947 uti
2969 890 3143 964 juxta]
3164 910 3355 948 morem
3377 898 3698 965 predecessor“

2243 991 2455 1038 tuorum
2499 1001 2654 1039 usum
2687 985 2785 1040 tibi
2828 983 2982 1056 pallii
3020 985 3427 1056 concederemus,
3445 987 3700 1046 liberatarum

2242 1083 2332 1130 tuo
2362 1077 2668 1145 annuimus,
2711 1077 2957 1133 sollerter
2979 1086 3130 1133 tuam
3159 1089 3510 1136 commonentes
3530 1083 3699 1151 fraterni-

2242 1175 2426 1238 tatem,
2448 1176 2509 1222 ut
2529 1170 2808 1224 exterioris
2830 1170 3128 1226 indumenti
3155 1171 3390 1226 habitum
3408 1189 3571 1228 moram
3584 1176 3698 1245 proli-

2241 1267 2350 1315 tate
2381 1278 2622 1332 exornes,
2651 1261 2913 1335 talemque
2934 1272 2982 1319 te
3003 1265 3099 1297 "5°
3127 1265 3188 1320 in
3209 1265 3437 1321 omnibus
3457 1268 3646 1334 exhibeas,
3662 1279 3698 1323 st

2240 1353 2456 1410 credita:
2487 1356 2900 1427 dispensationis
2931 1358 3159 1428 oﬁicium
3183 1358 3434 1429 pastorali
3459 1376 3700 1430 carasenper

2239 1446 2618 1502 administrare
2648 1448 2885 1504 studeas.
2927 1447 3072 1504 Tunc
3105 1450 3251 1504 enim
3276 1449 3426 1506 veluti
3449 1451 3604 1506 lucerna
3625 1469 3698 1522 qu

2239 1542 2298 1596 in
2327 1542 2482 1598 domo
2507 1543 2708 1600 domini
2739 1545 2877 1600 lucet
2907 1547 3135 1614 cunctis,
3174 1544 3440 1617 apparebis
3475 1549 3693 1618 conpita”,

2241 1635 2289 1690 si
2317 1637 2398 1691 uti
2417 1633 2669 1693 exteriori
2699 1638 2903 1707 habitu,
2933 1640 3013 1694 ita
3051 1649 3102 1695 et
3133 1640 3376 1695 interiori
3402 1639 3531 1710 fueris
3547 1642 3695 1694 adorna-

547 1737 712 1794 sburc
751 1738 845 1770 "'9
881 1716 1100 1793 civitate
1137 1737 1270 1792 viris
1304 1736 1639 1792 doctioribus
1670 1734 2030 1802 tradiderunt,
2083 1739 2140 1790 et
2166 1716 2214 1778 Β
2242 1739 2348 1800 tus,
2382 1749 2587 1789 crucem
2615 1733 2838 1801 Christi,
2873 1750 3033 1806 quam
3069 1734 3170 1789 sub
3209 1734 3359 1806 pallii
3385 1734 3522 1804 specie
3535 1735 3699 1805 gestuin

545 1836 673 1898 post
707 1828 764 1882 in
790 1845 1054 1900 processu
1084 1829 1344 1900 temporis
1387 1829 1624 1886 sciencia
1663 1827 1970 1886 litterarum
2001 1827 2137 1884 satis
2243 1843 2481 1900 corpore,
2522 1829 2666 1883 intus
2704 1828 2990 1884 decreveris
3037 1836 3277 1900 portare,
3304 1830 3359 1883 in
3394 1828 3696 1883 mentem

546 1919 818 1976 imbutum
849 1931 903 1978 et
927 1923 984 1977 in
1012 1923 1169 1978 virile
1188 1923 1302 1993 jam
1333 1923 1502 1979 robur
1530 1923 1776 1978 adultum
1806 1920 2022 1976 noticiae
2044 1935 2141 1975 su-

543 2012 774 2082 pradicti
799 2013 943 2087 regis
965 2015 1351 2070 exhibuerunt.
1380 2013 1482 2069 Cui
1513 2014 1568 2068 in
1586 2013 1737 2068 brevi
1766 2021 1877 2067 tam
1909 2011 2139 2067 dilectus

543 2100 725 2160 factus
747 2112 972 2176 tamque
995 2105 1226 2161 idoneus
1251 2104 1408 2160 visus
1443 2113 1546 2171 est,
1575 2113 1654 2170 ut,
1683 2103 1827 2158 sicut
1861 2101 1995 2169 dixi,
2021 2100 2136 2156 Me-

543 2193 818 2266 gingaudo
847 2195 1106 2266 episcopo
1138 2194 1442 2251 Trevericas
1489 2194 1807 2265 metropolis
1851 2193 1919 2248 de
1957 2189 2138 2246 medio

541 2281 723 2353 facto,
755 2302 852 2342 rex
886 2287 1004 2357 ipse
1048 2287 1330 2344 Treberim
1377 2287 1634 2344 festinato
1673 2285 1986 2354 veneritl—
2021 2290 2139 2340 erat

542 2377 689 2432 enim
737 2377 794 2433 in
843 2378 1186 2436 Conﬂuentia
1230 2381 1566 2452 positus—,
1593 2385 1649 2434 et
1694 2380 1982 2449 impetrato
2021 2385 2136 2432 tam

543 2471 676 2528 cleri
697 2487 864 2543 quam
893 2473 1080 2544 populi
1111 2489 1403 2541 consensu,
1431 2472 1609 2545 ipsum
1631 2470 1927 2543 pontiﬁcali
1951 2472 2136 2526 cathe-

542 2566 641 2622 dra
663 2567 1060 2623 sublimaverit.
1090 2565 1329 2623 Proinde
1369 2567 1570 2622 ibidem
1607 2566 1675 2621 ab
1700 2565 2008 2636 episc0pis,
2039 2563 2137 2634 qui

541 2674 708 2716 causa
741 2660 886 2732 regis
915 2661 1267 2728 advenerant,
1287 2668 1642 2717 consecratus
1669 2669 1752 2716 est
1775 2660 1878 2716 sub
1899 2658 1990 2714 die
2012 2657 2132 2712 Kal.

540 2748 793 2820 Januar.,
817 2768 964 2808 anno
992 2751 1291 2809 Dominicae
1312 2753 1707 2809 incarnationis
1737 2751 1895 2807 1016.
1929 2751 2136 2808 Conse-

541 2850 818 2898 cratorum
846 2853 1029 2899 autem
1053 2845 1174 2915 ejus
1201 2845 1297 2878 'm
1321 2862 1463 2902 unus
1485 2854 1604 2902 erat
1634 2844 1956 2901 Theodorus
1983 2843 2132 2918 (459)

540 2933 814 2988 secundus
864 2932 1121 2990 Metcnsis
1175 2935 1484 3007 episcopus.
1543 2935 1748 2991 Deinde
1789 2936 1980 2991 diebus
2023 2951 2133 2991 non

539 3027 728 3083 multis
765 3028 1134 3100 interpositis,
1170 3029 1400 3086 Romam
1435 3032 1710 3088 oracionis
1744 3047 1911 3102 causa
1953 3030 2135 3102 profe-

449 3161 459 3168 .
539 3126 663 3176 ctus
691 3129 796 3188 est,
833 3130 885 3178 ct
915 3131 978 3178 ut
1006 3123 1151 3194 quod
1183 3134 1375 3181 sancta
1414 3124 1663 3182 Romana
1695 3134 1868 3181 mater
1903 3125 2134 3181 ecclesia

538 3211 666 3269 ﬁliae
704 3229 836 3282 suae,
869 3214 1193 3274 Treberensi
1221 3218 1473 3274 videlicet
1513 3219 1777 3286 ecclesiae,
1818 3234 1886 3274 ex
1916 3219 2135 3276 institu-

540 3305 700 3360 cione
721 3317 1034 3364 sanctorum
1058 3312 1484 3380 apostolicorum
1507 3312 1731 3368 honoris
1753 3319 1807 3366 et
1831 3313 2018 3384 gratiae
2039 3312 2134 3368 de-

537 3399 752 3457 buisset
795 3401 1126 3473 impendere,
1185 3404 1303 3460 ﬁeri
1334 3406 1437 3476 sibi
1481 3407 1780 3476 postularet
1807 3406 1919 3461 ’⁵⁸ί.
1959 3405 2132 3474 Quem

538 3491 777 3550 domnus
797 3493 1122 3552 Benedictus
1150 3495 1244 3529 "“
1267 3495 1383 3551 VIII
1413 3499 1799 3556 sacratissima
1823 3500 2133 3570 apostolicae

541 3578 658 3642 sedi
687 3588 1012 3657 praesidens,
1055 3605 1254 3662 magno
1290 3606 1417 3646 cum
1468 3592 1676 3648 honore
1714 3593 1974 3663 suscepit,
2008 3607 2130 3650 mo-

540 3693 770 3750 ramque
792 3679 869 3736 ibi
892 3679 1110 3738 facienti
1133 3699 1353 3739 omnem
1385 3683 1478 3717 ²⁸⁸³
1512 3685 1873 3742 reverentiam
1903 3695 1958 3743 et
1990 3687 2129 3742 dile-

540 3771 780 3828 ctionem
814 3773 1087 3844 exhibuit,
1129 3776 1204 3832 ita
1247 3786 1307 3834 ut
1327 3775 1423 3812 ’⁵⁸⁸
1448 3794 1549 3850 pro
1582 3794 1648 3835 eo
1685 3780 1884 3837 missas
1927 3779 2130 3838 faceret

539 3872 742 3921 etcum
773 3867 894 3939 ipso
909 3870 1108 3941 sapius
1133 3871 1314 3929 cibum
1337 3881 1578 3944 caperet,
1599 3875 1981 3946 volentemque
2002 3875 2128 3931 inde

539 3963 930 4036 transmigrare
959 3981 1304 4038 summOpere
1338 3967 1405 4024 de
1437 3968 1556 4040 ejus
1592 3985 1714 4040 quae
1748 3968 1802 4023 in
1835 3967 2008 4026 Deum
2044 3975 2129 4023 est

537 4051 664 4111 ﬁdei
687 4059 1113 4116 conservacione
1137 4059 1253 4129 ‘m,
1275 4068 1330 4117 et
1355 4061 1422 4117 de
1441 4061 1787 4117 subditorum
1814 4061 1917 4118 sibi
1939 4060 2126 4116 erudi-

539 4146 687 4203 tione
710 4157 873 4221 atque
905 4151 972 4207 de
1006 4153 1350 4223 peccantium
1381 4169 1490 4209 non
1534 4152 1745 4210 furiosa
1779 4155 1874 4211 sed
1899 4161 2127 4226 paterna

538 4237 916 4311 castigatione,
948 4243 1043 4299 sed
1063 4252 1118 4300 et
1149 4245 1216 4301 de
1248 4244 1523 4302 mundicia
1553 4247 1750 4302 animm
1791 4255 1846 4302 et
1881 4247 2127 4317 corporis

537 4330 786 4390 sollerter
797 4334 1153 4404 admonebat;
1176 4344 1232 4393 et
1252 4337 1346 4370 ³⁸⁸⁸
1374 4344 1435 4392 ut
1458 4337 1575 4408 ipsa
1606 4336 1826 4393 basem"
1847 4336 1966 4409 ejus
1987 4352 2126 4408 prae-

2161 3097 2207 3162 C

2241 1935 2361 1974 cum
2386 1919 2640 1990 Apostolo
2671 1935 2690 1974 :
2723 1939 2742 1972 ι
2781 1920 2916 1975 Mihi
2946 1921 3182 1977 mundus
3207 1921 3473 1990 cruciﬁxus
3493 1927 3568 1986 est,
3586 1929 3620 1973 et
3645 1936 3696 1989 ego

2239 2012 2435 2066 mundo
2485 2012 2629 2084 (Gal.
2666 2029 2741 2081 v1,
2773 2012 2884 2084 14),
2929 2031 2948 2065 ι
2993 2013 3360 2069 desideranter
3401 2029 3562 2084 quoque
3584 2020 3620 2065 et
3639 2012 3696 2062 αό-

2238 2104 2366 2160 dens
2400 2103 2494 2137 ⁸⁸⁸³
2527 2105 2667 2160 illud
2706 2105 2972 2177 praphette
2998 2121 3017 2159 :
3052 2124 3073 2158 ι
3115 2104 3332 2177 Conﬁgc
3361 2105 3501 2160 clavis
3525 2105 3593 2136 ³³³³
3619 2121 3640 2156 a
3660 2104 3697 2155 ti-

2238 2214 2382 2253 more
2409 2205 2498 2254 tuo
2519 2214 2703 2254 carnes
2733 2215 2875 2253 meas
2899 2197 3076 2270 (Psal.
3106 2213 3300 2268 cxvm,
3331 2197 3431 2269 20).
3459 2216 3476 2249 ι
3498 2194 3696 2264 Debiuigi-

2239 2295 2328 2344 tur
2349 2288 2579 2345 karitate
2603 2299 2652 2345 te
2675 2290 3034 2356 admonentes,
3059 2288 3128 2343 ab
3156 2289 3434 2360 apostolica
3452 2288 3546 2342 sede
3561 2286 3696 2356 pallia

2237 2382 2336 2438 tibi
2367 2383 2802 2452 transmittimus,
2823 2382 2980 2452 hujus
3017 2381 3292 2453 privilegii
3312 2379 3464 2437 nostri
3486 2378 3694 2434 auctoritate

2237 2481 2551 2542 statuentes,
2576 2482 2636 2528 ut
2659 2475 2714 2528 in
2751 2472 3112 2528 celebracione
3142 2472 3418 2526 missarum
3453 2470 3519 2524 his
3551 2476 3696 2522 tastin-

2239 2567 2395 2622 modo
2416 2566 2898 2638 sollempnitatibus
2925 2582 2984 2621 eo
3010 2564 3310 2620 adornatus
3324 2562 3524 2628 incedas,
3545 2559 3694 2616 videlicet

2235 2662 2295 2718 in
2318 2660 2518 2716 Natale
2539 2661 2778 2728 Domini,
2802 2662 2860 2716 in
2883 2658 3194 2731 Epiphania
3211 2656 3434 2724 Domini,
3454 2655 3500 2708 in
3514 2650 3695 2711 Cauno-

2238 2752 2391 2821 mini,
2415 2753 2470 2808 in
2494 2751 2705 2807 Pascha
2728 2759 2781 2806 et
2813 2750 2909 2784 ²⁸⁸³
2937 2749 3312 2818 Pentecosten,
3344 2754 3391 2804 et
3420 2745 3555 2800 “"is
3568 2743 3694 2798 Ascen-

2237 2860 2383 2915 sione
2409 2858 2625 2914 Domini
2648 2869 2698 2915 et
2731 2860 2790 2914 in
2821 2857 3205 2930 festivitatibus
3227 2863 3416 2913 sancta
3430 2854 3510 2909 Dei
3525 2847 3693 2924 genitricis

2235 2961 2286 3009 et
2315 2961 2577 3025 perpetua:
2593 2953 2812 3025 virginis
2837 2951 3048 3020 Mariae,
3072 2959 3129 3006 et
3149 2952 3208 3006 in
3231 2948 3500 3005 Nativitate
3517 2940 3693 2997 “sancti

2235 3044 2496 3100 Johannis
2512 3045 2777 3116 baptistaz,
2800 3053 2850 3100 et
2870 3045 2926 3099 in
2942 3043 3418 3115 sollempnitatibus
3435 3039 3610 3096 emititur
3621 3049 3694 3102 ῳ-

2237 3137 2515 3206 stolorum,
2531 3146 2582 3193 et
2595 3155 2653 3194 in
2677 3137 3072 3209 sollempnitate
3093 3137 3194 3169 ’⁵⁸⁸
3211 3136 3448 3193 Omnium
3467 3130 3691 3188 Sanctorum.

2237 3232 2296 3286 in
2317 3232 2468 3303 festis
2489 3248 2690 3304 quoque
2713 3231 2934 3287 illorum
2954 3239 3269 3287 sanctorum
3287 3243 3486 3302 quorum
3513 3228 3691 3293 carpam!

2237 3322 2474 3395 reliquiae
2494 3324 2551 3379 in
2575 3333 2666 3379 tuo
2700 3325 3007 3396 episcopatu
3035 3323 3320 3390 habentur,
3340 3329 3388 3378 et
3409 3321 3459 3375 in
3477 3315 3692 3373 dedication

2238 3426 2345 3474 tua:
2363 3417 2616 3482 ecclesiae,
2637 3425 2700 3473 'et
2729 3419 2787 3473 in
2807 3417 3112 3497 die‘annuaz
3139 3416 3480 3474 ordinacionis
3503 3422 3594 3476 tua,
3619 3418 3650 3460 ιι
3666 3406 3691 3458 εἰ

2233 3512 2443 3584 quando
2485 3528 2665 3567 sacros
2687 3513 2897 3568 ordines
2929 3519 3285 3584 competenter
3309 3512 3462 3584 facere
3490 3502 3690 3562 deerrans.

2235 3603 2582 3660 Concedimus
2634 3604 2798 3660 etiam
2839 3604 2935 3660 tibi
2983 3605 3103 3674 ἠν,
3148 3604 3419 3659 karissime
3463 3600 3543 3671 ﬁli,
3578 3595 3689 3668 [lim-

2235 3698 2369 3751 tiam
2401 3695 2519 3768 m‘1‘]
2549 3712 2756 3751 crucem
2800 3704 2923 3751 ante
2969 3703 3020 3751 te
3046 3695 3290 3767 gestandi
3322 3693 3426 3746 ”".
3465 3687 3690 3756 οπιπὶροιιιί

2231 3788 2492 3844 Dominus
2543 3788 2934 3859 fraternitatem
2968 3796 3138 3856 tuam,
3179 3787 3466 3843 dulcissime
3489 3783 3620 3853 frater,
3643 3775 3688 3824 ιὶε

2230 3888 2281 3937 et
2314 3881 2371 3935 in
2405 3882 2586 3953 futuro
2616 3882 2907 3950 custodiat,
2945 3882 3125 3953 sicque
3157 3887 3351 3936 mentes
3381 3871 3606 3932 nostratis
3623 3882 3689 3921 εσο

2229 3971 2356 4026 vitio
2381 3989 2475 4027 suo
2504 3972 2824 4042 corroboret,
2861 3979 2920 4027 ut
2949 3988 3045 4044 pro
3078 3972 3208 4028 bene
3231 3971 3570 4027 administrata
3583 3969 3689 4032 pisto-

2230 4064 2361 4120 ralis
2393 4081 2535 4122 cura:
2559 4066 2726 4136 ofﬁcio
2768 4066 2827 4120 in
2871 4075 3070 4122 (eterna
3099 4065 3414 4121 beatitudine
3437 4061 3608 4118 labora!
3633 4067 3688 4104 ηο-

2228 4164 2400 4213 strum
2429 4165 2740 4214 remaneret.
2765 4157 2908 4214 Bene
2938 4158 3108 4214 valete
3138 4159 3255 4214 "5°.
3281 4154 3460 4213 Data6
3483 4143 3688 4214 ldusApri-

2228 4247 2296 4301 lis
2321 4249 2535 4316 mensis,
2575 4265 2668 4319 per
2696 4265 2886 4303 manus
2930 4247 3208 4304 Benedicti
3243 4245 3454 4319 episcopi
3489 4235 3688 4312 apostoliat'

2227 4340 2367 4396 sedis
2391 4341 2573 4413 legati,
2616 4358 2755 4396 anno
2786 4340 3032 4396 Heinrici
3071 4339 3400 4396 invictissimi
3436 4335 3543 4408 regis
3568 4330 3685 4384 Rm-

538 4435 694 4496 cepta
711 4429 989 4486 memoriae
1009 4429 1184 4501 ipsius
1208 4446 1320 4488 non
1339 4431 1671 4498 exciderent,
1696 4431 1845 4488 dedit
1870 4446 2128 4504 cyrogra-

2237 4450 2418 4489 norum
2465 4435 2553 4503 14,
2589 4435 2801 4506 imperii
2840 4435 2933 4468 ’Μ
2974 4450 3094 4490 vero
3123 4436 3220 4470 ²⁵⁰²
3253 4433 3360 4504 ejus
3395 4432 3460 4498 5°,
3500 4421 3686 4481 indidit“

538 4517 709 4588 phum
739 4520 887 4579 hunc
931 4522 1220 4580 habentem
1252 4525 1475 4582 modum
1509 4544 1521 4580 :
1553 4524 1871 4580 Benedictus
1897 4523 1994 4557 ’⁵⁸⁸
2017 4526 2129 4597 epi—

2239 4527 2307 4582 u
2333 4527 2444 4599 (an.
2471 4528 2654 4599 1016).

537 4625 748 4686 scapus,
771 4631 949 4672 servus
994 4633 1263 4674 servorum
1301 4617 1422 4686 Dei,
1447 4618 1751 4674 beatissimo
1793 4618 2054 4690 confratri
2083 4625 2134 4673 et

2313 4619 2368 4674 2.
2406 4619 2500 4653 ’⁸⁸³
2515 4619 2646 4678 Inde
2665 4634 2796 4678 vero
2816 4620 2976 4679 annis
2998 4620 3209 4694 aliquot
3223 4623 3498 4680 transactis,
3516 4622 3604 4666 cum
3620 4608 3685 4658 53“

1831 4708 2066 4766 VARUE
2101 4707 2512 4768 LECTIONES.

609 4801 705 4837 'm
730 4801 782 4860 ci
807 4817 903 4875 pro
943 4803 986 4860 ti
1027 4800 1171 4876 exB
1194 4801 1250 4860 2.
1286 4801 1592 4876 plerumque
1622 4802 1836 4876 retinui.

541 4890 760 4946 semper.
787 4874 1051 4947 poponcm
1078 4874 1140 4931 C.
1239 4874 1332 4911 ³⁵³³
1359 4893 1403 4932 Γ(

541 4945 632 4977 ³⁸³¹
662 4948 994 5016 postulasset
1013 4947 1120 5002 Β1.
1223 4948 1320 4980 ⁸³⁸⁸
1349 4948 1403 5002 1).

541 5015 714 5090 2ξείρξ
743 5028 802 5090 ut
820 5050 893 5090 έ-
917 5019 1159 5090 modum
1192 5027 1403 5090 totaque

1477 4962 1578 5017 apa
1613 4946 1720 5001 BI.

1939 4803 2034 4838 sm
2063 4782 2290 4875 liupaldi
2317 4803 2359 4859 Β
2381 4805 2435 4862 2.
2476 4784 2703 4876 liupaldi
2727 4803 2770 4862 c
2808 4806 2860 4862 l.
2886 4804 2940 4862 δ.
2965 4804 3021 4861 4.

1239 4873 1332 4911 ιω»
1359 4873 1762 4947 regenesburch
1792 4873 1897 4928 B2.
1931 4873 2270 4947 genesburch
2292 4885 2410 4948 post
2432 4873 2572 4933 corr;
2607 4895 2702 4982 req

1239 4948 1320 4980 ιω
1349 4948 1403 5002 1),
1437 4962 1578 5005 pana
1613 4946 1720 5001 Β1.
1821 4945 1915 4977 ’⁵⁸³
1945 4961 2274 5005 omnemque
2321 4947 2427 5004 C5.
2475 4950 2531 5005 4.
2609 4950 2677 4992 ’³⁸

1984 4963 2274 5005 mnemaue
2321 4963 2427 5004 UO.
2475 4963 2531 5005 4.

1481 4964 1578 5017 apa
1613 4964 1720 5001 D1.
1822 4964 1915 4977 ’νη
1945 4964 2274 5019 omnemque
2321 4964 2427 5004 uo.
2475 4964 2507 5005 4

1481 5018 1706 5073 enedicti
1733 5017 2044 5072 constitutio
2085 5019 2274 5074 desunt
2301 5018 2343 5074 C
2369 5019 2422 5075 5.
2454 5021 2507 5076 4.

542 5085 734 5142 XXIII.
767 5088 872 5144 Cl.
903 5089 956 5145 6.
1018 5089 1263 5144 "‘9deest
1287 5080 1328 5143 Β
1348 5091 1396 5144 1.
1422 5089 1672 5144 vocabulo
1688 5088 1940 5143 videntur
1963 5091 2155 5144 iterum
2179 5091 2378 5194 scripto
2400 5092 2493 5146 sed
2506 5091 2698 5148 deleto.
2776 5091 2870 5123 "'°
2892 5090 3034 5144 deest
3053 5087 3159 5145 Β1.
3187 5091 3242 5144 in
3265 5103 3314 5144 ο.
3339 5080 3493 5140 teC6-

542 5158 678 5194 (Ian
705 5166 756 5194 os
779 5157 863 5194 no
915 5161 987 5194 πε)
1015 5161 1078 5194 19
1145 5163 1238 5194 assa
1271 5178 1300 5194 ι.
1357 5177 1383 5194 η
1435 5162 1620 5194 ιιορηηο
1660 5159 1735 5194 tu
1805 5160 1982 5194 nlovnn
2021 5160 2106 5194 RR
2211 5161 2280 5194 su
2328 5161 2386 5194 ιη
2425 5161 2466 5194 n
2522 5163 2545 5194 ι
2611 5164 2641 5194 κ
2690 5161 2772 5194 ns
2875 5161 2971 5194 uss
2995 5161 3135 5194 ΑΜ...
3167 5159 3253 5194 tu
3299 5159 3328 5194 ιιι
3412 5150 3488 5185 Im

541 5158 680 5214 deus
705 5166 760 5212 et
779 5157 882 5214 B2.
915 5161 987 5215 5?
1009 5161 1078 5218 4?
1145 5163 1238 5195 ²⁸³²
1270 5178 1320 5218 c.
1355 5177 1405 5217 a.
1433 5162 1620 5214 desunt
1659 5159 1764 5214 BI.
1805 5160 1985 5216 claves
2018 5160 2125 5216 BS.
2160 5196 2165 5205 ι
2211 5161 2280 5195 ³⁸⁵

540 5227 654 5284 B2.
683 5230 861 5285 natale
893 5230 934 5286 C
954 5233 1005 5287 1.
1079 5232 1172 5265 ’⁵⁵⁸
1196 5232 1637 5290 solemnitatibus
1668 5228 1774 5286 C6.
1851 5231 1943 5264 ³⁸⁵⁷
1983 5240 2022 5287 t.
2058 5247 2107 5288 e.
2141 5232 2248 5288 B2.

540 5300 628 5359 Vel
652 5301 899 5374 (gesta)ri
928 5302 968 5358 C
988 5304 1038 5358 1.
1119 5304 1214 5338 ’⁸⁸⁸
1239 5305 1355 5360 vale
1383 5303 1446 5360 C.
1526 5303 1617 5338 ²⁵⁶¹
1644 5302 1876 5380 imperio
1904 5301 2012 5358 ΒΞ.
2043 5304 2096 5358 4.
2124 5303 2178 5359 5.
2257 5304 2352 5339 ’⁸⁸³
2379 5305 2524 5360 deest
2547 5305 2654 5360 Β1.
2733 5304 2830 5337 ³⁸⁸³
2859 5319 2906 5358 c.
2939 5301 3003 5358 L.
3035 5299 3219 5358 Leibn.

3418 4811 3517 4854 nem
3542 4790 3573 4846 Β
3598 4787 3632 4842 ι.
3650 4783 3680 4837 5ο

3123 4804 3228 4932 tu;
3252 4804 3679 4932 “miihi:

2704 4877 3012 4934 enesburch
3031 4874 3073 4933 C
3091 4877 3142 4932 1.
3175 4877 3228 4932 5.
3325 4874 3408 4907 ’⁸³⁸³
3432 4874 3512 4948 den

2726 4923 3012 5004 nam}?
3037 4923 3073 4933 '
3095 4923 3589 5014 τειῖοοηω-..ςξοᾳρ
3619 4923 3680 5014 εξ

3100 5019 3194 5052 ’δι’
3231 5002 3462 5074 nux.

2611 5020 2704 5055 ""7
2731 5020 2872 5074 deest
2893 5019 2998 5073 BI.
3100 5019 3194 5052 ²⁸⁴³
3231 5035 3277 5074 c.
3300 5019 3462 5070 XLIX.
3485 5019 3677 5060 Lcmni-

2611 5099 2677 5119 ...ι
2776 5091 2870 5119 uno
2894 5087 3130 5119 .1--.le
3187 5091 3240 5119 ε..
3266 5103 3296 5119 Α
3339 5080 3477 5119 σορκ
3548 5063 3679 5119 ""Id'

2328 5139 2389 5215 '1}:
2401 5139 2487 5218 ⁷ᾖῖ
2507 5139 2671 5219 Ῑιῗὲἷ
2685 5139 2732 5217 C
2749 5161 2801 5217 1.
2875 5139 3352 5232 aufugiens;
3412 5150 3490 5232 ἐἶτ
3504 5139 3676 5232 mtiﬁﬁ‘f

2357 5233 2452 5310 ἐξα
2483 5218 2628 5310 deest
2659 5232 2850 5310 B2.__4_.
2885 5230 3070 5310 sui,
3119 5231 3252 5310 μηδ’
3281 5221 3491 5301 gestandi
3508 5218 3674 5284 παρεῖεν·
3772 5300 3773 5310 γ

2049 5418 2278 5480 ΝΟΤΔΕ.

619 5509 767 5584 (437)
801 5509 972 5584 Cujus
1012 5511 1190 5584 fuerit,
1217 5513 1462 5572 nondum
1520 5520 1761 5583 constat;
1811 5512 1884 5570 cf.
1937 5511 2131 5572 Moritz

544 5580 854 5657 Ilist._icotn_.
882 5580 1140 5657 'Sulzbac.
1180 5583 1223 5654 l,
1246 5601 1300 5657 p.
1335 5587 1421 5657 11.

2479 5515 2656 5588 ponis.

2237 5513 2890 5676 pToligdericus.
2938 5582 3022 5642 Cf.
3065 5582 3132 5643 de
3177 5581 3277 5640 hac
3317 5591 3372 5636 re
3415 5559 3671 5676 1'th

2287 5624 2298 5632 -
2311 5589 2437 5643 (459

617 5654 768 5738 (458)
803 5655 911 5739 lira
919 5663 1027 5739 tres
1046 5653 1325 5739 I’ppponis
1335 5655 1626 5739 Heinricus
1645 5666 1701 5739 et
1709 5658 1972 5739 _Albe_rtus_
1983 5672 2131 5714 mar-
2236 5653 2350 5730 νη,
2375 5653 2463 5718 19.

545 5725 774 5786 Chiones
798 5726 1053 5798 fuerunt,
1075 5725 1398 5800 Luitpoldus
1420 5728 1465 5784 II
1483 5730 1630 5787 ﬁlius
1646 5729 1749 5786 fuit
1770 5730 1976 5788 Alberti
1994 5771 2010 5799 ,
2035 5744 2132 5787 ne-
