3838 6296
51 199 175 258 “81

971 195 1198 255 GESTA
1237 195 1738 256 TREVERORUM.
1775 230 1850 243 —
1882 199 2374 263 CONTINL'ATIO.

3157 215 3183 274 i
3198 219 3300 276 1‘82

44 323 245 390 ageret,
274 319 338 370 ut
361 311 510 369 iuxta
538 308 634 367 Dei
659 310 993 369 voluntatem
1015 321 1070 368 et
1101 313 1399 370 secundum
1424 329 1616 384 supra-
1642 319 1691 378 Α
1716 317 1961 376 vestibus
1994 335 2058 375 ac
2077 334 2178 392 pro
2201 320 2340 376 albis
2366 319 2536 394 nigris
2571 319 2796 395 indutis,
2821 323 3009 384 artiori
3042 328 3167 388 vita:
3198 335 3297 393 de-

43 411 290 480 scriptam
316 403 547 462 Romani
567 403 838 476 pontiﬁcis
857 405 1345 462 commonicionem
1376 404 1616 460 animam

43 519 187 558 suam
203 500 589 556 inmaculatam
608 498 718 554 Deo
735 497 954 554 offerret
977 496 1122 569 (Lev.
1152 514 1233 566 ιιι,
1259 497 1333 568 l),
1350 513 1474 554 ecce
1495 498 1614 553 dia-

41 596 212 661 holus,
235 593 350 664 qui,
383 601 441 646 ut
461 591 741 662 Scriptura
765 591 860 624 ’⁸⁸⁸
885 591 1035 658 dicit,
1063 591 1274 648 seducit
1298 591 1615 647 universum

40 690 216 743 orbem
263 687 447 756 (Apoc.
506 701 603 754 xu,
657 684 736 757 9),
770 685 912 742 sicut
957 694 1073 741 arte
1125 700 1224 742 sua
1279 685 1616 756 nequissima

39 798 124 852 p‘r
157 779 444 834 mulierem
489 779 660 834 Adam
702 780 1137 850 prothoplastum
1178 793 1388 850 nosque
1428 793 1617 836 omnes

38 889 122 944 per
141 889 273 928 eum
303 873 712 928 inmortalitatis
743 881 894 929 veste
936 873 1179 940 nudavit,
1213 872 1287 928 ita
1319 885 1538 944 quoque
1562 878 1618 928 et

37 969 195 1038 hujus
232 967 473 1022 animum
507 966 715 1022 fraudis
745 982 859 1023 suae
880 966 938 1021 in
960 965 1054 999 "‘5
1079 966 1405 1038 tegumentis
1429 983 1458 1024 a
1490 981 1617 1038 pro-

34 1063 210 1132 posito
239 1061 506 1118 castitatis
532 1061 847 1118 subvertere
875 1060 1162 1129 laboravit,
1189 1077 1256 1118 ne
1280 1071 1464 1134 posset
1489 1077 1615 1119 eum

35 1155 293 1225 Apostolo
312 1154 490 1209 dicere
509 1172 520 1207 :
537 1151 722 1208 Gloria
737 1161 916 1207 nostra
927 1153 1035 1208 lucc
1047 1163 1145 1222 est,
1161 1155 1279 1208 testi
1285 1154 1459 1208 moniu
1468 1153 1616 1207 m'm

32 1250 174 1303 bona
228 1247 558 1302 conscientia:
594 1244 683 1317 (11
712 1245 834 1302 Cor.
874 1262 911 1312 ι,
943 1247 1052 1313 12),
1087 1255 1190 1302 etc.
1233 1245 1395 1303 Verbi
1425 1262 1611 1303 causa.

32 1340 118 1396 Est
140 1342 202 1396 in
225 1341 486 1397 suburbio
518 1338 838 1394 Treverensi
862 1339 1119 1410 oppidum
1146 1340 1439 1410 quoddam,
1468 1338 1616 1410 quod

32 1444 258 1493 vo‘cat‘u’
271 1433 404 1492 suta
432 1430 831 1508 Palﬁ‘dﬁ‘ﬂﬁﬁ),
865 1431 962 1489 ubi
991 1447 1057 1490 ex
1088 1429 1426 1486 institutione
1449 1429 1615 1485 unius

31 1532 258 1585 ﬁliarum
276 1529 561 1600 Dagoberti
589 1529 734 1600 regis
746 1527 1008 1599 preciosze
1027 1524 1259 1598 virginis
1281 1521 1491 1582 Athalae
1517 1521 1613 1553 ’5"

31 1624 152 1680 inibi
180 1622 513 1695 quiescentis
535 1621 884 1694 congregatio
911 1619 1005 1652 ’⁸⁸⁸
1035 1628 1152 1674 erat
1181 1617 1488 1689 puellarum
1523 1629 1618 1668 ca-

30 1719 279 1773 nonicam
299 1717 465 1770 vitam
492 1715 881 1786 profitentium.
923 1712 1136 1769 Accidit
1169 1713 1352 1782 itaque
1386 1720 1445 1765 ut
1494 1707 1616 1779 cpi-

30 1825 223 1880 scopus
253 1809 348 1865 uni
394 1825 581 1865 earum
617 1807 1036 1864 commissuram
1077 1805 1226 1877 pallii
1261 1805 1517 1869 mitteret,
1556 1807 1618 1857 ut

28 1922 136 1974 Ipse
161 1905 212 1958 ei
237 1904 430 1958 exinde
454 1903 654 1973 caligas
679 1902 774 1934 “‘9
817 1902 1040 1972 quibus,
1065 1916 1190 1955 cum
1215 1899 1281 1953 ad
1316 1898 1613 1952 missarum

29 1996 342 2067 sollempnia
369 1995 696 2052 celebranda
725 1994 1063 2065 procederet,
1095 1992 1432 2057 indueretur,
1458 1996 1612 2059 apta-

27 2098 123 2144 ret.
154 2088 304 2155 Quas
318 2088 406 2142 illa
423 2087 747 2158 suscipiens,
765 2095 817 2140 et
829 2083 1158 2156 inpudicitia:
1170 2100 1282 2140 suae
1294 2081 1613 2154 participem

27 2178 139 2234 fieri
171 2179 581 2250 concupiscens,
634 2187 748 2233 arte
773 2193 872 2232 sua
907 2176 1092 2232 nescio
1120 2191 1229 2246 qua
1263 2175 1492 2231 venilica
1523 2174 1612 2228 in—

23 2272 179 2340 fecit,
205 2283 355 2330 sutas
376 2273 604 2331 remisit.
631 2271 844 2340 Quibus
861 2287 987 2325 mox
1016 2270 1308 2342 episcopus
1334 2269 1428 2305 '5"
1455 2267 1614 2322 indu-

24 2365 120 2431 tis,
163 2365 361 2427 mirum
395 2365 559 2432 dictu,
597 2380 706 2419 non
741 2363 921 2420 visum
953 2372 1036 2419 est
1073 2363 1120 2418 ei
1150 2362 1291 2417 ultra
1321 2361 1374 2415 id
1399 2360 1491 2394 "7‘
1515 2359 1612 2414 de-

24 2463 158 2517 bere
190 2461 388 2532 sospite
415 2461 526 2516 vita
558 2460 871 2532 procedere,
900 2459 1006 2515 nisi
1031 2457 1096 2514 ad
1130 2471 1370 2528 praesens
1393 2454 1616 2510 haberet

25 2571 142 2610 rem
183 2570 306 2610 cum
341 2552 587 2609 muliere.
638 2552 915 2607 Attonitus
942 2553 1009 2606 de
1050 2559 1159 2606 tam
1203 2548 1385 2604 subita
1417 2545 1616 2600 mentis

23 2647 337 2703 mutacione
402 2655 622 2717 tamque
683 2644 960 2715 inopinata
1017 2643 1201 2698 carnis
1256 2639 1614 2705 titillacione,

24 2738 228 2809 quippe
245 2735 340 2808 qui
360 2737 706 2808 disposuerat
727 2736 1040 2790 carnalibus
1054 2733 1338 2789 desideriis
1359 2749 1466 2787 non
1492 2745 1618 2787 con-

22 2829 248 2896 sentire,
275 2844 400 2885 cum
427 2827 785 2884 festinacione
805 2828 976 2894 exuit,
999 2843 1065 2883 ac
1085 2825 1201 2894 uni,
1227 2833 1287 2880 ut
1316 2825 1389 2879 ita
1415 2823 1614 2892 dicam,

25 2922 91 2977 de
107 2921 450 2994 principibus
472 2921 843 2986 sacerdotum,
869 2921 964 2991 qui
1002 2919 1139 2974 forte
1159 2919 1270 2974 illic
1295 2918 1504 2984 aderat,
1536 2917 1619 2971 in-

1718 409 1845 466 bere
1864 427 2083 482 operam
2105 413 2270 481 dare;
2297 414 2441 485 quod
2468 414 2515 470 si
2534 415 2739 487 perpeti
2761 419 3082 492 noluissent,
3103 428 3298 486 melius

1716 517 1837 558 esse
1866 513 1928 559 ut
1969 504 2124 562 locus
2153 505 2243 562 ille
2291 519 2499 564 careret
2525 508 2582 563 in
2621 509 2984 580 habitaeione,
3021 531 3186 588 quam
3223 519 3298 576 ibi

1717 596 1854 652 tales
1893 597 2149 670 degerent
2177 616 2443 672 personae,
2478 618 2602 673 quae
2643 603 2959 675 huiusmodi
2988 610 3297 680 nequiciam

1718 697 1994 760 gestarent
2029 691 2133 747 sub
2184 693 2461 764 religionis
2488 693 2687 764 specie.
2730 694 2796 751 Et
2835 696 2910 752 ita
2948 695 3151 756 factum
3189 711 3295 760 est.

1715 779 1812 838 Illa
1845 782 2018 854 ejecta
2053 793 2166 853 est;
2199 785 2294 841 sed
2336 794 2390 841 et
2422 794 2614 842 cetera:
2650 787 2896 845 nolentes
2922 805 3024 846 nec
3049 791 3295 851 habitum

1717 891 1818 932 nec
1837 879 2308 935 conversationem
2343 878 2439 911 ⁸⁸⁷⁷
2474 888 2723 949 mutare,
2756 881 3005 939 similiter
3035 893 3165 940 sunt
3185 885 3297 957 eie-

1717 978 1838 1037 ctae,
1866 979 1922 1026 et
1958 971 2077 1026 aliae
2117 971 2172 1026 in
2210 974 2603 1029 monasterium
2633 974 2938 1045 puellarum
2969 976 3117 1047 quod
3157 975 3298 1033 Hor-

1716 1079 1870 1119 reum
1896 1063 2115 1131 dicitur,
2151 1064 2268 1120 aliae
2293 1075 2473 1120 autem
2505 1066 2572 1122 ad
2597 1067 2700 1121 alia
2726 1066 2808 1123 sui
2847 1068 3066 1124 habitus
3096 1069 3298 1141 migra-

1715 1164 1913 1212 verunt
1938 1156 2080 1224 loca,
2105 1157 2421 1229 vacavitque
2447 1159 2600 1216 locus
2627 1160 2720 1193 ’⁸⁷⁸
2745 1160 3082 1232 aliquamdiu
3105 1177 3135 1216 a
3157 1161 3297 1217 divi-

1716 1250 1803 1306 nis
1831 1251 2104 1307 laudibus.
2121 1248 2199 1306 Cu
2201 1250 2292 1320 ius
2303 1253 2379 1307 rei
2398 1253 2570 1323 gratia
2581 1255 2870 1325 episcopus
2880 1264 3068 1326 postea
3082 1270 3296 1311 summa

1717 1343 1915 1400 ductus
1935 1343 2253 1415 penitentia,
2276 1345 2482 1401 veritus
2498 1361 2566 1401 ne
2591 1347 2756 1417 hujus
2777 1363 2946 1404 causa
2969 1347 3184 1417 iniuriae
3202 1362 3298 1401 ex-

1719 1445 1889 1494 trema
1934 1437 2105 1492 divini
2141 1439 2236 1470 "7’
2267 1436 2463 1508 iudicii
2501 1438 2706 1494 ultione
2749 1441 3159 1511 dampnaretur,
3195 1454 3296 1494 an-

1717 1537 1918 1586 nuente
1941 1530 2143 1585 domno
2165 1529 2414 1586 Johanne
2440 1539 2572 1588 tunc
2591 1530 2840 1587 Romano
2859 1531 3130 1603 pontifice,
3153 1545 3298 1586 com-

1718 1621 1886 1679 missa
1923 1623 2026 1677 sub
2049 1622 2221 1694 ipsius
2248 1623 2564 1680 testimonio
2599 1624 3150 1694 comprovincialibus
3183 1623 3298 1694 epi-

1719 1714 1922 1784 scopis,
1952 1714 2066 1769 suis
2097 1714 2347 1770 videlicet
2365 1715 2746 1787 suﬂ‘raganeis,
2781 1712 3103 1772 Treverensi
3124 1715 3299 1771 eccle-

1719 1807 2143 1875 sia,Jerusalem
2185 1808 2280 1841 "3°
2311 1808 2389 1864 ire
2430 1809 2732 1880 disposuit;
2787 1810 2932 1865 unde
2979 1809 3197 1864 rediens
3245 1809 3300 1862 in

1694 1894 1838 1957 loco
1884 1900 2196 1970 supradicto
2221 1899 2286 1954 ad
2318 1899 2508 1956 laudes
2544 1900 2640 1956 Dei
2675 1899 3033 1956 celebrandas
3071 1899 3301 1956 clericos

1714 1993 2001 2064 religiosos
2018 1991 2367 2063 mancipavit.
2386 1991 2581 2049 Euntis
2603 1993 2786 2064 itaque
2797 1991 3095 2049 Jerusalem
3108 2007 3302 2062 quam—

1715 2102 1822 2159 que
1847 2085 2038 2142 ellicax
2081 2101 2358 2157 quamque
2401 2085 2512 2142 Deo
2547 2086 2753 2142 exstitit
2794 2084 3090 2156 penitentia
3126 2093 3300 2156 grata,

1713 2180 1956 2251 prudens
1996 2179 2231 2250 quisque
2257 2177 2465 2249 liquido
2489 2185 2666 2250 potest
2689 2178 2990 2246 advertere,
3015 2191 3140 2234 cum
3169 2175 3304 2231 didi-

1715 2273 1851 2331 eerit
1877 2272 2026 2344 quod
2046 2272 2228 2328 divina
2259 2280 2539 2344 respectus
2554 2271 2840 2328 clementia
2859 2271 3034 2326 virum
3053 2275 3303 2325 sanctum

1715 2367 1933 2424 beatum
1971 2366 2064 2400 ’⁸⁸⁸
2105 2365 2428 2440 Symeonem
2473 2364 2576 2421 sibi
2623 2361 2969 2436 coniunxerit
3011 2375 3306 2430 secumque

1717 2457 2019 2514 adduxerit.
2056 2457 2228 2530 Cujus
2252 2458 2381 2529 quia
2409 2455 2616 2512 mentio
2639 2470 2698 2511 se
2725 2455 2930 2521 intulit,
2956 2453 3086 2508 licet
3114 2453 3179 2507 de
3209 2451 3304 2504 illo

1716 2550 1979 2622 prolixior
2001 2559 2268 2606 tractatus
2296 2549 2562 2604 habeatur
2585 2547 2756 2618 (461),
2783 2555 2838 2603 et
2861 2561 2948 2601 me
2968 2544 3100 2600 libet
3125 2543 3210 2598 vel
3236 2542 3305 2599 ad

1717 2643 2014 2710 modicum,
2044 2653 2106 2699 ut
2135 2643 2181 2699 si
2227 2641 2490 2698 memoria
2527 2640 2646 2711 ejus
2697 2639 2754 2694 in
2804 2636 3181 2694 benedictione
3208 2633 3304 2706 qui

1718 2736 1944 2792 adduxit
1964 2753 2091 2792 eum
2104 2735 2220 2804 ηδ’,
2239 2733 2472 2791 Domino
2492 2733 2805 2805 adiuvante,
2821 2729 3163 2787 sanctitatem
3184 2727 3304 2800 eius

1717 2829 2102 2900 perstringere.

1791 2925 1845 2979 5.
1887 2923 1984 2957 ﬂ”
2016 2922 2226 2979 Interea
2252 2921 2488 2978 domnus
2515 2918 2726 2991 Poppo,
2759 2918 2826 2975 de
2849 2930 2961 2990 quo
2987 2927 3170 2972 sermo
3197 2920 3304 2981 est,

25 3015 222 3071 dutum
250 3015 432 3082 dedit;
467 3015 562 3086 qui
601 3029 727 3070 mox
755 3024 814 3069 ut
839 3013 1036 3080 induit,
1073 3021 1127 3068 et
1157 3013 1270 3083 ipse
1296 3011 1614 3066 festinanter

1722 3019 2025 3076 Trevericae
2053 3017 2219 3088 huius
2245 3015 2562 3086 metropolis
2591 3022 2888 3070 strennuus
2914 3010 3186 3082 provisor,
3216 3005 3308 3063 Je-

25 3109 200 3176 exuit,
227 3124 413 3165 secum
437 3107 666 3175 mirans,
690 3107 860 3164 nichil
890 3115 1072 3162 tamen
1102 3105 1309 3160 dicens.
1345 3101 1499 3158 Tunc
1531 3118 1620 3157 re-

21 3202 163 3275 liqui
177 3203 271 3275 qui
283 3203 553 3271 astabant,
567 3203 698 3272 quid
713 3202 764 3258 id
778 3198 1463 3263 miraculiessetadmirati,
1481 3213 1622 3251 unus

21 3305 153 3369 post
184 3313 356 3352 unum
383 3297 602 3354 easdem
631 3295 836 3368 caligas
873 3302 1085 3350 secreto
1128 3293 1401 3362 capientes
1432 3290 1623 3344 indue-

21 3399 182 3460 runt,
205 3399 264 3447 et
283 3390 478 3446 similia
500 3388 649 3460 passi
675 3397 836 3456 sunt;
882 3388 1066 3443 nullus
1100 3395 1282 3441 tamen
1309 3383 1440 3456 quid
1467 3392 1623 3454 pate-

19 3498 183 3545 retur
208 3487 438 3543 audebat
474 3501 574 3558 pro
595 3485 691 3518 ”"
716 3484 924 3556 pudore
948 3481 1124 3538 fateri.
1165 3479 1473 3535 Novissime
1494 3494 1625 3534 ven-

19 3590 149 3638 tum
180 3581 354 3638 estad
384 3579 538 3636 urbis
559 3577 876 3651 prafectum
897 3595 910 3644 ;
935 3575 1027 3648 qui
1053 3583 1112 3630 ut
1134 3574 1202 3630 ab
1223 3574 1482 3645 episcopo
1504 3572 1627 3644 jus-

18 3691 124 3732 sus
157 3673 360 3742 induit,
393 3671 578 3729 furore
599 3669 907 3728 incredibili
935 3667 1240 3734 infremuit,
1259 3675 1314 3722 et
1343 3682 1402 3722 se
1431 3666 1625 3721 incan-

21 3777 211 3825 tatum
239 3782 361 3824 esse
385 3764 747 3839 proclamavit
770 3762 888 3832 ην,
927 3761 1338 3831 sciscitantique
1367 3759 1492 3830 quis
1522 3755 1628 3812 ini-

18 3862 268 3935 quitatis
296 3860 463 3932 huius
495 3867 690 3916 auctor
733 3856 1022 3924 exstiterit,
1070 3855 1358 3926 episcopus
1391 3851 1623 3923 aperuit.

18 3957 192 4012 Tunc
212 3970 403 4012 omnes
426 3954 482 4008 in
507 3969 678 4009 unum
706 3951 1005 4009 sententias
1035 3964 1165 4005 suas
1185 3945 1520 4018 proferentes
1546 3943 1628 3998 di-

18 4053 237 4109 cebant
268 4049 565 4105 maximum
596 4048 702 4103 hoc
740 4062 862 4102 esse
897 4044 1134 4101 dedecus
1171 4038 1432 4105 ecclesim,
1480 4035 1628 4109 quod

21 4145 129 4216 qui
163 4141 430 4199 canonica
459 4139 544 4196 vel
564 4140 729 4195 etiam
753 4138 849 4170 ’⁸⁷⁸
875 4135 1248 4194 ecclesiastica
1274 4139 1632 4190 censerentur

17 4234 380 4308 professione
407 4233 506 4290 tali
535 4231 765 4304 polleret
784 4230 878 4264 ’⁵⁸⁷⁵
909 4229 1225 4300 iniquitate;
1257 4242 1378 4283 eam
1409 4223 1627 4295 quidem

21 4346 164 4402 quae
184 4344 300 4384 rem
325 4327 468 4384 hanc
489 4325 710 4383 fecisset
729 4325 798 4380 ab
818 4323 1008 4381 ordine
1030 4321 1408 4380 sanctimonia:
1434 4317 1628 4391 projici

1724 3113 2039 3169 rosolimam
2068 3109 2296 3166 tendens
2334 3109 2445 3180 (an.
2479 3106 2664 3179 1028),
2697 3105 2772 3160 ibi
2799 3103 2905 3160 loci
2931 3116 3043 3174 quo
3073 3097 3310 3172 Symeon

1725 3205 2040 3261 morabatur
2069 3202 2350 3274 applicuit,
2378 3214 2615 3272 eumque
2639 3207 2700 3254 ut
2722 3211 2907 3253 secum
2934 3191 3121 3250 venire
3149 3191 3311 3247 vellet

1723 3295 1987 3354 exoravit.
2038 3292 2142 3361 Qui
2183 3309 2463 3360 annuens,
2494 3307 2619 3348 eum
2657 3286 3004 3346 Antiochiam
3021 3282 3117 3321 ⁸⁵⁸⁸
3145 3282 3312 3345 simul

1725 3388 2098 3456 devenissent,
2148 3384 2495 3460 Symeon'm
2523 3400 2556 3440 a
2584 3381 2938 3455 primoribus,
2969 3377 3171 3450 quibus
3199 3372 3313 3448 pri-

1725 3485 1847 3540 dem
1881 3483 1953 3538 ibi
1987 3498 2045 3539 se
2086 3489 2279 3537 notum
2322 3477 2543 3545 fecerat,
2574 3482 2884 3533 remoratus
2917 3471 3183 3537 substitit,
3212 3468 3312 3524 do-

1725 3592 1829 3632 nec
1853 3575 2040 3648 Poppo
2072 3573 2393 3632 Jerosolima
2423 3571 2640 3628 rediens
2671 3583 2831 3626 secus
2855 3565 3089 3623 eam’m
3118 3562 3311 3619 civita-

1727 3670 1946 3726 tem’m
1988 3671 2090 3725 iter
2136 3669 2364 3726 reflexit.
2417 3665 2575 3722 Tunc
2610 3661 2928 3720 admonitus
2956 3659 3014 3715 in
3044 3654 3313 3728 sompnis,

1727 3759 1954 3833 praefato
1980 3777 2038 3817 se
2068 3760 2290 3831 praesuli
2320 3755 2762 3822 commendavit,
2813 3760 2869 3808 et
2897 3765 3082 3806 secum
3111 3745 3315 3801 Treve-

1729 3855 1832 3910 rim
1866 3853 2014 3910 venit
2048 3852 2218 3924 (462),
2251 3851 2345 3906 ubi
2383 3857 2546 3921 prout
2590 3849 2707 3919 ipse
2751 3844 2907 3917 petiit
2937 3843 3030 3876 ’⁵⁸⁸
3076 3840 3132 3895 in
3177 3834 3320 3893 turri

1730 3947 1967 4019 quadam
1994 3945 2207 4001 deserta
2237 3959 2267 3998 a
2296 3942 2553 4014 Poppone
2579 3940 2852 4003 reclusus,
2871 3936 3013 3991 sicut
3039 3929 3316 4004 quondam

1731 4039 1787 4094 in
1809 4036 2008 4094 vertice
2037 4034 2237 4091 montis
2265 4031 2452 4105 Synai,
2485 4031 2559 4086 ita
2589 4044 2737 4085 nunc
2765 4027 2856 4082 hic
2884 4037 3103 4096 quoque
3128 4031 3319 4091 graves

1731 4132 2096 4203 malignorum
2138 4127 2427 4198 spirituum
2461 4122 2690 4179 insidias
2723 4117 2978 4192 perpetiit
3000 4113 3094 4146 ’⁸⁸⁸
3121 4153 3137 4181 ,
3180 4123 3321 4203 quos

1731 4202 1966 4280 Domino
2001 4221 2298 4278 auxiliante
2330 4216 2623 4290 superavit.
2660 4213 2942 4269 Postremo
2971 4221 3094 4264 cum
3128 4202 3202 4259 ibi
3236 4217 3322 4256 re-

1733 4321 1921 4376 clusus
1954 4315 2313 4388 transegisset
2343 4323 2549 4383 septem
2592 4323 2788 4374 annos,
2818 4305 2870 4361 ei
2898 4302 2995 4374 qui
3024 4297 3171 4356 dedit
3201 4293 3322 4388 aui-

19 4426 270 4497 dignum
297 4439 438 4490 esse,
475 4430 687 4478 ceteras
718 4435 850 4475 vero
873 4418 945 4474 ibi
968 4417 1329 4484 manentium,
1355 4429 1426 4470 ne
1455 4413 1524 4467 ab
1551 4411 1631 4467 eis
1657 4425 1709 4487 ι)
1734 4428 1880 4468 mam
1911 4408 2145 4466 reddidit
2175 4405 2293 4462 Kal.
2325 4404 2474 4459 Junii
2498 4417 2642 4458 anno
2666 4395 2963 4497 Dominicaf
2991 4385 3322 4497 incarnatio-

20 4479 449 4590 quuodammodo
490 4524 606 4572 tam
649 4512 853 4571 infame
895 4512 990 4548 ’⁸⁷⁸
1029 4479 1368 4584 procederet,
1412 4479 1700 4564 mutatis-
1743 4503 1832 4559 nis
1863 4501 2002 4558 1055
2023 4498 2139 4555 ¹⁸⁹⁰.
2194 4497 2340 4554 Deus
2365 4504 2548 4552 autem
2577 4488 2815 4550 eum'm
2848 4483 3038 4543 multis
3065 4479 3323 4536 virtutum

1333 4701 1568 4762 VARIIE
1603 4698 2010 4759 LECTIONES.

116 4850 223 4885 ’⁸⁸⁵
244 4864 404 4922 sacra
435 4865 482 4922 s.
505 4848 546 4906 C
571 4849 752 4922 (sacra
780 4865 808 4906 e
844 4865 983 4905 corr.
1015 4847 1170 4919 CL).
1281 4845 1379 4922 ’⁸θῆ
1408 4845 1550 4922 deest
1578 4841 1707 4922 B'l._
1779 4840 1896 4922 If”:
1914 4839 2053 4892 deest
2075 4832 2350 4922 (ἶϐίωψτ
2373 4829 2565 4922 athe-ile
2722 4828 2775 4883 5.
2789 4824 2884 4922 Εὖ
2915 4820 3325 4922 ῗξζὲοῐιςτὲα

22 4886 822 4998 εξιῑίοιιίἒαῇιξκῑδὲὧξ
1069 4886 1567 4998 ξ-ξξίιβιθθδθιὶοἷξί.
1581 4886 1745 4998 cgita
1774 4910 1815 4966 C
1865 4911 1898 4965 5
2074 4886 2114 4998 ἓν
2136 4886 2244 4998 vi”:
2338 4901 2703 4998 lexindeQSPL
2751 4897 2884 4998 uti"
2904 4894 3018 4998 Ep;
3041 4890 3166 4994 8311
3185 4886 3326 4998 ᾖρῇ

19 4958 1848 5064 ἓέἓῒὲὖέἇἰ’ῗέῗέεῖῗὸἑῗἒῖᾆ’“’ίῖτῖ“ῗέἱ”ἇ’ἕεὲἷθῖ’,δι”ριῖὸη
1869 4958 1995 5064 vos?
2015 4958 2169 5064 ζέοντι
2216 4958 2316 5048 ι)νέ
2337 4958 2442 5030 (Πο
2547 4971 2872 5064 "KP-“€58
2901 4958 2990 5064 ,(Ξξι
3042 4958 3328 5064 ,ἴῗῖββῗ

21 5028 737 5122 δῖνδῶηιξιῖἇῖίηές
748 5028 974 5118 ἲοιῖῖεᾌ
1005 5061 1066 5116 Β.
1094 5028 3088 5131 ροίίξξνιὲἶνὲξιιῗξξέιοιιθτθμῖἧιξόνν..ρρ]1ρὶθξξξιξςὶςξιίςε

638 5104 736 5168 3'7;
757 5104 1325 5191 ESHQEFS£§15K§E
1355 5104 1505 5161 "55.75
1521 5104 1687 5181 locus
1699 5104 1976 5180 'i'éie'ui‘
1997 5104 2009 5106 _
2052 5104 2144 5155 ’θη
2171 5104 2314 5174 deest
2337 5117 2442 5191 βι.
2530 5104 2631 5191 ff“
2658 5109 2987 5191 iherusglem
3006 5104 3330 5191 “ﬂii”:

543 5207 637 5240 ἰε’
659 5174 1387 5262 ρυηῖυιὲἓ.”ὲῖ’”””εἶὲ³”εἶἰι.
1415 5174 2035 5263 ΙιείὺῖιίξῖῐξῖίΧ-ΧῙΙΠ.
2061 5193 2157 5248 οι.
2183 5192 2236 5263 6_.
2313 5189 2407 5220 εδει
2433 5184 2804 5263 anthiochiam
2830 5180 2929 5263 Cl.
2963 5257 2973 5263 Δ
3006 5176 3102 5263 "ff
3123 5174 3329 5263 sgmgon

27 5245 322 5334 31Ῐηῦιὶἱ
339 5245 486 5331 72228:
515 5277 577 5334 C.
654 5245 916 5332 3343135:
942 5245 1046 5330 iii.
1125 5245 2167 5342 ""vpe-eiitquﬁ':siem—tis,et‘itoetionr,
2200 5249 2885 5342 frequlenciugs‘,‘sentencia
2925 5257 2974 5307 et
2996 5245 3328 5342 .e‘fi‘avlctcls'
3362 5289 3372 5308 ε

27 5309 147 5334 vi.
343 5309 484 5331 uccos
515 5309 577 5334 υ.
660 5309 691 5310 η
733 5309 737 5310 ν
772 5309 916 5332 ιιαοι
948 5309 1046 5330 υι.
1245 5309 1328 5342 μω
1347 5309 1405 5326 ιιι
1435 5309 1530 5324 υ...
1562 5309 1778 5338 υιιρκυ,
1809 5309 1857 5319 ν.
1885 5309 1959 5318 η..
1983 5309 2167 5329 "mm,
2201 5309 2573 5331 -.νηννη--μν,
2612 5309 2660 5312 ρ

25 5349 222 5414 modi,
249 5348 341 5403 sed
366 5365 468 5401 non
491 5350 730 5404 omnibus
757 5349 911 5403 locis.
1003 5346 1098 5378 ³⁵⁸⁸
1123 5343 1376 5415 perpetiit
1400 5357 1538 5414 quos
1570 5356 1708 5394 corr.
1745 5351 2039 5409 perpessus
2063 5341 2151 5391 est
2179 5348 2320 5406 quas
2346 5330 2444 5387 Cl.
2479 5339 2528 5385 et
2557 5329 2636 5384 ita
2659 5326 2758 5382 C5.
2792 5341 2904 5397 sqq.
2996 5320 3090 5354 ¹⁶⁹⁰
3112 5309 3368 5410 Μαίη
3389 5323 3416 5415 ὲ

21 5437 192 5476 corr.
225 5417 467 5474 XXXVI.
500 5421 599 5476 C5.
677 5421 771 5454 "“
800 5434 929 5476 cum
957 5417 1056 5494 βε.
1088 5414 1229 5472 deest
1259 5414 1322 5470 C.

20 5138 140 5171 "7'
165 5133 395 5190 infamie
422 5133 529 5191 Bl.

20 5209 137 5243 ²⁹⁸¹
165 5207 316 5261 deest
337 5206 434 5262 C3.

1549 5551 1552 5554 ’
1616 5546 1849 5608 NOTAE.

1759 5675 2342 5754 fragmenta__quaad_am
2369 5671 2614 5754 exhibui.

316 5692 641 5750 Palatiolum
671 5693 783 5749 sive
811 5690 1044 5759 Pfalzel;
1077 5709 1130 5746 v.
1162 5653 1326 5761 supra
1363 5705 1424 5761 c.
1446 5685 1536 5742 21.
1604 5756 1618 5761 Α
1759 5675 2342 5761 fragmentaguaad‘am
2369 5671 2686 5761 exhibui.“
2714 5722 2899 5761 “4“
2949 5747 2986 5761 Μ
3033 5732 3048 5761 ε

1830 5730 2535 5828 ζῖὃέῑλιὶἶέιῖ-Εὶιθηνίιιυε
2572 5745 2690 5801 haec
2713 5744 2922 5809 narrat,
2949 5747 3004 5793 v.
3032 5730 3197 5791 infra.

151 5693 259 5750 460
316 5693 641 5750 Palatiolum
671 5693 783 5749 sive
811 5693 1044 5759 Pfalzel;
1077 5709 1130 5746 v.
1162 5706 1326 5761 supra
1363 5705 1409 5745 c.
1446 5693 1536 5742 21.

153 5694 285 5839 461)
324 5765 405 5823 Ex
431 5765 535 5824 hac
564 5764 684 5821 Vita
715 5765 784 5822 ab
817 5763 1106 5821 Eberwino
1140 5760 1283 5820 infra
1315 5761 1370 5817 in
1399 5756 1642 5832 Append.

153 5763 256 5821 461
