3906 6302
98 365 222 428 uss
992 359 1216 417 casm
1255 355 1758 416 TREV’ERORUM.
1799 391 1870 402 -
1905 361 2406 456 communio;
2866 324 2868 328 ’
3203 373 3351 436 μεθ

91 483 201 558 μονα
213 477 304 514 ³⁶¹⁶
330 484 441 533 tam
463 475 574 532 suis
599 475 799 530 meritis
827 491 986 546 quam
1014 475 1192 530 divino
1212 475 1499 529 karismate
1529 472 1654 527 Tre-
1681 473 1730 532 A
1755 474 1904 530 nulla
1951 479 2214 532 credimus
2271 479 2634 538 admonitione
2672 480 2920 552 indigetis
2942 523 2956 550 ,
3011 497 3130 537 cum
3179 497 3352 545 vestra

92 587 312 632 verorum
333 570 425 602 ²⁶¹⁷
467 567 855 638 archiepiscopo
885 565 979 598 ’⁸³⁸
1024 567 1254 621 salutem
1283 566 1376 597 ’5"
1432 565 1656 620 karissi-

91 682 216 724 mam
239 679 357 718 cum
379 660 668 732 apostolica
691 658 1066 714 benedictione.
1093 656 1330 728 Sumptis
1355 658 1655 712 reverentia:

91 767 254 815 vestra
272 753 462 810 litteris
485 761 537 807 et
557 751 706 808 lectis
719 752 812 784 ¹⁶²⁰
837 761 993 824 atque
1015 750 1242 818 relectis,
1266 750 1323 806 in
1347 750 1454 804 imo
1475 749 1653 804 cordis

91 867 252 910 earum
275 849 383 905 vim
405 847 751 918 reposuimus,
777 855 836 901 ut
861 846 1004 902 vobis
1033 845 1326 916 petentibus
1347 843 1653 898 desiderata

81 941 484 1038 loncederemus.
563 937 706 992 Nam
759 937 910 994 illius
961 936 1200 1008 regulam
1254 937 1499 1008 magistri
1555 952 1648 990 nos

86 1030 368 1107 oportet""
392 1031 448 1086 in
474 1039 731 1102 quantum
751 1046 1029 1100 possumus
1052 1031 1279 1097 imitari,
1301 1030 1392 1100 qui
1425 1046 1480 1084 se
1523 1031 1651 1084 bene

85 1127 354 1204 petentibus
381 1141 484 1180 non
508 1133 587 1180 est
613 1125 930 1192 obstinatus,
957 1141 1010 1179 se
1040 1125 1095 1178 in
1117 1125 1337 1178 veritate
1363 1125 1652 1196 querenti-

84 1230 168 1284 bus
188 1242 290 1281 non
317 1233 394 1281 est
411 1221 772 1294 prolongatus,
796 1235 890 1276 nec
911 1218 980 1274 ad
1001 1219 1140 1289 fores
1163 1236 1289 1274 suas
1311 1236 1650 1290 perseveran-

84 1331 153 1377 ter
175 1315 502 1374 vulsantibus
547 1313 618 1370 ad
663 1311 1003 1384 aperiendum
1045 1312 1371 1368 retardatur.
1416 1313 1486 1368 At
1529 1329 1645 1382 nos,

82 1415 191 1470 licet
219 1410 423 1466 .ardius
449 1423 611 1481 quam
655 1406 952 1476 cupivimus
968 1403 1086 1473 Μ’,
1131 1405 1202 1460 ad
1245 1421 1432 1460 sonum
1471 1417 1648 1462 tamen

81 1506 270 1578 pagina:
295 1510 500 1566 vestra,
529 1507 590 1554 ut
612 1498 877 1566 debemus,
907 1514 1002 1570 pro
1029 1495 1224 1568 affectu
1250 1499 1643 1570 respondemus.

1758 567 2050 639 benignitas
2080 571 2203 625 inde
2242 572 2312 624 sit
2335 571 2427 602 ³⁸³³
2471 575 2760 643 profusior,
2795 575 2933 629 unde
2971 585 3050 630 est
3090 582 3348 639 sanctior.

1755 657 1834 712 De
1887 671 2053 716 cetero
2099 663 2168 716 ad
2223 664 2396 718 virum
2441 663 2964 738 illuntSymeonem
3014 671 3347 743 veniendum,

1753 766 1905 822 quem
1931 756 2220 812 numerosis
2237 755 2333 787 ’⁸³⁸
2361 755 2763 812 choruscantem
2810 759 3109 830 miraculis,
3151 765 3349 821 divinis

1751 844 2150 916 praefulgentem
2198 848 2481 906 virtutibus
2533 852 2832 908 ostenditis.
2888 851 2975 908 Ea:
3019 872 3121 927 quo
3182 857 3348 930 liquet

1749 949 1870 988 eum
1903 936 1958 988 in
1990 937 2175 1008 fragili
2210 956 2425 1010 corpore
2451 942 2757 998 thesaurum
2783 944 3052 1016 bajulasse
3089 950 3349 1020 spiritua-

1749 1025 1819 1081 lis
1849 1029 2058 1099 gratiae,
2086 1041 2144 1084 ut
2171 1048 2274 1086 non
2309 1033 2481 1088 solum
2513 1038 2616 1093 sibi
2651 1039 2945 1108 providerit
2984 1041 3053 1094 ad
3091 1042 3341 1110 salutem,

1749 1120 1842 1175 sed
1871 1120 1995 1176 aliis
2020 1139 2226 1195 quoque
2251 1135 2404 1196 atque
2426 1128 2549 1183 aliis
2573 1131 2644 1184 ad
2664 1131 3012 1202 multiplicem
3033 1134 3340 1191 sanitatem.

1752 1215 1893 1283 Quia
1919 1219 2085 1288 igitur
2115 1219 2184 1272 ad
2209 1219 2361 1274 illam
2403 1232 2655 1280 wternam
2685 1225 3068 1282 beatitudinem
3090 1227 3345 1299 illamque

1747 1328 1968 1366 summa:
1988 1312 2265 1388 felicitatis
2286 1317 2687 1384 perpetuitatem
2705 1335 2768 1373 ac
2791 1320 2993 1375 cmleste
3013 1322 3344 1375 consorcium

1745 1407 2038 1476 pervenisse
2063 1406 2318 1474 creditur,
2349 1409 2486 1462 sicut
2513 1426 2661 1478 opere
2709 1413 2980 1483 signorum
3017 1413 3342 1484 frequentius

1744 1498 2022 1568 panditur,
2077 1507 2272 1554 nostra:
2322 1501 2627 1571 apostolica:
2667 1506 3006 1560 auctoritatis
3055 1507 3339 1574 sententia,

67 1581 246 1670 'Neque
265 1596 404 1651 enim
425 1593 653 1664 facimus
671 1591 813 1664 quod
835 1590 1096 1659 volumus,
1127 1608 1246 1646 cum
1262 1591 1358 1626 ³⁸⁸³
1380 1592 1642 1662 volumus,
1735 1591 2004 1662 judicium
2037 1593 2205 1648 divini
2242 1594 2456 1648 arbitrii
2497 1603 2678 1650 secuta
2716 1606 2764 1650 et
2784 1597 2879 1629 ³⁸³⁵
2926 1597 3340 1672 [consensu’m]

79 1690 156 1746 sed
181 1705 296 1742 cum
315 1686 572 1741 divinitus
594 1692 652 1738 ut
673 1683 936 1754 faciamus
959 1684 1272 1754 accipimus,
1296 1701 1512 1757 quisque
1533 1686 1643 1740 suis

1745 1684 2098 1754 complurium
2139 1687 2372 1756 fratrum
2415 1696 2719 1742 nostrorum
2755 1688 3018 1757 suffulta,
3061 1692 3296 1746 decernit
3325 1738 3342 1758 ._.

80 1779 375 1852 temporibus
403 1795 630 1849 superna
667 1778 955 1848 disposicio
979 1779 1265 1849 coaptavit.
1295 1777 1448 1845 Quod
1477 1780 1644 1851 igitur
1679 1845 1713 1852 _
1745 1777 1965 1832 eundem
1996 1780 2166 1832 virum
2195 1779 2294 1834 Dei
2335 1777 2644 1850 Symeonem
2668 1781 2887 1851 posthac
2922 1797 3123 1851 semper
3145 1795 3193 1836 et
3227 1783 3344 1838 ubi-

80 1871 393 1937 meministis,
425 1869 600 1925 sedem
621 1868 994 1940 apostolicam,
1027 1871 1114 1924 cui
1136 1887 1202 1925 ea:
1223 1871 1406 1926 divina
1452 1872 1646 1943 digna-
1674 1845 1720 1902 Β
1746 1889 1844 1943 que
1870 1880 2116 1926 sanctum
2145 1872 2328 1927 debere
2355 1875 2641 1940 nominari,
2682 1873 2896 1944 ejusque
2935 1874 3170 1928 natalem
3206 1875 3346 1928 sicut

79 1967 207 2020 cione
230 1965 592 2036 praesidemus,
620 1965 782 2020 totius
831 1963 1208 2020 ecclesiastica:
1251 1967 1644 2036 pastoralitatis

78 2075 172 2114 esse
191 2058 470 2129 refugium,
503 2065 561 2112 ut
591 2059 726 2112 votis
759 2060 944 2113 vestris
975 2059 1045 2112 ad
1067 2075 1185 2113 eam
1220 2059 1643 2130 confugientibus

78 2165 423 2218 annuerenuts,
446 2151 652 2206 meritis
699 2149 1028 2219 amplexibus
1076 2149 1188 2203 hinc
1223 2150 1342 2220 ipsa
1367 2151 1520 2204 verba
1548 2151 1646 2204 do-

77 2243 326 2310 navimus;
358 2243 550 2314 quippe
571 2259 692 2298 cum
715 2243 787 2296 sit
806 2243 955 2313 origo
975 2250 1025 2298 et
1055 2241 1459 2312 fundamentum
1482 2244 1646 2298 eccle-

76 2336 275 2401 siarum,
305 2333 538 2390 Domino
587 2334 970 2406 confessionem
1010 2333 1164 2388 Petri
1197 2333 1379 2388 taliter
1419 2351 1646 2406 conpen-

76 2436 204 2484 sante
237 2443 255 2482 :
301 2447 320 2480 ‹
353 2426 434 2482 Tu
467 2443 524 2482 es
549 2426 768 2495 Petrus,
797 2434 850 2480 et
895 2442 1052 2497 super
1076 2425 1211 2480 hanc
1238 2435 1442 2497 petram
1467 2427 1643 2498 (edifi-

75 2521 186 2576 cabo
209 2521 489 2580 ecclesiam
512 2537 685 2576 meam
731 2519 964 2591 (Matth.
1012 2535 1126 2587 xvr,
1174 2519 1273 2591 18)
1304 2539 1324 2571 ι
1367 2535 1385 2575 :
1423 2521 1645 2592 dignum

74 2612 209 2683 plane
247 2613 473 2679 videtur,
505 2621 564 2667 ut
609 2613 782 2668 omnis
830 2612 1125 2666 christiana
1165 2607 1398 2682 fidelitas
1425 2612 1495 2666 ad
1527 2629 1644 2666 eam

74 2721 360 2762 concursum
387 2706 603 2772 habeat,
646 2713 695 2761 et
744 2706 862 2776 ipsa
908 2704 1150 2760 omnibus
1195 2721 1410 2758 manum
1453 2704 1644 2760 solacii

74 2805 286 2874 porrigat
301 2801 420 2858 "".
459 2800 617 2858 Vobis
636 2817 753 2857 vero
793 2801 852 2855 in
895 2816 1175 2871 congressu
1205 2801 1415 2871 positis,
1438 2800 1507 2854 ad
1535 2800 1643 2854 ini-

73 2897 277 2966 quitates
315 2912 606 2967 pravorum
652 2895 927 2950 hominum
984 2893 1330 2948 debellandos
1371 2911 1434 2948 ac
1481 2895 1645 2964 spiri-

76 2988 290 3042 tuali'm
311 2989 498 3062 gladio
521 2989 815 3060 puniendas
835 3031 850 3056 ,
892 2989 1144 3060 quoniam
1177 2988 1235 3043 in
1269 2988 1421 3042 rebus
1447 2987 1644 3042 divini-

75 3090 145 3136 tus
181 3082 316 3137 vobis
363 3082 663 3138 commissa:
701 3082 829 3137 vicis
877 3081 1240 3150 coadjutorem
1280 3080 1560 3150 prwsulem
1609 3097 1644 3136 a

73 3173 202 3228 nobis
223 3175 558 3245 poposcistis,
597 3163 770 3230 eum“
807 3173 1111 3244 dirigimus-
1149 3171 1315 3263 Quem
1343 3171 1493 3241 (ωδ)
1521 3172 1641 3242 (lui'
1670 3198 1716 3263 ο

73 3265 174 3320 dem
194 3275 240 3320 et
263 3266 510 3322 honestas
541 3281 769 3333 morum,
805 3266 946 3320 sicut
976 3264 1185 3318 nomine
1219 3262 1444 3330 indicat,
1477 3271 1526 3316 et
1555 3279 1644 3316 sa-

73 3375 161 3430 gax
201 3361 363 3416 animi
409 3358 751 3430 pulchritudo
794 3358 1043 3422 decorat;
1089 3373 1242 3428 quem
1271 3357 1394 3410 huic
1426 3357 1642 3426 negocio

72 3453 385 3521 aptissimum
427 3452 728 3508 censuimus
759 3493 775 3518 ,
814 3451 942 3521 quia
974 3448 1074 3505 Dei
1108 3448 1318 3519 ﬁdelem
1360 3465 1565 3503 servum
1591 3457 1644 3504 et

69 3543 350 3604 undantem
372 3543 743 3613 cognovimus;
769 3542 854 3597 cui
873 3541 965 3573 ⁸⁸³⁷
985 3549 1036 3596 et
1060 3541 1268 3594 astucia
1290 3541 1544 3610 serpentis
1567 3546 1643 3594 est

69 3645 112 3690 et
136 3635 382 3694 columba
401 3637 762 3707 simplicitas;
797 3637 862 3691 de
884 3635 1036 3706 cujus
1068 3636 1455 3707 quodammodo
1483 3636 1644 3692 labiis

68 3729 220 3798 ﬂuunt
239 3731 404 3788 mella
423 3747 520 3802 pro
564 3740 724 3803 captu
748 3732 1080 3787 audientium
1108 3733 1332 3786 caelestis
1362 3733 1644 3790 ambrosiis

68 3819 235 3887 plena;
264 3822 531 3892 quemme
573 3840 607 3878 a
633 3840 850 3894 corpore
875 3831 1057 3878 nostro
1087 3822 1240 3877 velud
1277 3823 1526 3878 dextrum
1556 3841 1642 3880 se-

66 3915 346 3980 paravimus
391 3915 688 3984 brachium,
711 3917 1062 3987 imprecantes
1083 3917 1133 3970 ei
1160 3915 1388 3972 salutem
1429 3927 1480 3971 et
1509 3935 1643 3988 gau-

66 4003 213 4058 dium.
270 4005 574 4077 Dirigimus
611 4024 733 4079 ergo
768 4007 944 4074 illum,
979 4015 1039 4060 ut
1080 4007 1366 4061 solacietur
1395 4009 1536 4062 vobis
1585 4009 1642 4063 in

65 4099 449 4153 necessitatibus
476 4100 683 4166 vestris,
711 4107 822 4152 tam
860 4099 1066 4152 scilicet
1089 4099 1144 4152 in
1185 4115 1337 4168 opere
1358 4115 1639 4154 consecra-

65 4185 228 4256 tionis,
253 4205 418 4260 quam
452 4198 502 4245 et
529 4191 588 4244 in
614 4191 859 4246 unctione
882 4189 1322 4260 confirmationis,
1357 4199 1407 4245 et
1441 4193 1488 4245 si
1510 4193 1639 4264 quid

63 4277 109 4331 in
131 4283 527 4349 necessitatibus
570 4283 716 4350 aliis,
741 4282 852 4338 Deo
875 4283 1100 4354 favente,
1131 4283 1323 4338 valebit
1349 4300 1444 4355 pro
1483 4283 1641 4342 libitu

61 4380 242 4427 sancte
263 4375 365 4406 ³⁸⁸⁸
417 4383 602 4429 vestrae
641 4374 1024 4445 fraternitatis.
1075 4373 1144 4430 Ut
1187 4373 1281 4407 “”
1325 4374 1480 4430 illum
1525 4385 1639 4432 tra-

61 4465 292 4521 ctare'm
323 4468 410 4523 u’ti
434 4467 582 4523 decet
605 4483 710 4524 non
736 4466 1634 4542 detractetis“"veldissimuletis,

1748 1965 1978 2018 aliorum
2002 1974 2310 2019 sanctornm
2338 1966 2750 2020 reverentissime
2783 1966 3010 2036 singulis
3035 1967 3188 2020 annis
3211 1967 3345 2020 cele—

1748 2056 1911 2110 brari.
1948 2056 2072 2110 Non
2101 2059 2240 2111 enim
2269 2059 2358 2128 qui
2385 2076 2438 2112 se
2463 2059 2634 2128 ipsum
2660 2060 2990 2113 commendat
3025 2057 3119 2114 ille
3150 2061 3344 2130 proba-

1749 2159 1833 2202 tus
1855 2158 1960 2215 est,
2001 2150 2089 2202 sed
2117 2167 2268 2220 quem
2311 2149 2451 2204 Deus
2504 2151 2836 2205 commendat
2875 2149 2965 2222 (II
2989 2149 3113 2206 Cor.
3143 2168 3198 2219 Χ,
3225 2151 3338 2221 18),

1746 2241 1878 2296 dicit
1915 2240 2222 2311 apostolus,
2258 2242 2517 2313 glorietur
2547 2242 2662 2309 “’7,
2701 2243 2970 2308 laudetur,
2998 2247 3189 2314 vigeat,
3223 2245 3343 2322 pla-

1747 2343 1880 2401 ceat,
1916 2335 2219 2400 celebretur,
2265 2344 2471 2389 ametur
2510 2343 2559 2388 et
2588 2335 2819 2401 colatur,
2864 2351 3155 2408 nomenque
3191 2336 3341 2390 illius

1746 2426 2128 2496 martgrologio
2159 2428 2446 2480 inseratur.
2501 2426 2625 2497 Ipse
2664 2427 2954 2481 intercedat
2991 2443 3089 2498 pro
3112 2427 3342 2497 peccatis

1745 2529 1794 2574 et
1836 2519 2182 2591 neglegenciis
2235 2522 2430 2574 nostris
2473 2529 2522 2574 et
2567 2522 2970 2576 commissorum
3011 2521 3160 2574 nobis
3199 2520 3341 2591 apud

1747 2611 2210 2666 clementissimam
2235 2613 2402 2666 divini
2427 2614 2658 2667 numinis
2689 2614 3038 2683 majestatem,
3079 2622 3137 2666 ut
3176 2613 3342 2666 mira-

1747 2704 1917 2771 bilia,
1989 2721 2108 2774 qua:
2175 2705 2457 2759 visibiliter
2517 2705 2725 2759 exhibet
2789 2707 2930 2760 circa
3005 2705 3340 2774 inﬁrmorum

1747 2813 1990 2866 corpora,
2021 2797 2076 2849 in
2106 2797 2383 2852 animabus
2415 2799 2611 2852 nostris
2638 2797 2845 2852 occulta
2879 2798 3074 2852 virtute
3107 2797 3339 2868 dignan-

1748 2897 1826 2942 ter
1865 2888 2106 2942 exhibeat
2123 2889 2234 2944 ³⁸³⁸.
2289 2889 2566 2945 Benedicti
2599 2889 2746 2962 (466)
2792 2887 2972 2944 VIIII
3017 2905 3150 2961 pape
3203 2887 3336 2960 (an.

1747 2981 1980 3052 1042?).
2757 3053 2816 3062 ,τ

1817 3075 1978 3129 5.²⁶³⁹
1994 3073 2310 3146 Congruum
2337 3073 2470 3130 duxi
2493 3090 2609 3129 rem
2635 3073 2911 3146 quandam
2935 3073 3158 3146 dignam
3178 3073 3335 3130 valde

1747 3168 2034 3234 memoria,
2081 3184 2248 3242 quam
2295 3167 2441 3223 circa
2495 3176 2740 3239 tempora
2790 3167 2880 3223 illa
2925 3167 3020 3199 ²⁶⁵⁰
3074 3167 3340 3224 accidisse

1747 3261 2008 3332 comperi,
2040 3262 2144 3318 sub
2174 3261 2394 3316 silentio
2419 3276 2528 3316 non
2561 3261 2854 3331 praeterire.
2882 3260 3057 3326 Sicut,
3088 3261 3338 3332 inquam,

1745 3371 1912 3425 supra
1944 3354 2312 3426 signiﬁcatum
2334 3362 2436 3420 est,
2469 3353 2586 3425 ipso
2620 3353 2879 3423 Poppone
2902 3353 3153 3410 videlicet
3174 3351 3340 3410 Jeru-

1747 3448 1916 3502 salem
1952 3445 2220 3517 prol‘ecto,
2257 3455 2312 3502 et
2341 3441 2438 3516 per
2467 3455 2574 3502 tres
2619 3445 2732 3501 fere
2759 3461 2935 3502 annos
2959 3446 3340 3502 demorato—

1744 3543 2087 3599 Babiloniam
2128 3544 2273 3600 enim
2321 3559 2496 3614 usque
2517 3543 2736 3598 videndi
2765 3542 2857 3574 ²⁶⁵¹
2881 3542 3340 3600 nominatissimm

1747 3636 1894 3693 illius
1921 3637 2166 3692 civitatis
2209 3637 2384 3707 gratia
2427 3642 2792 3706 processerat,
2817 3634 2911 3690 ubi
2951 3641 3009 3690 et
3032 3634 3126 3666 '“’
3153 3643 3339 3692 tentus

1743 3731 2082 3802 aliquamdiu
2107 3730 2166 3784 in
2194 3730 2507 3800 captivitate
2545 3729 2830 3784 laborabat
2846 3759 2938 3796 —,
2971 3727 3020 3784 si
3049 3735 3198 3784 recte
3221 3744 3339 3786 me-

1743 3825 1903 3892 mini,
1939 3823 2163 3894 quidam
2213 3821 2561 3878 Mettensinm
2609 3821 2902 3892 episcopus
2930 3820 3050 3876 vice
3096 3820 3336 3892 quadam

1745 3917 1802 3972 in
1845 3916 2058 3987 jejunio
2103 3914 2253 3970 Junii
2287 3915 2496 3970 mensis
2542 3913 2821 3970 Treverim
2869 3928 2969 3984 pro
2995 3928 3062 3970 eo
3111 3913 3335 3969 ordines

1743 4009 1924 4066 facere
1953 4009 2225 4064 veniebat.
2272 4006 2388 4063 Hoc
2425 4007 2574 4061 enim
2605 4007 2721 4075 ipse
2749 4005 3074 4076 priusquam
3107 4005 3175 4059 de
3205 4020 3335 4075 pro-

1741 4104 1922 4160 vincia
1951 4103 2123 4158 exiret
2165 4101 2491 4171 deprecatus
2537 4097 2734 4163 fuerat,
2781 4106 2838 4151 ut
2879 4095 2967 4150 cui
2998 4095 3333 4165 conprovin-

1742 4194 2089 4266 cialiumfm,
2105 4208 2333 4248 suorum
2347 4190 2599 4246 videlicet
2619 4188 3112 4259 suﬂ‘raganeorum,
3126 4186 3335 4257 episco-

1740 4305 1936 4362 porum
1983 4287 2374 4343 demandatum
2431 4283 2646 4349 fuisset,
2697 4279 2978 4336 Treverim
3033 4279 3243 4334 veniret
3277 4289 3334 4335 et

1739 4383 1918 4438 vicem
1963 4381 2084 4452 ejus
2111 4379 2453 4449 adimpleret.
2501 4375 2602 4432 Hic
2630 4386 2812 4432 autem
2842 4389 2953 4445 quo
2982 4371 3206 4429 Treveri
3241 4386 3334 4430 ce-

1737 4475 1872 4533 teris
1905 4473 2161 4543 vicinior,
2197 4485 2264 4528 eo
2304 4470 2381 4527 ibi
2431 4469 2488 4524 in
2534 4468 2642 4525 hoc
2681 4482 2820 4539 opus
2851 4464 2946 4499 ’ω
2970 4462 3328 4536 frequentior.

1371 4582 1605 4646 VARUS
1643 4589 2048 4650 LECTIONES.

119 4692 209 4727 ’“'
234 4694 440 4767 poponi
463 4693 649 4768 2.—p.
668 4694 818 4820 patri
841 4693 960 4750 Act.
1035 4695 1128 4729 ""7
1157 4697 1482 4754 trevirorum
1513 4702 1576 4757 C.
1654 4695 2024 4774 "'°episcopo
2051 4701 2148 4758 BS.
2226 4699 2320 4733 ¹⁶¹⁹
2349 4715 2396 4756 s.
2425 4682 2481 4756 ἐι
2504 4679 2861 4770 apostolicam
2897 4695 3330 4754 benedictionem

181 4766 274 4799 ³⁸³⁸
303 4774 360 4820 et
386 4767 426 4820 l.
458 4767 646 4820 desunt
716 4768 765 4820 1.
843 4767 936 4798 ¹⁶²¹
967 4782 1041 4820 m.
1074 4783 1121 4820 ι’.
1155 4783 1244 4820 οῐ).
1275 4785 1375 4820 nos
1402 4769 1498 4820 BI.
1577 4773 1669 4806 ²⁰⁹¹
1696 4776 2110 4820 rnnmmivimus
2146 4771 2243 4820 ΒΞ-
2322 4772 2750 4820 “"c.v.desunt
2771 4770 2891 4820 Act.
2968 4769 3062 4801 "“
3089 4784 3143 4820 ο.
3171 4784 3226 4820 ι).
3252 4785 3327 4820 m.

57 4761 112 4820 C.
181 4761 274 4799 ³⁸⁵⁸
303 4761 360 4822 ἐι
386 4767 426 4821 1.
458 4761 646 4820 desunt

58 4849 97 4907 s.
126 4834 217 4891 Bl.
343 4835 444 4870 ³⁵³⁸
471 4837 706 4907 spiritali
729 4837 792 4894 C.
917 4837 1011 4870 ⁸⁸³⁸
1037 4834 1327 4894 deest—Act.
1361 4839 1614 4900 Fortasse
1637 4842 1702 4902 Ν.

716 4768 769 4844 l_.
843 4767 1041 4844 κῆρι.
1065 4783 1121 4844 ⁸ι’.
1155 4783 1244 4844 op.
1275 4769 1498 4844 nos_Bl.
1577 4773 1669 4844 mf
1696 4767 2110 4844 con'cupiv'imus
2146 4771 2243 4827 ΒΞ.
2322 4767 2750 4827 ²⁶²³ο.ν.“ι1εεαηι
2771 4769 3062 4844 Λοιτμξω
3089 4784 3327 4844 οηρηηι.

1793 4863 1850 4900 ro
1876 4839 2046 4915 ipsius
2090 4845 2298 4898 nomine
2335 4844 2591 4915 scripturn
2629 4851 2772 4915 erat._
2842 4841 3060 4915 _’_°"__ut
3086 4839 3326 4915 quidet.

56 4905 140 4938 “"
166 4922 340 4978 quare
365 4917 426 4964 et
452 4905 580 4964 eum
607 4909 728 4964 Act.
826 4907 920 4940 ³⁶²⁹
946 4907 1090 4963 deest
1117 4909 1214 4964 Bl.
1309 4911 1402 4943 ¹⁶³⁰
1433 4920 1493 4966 ut
1517 4923 1701 4970 autem
1733 4905 1853 4971 Act.
1901 4905 1911 4915 ’
1955 4918 2046 4948 ²⁶³¹
2077 4915 2324 4971 tractetis
2360 4905 2458 4968 B2;
2498 4912 2807 4970 tractat-etis
2842 4910 2938 4966 Βιι.
2973 4912 3028 4968 5.
3106 4911 3198 4944 ¹⁶³¹
3228 4910 3328 4966 de—

55 4980 284 5064 flectens
305 4978 415 5064 βξ.
445 4979 584 5064 Λοι.-
643 4980 736 5064 ¹⁶³ξ
764 4979 826 5034 ﬁt
850 4978 948 5034 ΒΞ.
1065 4979 1120 5035 ὅ.
1150 4981 1270 5036 Act.
1351 4981 1486 5064 .2“:
1515 4984 1886 5064 innumerosis
1918 4986 2014 5042 Bl.
2121 4986 2214 5062 ’Ψ
2239 4987 2385 5040 deest
2413 4983 2540 5064 5ἶ
2568 5056 2578 5064 _
2628 4983 2742 5064 ξω,
2757 4984 2838 5037 ita
2867 4999 2932 5036 ex
2968 4983 3090 5064 sict.
3123 4983 3326 5064 recepi;

54 5059 273 5106 assensu
296 5051 450 5120 infra
468 5059 587 5121 post
611 5058 930 5106 nostrorum
959 5049 1074 5105 alia
1101 5067 1264 5106 manu
1293 5051 1508 5134 add._C.
1536 5055 1586 5109 1.

54 5129 242 5177 serunt.
340 5121 436 5154 ³⁸³⁷
469 5137 602 5182 ergo
631 5122 751 5176 Act.
851 5121 948 5182 '9”
981 5136 1030 5176 e.
1071 5119 1202 5177 Vale
1237 5120 1567 5180 Benedictus
1640 5172 1644 5179 .

53 5129 242 5177 serunt.
340 5119 436 5154 “‘"
468 5119 602 5180 ergo
631 5122 751 5176 Act.
851 5121 948 5154 ³⁸³⁸
981 5136 1030 5176 e.
1071 5119 1202 5177 Vale
1237 5120 1567 5180 Benedictus

1648 5058 1754 5129 uad
1777 5059 1818 5113 (Σ
1847 5059 1882 5114 5
1905 5075 2034 5129 sqq.
2059 5059 2380 5129 receperunt.
2427 5055 2598 5129 Codd.
2627 5053 2688 5114 B.
2721 5054 2817 5108 hoc
2848 5053 3162 5129 vocabulum
3186 5054 3326 5108 omi-

1727 5145 1867 5200 papa
1897 5126 1958 5184 CL
1978 5126 2142 5199 ‘(Ben.
2173 5126 2319 5200 Vill.
2336 5141 2476 5200 papa
2506 5126 2619 5200 alia
2641 5142 2805 5200 manu
2839 5126 3175 5200 postaddita
3194 5134 3325 5200 sunt

53 5184 90 5241 c
244 5192 365 5276 ,που
390 5207 440 5248 c.
471 5181 608 5248 LIV.
632 5191 845 5259 Leibn.;
875 5181 946 5276 ιιι
967 5209 1016 5248 c.
1049 5190 1287 5248 xxvul.
1339 5192 1380 5250 c
1413 5194 1463 5249 1.
1502 5195 1664 5278 6..Ιη
1688 5181 1825 5282 cfs?
1841 5181 2226 5282 vrubra'le—gitur
2247 5215 2266 5252 .-
2291 5181 2853 5281 Declavodomini.'
2894 5196 2987 5230 ισιο
3019 5197 3162 5251 deest
3194 5194 3237 5249 Β
3265 5200 3320 5252 2.

53 5262 100 5312 4.
165 5303 179 5316 .
209 5277 333 5316 eius
351 5271 472 5316 non
495 5263 624 5316 add.
655 5263 718 5316 C.
753 5264 805 5316 1.
836 5271 889 5316 et
927 5272 1005 5316 tta
1033 5261 1077 5316 C
1113 5263 1148 5316 5
1175 5279 1287 5316 ιω.
1394 5265 1486 5298 ³⁸η
1535 5268 1750 5316 Videnti:
1797 5289 1934 5316 ειη-ιι-
1981 5271 2212 5316 “deinde
2237 5269 2280 5316 C
2309 5270 2360 5316 L
2392 5278 2443 5316 et
2472 5278 2553 5316 ita
2587 5267 2630 5316 C
2672 5268 2707 5316 3
2741 5285 2854 5316 sua-
2964 5268 3058 5303 3‘“
3077 5268 3227 5316 deest
3256 5266 3320 5316 C-

209 5263 333 5340 eius
351 5263 726 5340 postAadd._C._
753 5264 805 5321 1.
836 5265 1005 5340 _e_t__ita
1033 5261 1077 5319 C
1113 5263 1148 5318 5
1175 5279 1287 5338 sqq.
1314 5335 1325 5340 _
1350 5334 1361 5340 _
1394 5265 1513 5340 ’ἵη-
1535 5267 1754 5328 videndi
1797 5289 1935 5327 corr.
1981 5261 2212 5328 videndo
2237 5269 2280 5326 C
2309 5270 2360 5326 1.
2392 5278 2443 5325 et
2472 5270 2553 5326 ita
2587 5267 2630 5326 C
2672 5268 2707 5324 5
2741 5285 2854 5340 sqq.
2964 5268 3058 5303 'm
3077 5268 3227 5324 deest
3256 5266 3320 5324 C.

51 5327 140 5364 ““
161 5327 588 5407 provincialium
633 5333 678 5390 Β
703 5335 758 5391 1.
834 5334 931 5369 ⁸⁸⁸⁸
954 5341 1076 5392 erat
1102 5327 1383 5407 post"
1412 5334 1456 5393 C
1494 5338 1600 5395 Let
1628 5341 1709 5396 ita
1735 5327 1777 5398 C
1804 5343 1838 5399 5
1861 5359 1975 5416 sqq.

1567 5449 1798 5510 NOTE.

48 5561 260 5703 ιυὲξϐῗ)
275 5554 611 5706 Ergetium
643 5564 898 5639 intelligit
949 5561 1314 5635 Papebroch.,
1361 5563 1482 5621 Act.
1523 5563 1624 5622 SS.

113 5705 628 5778 (t66)’Papebroeh.
659 5707 780 5764 Act.
812 5705 915 5764 88.
944 5705 984 5762 ι.
1008 5706 1046 5762 l.
1078 5721 1133 5777 p.
1157 5707 1228 5762 97
1258 5707 1374 5764 haec
1407 5716 1624 5764 monet:

47 5770 101 5860 in
122 5770 405 5860 'ocgrapho
449 5789 663 5860 nostro_
681 5794 985 5860 appe_ns_um
1030 5770 1454 5860 repraesentatur
1475 5779 1630 5849 sigil-

47 5842 174 5922 lum,
193 5842 319 5922 'cui
339 5849 507 5906 altera
535 5842 776 5922 quidem,
797 5849 960 5916 facie,
1003 5842 1627 5922 alitis_v3_ou_a,_circuvm.

45 5913 268 5992 ductum
303 5919 367 5990 in
404 5913 596 5999 urbem
641 5919 810 6007 fuerit
843 5913 1045 5988 nomen
1068 5919 1109 5998 ἰ·
1133 5913 1518 5988 BENEDICTI.
1547 5921 1628 6000 ali

1732 5578 1848 5627 tera
1877 5571 2207 5642 impressum
2231 5578 2398 5642 caput
2419 5570 2477 5626 S.
2500 5569 2666 5638 Petri,
2693 5569 2783 5626 cui
2809 5584 3028 5641 semper
3045 5571 3089 5642 -ι-
3109 5570 3291 5628 incum
3317 5601 3322 5604 -

1732 5641 1845 5708 bat,
1877 5643 2023 5697 unde
2049 5644 2105 5697 in
2139 5643 2328 5697 orbem
2369 5643 2760 5697 circumductae
2793 5651 2906 5698 tres
2936 5643 3130 5696 littera),
3159 5640 3319 5696 PPE

1731 5713 1874 5768 idem
1899 5714 2082 5768 valent
2101 5714 2249 5784 quod
2277 5711 2502 5766 PAPE.
2542 5711 2696 5768 Unde
2723 5715 2840 5769 hac
2871 5714 3035 5768 verba
3066 5713 3320 5784 a_Gesto-

1731 5800 1854 5840 rum
1899 5782 2167 5854 scriptore
2194 5792 2412 5856 sumpta
2440 5799 2561 5839 esse
2598 5793 2762 5854 patet.
2812 5784 3020 5841 Ibidem
3069 5782 3318 5856 ejusdem

1731 5870 1886 5942 papae
1908 5855 2059 5918 bulla
2081 5855 2521 5916 cauonizationis
2551 5855 2696 5915 edita
2717 5863 2820 5914 est.
