3838 6296
583 229 721 290 i227

1222 294 1228 299 _
1287 221 1517 282 GESTA
1554 213 2363 277 TREVERORUM.—GESTA
2397 211 2772 272 GODEFBIDI
2808 212 3135 273 ARCHIEP.
3594 235 3678 296 ηερ

635 361 3672 405 Μ

900 595 1360 716 GESTA
1418 585 3475 784 GODEFRIDI.’ARCHIEPISGOPIM.

649 881 702 935 1.
719 877 888 950 Igitur
908 880 1032 946 post
1047 885 1332 928 excessum
1361 867 1638 950 Brunonis
1663 867 1905 939 episcOpi
1930 865 2176 924 Gothfri—
2201 866 2250 925 A
2274 861 2560 920 desideriis
2594 860 2874 930 anhelare,
2904 867 2967 916 ut
2996 860 3054 916 in
3106 861 3281 918 locum
3313 863 3415 934 ejus
3433 868 3690 937 potuissem.

579 975 682 1030 dus
712 970 803 1006 ³⁸³⁸
838 969 898 1022 in
939 967 1314 1037 episcopatum
1364 961 1649 1017 successit.
1701 958 1803 1016 Hic
1862 959 1930 1015 de
1975 959 2173 1015 Leodi-

581 1064 734 1120 censi
761 1058 1051 1132 parrochia
1082 1054 1524 1128 progenitoribus
1551 1053 1844 1108 admodum
1877 1053 2173 1120 nobilibus,

578 1163 736 1225 patre
764 1150 1039 1216 Rutfrido,
1081 1157 1256 1202 matre
1297 1146 1622 1201 Fridesinda
1667 1145 1908 1212 nomine,
1951 1161 2018 1200 ex
2053 1145 2176 1200 vico

578 1245 673 1316 qui
697 1243 1006 1298 Falmanies
1027 1239 1420 1294 diciturextitit
1440 1236 1709 1292 oriundus
1735 1236 1848 1290 ³⁸³⁷.
1873 1236 2174 1292 Arnoldum

579 1335 910 1390 avunculum
937 1347 1122 1398 suum,
1151 1331 1378 1400 majoris
1407 1329 1686 1395 :ecclesim,
1736 1329 1934 1383 domus
1978 1327 2173 1382 videli-

578 1437 663 1483 cet
681 1428 825 1482 beati
856 1426 1001 1480 Petri
1031 1425 1265 1494 apostoli
1292 1422 1653 1492 prepositum,
1704 1420 1983 1475 Treberim
2016 1435 2174 1476 secu-

578 1529 686 1585 tus,
733 1518 802 1571 ab
853 1515 1167 1570 Everhardo
1218 1513 1583 1567 Treberorum
1631 1511 1888 1581 episcopo
1944 1511 2175 1566 clericus

575 1620 660 1666 est
687 1609 1024 1679 designatus.
1056 1605 1260 1660 Verum
1295 1606 1389 1660 ubi
1425 1606 1712 1658 inmatura.
1741 1604 1992 1658 libertate
2032 1602 2176 1673 poti-

575 1710 666 1757 tus
692 1710 796 1767 est,
844 1700 1109 1755 continuo
1148 1714 1244 1768 per
1289 1712 1617 1767 coequevos,
1659 1695 1861 1766 quibus
1911 1697 2074 1751 luxus
2119 1702 2176 1750 et

578 1794 787 1849 desidia
815 1793 966 1848 cordi
996 1800 1099 1858 est,
1140 1806 1325 1846 amare
1365 1790 1527 1857 vicia,
1561 1797 1834 1860 corrupta:
1858 1788 2173 1843 vimtrami-

577 1895 686 1941 tem
725 1885 979 1940 incedere
1029 1885 1373 1954 perdocetur,
1425 1897 1489 1937 ac
1517 1881 1678 1936 velud
1726 1896 1900 1951 equus
1922 1879 2174 1949 infrenis,
2216 1922 2228 1939 .

576 1986 788 2033 rectore
818 1984 1151 2047 contempto,
1179 1977 1315 2030 recti
1355 1975 1569 2030 itineris
1607 1974 1700 2005 ³⁸³⁸
1736 1974 1937 2027 lineam
1977 1971 2175 2027 dereli-

577 2070 730 2140 quid.
765 2069 1059 2138 PrOpterea
1103 2069 1250 2122 enim
1283 2068 1352 2120 ab
1393 2065 1636 2119 Arnoldo
1681 2080 1847 2135 supra
1872 2073 2176 2120 memorato

578 2159 636 2213 in
660 2160 1029 2212 ministerium
1054 2157 1292 2212 lleinrici
1320 2157 1502 2227 quarti
1552 2155 1696 2226 regis
1742 2156 2022 2227 delegatus
2068 2163 2172 2224 est,

2224 1011 2238 1026 ,
2278 972 2521 1029 surgere.
2547 955 2695 1012 Misit
2713 971 2845 1027 ergo
2872 971 2971 1027 per
2995 957 3309 1014 secretarios
3328 974 3436 1016 suos
3457 960 3693 1023 Heinricore-

2276 1051 2330 1121 gi
2351 1049 2498 1104 mille
2521 1056 2743 1128 centum
2772 1057 2826 1103 et
2853 1049 3018 1115 ultra,
3049 1058 3109 1104 ut
3140 1050 3345 1118 dicitur,
3365 1068 3533 1110 mareas
3553 1062 3694 1128 argenti,

2275 1150 2329 1196 et
2349 1141 2426 1195 ita
2447 1156 2574 1196 eum
2606 1141 2712 1196 sibi
2733 1140 3063 1209 conciliavit,
3093 1151 3173 1210 ut,
3199 1159 3314 1198 cum
3347 1143 3617 1203 Treberenses
3638 1167 3693 1206 re-

2275 1233 2458 1287 nirent
2485 1241 2540 1287 et
2559 1232 2678 1288 dari
2705 1233 2810 1288 sibi
2840 1233 3160 1304 episcopum
3187 1243 3480 1305 expeterent,
3504 1246 3544 1292 et
3561 1241 3698 1309 quidam

2274 1323 2422 1380 illius
2477 1324 2736 1396 ineptiam
2785 1325 3200 1396 pretenderent,
3250 1342 3338 1382 rex
3379 1343 3468 1383 non
3512 1345 3559 1384 eo
3589 1333 3700 1388 minus

2275 1415 2550 1471 omitteret
2593 1415 2726 1487 quin
2765 1431 2891 1471 eum
2945 1417 3260 1488 episcopum
3308 1420 3598 1476 constitueret.
3623 1420 3702 1478 Erat

2273 1509 2420 1563 enim
2461 1508 2650 1564 senilis
2687 1509 3044 1580 desipientia,
3077 1510 3271 1580 plenus
3307 1510 3466 1567 furore
3500 1514 3700 1579 iracundia,

2275 1598 2625 1654 discretionis
2647 1600 2996 1670 permodieae,
3024 1600 3119 1671 qui
3150 1617 3252 1657 nec
3275 1602 3438 1657 domui
3462 1603 3532 1635 ³³⁸³
3548 1620 3618 1659 sua
3641 1606 3701 1659 be-

2275 1707 2346 1746 ne
2363 1685 2599 1746 'noverat
2625 1707 2864 1762 preesse.
2893 1691 3000 1748 Pro
3027 1693 3338 1764 hujusmodi
3361 1696 3525 1766 eligere
3542 1698 3705 1766 enmepi-

2275 1799 2503 1854 scopum
2525 1782 2915 1840 formidabant.
2937 1783 3031 1840 Set
3051 1793 3236 1842 tamen
3253 1787 3356 1855 ³⁸⁸⁸,
3378 1787 3551 1856 vellent,
3569 1789 3705 1852 nollent,

2276 1876 2643 1935 intronizatus
2668 1887 2752 1933 est
2771 1878 2858 1932 die
2897 1877 2930 1930 6
2959 1877 3144 1934 Nonas
3175 1877 3322 1933 Julii.
3353 1879 3596 1941 Statimque
3611 1879 3708 1932 missa

2275 1972 2557 2042 legacione
2584 1969 2865 2025 mandavit
2882 1970 3156 2040 episcopis
3191 1971 3520 2026 aacelesiarum
3539 1971 3708 2040 subject:-

2277 2077 2402 2117 rum
2431 2061 2731 2119 Trevericaa
2762 2064 3104 2134 metropolis,
3136 2065 3391 2134 quatinus
3415 2062 3712 2118 Treberimcon-

2278 2157 2560 2211 venientes
2582 2156 2764 2226 ipsum
2789 2165 3174 2211 consecrarent
3201 2150 3617 2222 antistitem.Quam
3629 2155 3712 2209 vita.

585 2256 665 2315 ut,
706 2248 837 2318 quia
878 2247 945 2300 de
991 2262 1205 2300 morum
1240 2247 1383 2317 ejus.
1417 2245 1820 2317 irreligiositate
1856 2245 2178 2316 regulariter
2210 2241 2254 2296 B
2279 2244 2405 2302 licet
2431 2246 2898 2300 consecrationem
2927 2245 3011 2300 sui
3054 2245 3184 2300 licet
3216 2245 3328 2316 ipse
3355 2243 3569 2300 voluisset
3595 2244 3714 2298 accele-

585 2357 695 2395 non
729 2347 975 2410 speraret
1007 2339 1177 2393 ullum
1205 2339 1639 2394 ecclesiasticum
1668 2337 1934 2393 honorem
1961 2337 2178 2394 contin—

580 2448 728 2504 gere,
783 2432 829 2487 si
865 2431 1098 2487 facultas
1126 2431 1456 2502 subpeteret,
1496 2431 1748 2486 videlicet
1797 2431 1843 2485 si
1883 2432 2175 2486 ecclesiar-

583 2525 814 2580 cliarum
843 2525 1138 2595 quisquam
1173 2524 1285 2578 vita
1321 2523 1623 2590 decederet,
1656 2523 1703 2578 si
1732 2523 1985 2593 nequiret
2014 2539 2179 2579 cano-

579 2618 721 2684 nice,
765 2617 916 2689 regia
952 2617 1147 2672 saltem
1188 2606 1562 2671 intruderc'tur
1601 2623 1892 2686 potestate.
1939 2615 2180 2688 Contigit

578 2711 763 2782 itaque
780 2719 1089 2782 temporum
1125 2711 1342 2766 labente
1367 2709 1664 2776 curriculo,
1687 2710 1956 2765 decanum
1980 2710 2177 2766 domus

582 2801 939 2860 Treberensis
981 2805 1127 2859 diem
1158 2812 1464 2858 extremum
1491 2803 1764 2870 claudere,
1790 2811 1846 2858 et
1874 2819 1983 2858 non
2003 2804 2179 2859 multo

579 2903 706 2966 post
773 2896 1254 2952 archidiaconatus
1320 2895 1579 2962 ollicium,
1644 2895 1753 2949 alio
1815 2911 2035 2966 quoque
2100 2895 2177 2950 ibi

579 2988 835 3056 obeunte,
872 3004 1110 3056 vacare;
1161 2989 1310 3059 quod
1356 2997 1416 3043 ut
1469 2988 1584 3060 regi
1639 2987 1896 3056 innotuit,
1955 2989 2177 3046 directis
2225 3051 2227 3053 _

577 3095 709 3136 mox
734 3081 802 3136 ad
836 3079 1173 3150 Egilbertum
1199 3082 1519 3152 episcopum
1541 3081 1760 3147 litteris,
1785 3082 2087 3147 mandavit,
2115 3091 2178 3136 ut

579 3185 748 3241 supra
770 3179 1137 3228 memoratum
1162 3171 1508 3228 Gothl‘ridum
1536 3172 1645 3226 illis
1677 3173 1982 3229 honoribus
2006 3174 2179 3228 subli-

579 3271 778 3328 maret,
805 3264 951 3333 quod
974 3265 1083 3319 nisi
1097 3263 1316 3332 faceret,
1345 3279 1528 3335 regem
1557 3263 1873 3320 offenderet.
1905 3265 2024 3320 Jam
2045 3282 2178 3322 vero

581 3351 834 3424 adeptus,
863 3354 909 3409 si
946 3355 1225 3410 debuisset
1251 3355 1567 3426 quempiam
1589 3354 1901 3411 claustralis
1923 3357 2178 3427 stipendii

579 3445 669 3500 vel
695 3445 884 3502 altaris
906 3445 1052 3502 dono
1080 3447 1359 3514 investire,
1388 3463 1498 3502 non
1526 3446 1761 3503 faciebat
1789 3448 1907 3504 sine
1934 3452 2177 3507 muneris

582 3538 938 3594 assecucione
972 3557 986 3607 ;
1020 3553 1175 3594 more
1210 3539 1481 3594 diabolica
1524 3553 1635 3594 non
1679 3555 1878 3610 passus
1913 3557 1971 3597 se
1995 3544 2173 3598 solum

582 3628 830 3696 interire,
857 3630 990 3700 quin
1017 3638 1073 3686 et
1096 3630 1234 3686 alios
1275 3631 1555 3702 satagebat
1588 3647 1774 3688 secum
1827 3635 2172 3705 precipitare,

582 3720 877 3790 presertim
921 3734 1048 3776 cum
1087 3735 1154 3776 ex
1185 3722 1418 3777 decretis
1452 3723 1774 3792 pontiﬁcum
1799 3721 2173 3782 Romanorum

585 3819 701 3868 tam
726 3812 1023 3870 vendentes
1049 3829 1216 3884 quam
1241 3822 1483 3870 ementes
1508 3815 1746 3872 honores
1777 3817 2037 3873 aacclesiae
2065 3819 2176 3874 sint

580 3905 864 3979 dampnati
886 3907 1252 3963 anathemate.
1271 3905 1409 3962 Cum
1422 3915 1605 3963 autem
1630 3923 1734 3964 nec
1755 3909 1836 3964 sic
1850 3909 1985 3965 satis
2005 3909 2176 3966 libere

581 3999 690 4057 sibi
704 3989 1001 4056 "videretur
1040 4002 1335 4062 canonieas
1372 4016 1535 4071 posse
1569 4002 1887 4058 venundare
1926 4032 1998 4042 ——
2024 4003 2176 4073 prior

581 4091 732 4148 enim
756 4090 964 4147 decano
985 4091 1298 4162 prepositus
1318 4093 1478 4148 debet
1503 4092 1764 4149 investire
1797 4123 1865 4134 -—
1908 4093 2178 4151 affectavit

582 4189 641 4239 et
661 4182 797 4253 ipse,
823 4183 914 4219 ³⁸³⁸
949 4184 998 4240 si
1045 4199 1185 4254 quas
1229 4192 1415 4256 posset
1455 4187 1830 4256 preposituras
1871 4188 2171 4258 acquirere.

581 4269 756 4345 Igitur
805 4276 1214 4347 congregationi
1258 4276 1405 4332 beati
1444 4275 1730 4348 Symeonis
1773 4294 1938 4349 super
1961 4288 2175 4350 portam

584 4363 823 4422 civitatis
873 4375 1092 4437 preerat
1125 4368 1349 4438 quidam
1375 4367 1698 4426 Uodelricus
1735 4371 1978 4438 nomine,
2016 4380 2178 4430 natus

584 4458 655 4515 de
683 4460 885 4516 ﬁnibus
905 4461 1192 4532 Aquileiae.
1225 4478 1388 4533 quem
1424 4462 1568 4518 idem
1617 4463 1937 4522 Gothfridus
1962 4466 2054 4499 ³⁸⁵⁰
2081 4483 2178 4538 per

585 4549 885 4607 Martinum
921 4551 1196 4622 quendam
1219 4553 1559 4623 capellanum
1589 4571 1750 4609 suum
1773 4555 1849 4611 ita
1875 4557 2179 4614 circumve-

586 4642 690 4710 nit,
714 4651 794 4710 ut,
821 4642 867 4698 si
886 4642 1195 4713 Aquileiam
1221 4659 1468 4700 remeare
1495 4647 1782 4715 voluisset,
1816 4651 2178 4720 prepositura:

589 4750 706 4791 suae
727 4751 856 4791 eum
885 4736 1140 4792 heredem
1162 4737 1546 4805 substitueret;
1581 4755 1703 4794 cum
1737 4741 1926 4810 utique
1954 4757 2065 4796 non
2096 4743 2180 4798 di-

587 4827 823 4899 gnitates
842 4829 1246 4884 :ecclesiasticze
1270 4829 1396 4899 jure
1435 4830 1784 4900 hereditario,
1811 4833 1907 4889 sed
1934 4834 2178 4903 probatis

589 4917 715 4975 vitae
746 4920 1037 4977 sanctitate
1059 4921 1170 4976 sint
1197 4908 1560 4990 conferendae,
1590 4938 1830 4994 quorum
1855 4925 1966 4982 vita
1989 4925 2177 4983 subdi-
2199 4957 2254 5037 Β

589 5009 662 5037 ιε.-
700 5012 772 5037 ρξι
796 5012 1009 5037 ..ξυμ-,ΔΞ
1034 5027 1222 5037 ...Α-...Α

589 5009 666 5068 tis
700 5012 774 5069 sit
796 5012 1013 5068 vivendi
1034 5027 1248 5068 norma.

661 5101 720 5157 2.
758 5101 945 5176 Itaque
981 5119 1206 5161 corrasa
1239 5105 1369 5162 hinc
1407 5115 1463 5164 et
1516 5108 1643 5166 inde
1684 5110 1928 5167 thesauri
1978 5127 2172 5184 magna

591 5193 868 5265 congerie,
896 5212 1022 5254 cum
1071 5197 1259 5258 Bruno
1287 5199 1494 5257 obisset
1522 5201 1633 5274 (an.
1661 5202 1844 5276 1124),
1878 5204 2022 5279 cepit
2046 5203 2176 5261 totis

2277 2337 2409 2404 rari,
2451 2345 2634 2392 tamen
2679 2337 2910 2392 diversis
2946 2353 3246 2392 causarum
3288 2336 3635 2392 intercidentinm
3665 2333 3714 2364 "“

2277 2432 2694 2502 prepediebatur
2724 2431 3043 2487 obstaculis.
3073 2430 3220 2487 Ecce
3247 2431 3384 2486 enim
3406 2426 3717 2499 Stephannsle-

2279 2522 2449 2577 tensis
2472 2521 2784 2592 episcopus,
2814 2528 2878 2577 ut
2913 2521 3120 2576 audivit
3147 2521 3301 2592 quod
3325 2519 3509 2591 prefato
3525 2519 3654 2573 ordine
3671 2515 3718 2569 in.

2279 2615 2523 2681 traverit,
2554 2615 2646 2669 illo
2672 2614 2858 2670 venire
2885 2613 3293 2682 dissimulavit';
3322 2615 3528 2670 venisset
3543 2608 3720 2676 tamen,si

2278 2706 2441 2776 pallio
2458 2722 2569 2776 quo
2601 2707 2908 2762 avunculus
2933 2723 3066 2764 suus
3096 2706 3341 2763 Calistus
3369 2722 3489 2778 papa
3507 2721 3600 2761 eum
3621 2705 3720 2757 Itone

2278 2798 2441 2864 ravit,
2469 2799 2526 2852 in
2550 2799 2964 2854 consecratione
2984 2800 3389 2870 metropolitani
3410 2793 3723 2869 permissnsiuis-

2281 2899 2362 2946 set
2389 2891 2561 2945 indui.
2597 2889 2716 2946 Non
2744 2891 2890 2946 enim
2936 2892 3041 2947 nisi
3070 2892 3243 2962 pallio
3281 2891 3483 2946 indutus
3506 2888 3629 2943 voluit
3648 2887 3722 2938 inte-

2279 2999 2432 3038 resse
2467 2984 2897 3039 consecraeioni.
2931 2983 3112 3050 Quare
3155 2993 3341 3040 autem
3389 2999 3448 3039 eo
3489 2997 3576 3036 non
3595 2979 3642 3034 sit
3657 2991 3724 3046 pu-

2279 3077 2486 3130 missus
2518 3075 2691 3143 indui,
2720 3091 2889 3132 causa
2922 3077 3039 3131 haec
3060 3084 3146 3132 est
3185 3076 3475 3148 :‘quoniam
3498 3070 3616 3144 quasi
3630 3067 3723 3123 in“

2279 3167 2539 3236 injuriam
2585 3168 2902 3232 metropolis
2946 3169 3215 3226 azcclesiaa
3236 3185 3303 3225 eo
3330 3167 3609 3241 gloriabatur
3625 3177 3662 3217 se
3682 3159 3726 3213 il-

2279 3261 2393 3327 ἀυί,
2426 3275 2526 3316 nec
2559 3261 2616 3315 in
2650 3261 2770 3332 ejus
2795 3262 2889 3296 ³⁸³⁸
2915 3278 3019 3318 usu
3055 3262 3234 3318 ullum
3271 3262 3436 3317 voluit
3455 3261 3504 3315 in
3529 3250 3726 3322 metropdi-

2279 3363 2409 3409 tano
2437 3354 2637 3409 habere
2659 3365 2989 3425 respectum.
3015 3355 3118 3411 Est
3129 3365 3191 3412 et
3205 3346 3315 3411 alia
3330 3369 3502 3418 causa,
3518 3362 3642 3422 quare
3657 3358 3728 3399 οω-

2279 3447 2582 3503 secraeioni
2621 3449 2904 3518 premissae
2933 3450 3174 3504 noluerit
3197 3449 3474 3504 interesse.
3498 3441 3725 3510 Interin

2282 3539 2621 3610 Stephanum
2652 3548 2706 3597 et
2734 3539 3054 3598 Heinricum
3098 3541 3492 3598 Virdunensem
3529 3535 3729 3614 θρίξωμίι

2276 3631 2418 3688 facta
2467 3641 2549 3688 est
2603 3633 2911 3702 contencio,
2965 3635 3093 3706 quis
3141 3649 3342 3690 eorum
3387 3624 3729 3696 metropolitanum

2276 3733 2702 3782 eonsecraturus
2756 3735 2904 3782 esset
2944 3727 3294 3798 episcopum,
3347 3722 3730 3795 Stepth

2276 3817 2436 3873 dente
2462 3817 2607 3873 sedis
2644 3833 2759 3873 suee
2784 3817 3181 3888 principatum,
3213 3817 3463 3874 Heinriw
3485 3820 3622 3870 autem
3648 3803 3730 3858 mdi-

2275 3911 2516 3965 nationis
2560 3925 2673 3966 suae
2705 3910 3032 3980 prioratum.
3072 3909 3168 3967 Set
3192 3920 3318 3967 uter
3359 3916 3532 3966 eurum
3555 3899 3731 3976 iustiorem

2276 4002 2622 4072 proposuerit
2673 4017 2920 4070 causam,
2975 4003 3269 4072 edisserat,
3317 4001 3532 4057 maxime
3564 3985 3733 4050 αιωὲιθ

2276 4094 2492 4164 phanus
2521 4094 2759 4165 quodam
2791 4094 2932 4150 fastu
2961 4097 3259 4167 superbiae,
3300 4093 3560 4151 Heinricus
3582 4092 3732 4139 veron-

2276 4186 2426 4241 tione
2451 4187 2686 4242 voluerit
2713 4197 3070 4244 consecrator
3095 4190 3365 4255 existere;
3399 4185 3498 4241 nisi
3517 4182 3555 4237 si
3572 4178 3734 4269 forte?

2278 4279 2443 4335 clesia
2462 4278 2720 4336 Metensis
2747 4279 2804 4334 in
2824 4281 3126 4354 privilegiis
3161 4281 3384 4349 habeat,
3408 4275 3535 4350 quod
3556 4283 3650 4329 suns
3672 4277 3734 4332 φ’

2277 4387 2478 4443 scopus
2519 4373 2591 4428 sit
2629 4374 3114 4444 metropolitanum
3157 4382 3574 4432 consmraturus.
3615 4362 3736 4454 Ιυιειξι

2277 4464 2408 4518 dum
2457 4465 2557 4521 hec
2587 4473 2881 4537 agerentur
2907 4468 3233 4538 supervenit
3261 4465 3404 4522 forte
3440 4447 3733 4535 quidamaﬁﬁ'

2277 4557 2440 4624 nalis,
2467 4556 2846 4614 Willehelmus
2874 4560 3117 4627 nomine,
3163 4559 3517 4615 Prenestinus
3536 4552 3735 4622 epin

2278 4645 2467 4702 dicens
2489 4662 2548 4704 se
2573 4647 2641 4703 ab
2658 4649 2961 4719 apostolica
2988 4651 3324 4706 auctoritate
3344 4647 3647 4708 directumull
3662 4645 3736 4704 (ἶνιν

2279 4755 2514 4811 cumque
2543 4741 2599 4797 in
2625 4743 2749 4798 loco
2786 4743 3073 4814 episcopos
3100 4758 3217 4799 non
3241 4749 3568 4800 consecratos
3587 4721 3738 4786 τδιὲυά

2279 4833 2560 4902 quodlibet
2600 4834 2920 4905 hujusmodi
2959 4836 3175 4908 negocii
3230 4833 3566 4907 inperfectum
3591 4817 3738 4879 invenii-

2279 4934 2382 4994 set,
2405 4927 2743 4998 adimpleret.
2787 4927 2960 4994 Quem
2991 4936 3053 4984 ut
3107 4927 3425 5000 Stephanus
3449 4918 3651 4979 Metensis
3669 4909 3739 5004 TN"

2278 5019 2453 5075 berim
2474 5020 2690 5077 venisse
2709 5005 2994 5092 comperit,
3027 5021 3255 5078 directis
3274 5021 3345 5077 ad
3363 5015 3482 5076 eum
3499 5009 3662 5070 litteris.
3679 5013 3736 5070 Ρη-

2281 5127 2433 5168 mum
2467 5113 2684 5183 quidem
2743 5129 2843 5185 per
2880 5114 3170 5171 karitatem
3224 5113 3458 5187 rogavit,
3485 5118 3534 5166 et
3557 5105 3736 5176 νοειειθί

2282 5206 2581 5275 apostolica
2606 5208 2930 5267 auctoritate
2958 5207 3267 5278 interdixit,
3291 5222 3362 5264 ne
3382 5203 3504 5280 quid
3521 5197 3596 5234 ³³⁸⁸
3616 5189 3672 5250 sui
3687 5199 3734 5238 α·

1863 5359 2099 5418 ὙΑΒΙΑΞ
2140 5360 2550 5421 LECTIONES.

668 5462 763 5554 ξω
787 5461 991 5554 ﬁgunt
1014 5467 1129 5550 cod.
1160 5468 1203 5521 Β
1223 5468 1278 5523 2.
1311 5468 1407 5554 [eL
1431 5469 1537 5552 41?.
1573 5468 1858 5554 leguntur.
1897 5471 2012 5554 is“
2035 5473 2559 5554 gnothfridus‘erqsa
2590 5475 2837 5554 litterq_u_
2856 5476 2972 5554 cod.
3051 5475 3144 5509 ³⁸³⁷
3169 5476 3408 5554 orifrdus

589 5537 716 5595 cod.
738 5607 750 5617 _
787 5536 880 5568 ³⁸³⁸
905 5537 1126 5617 iteneris
1146 5555 1283 5617 cor_r_.
1309 5535 1522 5617 itineris
1542 5558 1588 5596 ο.
1623 5535 1642 5542 ⁷
1667 5542 1759 5574 ³⁸³⁸
1787 5535 2101 5617 ρᾳεςγδηρῇι.
2131 5563 2177 5600 c.
2249 5542 2342 5583 δειο
2371 5545 2574 5617 guthfr.
2631 5563 2718 5617 οη
2749 5545 2840 5578 ³⁸⁸¹
2877 5547 3075 5604 domne
3096 5563 3242 5604 corr.
3276 5546 3458 5604 domui
3481 5560 3520 5617 ε)
3580 5535 3646 5569 ³⁹⁸¹

595 5607 768 5691 suppl:
798 5624 872 5691 c.‘
922 5609 1017 5640 ³⁸⁸³
1054 5609 1505 5691 ξῃιυριτςὶᾱοηοίῃῃ
1529 5629 1575 5668 c.
1611 5629 1762 5691 quem
1787 5607 1856 5671 'ad
1883 5607 2118 5691 (merum
2146 5617 2252 5689 fere
2274 5607 2480 5691 secutus
2506 5633 2656 5691 sum,
2679 5614 2880 5688 Scripsi
2905 5626 3079 5691 tamen
3098 5620 3153 5674 in
3184 5621 3459 5677 verborum
3490 5609 3729 5688 ﬁﬁtfl‘m"

600 5679 695 5721 ’Ν
731 5679 872 5740 deest
927 5695 973 5744 ς,
1053 5679 1145 5713 ³⁸⁸³
1179 5681 1258 5741 eis
1291 5698 1337 5740 ο.
1416 5683 1507 5714 ³⁸δ⁶
1544 5679 1690 5760 quod
1727 5684 2021 5761 legendum,
2069 5679 2165 5746 aut
2191 5697 2307 5767 post
2332 5689 2462 5766 quid
2502 5679 2850 5767 supplendum
2869 5696 2946 5749 est
2975 5688 3044 5750 P.
