3838 6296
66 362 245 425 122s
544 330 571 335 ’⁷
666 327 672 332 ’
757 337 1529 422 cnsrs'rnnvsnonuu.
1565 393 1582 407 -

1856 364 2308 445 Acone:me
2338 348 2663 430 ARCIIIEP;
2708 424 2721 439 κ
2776 396 2785 399 ι
2834 336 2845 342 ’
3014 352 3033 360 Ἀ
3230 379 3372 439 1250

74 483 225 541 dinis
250 486 417 549 esset,
444 479 563 553 ipsc
592 478 773 537 facere
807 490 1168 552 presumeret.
1199 480 1321 549 Quo
1355 492 1549 539 contra
1579 484 1669 541 ille
1699 487 1746 545 A
1770 499 2132 556 personarum
2180 484 2553 557 distinctione,
2594 500 2740 545 unus
2768 486 3059 549 indeitate
3089 488 3369 563 'smbstazi-
3428 540 3431 543 λ

33 644 43 667 ι
74 574 413 647 θροειοιὶοω,
435 572 779 630 auctoritatis
803 572 1016 630 litteras
1049 573 1107 628 in
1141 573 1249 630 hoc
1273 589 1413 645 opus
1441 573 1546 631 sibi

980 590 1016 630 ιε
1049 573 1107 628 in
1141 573 1249 630 hoc
1273 589 1413 645 opus
1441 573 1546 631 sibi
1567 574 1693 651 da-_
1771 575 1890 633 ciae.
2494 582 2496 587 '

71 677 164 726 tas
188 666 419 740 protulit
438 666 554 736 ⁸⁸⁸⁷,
579 667 730 722 hunc
755 667 980 724 modum
1011 667 1355 725 continentes
1387 684 1400 721 :
1688 744 1693 749 Δ
1800 744 1805 753 ι
1841 669 1895 723 4.
1929 667 2103 726 Porro
2121 670 2316 741 paucis
2340 671 2519 729 adhuc
2540 672 2878 745 innotuerat,
2902 678 3051 749 quod
3081 663 3383 753 episOOpa?

145 757 400 814 Kalistus
420 759 721 831 episcopus,
742 776 921 815 servus
943 777 1212 816 servorum
1233 759 1357 830 Dei,
1373 761 1669 817 carissimis
1770 768 1888 817 tum
1918 763 2105 833 precio
2153 758 2587 836 comparaverat,
2620 782 2748 822 cum
2774 783 2902 825 ecce
2943 768 3379 831 insurrexerunt

68 853 227 908 nobis
273 852 335 907 in
363 850 577 909 Christo
628 852 891 923 fratribus
939 854 1347 926 archiepiscopis
1381 854 1670 926 ceterisque
1771 854 1829 911 in
1854 871 1979 911 eum
2030 872 2098 913 ex
2149 859 2395 929 equestri
2451 859 2643 915 ordine
2684 861 2789 916 viri
2828 862 3025 935 iniqui,
3062 847 3368 937 exigentes,

68 944 451 1000 ecclesiasticis
497 943 773 999 ordinibus
822 960 916 1016 per
956 943 1216 1013 Galliam,
1242 943 1584 1001 Germaniam
1619 952 1673 1001 et
1771 946 1892 1003 dari
1928 949 2033 1005 sibi
2060 951 2335 1021 promissa
2364 952 2651 1024 beneﬁcia,
2674 957 2981 1012 mercedem
3007 957 3260 1016 videlicet
3286 961 3374 1017 fa-L

69 1037 373 1095 Franciam
401 1037 731 1106 constitutis,
766 1036 997 1093 salutem
1037 1044 1087 1092 et
1128 1038 1476 1109 apostolicam
1515 1038 1689 1115 bene-_
1771 1039 1940 1109 voris,
1985 1043 2247 1112 quoniam
2283 1044 2388 1116 ipsi
2428 1060 2553 1101 eum
2595 1046 2772 1119 magis
2820 1047 3017 1106 favore
3064 1068 3168 1109 suo
3199 1068 3368 1125 quam

64 1131 381 1186 dictionem.
429 1128 699 1185 Mittimus
749 1130 818 1185 ad
859 1146 947 1185 vos
994 1130 1217 1201 fratrem
1255 1138 1497 1185 nostrum
1528 1130 1668 1186 Wil-
1771 1134 2145 1191 ecclesiastica
2183 1137 2447 1194 electione
2490 1141 2925 1197 constituissent.
2973 1141 3188 1210 Quibus
3241 1162 3367 1201 cuin

60 1222 356 1280 lehelmum
378 1222 754 1278 Prenestinum
776 1224 1099 1296 episcopum,
1137 1224 1323 1280 dantes
1344 1225 1394 1280 ei
1417 1242 1538 1279 cum
1560 1241 1672 1280 ves-
1770 1227 1863 1284 ille
1890 1227 2126 1299 plurima
2168 1229 2563 1302 episcopalium
2598 1234 2870 1290 redituum
2897 1238 3242 1306 concederet,
3266 1255 3370 1296 nec

62 1323 164 1372 Ira
194 1317 417 1372 caritate
442 1316 740 1385 licenciam,
770 1325 833 1371 ut
856 1318 903 1371 si
933 1318 1025 1389 qui
1053 1317 1162 1372 sint
1183 1318 1241 1372 in
1273 1318 1417 1373 vobis
1438 1320 1671 1390 episcopi
1770 1328 1954 1377 tamen
1979 1321 2115 1377 satis
2150 1322 2233 1378 eis
2255 1322 2321 1377 ad
2352 1324 2614 1394 placitum
2646 1328 2972 1401 impertiret,
2997 1330 3370 1402 calumpniato

56 1424 184 1465 non
210 1410 522 1478 consecrati,
547 1418 836 1477 consecret,
872 1417 944 1478 et,
969 1410 1017 1464 si
1053 1426 1160 1481 qua
1186 1418 1310 1465 sunt
1333 1410 1447 1465 alia
1481 1411 1674 1482 hujus--
1770 1428 1837 1470 eo
1870 1412 2241 1471 abscedebant
2261 1415 2376 1484 '3",
2405 1424 2461 1472 et
2486 1418 2745 1489 aliqui'ex
2770 1422 2851 1478 eis
2877 1423 2934 1477 in
2960 1423 3081 1493 ejus
3109 1423 3371 1494 injuriam

57 1503 221 1556 modi
234 1502 718 1558 ecclesiasticarum
739 1504 1077 1576 negociorum
1096 1505 1271 1559 minus
1297 1505 1532 1576 perfecta
1555 1505 1669 1576 ³⁸⁸⁸,
1774 1510 1954 1560 castra
1976 1502 2355 1573 instituebant,
2387 1505 2481 1560 alii
2502 1504 2885 1579 predaciones,
2916 1510 3010 1565 alii
3046 1527 3370 1567 concrema-

56 1591 128 1646 in
174 1594 415 1649 omnibus
466 1594 733 1665 inoffensa
771 1594 1111 1667 fraternitate
1149 1604 1494 1653 consummet.
1548 1596 1672 1654 Pam
1772 1594 1960 1652 ciones
1993 1597 2341 1665 exercebant,
2381 1598 2518 1654 adeo
2557 1607 2619 1654 ut
2668 1601 2877 1657 nostris
2914 1618 3134 1675 quoque
3160 1611 3372 1674 tempo-

56 1684 243 1741 nobis.
1672 1760 1675 1761 ν
1771 1686 1947 1754 ribus,
1977 1686 2119 1742 sicut
2143 1687 2446 1759 antiquitus
2470 1688 2646 1747 factas
2675 1691 2934 1763 legimus,
2956 1694 3371 1753 devastaciones

138 1775 257 1834 Has
285 1777 472 1861 itaque
493 1795 620 1836 cum
649 1779 707 1836 in
742 1781 974 1838 auribus
1001 1780 1249 1837 omnium
1316 1782 1412 1855 qui
1443 1782 1674 1839 aderant
1774 1776 1942 1849 hujus
1980 1776 2287 1834 Treberica:
2329 1779 2569 1836 civitatis
2622 1782 2995 1853 deploremus.
3049 1783 3293 1855 Denique
3321 1784 3368 1843 si

56 1872 445 1942 exposuisset,
475 1874 717 1946 adjecit:
752 1873 813 1930 Si
857 1876 1026 1946 frater
1051 1883 1229 1931 noster
1263 1874 1514 1932 Metensis
1544 1892 1669 1932 con-
1696 1876 1745 1937 B
1772 1870 1868 1941 qui
1909 1870 1977 1926 de
2002 1870 2095 1903 ³⁸⁵⁰
2130 1871 2297 1940 clem,
2332 1881 2428 1926 aut
2457 1873 2623 1928 etiam
2671 1876 2740 1930 de
2790 1877 3004 1947 reliquo
3039 1877 3263 1948 populo,
3300 1876 3373 1933 ad

55 1966 366 2022 secraciom'
393 1969 817 2039 metropolitame
863 1969 1091 2025 voluerit
1126 1970 1399 2037 interesse,
1444 1986 1536 2041 ego
1559 1972 1670 2025 vita
1775 1978 1915 2034 opus
1948 1978 2109 2019 suum
2142 1964 2209 2020 de
2239 1964 2460 2021 civitate
2504 1976 2789 2036 exeuntes,
2823 1968 2929 2026 liac
2965 1968 3082 2025 sive
3105 1969 3236 2025 illuc
3270 1970 3374 2025 ha—

55 2059 263 2123 comite
290 2074 381 2114 ero
409 2060 459 2114 ei
485 2060 780 2130 adjutorio,
803 2063 851 2116 si
884 2077 1003 2116 vero
1024 2062 1198 2116 venire
1226 2052 1331 2116 non
1363 2071 1678 2131 maturaveg
1771 2057 2023 2114 buissent
2047 2058 2337 2126 divertere,
2356 2060 2734 2130 capiebantur,
2754 2061 3292 2132 calumpniabautur,
3316 2070 3375 2119 et

57 2150 170 2217 rit,
206 2158 360 2221 prout
394 2151 642 2207 dominus
667 2153 990 2223 permiserit,
1020 2170 1115 2225 ego
1148 2153 1314 2208 uicem
1347 2152 1464 2223 ejus
1489 2154 1667 2208 adim-
1770 2150 1957 2207 omnia
1980 2166 2081 2206 sua
2102 2150 2185 2206 eis
2207 2151 2556 2207 tollebantur.
2591 2151 2798 2209 Tocius
2822 2161 3009 2209 autem
3038 2154 3207 2226 hujus
3235 2154 3374 2210 inte-

56 2242 247 2315 plebo.
280 2241 525 2315 Denique
554 2245 635 2300 illi
654 2254 879 2317 propter
913 2262 1080 2317 supra
1109 2253 1443 2302 memoratas
1470 2262 1670 2305 causas
1769 2243 1911 2299 ritus
1936 2250 2132 2300 auctor
2166 2251 2220 2299 et
2245 2242 2909 2314 preduxWillehelmus,‘
2934 2246 3095 2316 cujus
3114 2248 3372 2316 proximo

63 2334 362 2391 Treverim
380 2337 569 2394 venire
593 2338 825 2407 nolenti,
842 2337 1089 2409 prefatus
1124 2339 1443 2407 cardinalis,
1471 2355 1671 2411 coope-
1770 2349 2025 2390 sermone
2037 2335 2244 2390 mentio
2264 2343 2343 2390 est
2373 2334 2547 2405 (524),
2573 2349 2780 2404 comes,
2802 2344 2857 2392 et
2875 2334 3022 2393 ﬁlius
3042 2336 3163 2407 ejus
3182 2334 3372 2392 Cuon-

60 2429 328 2487 nantibus
353 2430 628 2503 episcopis
649 2428 911 2488 Heinrico
931 2431 1267 2488 Virdunensi
1296 2440 1351 2489 et
1376 2431 1669 2488 Cuonrado
1768 2427 1960 2496 radus,
1992 2428 2085 2498 qui
2144 2427 2287 2483 sicut
2338 2427 2533 2498 patriae
2576 2428 2965 2498 possessionis,
3024 2427 3101 2483 ita
3152 2442 3374 2500 quoque

60 2516 340 2589 Tullensi,
364 2520 698 2592 premissum
730 2509 1133 2579 Guodefridum'
1173 2523 1517 2579 consecravit
1550 2524 1667 2594 epi-
1770 2520 1931 2577 heres
1955 2527 2010 2575 et
2036 2520 2281 2575 imitator
2306 2519 2487 2575 tocius
2508 2520 2718 2576 exstitit
2744 2520 3081 2591 iniquitatis;
3110 2531 3165 2576 et
3184 2520 3233 2577 si
3259 2536 3372 2593 quo

60 2626 326 2684 scopum,
350 2613 439 2670 die
462 2613 741 2671 dominica
768 2613 800 2668 7
825 2613 953 2671 ldus
985 2613 1343 2685 Septembris.
1664 2676 1669 2681 η
1769 2613 1935 2668 modo
1964 2628 2073 2668 non
2106 2628 2202 2683 per
2221 2612 2407 2667 omnia
2441 2613 2654 2684 equalis
2694 2612 2839 2683 patri
2884 2613 2943 2667 in
2982 2613 3202 2670 malicia
3228 2623 3370 2687 erat,

78 2746 87 2751 -
145 2706 198 2761 '5.
240 2704 320 2761 Ita
354 2690 578 2763 demum
609 2707 986 2765 ordinacionis
1022 2722 1138 2763 suae
1166 2723 1392 2779 compos
1422 2707 1667 2777 effectus,
1769 2704 1947 2775 magis
1975 2704 2131 2759 illum
2161 2703 2430 2760 scelerum
2453 2703 2825 2759 immensitate
2846 2718 3013 2774 quam
3036 2702 3149 2760 ulla
3172 2705 3374 2777 preivit

63 2798 315 2870 quadam
357 2800 499 2869 vice,
528 2815 656 2857 cum
694 2801 994 2869 debuisset,
1028 2809 1090 2856 ut
1134 2800 1307 2857 moris
1328 2809 1432 2869 est,
1460 2802 1517 2856 in
1552 2817 1669 2856 am-
1770 2795 2163 2852 diminucione.
2196 2795 2407 2852 Horum
2439 2802 2826 2868 cooperatores
2866 2796 3199 2854 exstiterunt
3220 2788 3375 2871 ipso-

62 2891 218 2947 bone
254 2891 507 2950 ﬁdelibus
534 2894 701 2950 verba
725 2893 922 2951 salutis
943 2893 1300 2962 adnunciare,
1315 2902 1369 2948 et
1390 2895 1668 2964 quomodo
1769 2908 1894 2948 rum
1924 2901 2033 2947 tam
2067 2892 2306 2947 ministri
2351 2908 2518 2964 quam
2562 2891 2722 2949 liberi
2745 2923 2819 2933 —
2848 2894 2896 2949 si
2930 2902 3116 2952 tamen
3143 2894 3271 2967 quis
3301 2893 3375 2952 li-

59 2983 143 3042 de
173 2991 366 3042 sancta
398 2984 646 3041 trinitate
674 2984 1032 3041 senciendum
1075 2992 1224 3041 esset
1257 2985 1552 3054 elucidare,
1593 2985 1669 3041 ita
1768 2985 1867 3041 her
1887 2985 1979 3017 ³⁸³¹
2015 2985 2217 3041 dicitur
2268 2987 2363 3057 qui
2419 3002 2612 3043 servus
2651 2994 2739 3043 est
2785 2987 3096 3060 iniquitatis
3142 2996 3199 3045 et
3236 3003 3376 3067 esse

59 3077 534 3135 irracionabiliter
547 3087 603 3135 et
632 3078 941 3135 inordinate
981 3077 1308 3147 disserebat,
1342 3087 1404 3134 ut
1428 3078 1505 3133 hii
1528 3094 1669 3149 quos
1770 3079 2116 3135 convincitur
2135 3110 2205 3121 —-
2229 3079 2510 3136 atcclesias
2535 3080 2839 3149 diruentes,
2861 3090 2915 3138 et
2942 3080 3218 3153 lapidibus
3240 3081 3373 3141 inde

58 3172 271 3229 docere
297 3173 564 3230 debuerat
590 3173 784 3244 pocius
803 3187 931 3229 eum
960 3172 1263 3229 hereticum
1290 3187 1456 3244 quam
1478 3172 1668 3228 catho—
1772 3172 2026 3244 sumptis,
2061 3188 2185 3230 cum
2233 3173 2327 3228 alii
2367 3188 2468 3244 pro
2508 3174 2769 3231 manibus
2807 3189 2920 3230 non
2966 3183 3144 3244 erant,
3185 3182 3372 3234 castra

57 3266 242 3324 licum
284 3267 545 3325 estimare
578 3267 908 3339 potuissent,
958 3268 1007 3324 si
1034 3282 1146 3323 non
1188 3266 1388 3338 magis,
1417 3273 1481 3320 ut
1523 3273 1662 3334 erat,
1693 3246 1739 3310 (ἶ
1771 3282 1891 3331 sua,
1915 3267 2061 3337 quod
2090 3267 2239 3323 dictu
2278 3282 2502 3339 quoque
2533 3266 2690 3324 nefas
2721 3274 2826 3335 est,
2852 3275 3257 3326 construentes.
3287 3267 3373 3326 Ex

55 3356 196 3429 ejus
219 3357 558 3429 eloquenciae
584 3356 908 3425 inscientiae,
932 3373 1098 3429 quam
1125 3357 1384 3429 pravitati
1413 3357 1668 3416 heretica:
1768 3358 1971 3429 quibus
2017 3358 2269 3429 quidam'
2303 3358 2584 3415 Brunicho
2637 3359 2697 3415 in
2750 3360 3038 3417 cacumine
3077 3360 3371 3432 cujusdam

59 3447 432 3507 addixissent.
457 3446 664 3505 Verum
690 3464 929 3521 namque
951 3457 1056 3518 est,
1078 3449 1225 3521 quod
1248 3449 1446 3506 beatus
1471 3447 1667 3505 Hiero-
1767 3451 1994 3519 montis,
2023 3451 2262 3508 miliario
2299 3452 2369 3507 ab
2392 3453 2530 3508 urbe
2568 3452 2695 3524 plus
2725 3452 2914 3509 minus
2962 3453 3227 3522 secundo,
3251 3463 3373 3511 tur-

59 3540 262 3599 nimus
287 3542 366 3599 ait
393 3561 407 3596 :
441 3538 613 3598 Stulti
641 3550 787 3610 sunt,
810 3543 924 3614 qui,
956 3558 1079 3597 cum
1108 3540 1255 3611 loqui
1290 3542 1549 3606 nesciant,
1579 3549 1666 3597 ta-
1768 3545 1878 3601 rim
1908 3545 2205 3613 exstruxit,
2236 3559 2360 3615 quae
2380 3544 2466 3600 bis
2491 3545 2620 3617 igne
2654 3543 2724 3600 de
2746 3544 2866 3601 celo
2894 3544 3148 3602 veniente
3170 3545 3373 3604 conﬂa-

59 3650 191 3693 cere
225 3651 329 3691 non
353 3641 592 3707 possunt.
617 3633 691 3690 Ut
717 3634 868 3691 enim
894 3649 1068 3690 unum
1100 3633 1170 3690 de
1196 3632 1389 3689 multis
1416 3633 1667 3689 locucio-
1769 3637 1977 3710 gravit;
2027 3653 2130 3694 nec
2174 3644 2361 3693 tamen
2395 3636 2487 3693 ille
2521 3636 2591 3693 ab
2632 3636 2918 3709 injusticia
2958 3637 3140 3695 vertit.
3167 3636 3370 3713 Mirum

58 3728 163 3784 nis
189 3743 305 3784 sua:
335 3728 612 3785 erratibus
656 3743 1019 3799 exponamus,
1050 3742 1200 3794 cum,
1229 3734 1293 3783 ut
1312 3727 1576 3794 diximus,
1610 3727 1667 3781 in
1768 3738 1855 3785 est
1880 3730 2029 3800 quod
2057 3727 2315 3798 referam,
2344 3737 2399 3784 et
2422 3726 2660 3786 fortasse
2680 3745 2989 3802 paucorum
3015 3729 3229 3787 auditui
3250 3743 3372 3809 cre-

58 3821 313 3879 ambone
337 3821 677 3879 constitutus
699 3820 826 3877 ﬁdei
847 3820 1016 3878 verba
1038 3820 1334 3891 explanare
1356 3819 1622 3874 voluisset
1650 3837 1664 3875 :
1770 3822 1966 3890 dibile;
1998 3830 2418 3892 verumptamen
2467 3823 2742 3892 noverint,
2782 3825 2950 3895 quod,
2994 3834 3051 3882 et
3075 3840 3165 3881 me
3203 3840 3372 3898 super

60 3915 309 3984 Credite,
344 3915 558 3989 inquid,
588 3917 716 3987 quia
746 3923 849 3970 tres
880 3914 1084 3969 domini
1127 3929 1263 3968 unus
1291 3911 1539 3966 dominus
1567 3917 1666 3978 est,
1771 3916 1877 3971 hoc
1928 3922 2353 3986 opstupescente
2383 3921 2439 3968 et
2477 3929 2580 3984 pro
2607 3914 2690 3971 rei
2737 3916 2984 3972 novitate
3012 3918 3176 3975 ﬁdem
3210 3918 3372 3993 adhi-

60 4022 340 4081 personas
380 4008 640 4066 dominos
666 4006 1057 4077 interpretans,
1088 4021 1216 4061 cum
1241 4004 1312 4059 ab
1345 4003 1576 4059 orthodo

1855 4023 1900 4065 re
1920 4009 2161 4075 nolente,
2187 4007 2389 4062 relator
2409 4022 2600 4063 eorum
2622 4023 2746 4078 quae
2766 4008 3019 4065 dicturus
3041 4024 3189 4078 sum,
3211 4010 3371 4067 testi-

60 4110 193 4157 tl‘es
215 4099 356 4158 Deos
396 4109 493 4157 aut
523 4099 782 4158 dominos
805 4099 987 4156 dicere
1014 4097 1431 4170 pPOhibeamUl‘,
1455 4104 1516 4151 ιη
1538 4095 1669 4151 bea-
1769 4102 1945 4159 ﬁcans
1970 4102 2028 4157 in
2053 4101 2165 4158 Deo
2191 4116 2320 4157 vera
2340 4116 2465 4157 esse
2488 4109 2543 4157 et
2565 4101 2770 4158 vidisse
2790 4117 2850 4157 se
2871 4102 3037 4158 simul
3067 4111 3123 4159 et
3145 4102 3371 4173 audisse

58 4204 167 4251 tus
204 4194 538 4250 Athanasius
583 4192 991 4249 Alexandrinus
1033 4192 1092 4246 in
1139 4190 1387 4247 edicione
1414 4188 1541 4244 ﬁdei
1578 4204 1670 4244 ca-
1771 4209 1895 4265 qua:
1918 4193 2143 4260 diceret,
2178 4193 2381 4261 aiebat,
2414 4192 2561 4264 quod
2602 4207 2771 4263 supra
2820 4193 3139 4250 nominatus
3164 4194 3369 4253 Bruni-

58 4286 295 4345 tholica:
336 4286 626 4359 proposuit
654 4287 846 4344 dicens
874 4305 887 4341 :
920 4283 1071 4343 Sicut
1116 4283 1435 4356 singillatim
1473 4299 1667 4337 unam-
1773 4288 1877 4344 eho
1902 4288 2047 4343 idem
2069 4287 2177 4342 hoc
2205 4295 2450 4343 castrum
2497 4302 2682 4355 suum,
2719 4286 2870 4358 quod
2912 4288 3104 4360 utique
3128 4290 3372 4351 circum-

58 4394 338 4453 quamque
356 4394 637 4451 personam
662 4375 833 4433 Deum
867 4394 930 4433 ac
957 4377 1231 4432 dominum
1257 4376 1499 4447 conﬁteri
1528 4375 1672 4430 chri-
1768 4380 2002 4453 jacentis
2053 4380 2351 4453 provinciae
2396 4381 2556 4452 plaga
2582 4388 2638 4436 et
2666 4380 2969 4437 destructio
2998 4391 3137 4452 erat,
3179 4390 3236 4440 ut
3290 4384 3371 4445 ita

62 4472 257 4529 etiam
276 4472 499 4528 veritate
517 4470 904 4543 compellimur,
920 4471 998 4527 ita
1016 4480 1120 4527 tres
1143 4470 1283 4526 Deos
1311 4477 1404 4525 aut
1428 4469 1670 4525 dominos
1772 4474 1975 4542 dicam,
2001 4472 2129 4529 ﬁdei
2150 4482 2206 4530 et
2237 4474 2505 4530 custodiae
2537 4481 2746 4530 satanas
2779 4476 3247 4547 commendasset;
3272 4479 3370 4550 qui

60 4567 255 4623 dicere
280 4566 550 4623 catholica
563 4565 815 4639 religione
828 4563 1435 4638 prohibemur._Proinde
1461 4579 1532 4619 ne
1546 4578 1670 4619 cor-
1692 4629 1739 4639 _
1772 4567 2024 4624 videlicet
2045 4566 2242 4622 sathan
2262 4567 2406 4623 mira
2426 4575 2484 4623 et
2502 4567 2811 4625 incredibili
2831 4566 3206 4626 familiaritate
3221 4569 3369 4627 circa

61 4668 466 4730 rumperentur
487 4689 562 4701 -—
579 4629 839 4717 testante.
857 4660 1006 4717 enim
1036 4629 1285 4730 apostolo
1323 4664 1667 4728 corrumpunt
1692 4629 1747 4691 D
1772 4663 1956 4734 ipsum
1986 4668 2233 4717 castrum
2260 4660 2637 4730 discurrebat,
2665 4678 2732 4719 ac
2758 4678 2829 4720 ne
2855 4661 3075 4734 longius
3095 4663 3241 4718 idem
3274 4678 3369 4720 sa-

62 4768 251 4809 mres
273 4752 432 4810 bonos
456 4752 723 4825 colloquia
756 4752 901 4808 mala
933 4752 985 4825 (Ι
1021 4751 1145 4810 Cor.
1177 4768 1266 4819 xv,
1300 4751 1392 4823 55)
1418 4781 1489 4792 —-—
1523 4766 1668 4807 unus
1770 4755 1969 4811 thanas
1988 4754 2151 4826 quasi
2180 4769 2213 4810 a
2242 4762 2428 4811 castro
2455 4755 2774 4824 declinaret,
2806 4755 3131 4826 porcionem
3161 4755 3370 4827 stipen-

63 4845 134 4902 in
159 4843 311 4901 viam
332 4859 492 4902 suam
522 4844 811 4917 disputans
832 4845 976 4900 inter
1001 4859 1081 4913 se,
1121 4844 1288 4900 istum
1324 4843 1485 4915 quasi
1513 4857 1669 4899 novre
1771 4847 1849 4904 dii
1874 4848 2043 4904 trium
2079 4848 2368 4904 hominum
2414 4848 2484 4903 ad
2526 4862 2668 4919 opus
2710 4847 2830 4918 ejus
2874 4847 2931 4902 in
2974 4856 3187 4905 secreta
3213 4857 3370 4920 parte

66 4937 208 4996 ﬁdei
226 4939 390 4995 verba
416 4938 662 4997 inaudita
691 4948 774 4997 set
801 4938 1043 4995 heretica
1064 4936 1329 5009 proferre,
1364 4952 1668 5010 numquam
1771 4942 1971 5011 domus
2020 4941 2243 4998 cottidie
2286 4941 2425 4996 hora
2460 4940 2678 5012 prandii
2730 4938 2943 4995 deferre
2986 4940 3187 5012 jussit;
3218 4941 3367 5010 quod

65 5031 370 5090 doctorum
392 5047 620 5090 suorum
645 5033 961 5105 quempiam
988 5031 1309 5103 hujusmodi
1349 5030 1665 5102 protulisse.
1772 5052 1940 5108 quam
1971 5035 2082 5094 cito
2108 5035 2441 5106 depositum,
2481 5034 2838 5103 absumptum
2866 5042 2951 5089 est
2996 5034 3055 5089 in
3084 5042 3367 5091 momento

66 5124 147 5181 Et
179 5124 403 5197 quidem
432 5125 500 5182 de
527 5125 955 5197 simplicioribus
980 5124 1151 5195 aliqui
1178 5123 1377 5179 exinde
1399 5124 1671 5180 scandali—
1771 5144 1959 5188 coram
1992 5144 2059 5186 eo
2079 5129 2176 5201 qui
2190 5128 2413 5197 detulit;
2442 5142 2545 5185 nec
2576 5135 2761 5183 tamen
2786 5125 2878 5182 ille
2902 5124 3257 5193 devorantem
3282 5126 3367 5193 vi-

72 5219 191 5276 zati
231 5226 289 5274 et
315 5217 528 5275 seducti
574 5216 829 5285 fuissent,
860 5216 970 5273 nisi
1004 5216 1272 5273 industris
1303 5217 1433 5274 cieri
1453 5228 1463 5239 '
1486 5217 1671 5288 predi-
1769 5222 1872 5291 dit,
1896 5222 1994 5280 sed
2019 5237 2239 5291 sonum,
2280 5220 2443 5292 quasi
2472 5233 2639 5278 voces
2666 5234 2870 5277 canum
2893 5220 3225 5277 certantium
3262 5236 3365 5277 au-

69 5311 304 5370 cacione
322 5311 427 5367 viae
455 5310 695 5367 restituti
721 5317 889 5381 atque
918 5308 1221 5366 secundum
1242 5308 1560 5365 christiana:
1574 5324 1669 5367 ve—
1756 5311 1923 5389 ‘divit.
2468 5380 2474 5385 ν
3105 5382 3109 5387 ἢ
3152 5356 3167 5381 ν.

68 5405 259 5462 ritatis
281 5402 679 5475 professionem
718 5402 977 5460 instructi
1010 5402 1311 5471 audissent,
1335 5404 1484 5475 quod
1524 5420 1669 5461 unus
1843 5405 1896 5461 5.
1937 5403 2034 5463 His
2062 5404 2232 5478 igitur
2251 5412 2309 5462 et
2332 5404 2716 5478 hujuscemodi
2735 5404 3197 5477 tribulacionibus
3218 5406 3363 5467 mul-

48 5505 133 5554 -et
173 5494 322 5553 idem
363 5493 535 5553 Deus,
560 5493 829 5552 indivisus
873 5502 930 5551 et
948 5493 1222 5553 inscissus
1265 5494 1447 5553 trinus
1482 5494 1556 5551 sit
1609 5496 1667 5553 in
1765 5496 1840 5559 tis
1857 5503 1923 5577 et
1964 5496 2126 5559 malis
2146 5496 2332 5555 amicti
2365 5496 2665 5568 Treberici,
2694 5497 2765 5555 ad
2801 5513 2953 5569 eum,
2998 5498 3160 5573 cujus
3190 5514 3360 5559 causa

1362 5632 1600 5693 VARIAE
1629 5633 2035 5695 LECTIONES.
2587 5694 2607 5707 .

152 5725 246 5804 ’ξδ’
282 5723 507 5803 pretulit
525 5743 573 5784 c.
650 5725 759 5811 '99.
781 5727 1023 5817 perfecta
1042 5744 1209 5803 quam
1247 5728 1375 5787 inc.
1404 5804 1407 5805 ν
1456 5728 1549 5763 ³⁸⁸⁸
1585 5728 1921 5817 abeegebant
1945 5730 2015 5792 ου’
2072 5732 2166 5768 ⁸⁸³⁸
2192 5731 2337 5790 deest
2357 5723 2407 5792 οξ
2450 5730 2595 5814 ς³⁸⁸¹,
2616 5729 2746 5809 quis
2778 5734 2987 5795 libeth

62 5814 105 5851 ’ἢ
136 5834 302 5946 ἶδειι)
341 5840 490 5933 Cest.
507 5822 676 5931 addit.
708 5848 761 5933 οξ
780 5871 872 5933 24.
1412 5909 1439 5923 -.
1611 5801 1847 5891 “ME:
1912 5820 1921 5827 '
