1919 3148
92 186 162 215 1255

461 188 574 218 GESTA
593 190 745 220 TREVEB.
764 194 803 213 —-'
818 188 965 224 APPEND.
985 195 1180 226 TRANSLAT.
1201 197 1230 228 S.
1250 199 1359 229 CELSI.

1657 203 1727 233 1254

91 255 234 286 catholicis
248 259 275 285 et
289 256 432 286 veracibus
446 259 582 294 personis,
598 260 665 296 quin
676 265 714 295 et,
729 269 791 291 cum
803 262 886 298 liceat
897 251 922 285 Ᾱ
933 256 1017 291 tibus»
1035 245 1179 287 Heilll'icus
1193 258 1384 294 ἾίΓιῘυηθηείεν
1404 260 1451 296 τιυὶ
1462 265 1490 297 οι
1499 260 1592 297 Iuno:
1608 262 1641 291 de
1652 263 1727 299 indi-

90 303 257 337 cuicumque
280 310 416 339 personat,
435 308 465 331 ut
492 305 569 333 aiunt
591 310 693 341 scorto,
719 308 748 337 in
769 309 885 338 veritate

91 352 261 383 compertam
277 349 432 385 symoniam
446 350 589 379 dumtaxat
602 352 661 380 zelo
679 352 728 381 Dei
743 361 883 390 accusare,

90 394 190 423 debere
202 403 266 423 eum
280 396 473 432 religiosorum
488 405 517 426 se
532 397 649 426 fratrum
666 400 824 430 testimonio
837 410 886 430 ex—

89 449 226 478 purgare;
238 443 373 480 lectisque
391 453 473 485 super
486 445 580 483 hocin
591 454 739 477 commune
749 449 886 486 plerisque

89 491 251 515 sanctorum
270 486 398 521 decretis,
424 488 495 517 inter
515 489 659 525 legendum
684 493 759 520 venit
774 494 885 528 quidam

88 531 201 568 bajulus
215 534 367 563 litterarum
380 535 598 573 subscriptarum
614 538 815 579 Mogonciensis
829 542 886 577 epi-

89 580 179 616 scopi,
193 580 222 608 in
236 580 337 616 quibus
352 589 381 610 se
398 582 517 621 legatum
533 585 691 619 apostolicae
706 587 780 623 sedis
794 588 885 615 nomi-

88 630 154 660 nat;
177 627 251 662 quod
266 635 349 663 quam
371 628 480 665 indigne
496 637 592 659 omnes
611 632 779 667 acceperint,
801 642 885 662 nove-

87 676 157 700 runt
166 673 212 708 qui
224 678 365 708 presentes
377 675 531 704 audierunt.
544 676 611 714 Qua».
622 678 687 706 dum
701 679 778 708 lectae
787 688 886 715 _coram

86 718 221 746 omnibus
237 718 365 754 fuissent,
387 721 424 749 ita
438 720 536 750 Petrus
555 722 748 752 Guothfridum
767 725 885 761 alloqui-

77 760 328 796 tueruerebaris
348 766 434 801 prius,
459 767 555 802 frater,
578 768 695 804 irrogari
720 770 769 797 tibi
789 760 887 798 vicien-

85 809 168 843 tiam,
193 819 222 838 eo
239 811 309 847 quod
326 820 378 839 non
394 817 461 840 esset
474 814 519 849 qui
541 815 751 851 coepiscoparum
767 821 791 844 te
805 825 886 844 accu-

69 860 178 892 .aaret,'
191 865 249 884 ecce
259 858 347 891 audis,
358 858 451 893 qualia
461 860 510 887 iste
524 860 663 890 adversum
674 867 698 890 te
711 863 887 898 testiﬁcatur!

127 901 153 929 9.
163 902 232 930 Cum
243 911 309 940 ergo
320 911 375 931 non
391 905 503 934 haberet
512 907 639 935 idoneum
648 908 714 943 quid
726 909 885 944 obtendere,

82 947 224 977 indicitur
241 950 315 978 aliud
330 952 476 980 concilium
493 952 667 987 Wormacize,
687 955 781 990 illique
796 955 888 991 injun-

83 999 175 1031 gltur,
195 999 225 1023 ut
236 1003 270 1024 eo
282 998 448 1026 conveniens
465 1006 528 1026 cum
548 1000 684 1035 episcopis
706 1008 754 1028 sex
775 1001 888 1037 ipseque

84 1041 226 1076 septimus
237 1049 268 1070 se
278 1048 419 1079 expurget.
432 1043 586 1072 Humanius
595 1050 685 1073 autem
697 1046 887 1081 decreverunt,

84 1089 248 1123 petentibus
270 1097 321 1124 pro
344 1097 377 1117 eo
398 1091 526 1119 omnibus
552 1091 768 1121 misericordiam
791 1093 840 1121 Dei
862 1098 889 1121 et

86 1134 265 1163 clementiam
287 1136 380 1164 domui
405 1136 518 1167 Honorii
545 1139 647 1167 summi
674 1140 830 1176 pontiﬁcis,
858 1146 889 1169 ut

67 1215 70 1217 Δ
89 1180 230 1216 episcopis
240 1181 339 1216 tribus,
354 1183 500 1212 abbatibus
513 1185 632 1219 duobus,
644 1187 804 1221 presbiteris
815 1188 890 1215 simi-

70 1261 73 1263 ί
87 1227 157 1255 liter
167 1227 273 1257 duobus
286 1229 351 1256 boni
363 1230 512 1258 testimonii
529 1239 558 1259 se
569 1232 666 1260 debeat
678 1240 832 1269 expurgare
846 1234 889 1262 die

87 1273 129 1302 ab
143 1274 207 1302 hinc
221 1274 277 1310 64°,
293 1276 367 1312 quod
381 1281 423 1306 est
437 1276 501 1306 ldus
516 1277 589 1312 Maii,
613 1279 751 1308 dominica
765 1281 889 1316 proxima

87 1324 158 1348 ante
179 1324 366 1356 pentecosten.
387 1321 448 1356 Quo
469 1323 594 1352 videlicet
609 1325 780 1353 induciarum
796 1326 889 1361 spacio

86 1365 222 1400 decurso,
238 1367 284 1395 ubi
304 1367 490 1397 Wormaciam
513 1375 625 1406 ventum
641 1376 692 1405 est,
714 1380 769 1400 non
795 1365 890 1400 habuit

86 1411 127 1439 de
142 1411 274 1448 injunctis
284 1415 410 1450 personis
420 1416 467 1451 qui
482 1416 644 1452 adjuvarent
657 1425 730 1446 eum.
745 1418 830 1446 Erant
843 1427 891 1446 au-

88 1451 157 1485 tem‘
172 1458 210 1486 ibi
234 1460 454 1495 supradictorum
474 1462 667 1498 episcoporum
695 1463 759 1499 duo,
788 1464 889 1492 Virdu-

66 1531 69 1538 _
86 1504 191 1532 nensis
203 1504 387 1541 etTullensis,
395 1515 447 1535 nec
457 1516 513 1536 non
526 1513 553 1536 et
567 1509 613 1537 alii
624 1514 689 1544 tres,
699 1509 792 1539 Bucko
804 1511 891 1547 ipsius

65 1547 67 1550 ’
87 1549 216 1589 civitatis
230 1556 257 1580 et
271 1551 424 1589 Sigefridus
436 1553 581 1590 Spirensis
601 1561 628 1584 et
642 1555 805 1585 Uodalricus
816 1557 890 1585 Con-

88 1594 268 1634 stantiensis,
283 1598 325 1627 vir
339 1600 417 1629 valde
436 1601 591 1638 religiosus.
610 1602 716 1637 Quibus
739 1604 891 1640 conseden-

937 303 980 331 cio
996 304 1179 341 interrogatus
1201 306 1253 334 hoc
1266 306 1351 334 edixit
1364 315 1371 334 :
1383 307 1552 344 quod,_quia
1575 309 1727 340 antedictas

937 358 1070 388 personas
1082 351 1128 368 ’M
1148 352 1182 380 ad
1197 353 1402 389 expurgandum
1427 346 1528 382 senon
1553 354 1725 391 produceret,

935 396 1041 436 justum
1062 394 1133 432 esse,
1160 403 1191 426 ut
1211 398 1343 434 depositis
1364 395 1618 437 episcopalibusab
1638 396 1726 429 officio

938 447 1066 472 cessaret.
1079 442 1157 472 Unde
1171 444 1217 472 ille
1240 444 1396 481 indignatus
1416 443 1450 473 et
1465 439 1614 487 iracundiae
1629 442 1726 482 spiritu

938 483 1067 524 repletus,
1091 485 1170 526 cepit
1192 490 1311 518 exortari
1332 499 1380 519 eos
1402 490 1450 527 qui
1471 498 1565 519 secum
1585 484 1673 526 erant,
1689 489 1728 520 ‘ut

936 535 1040 572 egressi
1054 535 1127 564 foras
1142 535 1187 553 ³⁸⁸⁸
1203 544 1279 565 arma
1294 537 1475 572 corriperent;
1488 532 1515 565 et
1526 531 1643 574 regressi
1654 537 1727 565 intro

937 587 1043 619 partem
1066 591 1162 611 eorum
1181 591 1242 619 quae
1267 583 1318 612 sibi
1341 584 1454 612 adversa
1477 583 1564 611 fuerat
1589 583 1728 611 trucidare

937 634 1075 665 pararent.
1099 629 1177 663 Quod
1202 630 1318 665 qualiter
1344 630 1431 666 gratia
1454 629 1503 657 Dei
1529 628 1728 657 interveniente

938 676 1081 704 omiserint
1094 675 1194 709 facere,
1209 675 1311 704 referre
1325 685 1380 704 non
1392 680 1434 704 est
1454 676 1489 703 ab
1510 683 1549 703 re.
1564 674 1667 710 Nempe
1683 674 1728 702 ille

937 729 1079 761 peccatum
1086 729 1199 761 peccato
1208 724 1349 759 adjicicns,
1358 728 1467 759 sumpto
1478 730 1557 757 sacro
1566 721 1727 758 ewangelio,

935 770 1040 807 juravit
1062 771 1090 798 in
1104 779 1137 799 eo
1150 771 1184 799 de
1200 770 1319 806 inposito
1337 769 1388 798 sibi
1403 769 1518 797 crimine
1534 768 1683 796 innocuum
1698 774 1729 795 se

938 824 1010 846 esse.
1025 817 1086 851 Quo
1100 816 1181 851 facta,
1194 817 1236 845 sui
1249 824 1356 845 summa
1366 824 1428 844 cum
1440 815 1616 843 festinacione
1629 821 1728 842 accur-

939 868 1041 898 rentes,
1056 868 1084 891 et
1095 864 1129 891 ad
1149 871 1248 891 manus
1263 863 1339 890 illum
1362 861 1512 894 trahentes,
1530 861 1683 888 eduxerunt
1696 859 1730 887 de

940 911 1068 944 concilio,
1084 915 1113 939 et
1136 909 1216 945 quasi
1235 909 1384 937 voluntatis
1403 916 1460 936 suae
1484 905 1747 951 compos‘el’fectus‘

938 957 1022 985 fuerit
1034 961 1062 985 et
1072 956 1221 985 obtinuerit
1236 964 1317 984 suum
1341 952 1484 988 honerem,
1499 961 1548 989 per
1562 953 1633 980 viam
1654 951 1730 979 ince-

939 1004 1040 1032 debant
1049 1011 1112 1032 cum
1125 1003 1247 1036 cantico;
1259 1002 1352 1037 sicque
1364 1001 1408 1028 ille
1421 1004 1572 1027 conventus
1583 998 1729 1034 impiorum

939 1050 1026 1077 evasit
1045 1057 1152 1077 manus.
1176 1048 1255 1076 Tunc
1278 1047 1437 1080 cardinalis,
1461 1044 1554 1073 habito
1578 1051 1660 1079 super
1679 1042 1733 1070 hoc

938 1095 1133 1133 episcoporum
1146 1098 1173 1122 et
1186 1094 1275 1121 tocius
1288 1093 1353 1121 cleri
1364 1092 1491 1125 consilio,
1500 1090 1629 1133 decrevit,
1640 1090 1732 1135 ipsum

939 1149 1002 1170 cum
1014 1141 1060 1157 ³⁸⁶¹
1075 1135 1203 1169 omnibus
1218 1140 1264 1176 qui
1282 1147 1345 1167 eum
1356 1139 1391 1166 de
1401 1138 1490 1166 medio
1504 1136 1673 1181 sustulerant
1684 1142 1733 1162 ex-

939 1187 1144 1215 communicare
1165 1186 1193 1213 iu
1218 1186 1379 1214 crastinum.
1404 1183 1484 1218 Quod
1508 1186 1539 1210 ut
1565 1181 1733 1214 audierunt,

940 1240 1036 1261 omnes
1050 1240 1079 1260 se
1091 1232 1125 1259 de
1137 1231 1210 1259 illius
1229 1229 1411 1259 contubernio
1432 1229 1637 1261 subtraxerunt,
1652 1226 1690 1254 ita
1701 1230 1734 1253 ut

940 1279 987 1314 qui
1001 1278 1088 1313 pridie
1103 1277 1182 1304 turba
1199 1277 1286 1303 multa
1309 1275 1455 1303 comitatus
1469 1274 1503 1301 de
1523 1272 1640 1315 concilio
1656 1271 1732 1299 exie-

939 1329 993 1358 rat,
1008 1324 1133 1359 sequenti
1154 1323 1198 1351 die
1217 1330 1280 1350 eum
1295 1326 1408 1349 vocatus
1420 1320 1570 1352 adveniret,
1586 1320 1632 1362 vix
1646 1326 1734 1346 unum

941 1370 987 1406 qui
1005 1378 1067 1397 eum
1089 1372 1249 1404 sequeretur
1265 1367 1392 1395 habebat.
1417 1365 1495 1394 Unde
1521 1362 1685 1393 conterritus
1703 1363 1733 1391 in

941 1415 1038 1443 faciem
1053 1423 1082 1443 se
1097 1414 1254 1451 prostravit,
1266 1413 1443 1448 omniumque
1458 1410 1629 1439 miserationi
1644 1409 1731 1445 expo—

926 1452 927 1455 ‘
941 1462 1023 1495 situs,
1039 1466 1144 1489 tantum
1159 1461 1222 1489 vitae
1233 1458 1389 1497 necessaria
1401 1457 1513 1486 concedi
1533 1457 1586 1485 sibi
1600 1456 1733 1491 impetra—

923 1502 925 1505 ’
941 1505 994 1542 vit;
1010 1508 1148 1543 nichilque
1170 1512 1304 1540 moratus,
1320 1506 1384 1534 licet
1404 1505 1515 1545 invitus,
1529 1503 1597 1549 quia
1611 1502 1735 1549 obtinere

943 1563 998 1583 non
1013 1555 1112 1590 potuit,
1128 1554 1296 1597 pontiﬁcalia
1310 1552 1436 1589 deposuit
1452 1551 1498 1579 die
1523 1548 1557 1578 l6
1574 1546 1637 1597 lKal.’

942 1601 999 1639 (an.
1019 1600 1110 1636 m7).

666 1766 1158 1863 APPENDIX

241 1931 919 2009 MONUMENTOBUM
974 1923 1602 2012 TREVERENSIUM

299 2140 402 2200 EX
425 2139 981 2203 TRAN‘SLATIONE
1000 2136 1271 2205 'SANC‘TI
1312 2134 1516 2195 CELSl

529 2287 531 2289 ·
557 2270 842 2319 ΑΠΟΤΟΒΕί
870 2266 1284 2324 THEODERI-GO.

143 2379 331 2413 Theodericus,
345 2381 391 2417 ιιᾳὶ
402 2389 429 2407 a.
447 2379 517 2407 1006
533 2380 769 2417 νηοηαειθντμιηνεν.
790 2380 903 2417 Mat/mo
921 2379 1076 2406 Trevercnse
1093 2385 1225 2417 tngresszts
1239 2381 1294 2417 ρπβ.
1304 2376 1335 2402 ab
1355 2374 1447 2417 abbate
1464 2372 1601 2417 Hic/tardo.
1617 2375 1742 2417 regnata-sf:

93 2407 226 2444 libellum
238 2407 271 2443 de
287 2407 464 2443 "(inﬂatione
479 2420 507 2442 at
520 2416 657 2442 miraculis
672 2416 700 2443 S.
718 2416 788 2443 Celsi
809 2416 926 2449 scripsit,
952 2422 1070 2441 sermone
1087 2407 1190 2448 quidam
1210 2412 1322 2449 “nitido,
1342 2410 1386 2437 sed
1408 2418 1458 2444 quo
1470 2408 1568 2449 _multa
1585 2408 1615 2434 de
1635 2407 1743 2449 Egberti

92 2442 182 2482 Feb.“
194 2442 304 2487 aliaqttq
315 2442 410 2487 natatu
434 2452 515 2487 digna
532 2442 821 2487 ynenwriwltradidit,
841 2442 997 2487 prujationc
1020 2451 1054 2487 ad
1071 2442 1234 2487 (iit/tardum
1249 2447 1369 2474 abbatem
1383 2442 1531 2481 primuissa.
1548 2443 1613 2476 Qua:
1624 2450 1655 2470 ex
1669 2442 1743 2469 Actts

92 2486 157 2517 SS.
175 2484 263 2515 Febr:
272 2485 334 2522 III,
349 2487 413 2521 596,
428 2484 473 2514 ubi
484 2495 516 2514 ea:
532 2484 667 2513 codicibus
680 2486 827 2513 Budeccnsi
841 2484 866 2513 et
884 2485 1033 2514 Trevercnsi
1048 2485 1121 2512 edita
1134 2488 1205 2517 sunt,
1222 2487 1382 2518 repetuntur.

141 2580 378 2609 Ixcellentissimo
390 2578 493 2607 Christi
507 2578 633 2613 operario
649 2577 776 2614 patrique
793 2586 902 2614 perma-
915 2579 938 2612 ο
953 2577 1018 2605 iam.
1049 2576 1137 2613 Rogat
1154 2583 1274 2611 namque
1297 2577 1407 2611 paterna
1426 2573 1514 2621 pietas
1534 2574 1637 2619 vestra.
1660 2573 1745 2621 immo

93 2628 205 2667 gnifico
219 2626 357 2655 Richardo
372 2633 440 2654 suus
455 2625 500 2653 ille
518 2633 630 2652 suorum
646 2624 761 2652 ultimus
776 2623 900 2652 Theode—
954 2625 1001 2641 ⁸⁸⁸⁸
1020 2623 1211 2651 inevitabiliter
1229 2622 1388 2671 imperando
1403 2619 1685 2671 injungit,.quatenus

96 2663 191 2709 Ficus,
215 2682 271 2710 quo
297 2673 368 2701 inter
392 2672 544 2701 monachos
573 2671 642 2699 nihil
667 2671 783 2699 habetur
805 2671 898 2704 vilius,
922 2711 925 2715 .
954 2671 1110 2699 ventionem
1141 2669 1341 2719 saeratissimze
1362 2668 1446 2704 glebae
1472 2663 1746 2719 beati-"confessoris

93 2709 253 2756 monastici
274 2724 367 2748 tamen
388 2718 462 2746 haud
489 2718 634 2746 immemor
657 2717 799 2754 propositi,
825 2717 900 2745 omni
922 2711 925 2715 ’
953 2715 1055 2761 Christi
1072 2715 1154 2750 Celsi,
1169 2716 1248 2751 cujus
1262 2715 1392 2751 praeclara
1412 2713 1509 2741 merita
1528 2709 1746 2761 ejlisdemvv'oca'

89 2752 240 2805 'apologiae
252 2766 356 2794 dimota
366 2765 491 2801 ambage,
505 2772 578 2792 verae
592 2752 753 2792 obedientia:
765 2763 901 2799 obseque-
954 2756 1039 2792 minis
1048 2763 1202 2799 produntur
1212 2761 1388 2799 etymologia,
1398 2765 1513 2790 necnon
1527 2754 1748 2795 qua-occatione-

760 2844 878 2873 VARUE
894 2843 1096 2873 LECTIONES.

138 2906 185 2923 '“°
197 2905 323 2941 personis
337 2914 407 2948 corr.
421 2912 554 2942 personas
567 2912 590 2933 ο.
629 2904 676 2922 ³⁸⁸⁸
690 2902 710 2932 Β.
726 2911 751 2933 e.
771 2912 840 2931 corr.
856 2903 876 2932 f.
893 2911 917 2932 ο.
956 2902 1005 2920 ⁸⁸⁸⁸
1018 2906 1078 2939 μου
1099 2901 1185 2939 suppl.
1200 2909 1224 2930 ε.
1263 2901 1310 2950 ⁸ξ⁶³
1323 2900 1380 2929 imo
1401 2899 1442 2928 ed.
1463 2896 1602 2927 Scribendt’
1620 2894 1750 2924 rationm

94 2942 167 2972 hinc
183 2942 243 2971 inde
260 2941 372 2971 correxi.
422 2941 431 2942 ί
1114 2951 1118 2955 ”
