3838 6296
406 358 559 418 1255

1120 353 1348 412 GESTA
1382 351 1683 410 TREVER.
1717 378 1795 392 —
1830 348 2137 439 APPEND.
2168 348 2563 408 TRANSLAT.
2605 349 2663 407 S.
2704 349 2933 408 CELSl.’

3560 355 3688 417 1236

407 474 691 532 Divinitati
739 473 960 545 quidem
1001 482 1127 526 ante
1166 448 1436 542 temporis
1483 446 1695 527 motum
1747 444 1994 542 cognita,
2026 471 2075 530 Α
2168 472 2222 526 2.
2256 444 2417 527 Anno
2445 470 2733 527 dominica:
2771 468 3172 527 incarnationis
3200 468 3327 539 978,
3362 473 3590 542 quando
3612 476 3687 531 di-

406 558 617 625 nostris
646 575 829 623 autem
867 564 1161 621 fzeeelentis
1195 564 1408 632 diebus,
1441 564 1544 635 piae
1578 563 1856 619 memoria:
1891 561 1997 634 Eg-

407 663 566 720 berto
582 659 881 717 Trevericae
905 658 1058 714 urbis
1081 658 1391 727 hierarcha,
1420 659 1497 715 ob
1510 674 1788 714 enormem
1819 673 1997 730 quan-

407 752 537 813 dam
565 752 809 811 ecclesiae
832 751 1125 807 utilitatem
1156 752 1473 807 solemniter
1495 760 1655 807 nacta
1685 751 1843 807 beata
1879 750 2000 821 ejus

405 830 620 919 lipsana
650 845 979 901 mortalibus
1007 843 1117 902 sint
1145 846 1366 901 tandem
1397 844 1630 913 detecta,
1664 843 1759 900 sed
1778 851 1833 899 et
1860 842 1999 898 insi-

404 939 501 1018 gni
528 938 852 995 meritorum
882 938 1030 995 illius
1066 939 1289 1007 indicio,
1336 955 1461 1010 quae
1489 939 1560 995 ob
1592 939 1727 994 tanti
1755 937 2001 995 thesauri

405 1040 635 1094 eatenus
661 1031 921 1087 occultati
936 1032 1227 1104 optabilem
1252 1031 1624 1088 ostensionem
1657 1032 1779 1087 luce
1801 1030 2003 1087 clarius

405 1120 555 1193 ,αα
582 1140 705 1182 esse
749 1135 1074 1193 noscuntur,
1129 1141 1251 1181 mea
1299 1126 1572 1197 pusillitas
1615 1124 2005 1197 qualicumque

405 1218 587 1279 relatu
635 1219 775 1289 stylo
825 1218 1232 1289 memoriaeque,
1287 1218 1595 1289 posteritati
1639 1217 2001 1290 prospiciens,

407 1311 673 1373 mandare
704 1326 814 1366 non
840 1310 1074 1367 differat.
1101 1310 1288 1384 Neque
1316 1312 1463 1368 enim
1494 1328 1713 1384 aequum
1739 1311 1857 1367 fore
1878 1328 2006 1368 cen-

404 1403 566 1470 setis,
600 1410 661 1457 ut
694 1390 845 1459 tanta
891 1402 1290 1459 miraculorum
1340 1404 1476 1459 tanti
1520 1404 1625 1459 viri
1668 1404 2004 1472 coruscatio,

407 1484 483 1564 ob
523 1495 823 1551 multorum
862 1496 1057 1552 salutis
1096 1504 1453 1568 augmentum
1499 1497 1717 1553 caelitus
1760 1495 2005 1567 profusa,

408 1587 572 1646 inerti
590 1597 873 1646 remaneat
898 1590 1271 1646 taciturnitate
1299 1591 1574 1647 abstrusa.
1595 1590 1676 1647 Ad
1700 1590 1846 1661 quod
1868 1604 2005 1661 ego:

408 1677 597 1749 Miror,
645 1681 894 1753 inquam,
934 1682 1241 1751 admodum,
1261 1690 1427 1739 tantae
1462 1684 1767 1755 prudentia:
1804 1683 2007 1751 virum,

411 1787 479 1830 ac
514 1774 823 1830 vehementi
851 1784 1075 1847 stupore
1103 1776 1390 1847 percellor,
1417 1776 1680 1848 quidnam
1708 1777 1862 1831 vobis
1892 1775 2012 1830 ani-

408 1864 488 1920 mi
518 1865 610 1934 sit,
642 1868 791 1938 quod
825 1868 1050 1924 omissis
1080 1878 1134 1924 et
1164 1869 1325 1939 quasi
1356 1869 1641 1941 vilipensis
1669 1878 1745 1925 tot
1769 1869 2009 1925 vernulis

409 1956 563 2013 domi
604 1959 923 2031 militiaeque
956 1962 1395 2033 insugillabilitcr
1438 1963 1748 2035 agentibus,
1780 1977 1920 2032 quos
1954 1962 2009 2017 in

407 2046 560 2105 beati
602 2049 863 2109 Eucharii
900 2054 1134 2124 spiritali
1178 2056 1467 2131 gymnasio
1518 2055 1773 2125 dogmate
1816 2054 2010 2111 fovetis

408 2158 593 2213 Sacro,
625 2144 895 2217 inexperti
923 2147 1206 2203 adventitii
1236 2148 1539 2203 imbecilles
1585 2148 1847 2204 humeros
1873 2149 2010 2204 tanti

404 2236 558 2301 mole
607 2238 975 2294 mandamims
1018 2240 1262 2295 caricare
1314 2240 1539 2295 malitis.
1594 2239 1813 2297 Testem
1862 2242 2011 2297 enim

411 2327 747 2405 omniscium
789 2329 1019 2385 adhibeo
1076 2330 1248 2387 Deum
1286 2364 1357 2373 —
1387 2349 1498 2389 non
1544 2333 1693 2404 quod
1739 2334 2010 2405 ejusmodi

408 2402 619 2476 mentis
653 2418 780 2486 sim,
803 2418 953 2490 quod
980 2429 1177 2476 vestra:
1204 2402 1578 2492 praeceptioni,
1604 2423 1752 2494 quod
1768 2402 1869 2480 vfas
1899 2439 2011 2479 non

400 2519 520 2580 est,
582 2512 669 2567 vel
714 2513 1061 2571 muscitando
1118 2515 1469 2573 recalcitrare
1518 2516 1789 2584 velim—~,
1825 2517 2011 2588 plures

409 2606 613 2663 vestris
664 2606 723 2661 in
767 2608 1050 2664 laboribus
1094 2609 1447 2680 promotioris
1498 2610 1701 2682 ingenii
1752 2620 2010 2681 expertus

398 2713 538 2769 sum
566 2698 785 2769 fratres,
810 2701 1014 2772 quibus
1041 2701 1084 2757 si
1120 2701 1175 2756 id
1207 2702 1387 2773 ipsum
1418 2718 1561 2760 onus
1589 2703 1728 2759 duce
1754 2705 2012 2760 obedien-

407 2791 502 2849 tite
525 2792 736 2849 ratione
755 2782 1152 2865 imponeretur,
1176 2795 1504 2867 impertaesis
1527 2805 1588 2851 ut
1610 2813 1801 2852 verum
1833 2797 2010 2854 fatear

2100 565 2244 621 vinae
2273 565 2552 622 memoriae
2578 562 2705 621 Otto
2727 564 3024 633 secundus,
3048 564 3276 620 maximi
3296 567 3528 638 augusti
3551 565 3691 625 Otto-

2100 658 2190 713 nis
2222 658 2504 726 relativus,
2536 655 2799 713 Romana:
2833 657 3171 715 monarchiae
3213 658 3427 729 apicem
3481 670 3691 719 strenue

2103 750 2456 823 gubernando
2502 750 2758 822 princeps
2804 751 3000 823 agebat
3061 752 3118 807 in
3181 762 3439 824 sceptro,
3504 766 3693 810 sancta:

2103 841 2416 899 Trevirensi
2481 858 2513 898 a
2565 842 2678 899 Deo
2743 844 3141 900 conservandae
3188 844 3442 901 ecclesia:
3494 845 3695 916 praefuit

2103 936 2279 993 beata:
2326 936 2726 992 recordationis
2764 937 2854 992 vir
2879 935 3149 993 virtutum
3206 936 3487 1011 Egbertus
3534 940 3699 994 archi-

2105 1028 2379 1085 mandrita
2400 1029 2732 1101 lampabilis,
2763 1030 2947 1087 clarus
2970 1031 3191 1101 quidem
3222 1032 3530 1101 parentelze
3563 1049 3702 1105 gene-

2106 1120 2334 1176 rositate
2366 1121 2539 1194 (526),
2571 1122 2665 1178 sed
2694 1122 2898 1178 clarior
2926 1122 3095 1178 totius
3112 1123 3413 1194 probitatis
3435 1124 3703 1194 impr-eti:-

2104 1213 2203 1269 bili
2252 1214 2395 1269 dote.
2435 1213 2505 1269 Et
2553 1230 2766 1284 revera,
2798 1215 2927 1287 quia
2968 1215 3089 1287 ipsa
3130 1217 3351 1288 gemina
3386 1216 3705 1272 claritudine

2107 1307 2496 1379 pollucibiliter
2528 1308 2732 1381 viguit,
2784 1309 2862 1364 uti
2928 1322 3104 1365 nonor
3150 1310 3375 1365 debitus
3433 1309 3704 1381 poposcit,

2112 1400 2299 1457 totius.
2325 1402 2480 1473 regni
2505 1400 2858 1472 pontificibus
2883 1398 3069 1474 atque
3087 1402 3463 1474 optimatibus
3493 1404 3609 1475 ipsa
3628 1404 3705 1458 sui

2110 1494 2416 1550 reverentia
2462 1495 2783 1565 przecelluit.
2846 1494 3093 1567 Denique
3145 1503 3367 1551 statura
3422 1513 3708 1568 procerus,

2100 1585 2297 1643 vultus
2345 1596 2530 1643 autem
2559 1588 2725 1643 rutila
2775 1586 3120 1644 formositate
3146 1603 3261 1659 prae
3290 1589 3564 1645 omnibus
3593 1599 3708 1646 tunc

2112 1678 2377 1747 temporis
2424 1677 2753 1748 primatibus
2783 1678 2983 1734 enituit
3033 1678 3349 1734 venustius.
3399 1678 3535 1734 Erat
3570 1679 3701 1735 enim

2115 1771 2515 1825 monachorum
2564 1767 2874 1842 praecipuus
2903 1777 3055 1826 tutor
3080 1785 3146 1825 ac
3194 1771 3454 1825 nutritor
3482 1786 3547 1826 ac
3566 1787 3709 1842 regu-

2112 1862 2247 1920 laris
2276 1863 2582 1935 disciplina:
2630 1865 2885 1936 specialis
2932 1873 3175 1933 amator,
3233 1866 3452 1937 quippe
3482 1865 3577 1937 qui
3619 1865 3712 1919 sub

2113 1956 2304 2012 habitu
2334 1957 2576 2028 cpiSCOpi
2604 1957 2814 2013 humile
2834 1965 3026 2030 pectus
3048 1959 3351 2014 occultavit
3380 1959 3711 2014 devotis'simi

2112 2050 2407 2117 monachi,
2442 2050 2636 2121 sicque
2693 2066 2817 2107 cum
2872 2051 3087 2107 Martha
3142 2051 3296 2107 foras
3357 2052 3613 2124 profudit
3655 2052 3709 2106 ad

2112 2144 2437 2214 explendum
2470 2142 2729 2214 frequens
2778 2144 3148 2200 ministerium
3184 2144 3439 2213 Domini,
3468 2155 3529 2201 ut
3552 2156 3711 2199 tamen

2112 2252 2239 2294 cum
2292 2236 2463 2292 Maria
2514 2244 2691 2294 totum
2740 2253 2800 2294 se
2854 2237 3131 2294 conferret
3166 2239 3235 2295 ad
3292 2239 3553 2295 studium
3579 2239 3711 2294 verbi

2111 2331 2303 2400 divini,
2334 2330 2544 2387 faciens
2571 2347 2631 2388 se
2670 2331 2946 2387 divinitati
2970 2340 3184 2405 gratam
3208 2332 3487 2401 hostiam,
3512 2334 3570 2388 in
3602 2349 3712 2404 pra-

2112 2425 2253 2481 ctica
2302 2425 2554 2481 videlicet
2583 2426 2926 2495 columbam,
2972 2426 3030 2480 in
3062 2427 3347 2482 rhetorica
3392 2436 3587 2482 autem
3612 2434 3713 2480 tar-

2114 2528 2312 2575 turcm.
2351 2518 2427 2574 De
2451 2519 2777 2575 liberalitate
2795 2534 2926 2574 vero
2946 2519 3089 2591 ejus,
3110 2535 3219 2590 qua
3245 2519 3419 2575 unice
3448 2520 3715 2590 opimatus

2113 2612 2317 2680 extitit,
2348 2611 2481 2683 quid
2509 2612 2843 2684 condignum
2874 2612 3141 2683 eloquar?
3171 2610 3397 2667 Novum
3430 2613 3637 2684 quippe
3663 2611 3713 2666 in

2113 2704 2207 2760 illo
2258 2703 2567 2761 Johannem
2626 2720 2792 2776 quem
2833 2703 3170 2761 Eleimonem
3214 2713 3429 2761 vocant
3479 2706 3712 2772 videres,

2084 2799 2267 2870 quia,
2321 2814 2451 2869 opes
2482 2814 2624 2871 quas
2686 2797 2737 2853 ei
2784 2797 2931 2854 Deus
2976 2797 3261 2870 profusius
3307 2798 3551 2869 largitus
3612 2805 3718 2869 est,

2112 2893 2277 2965 pleno
2294 2901 2354 2948 ut
2373 2893 2448 2948 ita
2461 2892 2694 2949 dixerim
2715 2908 2889 2950 cornu
2910 2908 3006 2964 per
3025 2908 3225 2949 manus
3248 2893 3541 2965 egentium
3556 2900 3719 2948 trans-

2114 2986 2267 3043 misit
2295 2987 2353 3041 in
2384 2987 2608 3043 cmlum.

398 2879 659 2946 humeris
700 2889 939 2952 portare,
990 2898 1057 2937 ac
1105 2883 1305 2938 vestris
1374 2901 1472 2955 per
1512 2885 1699 2940 omnia
1748 2886 1889 2941 votis
1943 2885 2011 2942 ad

390 2971 636 3044 .plenum
690 2974 1007 3031 satisfacere
1062 2976 1385 3047 quivissent.
1437 2976 1543 3033 Sed
1588 2978 1718 3049 quid
1762 2978 2011 3049 pluribus

388 3070 549 3145 opus
575 3067 693 3147 est?
718 3067 1061 3125 Destinatum
1090 3080 1177 3126 est
1204 3071 1429 3142 quidem
1451 3072 1739 3128 monachis
1771 3073 2009 3144 quadam
2124 3143 2131 3148 .
2186 3081 2238 3136 5.
2277 3079 2609 3138 monasteria
2641 3096 2900 3153 namque,
2930 3096 3054 3152 qua:
3093 3078 3408 3136 Trevericae
3436 3078 3719 3151 subjacent

410 3158 747 3263 specialitate
786 3177 899 3232 pra:
924 3163 1141 3231 ceteris,
1187 3173 1457 3234 quatenus
1506 3180 1719 3220 moram
1761 3164 2011 3220 nesciant
2038 3198 2086 3263 Ο
2114 3174 2347 3242 exeam,
2385 3183 2513 3230 ante
2537 3169 2711 3245 ipsi‘us
2741 3190 2874 3231 sane
2916 3183 3165 3244 tempora
3195 3173 3343 3228 ultra
3365 3188 3715 3230 caminum

409 3248 469 3306 in
497 3253 779 3323 explendis
816 3255 1064 3325 priorum
1097 3271 1327 3311 suorum
1359 3257 1672 3327 praeceptis;
1717 3265 1773 3312 et
1809 3271 2010 3328 quam-

396 3342 583 3417 ‘quam
615 3346 723 3402 illis
752 3347 1111 3420 injungantur
1139 3350 1605 3420 impossibilia,de
1625 3350 1843 3406 Domini
1866 3368 2013 3407 sem-

409 3450 511 3508 per
539 3436 893 3493 miseratione
936 3438 1291 3505 eonﬁdeutes,
1327 3440 1507 3495 sciant
1533 3440 1637 3497 sibi
1666 3442 1852 3496 omnia
1896 3441 2013 3498 fore

410 3524 722 3600 explebilia.
756 3526 1101 3599 Quapropter
1129 3530 1381 3600 experiar
1418 3530 1563 3586 votis
1611 3546 1734 3602 qua:
1768 3532 2013 3603 injungi-

411 3620 506 3687 tis,
551 3629 702 3677 certo
737 3622 943 3677 certius
965 3622 1215 3689 credens,
1260 3622 1407 3693 quod
1436 3623 1631 3678 beatus
1675 3622 1868 3680 Celsus
1896 3624 2012 3680 suis
2052 3640 2055 3641 '

414 3713 556 3770 mihi
585 3714 842 3785 precibus
876 3715 1055 3786 possit
1099 3715 1366 3783 obtinere,
1412 3724 1687 3787 quatenus
1714 3716 1823 3773 hoc
1855 3718 2012 3789 glau-

416 3822 545 3864 cum
596 3807 823 3881 pelagus
849 3823 1065 3864 merear
1092 3809 1259 3865 salvis
1299 3809 1576 3867 mercibus
1601 3818 1823 3866 enatare
1851 3818 2015 3883 atque

412 3899 485 3956 ad
510 3901 804 3972 optabilem
826 3912 1046 3975 portum
1086 3902 1291 3960 illaesus
1319 3904 1533 3960 valeam
1565 3903 1868 3974 pervenire.
1892 3902 1895 3907 ’

484 3993 538 4048 1.
571 3992 709 4048 Cum
742 3995 997 4051 omnibus
1021 3996 1221 4052 divina:
1255 4005 1418 4068 atque
1458 3982 1715 4052 humanae
1760 3995 2011 4067 philoso-

409 4083 556 4157 phiae
594 4086 958 4143 sectatoribus
1000 4069 1211 4159 liquido
1262 4096 1497 4157 constet,
1533 4090 1681 4160 quod
1722 4087 2012 4146 Treverica

410 4178 735 4249 metropolis
792 4188 911 4236 tum
962 4182 1257 4238 mundana:
1318 4182 1602 4253 dignitatis
1647 4182 2012 4253 antiquitate,

410 4278 535 4328 tum
562 4273 729 4329 etiam
762 4274 1045 4331 catholica:
1067 4275 1195 4332 fidei
1226 4276 1490 4332 cardinali
1536 4276 1844 4348 majestate,
1893 4278 2016 4348 jure

380 4365 726 4436 ~meritoque
754 4368 927 4423 totius
963 4368 1151 4423 Galliae
1180 4368 1568 4425 archisterium
1600 4368 1751 4441 (525)
1786 4369 1857 4425 sit
1884 4369 2016 4426 hac-

412 4463 576 4512 tenus
605 4457 841 4514 vocitata
869 4468 1033 4530 atque
1063 4460 1378 4532 apostolica:
1405 4460 1751 4517 auctoritatis
1775 4461 2014 4532 quadam

2114 3265 2228 3323 Deo
2256 3267 2615 3324 servientium
2645 3268 2872 3323 modum
2922 3276 3079 3323 erant
3102 3266 3290 3339 indiga
3319 3276 3495 3338 atque
3536 3283 3719 3339 asper-

2110 3357 2250 3413 rima
2278 3358 2599 3414 victualium
2626 3373 2729 3415 nec
2747 3374 2861 3415 non
2882 3359 3204 3415 utensilium
3231 3356 3495 3416 confecta
3516 3359 3717 3429 inopia,

2112 3457 2170 3506 et
2191 3450 2263 3507 ob
2292 3451 2399 3507 hoc
2425 3451 2619 3525 religio
2639 3451 2947 3508 monastica
2968 3466 3080 3508 non
3116 3452 3419 3508 minimum
3446 3467 3623 3523 passa
3644 3461 3723 3508 est

2114 3543 2439 3615 deliquium.
2488 3544 2690 3615 Sicque
2736 3554 3053 3601 rarescente
3086 3560 3308 3601 morum
3347 3543 3719 3616 perfecturum

2114 3635 2457 3705 ventilatore,
2508 3636 2651 3709 ignis
2692 3636 2782 3691 ille
2822 3637 2994 3693 divini
3039 3638 3268 3707 amoris,
3304 3653 3478 3709 quem
3509 3635 3724 3701 Veritas

2116 3727 2269 3784 misit
2318 3729 2375 3784 in
2424 3737 2629 3785 terram
2657 3738 2714 3786 et
2755 3730 2931 3787 voluit
2955 3729 3307 3787 vehementer
3331 3730 3593 3798 accendi,
3614 3729 3722 3801 jam

2116 3823 2429 3889 abundante
2476 3839 2703 3895 quoquo
2753 3825 3006 3880 locorum
3060 3824 3379 3895 iniquitate,
3418 3838 3541 3881 non
3569 3823 3724 3879 modo

2116 3917 2431 3989 frigescere,
2457 3931 2649 3974 verum
2682 3918 2829 3990 quod
2852 3917 3223 3990 periculosius
3252 3925 3362 3986 est,
3391 3915 3587 3974 modis
3610 3932 3725 3972 om-

2116 4008 2280 4066 nibus
2340 4010 2508 4081 coepit
2551 4007 2821 4081 extingui.
2877 4008 3018 4067 Nam
3064 4003 3395 4067 veneranda:
3435 4010 3725 4067 memoria:
3826 4080 3827 4083 η

2058 4130 2083 4137 ’ί
2116 4114 2432 4161 antecessor
2461 4105 2582 4176 ejus
2631 4104 3007 4162 Theodericus
3035 4105 3230 4162 doctor
3257 4104 3493 4176 quidem
3551 4101 3729 4159 extitit

2117 4195 2549 4253 facundissimus
2605 4205 2770 4268 atque
2817 4195 3041 4253 familiae
3095 4196 3317 4252 Domini
3391 4205 3728 4267 procurator

2116 4288 2454 4357 industrius;
2481 4289 2579 4346 sed
2625 4289 2757 4362 quia
2785 4289 3336 4362 temporisangustia
3366 4288 3436 4344 ob
3460 4287 3731 4362 multiﬁ-

2118 4397 2209 4437 ces
2239 4381 2315 4437 rei
2370 4382 2601 4453 publica:
2631 4383 2948 4439 exactiones
2984 4383 3188 4439 totiens
3236 4382 3570 4454 totiensque
3614 4386 3731 4438 erat
3822 4382 3823 4454 ἦ

2119 4481 2430 4544 coartatus,
2468 4474 2653 4531 minus
2699 4475 3163 4533 monasteriorum
3214 4473 3729 4530 necessitudinibus

411 4549 852 4620 particularitatc
899 4552 1098 4608 ceteris
1125 4551 1562 4624 undiquessecus
1592 4551 1844 4609 ccclesiis
1872 4554 2014 4608 emi—
2048 4573 2093 4628 ι)
2119 4566 2423 4636 consuluit;
2456 4566 2587 4639 quia
2638 4581 2742 4624 nec
2772 4567 2939 4636 unde,
2971 4565 3199 4622 obvium
3229 4564 3338 4622 sibi
3369 4564 3506 4620 fuit,
3535 4566 3613 4621 Αι
3634 4563 3729 4621 in

412 4643 639 4699 neutius
662 4643 989 4712 sublimata;
1017 4644 1088 4700 ob
1117 4644 1222 4701 hoc
1247 4646 1456 4702 scilicet
1476 4645 1711 4701 lzctabile
1739 4644 2015 4717 accidens,

415 4736 568 4808 quod
596 4753 717 4793 eam
751 4737 1126 4795 universitatis
1151 4739 1427 4795 conditrix
1465 4739 1774 4811 personalis
1797 4740 2018 4796 trinitas

356 4838 365 4857 '
417 4840 585 4904 atque
610 4832 923 4889 essentialis
948 4834 1133 4889 unitas
1164 4831 1310 4890 Deus
1335 4833 1620 4906 primitivo
1647 4834 1827 4891 sancti
1849 4848 2017 4890 evan-

354 4918 361 4925 ’
414 4923 542 4994 gelii
573 4922 788 4995 fulgore
815 4940 913 4995 per
940 4924 1111 4980 trium
1137 4926 1518 4996 operariorum
1548 4940 1779 4982 suorum
1817 4939 2016 4997 perpe-

412 5015 513 5071 tim
544 5020 1011 5075 remunerandum
1070 5019 1315 5076 laborem
1362 5019 1555 5077 deifice
1592 5018 1818 5076 visitare
1854 5026 2019 5089 atque

2125 4675 2344 4718 summo
2396 4660 2749 4717 veneramine
2794 4658 3164 4717 nominandus
3218 4659 3429 4732 regiam
3494 4659 3656 4715 vim
3702 4669 3733 4712 ι

2124 4753 2331 4811 dextris
2360 4762 2416 4810 et
2444 4772 2477 4810 a
2502 4754 2744 4813 sinistris
2772 4755 3052 4822 incedens,
3079 4752 3319 4809 militum
3359 4752 3733 4812 ambitis-en

2122 4845 2401 4902 refrenare
2435 4862 2549 4903 non
2572 4847 2781 4915 timuit,
2798 4846 3337 4919 conprovincialium
3365 4846 3729 4917 tyrannidem

2123 4954 2315 5009 aequus
2346 4939 2553 4997 arbiter
2580 4941 2908 4997 auctoritate
2937 4939 3283 5011 compressit,
3311 4948 3368 4994 et
3389 4941 3604 4996 omnia
3624 4954 3731 5011 qur

2122 5031 2475 5087 monasteriis
2536 5032 2722 5088 hostili
2799 5031 3017 5087 fuerant
3080 5030 3370 5086 iuvasione
3452 5032 3737 5088 subtracta

344 5152 358 5175 ‹
417 5106 731 5187 inminere
769 5111 992 5184 dignam
1035 5121 1121 5168 εει
1154 5132 1167 5167 ³
1199 5113 1335 5169 satis
1379 5128 1573 5168 Γενθτίι
1616 5111 2024 5181 inconsequens
2118 5138 2285 5179 manu
2316 5125 2649 5196 potestativa
2692 5125 3080 5195 undecumque
3103 5123 3390 5195 recollegit
3414 5139 3495 5179 ac
3535 5139 3725 5180 ωοωο

344 5256 353 5263 .
415 5199 637 5269 Visitur,
686 5204 735 5259 si
787 5220 853 5261 ea
884 5222 1008 5276 quae
1050 5217 1163 5262 tam
1207 5205 1305 5238 ³⁸⁸⁸
1333 5205 1588 5263 clementi
1650 5213 1906 5275 respectu
1958 5204 2016 5258 in

342 5352 353 5369 ,
416 5296 570 5354 calce
598 5306 906 5370 temporum
935 5303 1080 5374 apud
1106 5303 1355 5375 ejusdem
1380 5302 1534 5359 urbis
1562 5300 1887 5372 ari0pagum
1928 5296 2047 5354 os?

2118 5213 2413 5270 stcriorum
2427 5214 2676 5287 partibus
2706 5214 2811 5271 sub
2835 5230 3034 5287 magna
3060 5212 3346 5286 vigilantia
3374 5214 3737 5285 reconsigm-

2118 5306 2217 5374 vit,
2254 5316 2310 5363 et
2360 5317 2420 5364 ut
2478 5308 2604 5380 pius
2651 5307 3047 5379 paterfamilias
3087 5305 3341 5378 neglecta
3371 5314 3558 5378 atque
3592 5314 3737 5362 ante

344 5442 349 5447 .
413 5391 643 5451 tendere
682 5395 917 5466 censuit,
946 5396 1153 5455 silentii
1198 5405 1421 5471 torpore
1448 5394 1728 5454 fumaliter
1762 5393 1819 5450 in
1858 5408 2045 5467 auras.
2121 5408 2448 5470 consumpta
2475 5398 2747 5456 resarcire
2777 5406 3060 5470 tantopere
3087 5397 3327 5454 curavit.

342 5547 351 5561 ,
419 5493 870 5545 evanescant.....

2193 5491 2246 5545 4.
2277 5490 2532 5564 Cumque
2556 5501 2786 5565 paterna
2809 5490 3022 5548 lumina
3056 5497 3114 5548 et
3141 5490 3213 5548 ad
3250 5496 3417 5563 septa
3448 5483 3607 5550 buli
3632 5484 3733 5544 Ειο

1739 5578 1971 5636 VARIE
2012 5572 2306 5637 LECTION
2314 5583 2418 5642 ES.

487 5789 641 5869 (ᾇξξ)
669 5788 821 5869 idem
848 5789 1177 5869 vocabulum
1206 5792 1275 5869 in_
1288 5791 1411 5848 Vita
1453 5793 1769 5869 Sngntonii
1794 5804 1851 5856 ct
1869 5721 2208 5869 negligi
2238 5799 2531 5858 llcnsehen
2553 5797 2783 5855 notavit.

489 5651 586 5687 ³⁸⁸⁸
608 5654 727 5725 jam
748 5652 833 5708 ed.

489 5860 641 5931 (526)
672 5858 750 5920 De
780 5876 893 5933 qua
930 5860 1006 5922 cf.
1037 5877 1209 5935 supra
1237 5863 1403 5927 Gesta
1431 5880 1481 5926 ο.
1512 5862 1604 5927 29.

2046 5931 2121 5974 ετ

3819 4532 3821 4680 Ψ
