3838 6296
100 285 233 346 125⁸1

800 285 1029 343 GESTA
1064 284 1366 343 TREVER.
1398 316 1472 329 -—-
1506 287 1798 346 APPEND.
1839 287 2228 347 TRANSLAT.
2263 290 2321 348 S.
2358 292 2575 352 CELSI.

3206 304 3345 363 1238

99 404 269 467 charii
294 410 683 475 contorqueret
727 406 1233 479 monachorumque
1255 407 1401 465 illius
1433 424 1668 479 pauper-
1698 413 1742 471 A
1771 428 1977 468 merear
2006 412 2236 470 invenire
2260 421 2562 484 patronum.
2588 412 2654 467 Et
2682 423 2806 484 post
2833 416 2949 495 haec
2971 431 2991 471 :
3014 414 3121 486 Ite,
3145 418 3343 492 inquit,

97 499 275 558 tatula:
317 497 550 554 nimium
591 498 933 567 condoleret,
967 501 1201 571 sapienti
1248 517 1384 557 usus
1411 501 1667 570 consilio,

97 592 327 665 primum
356 590 690 647 monasterio
716 590 941 663 dignum
971 592 1170 664 delegit
1196 592 1664 671 dispensatorem,

98 685 341 741 abbatem
376 683 626 739 videlicet
659 681 880 739 nomine
929 682 1271 751 Gotherium,
1320 683 1482 740 unice
1526 683 1669 755 apud

97 777 379 835 Gandense
434 777 744 833 caanobium
795 776 1220 847 disciplinatum.
1281 775 1385 832 Cui
1455 784 1669 833 tantum

97 869 451 939 supplementi
489 877 808 940 sumptuum
843 869 901 923 in
923 869 1070 941 agris
1095 868 1402 940 vineisque,
1427 868 1671 939 exceptis

94 961 214 1017 aliis
224 961 569 1032 perplurimis
585 962 829 1019 donariis
850 969 1174 1018 ornamento
1197 960 1517 1017 monasterii
1540 974 1671 1015 con-

94 1050 441 1119 ducibilibus,
460 1053 708 1120 contulit,
732 1060 792 1109 ut
811 1052 1077 1124 quamdiu
1097 1050 1431 1107 ﬁrmamenti
1459 1050 1672 1120 sphaera

92 1143 327 1199 volvitur
354 1144 474 1215 ejus
507 1157 744 1215 perenne
791 1145 1049 1201 meritum
1096 1143 1325 1216 proinde
1357 1142 1538 1213 capiat
1587 1141 1672 1196 in—

92 1242 447 1291 crementum.
487 1234 702 1303 Quanta
750 1244 933 1292 autem
986 1235 1109 1293 aliis
1162 1234 1530 1303 monasteriis,
1560 1247 1674 1290 suae

89 1325 641 1398 pastoralitati.:eque
693 1327 936 1383 subactis
966 1333 1021 1383 et
1040 1334 1235 1398 agente
1268 1324 1469 1397 inopiae
1514 1339 1671 1395 pres-

90 1432 222 1475 sura
247 1433 388 1490 pene
411 1418 689 1490 collapsis,
719 1419 789 1475 ad
813 1417 1233 1476 restaurationis
1261 1417 1495 1489 gratiam
1522 1417 1673 1489 larga

87 1525 258 1566 manu
300 1512 655 1580 concesserit,
684 1512 986 1583 qualiterve
1024 1510 1344 1567 monasticae
1388 1509 1671 1581 religioni,

88 1618 210 1674 qua
244 1612 377 1660 tunc
429 1604 694 1676 temporis
724 1604 928 1676 ubique
966 1603 1310 1676 pessumdari
1364 1602 1671 1669 videbatur,

87 1703 278 1767 utpote
297 1695 614 1754 favorabilis
634 1697 944 1753 animarum
977 1695 1357 1769 languentium
1374 1694 1671 1763 arcbiater,

88 1788 358 1844 auctorali
381 1788 626 1846 antidoto
656 1788 1009 1857 succurrerit,
1045 1787 1268 1843 modum
1301 1796 1464 1859 atque
1490 1786 1673 1843 calcu-
1699 1776 1747 1837 B

87 1876 200 1933 lum
241 1880 536 1949 excedunt,
583 1880 817 1951 ideoque
855 1880 926 1937 ad
960 1880 1297 1937 narrandum
1328 1895 1510 1936 sermo
1545 1894 1673 1935 suc-

88 1969 319 2026 cumbit.
368 1970 523 2029 Adeo
571 1972 807 2043 denique
830 1973 1096 2028 virtutum
1140 1972 1434 2044 paedagoga
1476 1970 1676 2026 caritas

89 2060 145 2117 in
193 2061 317 2134 ejus
366 2071 590 2134 pectore
617 2064 906 2135 vigorabili
941 2063 1181 2134 ,imperio
1213 2071 1490 2133 sceptrum
1533 2061 1676 2116 obti-

90 2153 229 2222 nuit,
259 2162 532 2227 quatenus
560 2171 688 2212 cnm
734 2156 897 2212 beato
939 2153 1043 2212 Job
1075 2156 1224 2211 haud
1247 2154 1451 2225 injuria
1492 2152 1677 2208 dicere

90 2255 297 2319 posset,
326 2248 455 2319 quia
480 2264 546 2304 ea;
575 2257 724 2304 utero
758 2249 951 2304 matris
982 2264 1111 2305 mete
1137 2264 1346 2320 egressa
1370 2253 1448 2302 est
1473 2245 1675 2300 caritas

95 2352 300 2394 mecum
328 2335 381 2409 (1
385 2338 467 2394 ob.
504 2355 657 2408 xxxi,
686 2338 797 2410 18).

164 2430 219 2487 5.
255 2429 436 2488 Doluit
459 2432 732 2503 siquidem
767 2431 1080 2503 frequenter
1123 2430 1355 2501 udisque
1376 2428 1678 2485 luminibus

91 2521 202 2579 alta
235 2524 554 2582 multotiens
584 2524 824 2595 suspiria
866 2524 1060 2592 traxit,
1116 2523 1261 2595 quod
1301 2522 1592 2587 sacellum,
1621 2519 1678 2575 in

100 2627 209 2683 quo
237 2614 516 2685 pretiosus
570 2613 789 2670 Domini
832 2614 1189 2684 archipraasul
1230 2611 1536 2667 Eucharius
1568 2625 1679 2665 una

91 2717 215 2760 cum
267 2706 608 2764 beatissimis
658 2704 1217 2776 commanipularibus
1274 2704 1391 2759 suis
1443 2702 1501 2756 in
1546 2715 1682 2771 pace

92 2795 336 2865 pausitat
364 2804 419 2853 et
452 2797 746 2854 adventum
779 2796 1157 2867 Redemptoris
1184 2801 1452 2866 expectat,
1485 2791 1684 2847 humili

91 2887 254 2945 nimis
277 2896 453 2961 atque
485 2890 830 2962 paupertino,
856 2898 939 2945 tot
958 2888 1271 2945 labentibus
1295 2887 1476 2953 annis,
1511 2885 1682 2940 dura-

92 2979 589 3050 retinstrumento;
618 2997 805 3038 secum
818 2982 1083 3038 anxinsin
1100 2979 1324 3036 archivo
1346 2978 1546 3033 mentis
1566 2976 1684 3031 vol-

89 3076 558 3147 vens,quatenus
588 3076 758 3131 vitam
783 3076 1046 3146 sospitate
1072 3074 1387 3139 comitante,
1412 3069 1684 3142 condigno

1768 505 2078 574 quantocius
2117 512 2167 560 et
2208 506 2350 559 omni
2399 505 2671 559 conamine
2727 501 2959 575 spiritali
3006 509 3200 564 instate
3236 519 3364 611 tan‘,

1766 597 1853 665 pio
1880 596 2072 652 labori.
2100 596 2297 652 Potens
2337 599 2477 653 enim
2498 605 2575 652 est
2601 596 2772 664 Deus,
2799 600 2889 668 qui
2920 600 3061 655 vobis
3095 590 3363 671 prwstitit“

1768 688 1926 757 velle,
1984 690 2387 745 subministrare
2434 700 2484 745 et
2505 706 2672 760 posse.
2724 687 2839 743 Hoc
2889 700 3061 745 autem
3105 693 3226 748 nolo
3258 710 3345 749 vos

1768 781 1969 852 lateat,
1993 783 2120 855 quia
2140 772 2188 839 si
2215 783 2421 855 feruida
2444 782 2713 838 voluntate
2734 783 2803 836 ad
2816 782 3128 853 jaciendum
3156 786 3346 840 funda-

1769 884 2000 931 mentum
2034 877 2284 932 insudare
2331 877 2598 947 satagitis,
2628 883 2906 947 postquam
2955 876 3086 930 mihi
3116 893 3344 948 comper-

1772 975 1882 1022 tum
1908 969 2089 1039 fuerit,
2119 970 2257 1040 quod
2282 977 2488 1023 tantum
2508 970 2566 1023 in
2587 967 2758 1022 altum
2790 978 3073 1040 consurgat
3093 978 3347 1040 quatenus

1770 1061 1929 1115 unius
1963 1060 2128 1114 cubiti
2152 1077 2449 1116 mensuram
2485 1076 2642 1132 super
2691 1068 2887 1114 terram
2923 1060 3183 1127 ostendat,
3217 1060 3349 1116 tales

1772 1153 1917 1207 vobis
1937 1151 2003 1206 de
2034 1152 2163 1223 fisco
2200 1160 2375 1206 nostro
2406 1153 2675 1223 suppetias
2688 1150 2950 1219 prcebebo,
2979 1157 3037 1204 ut
3058 1166 3219 1221 parvo
3240 1149 3349 1203 ali-

1772 1248 2087 1312 quantorum
2108 1240 2395 1294 interstitio
2420 1255 2682 1294 annorum
2707 1256 2870 1311 usque
2900 1239 3031 1294 adeo
3056 1239 3351 1309 profectum

1774 1332 1897 1387 laeto
1942 1332 2134 1387 sudore
2186 1332 2391 1401 capiat,
2446 1332 2537 1403 qui
2569 1332 2874 1403 citrahspem
2910 1346 3235 1386 communem
3282 1329 3353 1385 ad

1773 1440 2039 1480 summum
2058 1439 2221 1495 usque
2240 1424 2523 1495 pertingat.

1848 1516 1898 1571 7.
1929 1515 2052 1583 Quo
2073 1531 2314 1573 caesareo
2342 1515 2614 1588 gloriosus
2641 1514 2888 1587 pontifex
2918 1514 3193 1570 animatus
3217 1527 3353 1583 pro—

1775 1608 1968 1678 misso,
1998 1608 2182 1664 divine
2210 1609 2504 1665 comitatus
2536 1608 2743 1664 auxilio
2785 1607 2985 1662 mentis
3025 1613 3353 1676 conceptum

1777 1714 1941 1771 opere
1965 1707 2124 1756 tenus
2142 1699 2366 1770 implere
2387 1701 2643 1772 gestiens,
2669 1715 2837 1771 quam
2858 1699 3107 1769 plurimis
3136 1706 3360 1755 strenue

1777 1791 2058 1848 accersitis
2086 1800 2141 1847 et
2179 1792 2415 1847 corrasis
2447 1792 2808 1847 caementariis
2838 1799 3003 1861 atque
3030 1777 3356 1855 fossoribus,

1779 1885 1848 1940 ad
1900 1885 2084 1941 locum
2134 1882 2382 1939 tetendit.
2434 1882 2683 1953 Cumque
2732 1884 2846 1954 jam
2877 1898 2973 1953 per
3012 1882 3130 1938 dies
3152 1882 3363 1952 aliquot

1777 1975 2032 2031 fodiendo
2050 1975 2359 2031 laboratum
2382 1974 2599 2042 fuisset,
2621 1983 2843 2045 repente
2858 1973 3101 2029 fossores
3121 1972 3361 2044 inopinis

1778 2067 1977 2123 ictibus
2006 2067 2063 2121 in
2111 2074 2195 2122 ter
2221 2076 2526 2138 quaterque
2550 2066 2699 2122 beati
2750 2065 2915 2133 Celsi,
2945 2065 3029 2121 uti
3082 2064 3361 2120 Divinitati

1777 2157 2002 2228 placuit,
2032 2156 2391 2228 polyandrum
2418 2155 2939 2228 (527)impegerunt.
2985 2196 2999 2209 .
3044 2196 3059 2209 .
3104 2195 3118 2209 .
3164 2195 3178 2209 .
3222 2196 3235 2209 .
3282 2196 3295 2208 .
3343 2194 3357 2208 .

1780 2249 1909 2303 Erat
1951 2256 2135 2303 autem
2177 2247 2705 2318 sarcophagusipse,
2733 2246 2788 2300 in
2805 2262 2917 2316 quo
2943 2244 3366 2301 resurrectionis

1778 2341 1985 2396 nudum
2034 2356 2267 2411 granum
2311 2339 2623 2395 maturandi
2680 2339 2854 2410 gratia
2891 2354 2989 2410 per
3012 2346 3090 2394 tot
3120 2345 3366 2408 tempora

1778 2429 1967 2496 latuit,
2026 2428 2153 2483 miri
2195 2428 2450 2484 candoris
2492 2436 2679 2499 petra,
2722 2443 2888 2497 quam
2936 2428 3134 2498 vulgus
3159 2434 3366 2481 cretam

1780 2528 1967 2586 vocat;
1998 2527 2054 2573 et
2078 2517 2262 2573 tabula
2289 2518 2525 2589 desuper
2564 2531 2893 2584 marmorea,
2926 2516 2982 2570 in
3017 2531 3126 2586 qua
3156 2514 3364 2570 sancti-

1778 2612 1909 2667 tatis
1934 2611 2056 2681 ejus
2084 2611 2246 2667 index
2274 2611 2464 2668 titulus
2494 2610 2598 2667 fuit
2624 2606 2927 2667 caraxatns
2950 2610 3098 2665 hunc
3141 2609 3366 2665 modum

1780 2704 2068 2760 continens
2096 2722 2109 2757 :

1854 2797 2132 2853 Sollicitus
2156 2798 2469 2869 quicumque
2503 2797 2651 2869 cupis
2680 2813 2990 2869 cognoscere
3021 2797 3275 2866 tumbam,

1924 2889 2232 2945 Praeclarus
2251 2889 2399 2960 jacet
2425 2888 2510 2943 hic
2536 2890 2743 2945 nomine
2767 2890 2845 2945 vel
2867 2891 3069 2945 meritis

1854 2981 2059 3050 Celsus,
2086 2998 2239 3053 quem
2269 2980 2529 3036 Dominus
2549 2997 2669 3036 vero
2690 2981 2964 3053 insignivit
2990 2982 3203 3048 honore,

1932 3073 2057 3130 Non
2086 3075 2259 3147 segnis
2288 3075 2480 3145 patria:
2500 3090 2701 3145 semper
2721 3074 2911 3145 ubique
2941 3074 3146 3145 uigens;

88 3135 364 3239 quantumt
400 3168 469 3223 ad
496 3167 784 3224 hominum
823 3135 1243 3223 estimationem
1271 3176 1557 3237 apparatu,
1592 3161 1681 3233 ja-
1708 3135 1756 3200 δ
1858 3167 1964 3234 Qui
1998 3135 2166 3240 genus
2183 3135 2339 3240 atque
2372 3175 2548 3221 ortum
2572 3135 2719 3221 claro
2742 3166 2806 3220 de
2824 3135 3114 3220 stemmate
3139 3166 3329 3235 traxit,

86 3268 230 3321 elato
253 3275 411 3318 novo
439 3260 779 3329 fundamine,
811 3261 979 3318 tantis
1003 3261 1249 3331 patronis
1283 3259 1574 3330 omnigeno
1605 3256 1682 3313 uti

92 3351 339 3412 decuerit
393 3354 489 3389 ⁸⁸⁸⁸
514 3362 714 3410 ornatu
743 3354 1133 3411 dominicalem
1162 3368 1343 3424 ungue
1375 3361 1537 3407 tenus
1557 3365 1687 3421 per:

94 3445 289 3515 poliret
345 3447 680 3517 ecclesiam;
734 3448 897 3505 nauci
951 3447 1194 3519 pendens
1240 3446 1403 3503 istam
1440 3452 1685 3500 nostram

96 3548 414 3598 veteranam
455 3551 511 3599 et
526 3558 609 3605 ,ex
637 3542 863 3613 obliquo
883 3556 1087 3598 vocans
1119 3555 1243 3596 eam
1282 3539 1557 3595 redituum
1595 3553 1685 3594 re-

95 3632 446 3701 positorium.

164 3726 215 3781 6.
254 3727 510 3800 Cumque
546 3737 657 3785 tam
718 3728 949 3801 spiritali
989 3736 1119 3783 voto
1163 3727 1356 3782 crebra
1388 3724 1689 3780 intentione

96 3826 239 3872 esset
283 3829 608 3891 occupatus,
648 3820 849 3877 accidit
880 3818 1117 3890 quadam
1151 3818 1303 3885 vice,
1360 3824 1422 3871 ut
1457 3814 1688 3886 praefato

99 3911 352 3984 principi,
412 3914 508 3985 qui
553 3929 680 3971 eum
723 3913 1012 3986 apostolici
1059 3912 1289 3969 honoris
1333 3908 1690 3981 praerogativa

98 3999 359 4073 dignatus
386 4011 505 4072 est,
550 4021 663 4076 prae
702 4006 901 4062 ceteris
927 4004 1285 4061 ecclesiarum
1312 3999 1529 4056 vatibus
1564 4013 1688 4053 mo-

94 4094 197 4149 rali
255 4097 429 4153 an‘atu
459 4106 701 4167 coesset,
755 4099 919 4169 eique
972 4099 1113 4153 inter
1151 4096 1258 4151 alia
1308 4092 1692 4151 ecclesiasticae

99 4187 354 4247 utilitatis
375 4191 606 4247 consilia
629 4188 861 4263 hujusce
890 4190 1188 4247 voluntatis
1209 4189 1408 4259 januas
1434 4187 1687 4258 aperiret.

98 4275 413 4350 Imperator.
431 4298 585 4350 vero,
615 4282 695 4337 uti
728 4282 1198 4339 catholicissimus
1236 4278 1534 4335 mundialis
1554 4277 1693 4332 aulai

98 4379 303 4443 rector,
338 4381 494 4431 tanto
524 4376 664 4431 tanti
711 4375 986 4446 pontiﬁcis
1017 4373 1362 4444 conjubilans
1401 4379 1531 4426 voto
1580 4385 1694 4440 prae

1929 3261 2238 3333 Alfectuque
2262 3262 2351 3332 pio
2371 3261 2616 3315 conditur
2641 3260 2738 3315 hoc
2762 3259 2984 3315 tumulo.

1857 3353 1911 3409 8.
1954 3351 2250 3425 Operarius
2296 3362 2479 3409 autem
2513 3354 2609 3426 qui
2646 3353 2859 3425 primus
2899 3351 3148 3408 omnium
3185 3352 3244 3408 in
3275 3359 3370 3409 tu-

1788 3446 1999 3501 mulum
2029 3445 2275 3513 oﬂ'endit,
2319 3447 2560 3503 rusticus
2587 3456 2705 3501 erat
2730 3453 2787 3502 et
2834 3446 3000 3501 totius
3033 3462 3171 3517 pene
3204 3445 3375 3501 ratio-

1789 3540 1899 3608 nis,
1927 3539 2009 3594 uti
2040 3539 2096 3595 id
2129 3539 2416 3595 hominum
2445 3555 2617 3611 genus
2646 3538 2913 3606 noscitur,
2956 3538 3209 3610 incapax.
3251 3536 3374 3593 Non

1789 3632 1936 3689 enim
1972 3632 2180 3689 sciebat
2231 3633 2451 3688 beatum
2506 3631 2611 3689 Job
2644 3632 2849 3689 dixisse
2885 3651 2899 3686 :
2959 3630 3190 3688 Causam
3216 3645 3377 3707 quam

1789 3722 2084 3777 nesciebam
2131 3722 2538 3793 diligentissime
2578 3723 2954 3796 inuestigabam
2999 3720 3148 3795 (Job.
3185 3737 3239 3789 ν,
3285 3720 3374 3793 6);

1790 3812 1885 3868 sed
1911 3812 2332 3882 praecipitationi
2366 3829 2591 3868 manum
2621 3814 2876 3871 incautus
2914 3813 3065 3870 dedit
3099 3813 3375 3869 tabulam-

1791 3920 1899 3975 que
1937 3904 2160 3973 bipenni
2190 3904 2356 3975 rapit,
2388 3913 2450 3959 ut
2474 3904 2565 3959 vix
2593 3920 2627 3960 a
2665 3905 2841 3961 doctis
2867 3904 3003 3960 viris
3044 3904 3235 3961 titulus
3270 3902 3378 3978 legl

1791 3994 2033 4050 inerrato
2063 3994 2493 4065 quivisset.......

1861 4092 1915 4148 9.
1947 4090 2196 4163 Cumque
2243 4100 2356 4148 tam
2399 4092 2557 4147 laetus
2580 4105 2772 4147 rumor
2826 4090 2928 4147 sub
2976 4088 3167 4146 cursili
3215 4086 3374 4144 festi-

1791 4181 1979 4236 nantia
2013 4181 2082 4237 ad
2116 4181 2190 4251 pii
2219 4181 2494 4252 pontiﬁcis
2521 4181 2774 4237 notitiam
2801 4180 3158 4252 pervenisset,
3175 4178 3381 4250 multi-

1791 4270 1954 4327 lauda
1980 4272 2278 4343 gratiarum
2325 4273 2541 4329 actione
2567 4273 2816 4328 omnium
2844 4273 3090 4328 datorem
3134 4270 3382 4343 largitio-

1794 4380 1928 4420 num
1953 4364 2234 4421 benedixit
2250 4364 2452 4435 Deum;
2472 4366 2659 4437 sicque
2675 4366 2926 4438 impiger,
2942 4380 3113 4421 mora:
3134 4365 3380 4433 nescius,

98 4462 272 4521 nimia
314 4467 524 4524 mentis
549 4467 833 4523 alacritate
871 4468 928 4522 in
952 4467 1070 4523 haec
1103 4464 1341 4537 prosiliit
1380 4478 1547 4518 orsa:
1589 4460 1693 4515 Be-
1719 4494 1771 4555 Ι)
1796 4458 1864 4512 ad
1890 4457 2137 4513 divinum
2176 4459 2548 4530 spectaculum
2594 4458 2835 4529 proruit,
2874 4457 3023 4513 clero
3072 4457 3385 4515 circumsti-

99 4556 345 4614 nedictus
404 4558 548 4615 Deus
614 4575 772 4631 super
818 4559 1063 4614 thronum
1118 4566 1329 4613 (eterna
1395 4553 1693 4624 majestatis
1719 4547 1761 4597 7⁷
1795 4557 1977 4621 patus.
2005 4549 2382 4623 Sedquamvis
2407 4552 2609 4623 incepti
2636 4551 2820 4624 operis
2842 4557 2990 4607 esset
3007 4547 3381 4617 avidissimus,

98 4661 233 4718 suc,
258 4650 357 4721 qui
379 4650 531 4705 nobis
558 4658 671 4706 tam
693 4658 900 4722 gratam
931 4649 1037 4704 sibi
1056 4648 1320 4719 inspirare
1340 4646 1593 4718 dignatus
1615 4650 1694 4698 est

99 4740 470 4801 voluntatem!
497 4743 569 4800 Et
612 4744 910 4800 benedictus
952 4743 1092 4798 beati
1119 4740 1381 4795 Eucharii
1410 4736 1695 4794 monacho-

98 4847 220 4891 rum
252 4838 549 4896 unanimus
576 4845 766 4906 cretus,
794 4852 886 4908 per
905 4834 1056 4905 cujus
1080 4833 1404 4889 necessarias
1430 4830 1696 4887 orationes

100 4934 268 4988 totius
306 4932 528 5003 imperii
572 4931 740 4986 nostri
766 4946 800 4983 a
819 4928 1044 4984 Domino
1066 4936 1320 4999 reguntur
1346 4934 1533 4980 sortes.
1561 4922 1627 4977 Et
1651 4923 1698 4976 si

98 5025 290 5080 diuina
339 5040 458 5080 sors
493 5024 553 5078 in
600 5021 786 5078 diebus
840 5021 1036 5075 nostris
1079 5019 1176 5073 hoc
1217 5016 1547 5088 propositum
1581 5030 1702 5084 per-

100 5115 323 5173 duxerit
355 5116 428 5171 ad
469 5116 740 5187 affectum,
778 5113 931 5172 lretus
981 5112 1101 5184 jam
1139 5110 1361 5182 posthac
1405 5109 1547 5163 uiam
1578 5108 1704 5161 uni-

100 5225 268 5265 versa
305 5210 491 5265 carnis
523 5208 814 5282 ingrediar,
853 5214 1059 5261 tantum
1083 5212 1141 5258 ut
1172 5202 1315 5274 apud
1344 5200 1527 5256 Iesum
1551 5198 1706 5254 Chri-

102 5311 247 5356 stum
300 5302 535 5370 iudicem
575 5302 785 5373 justum
829 5302 1037 5356 beatum
1069 5297 1436 5361 Eucherium,
1469 5294 1702 5363 primum

106 5394 410 5451 Trevericae
449 5396 595 5451 urbis
640 5396 925 5451 doctorem
953 5394 1100 5465 pium
1130 5407 1226 5462 pro
1250 5386 1545 5444 excessibus
1572 5384 1703 5467 meis

177 5577 277 5611 ³⁸⁸⁸
308 5579 616 5637 decreverit
648 5577 789 5634 Bud.

179 5782 344 5853 (527)
374 5778 767 5883 Clementi-ium
791 5785 887 5840 aut
903 5736 1237 5869 sepulcrum.

1798 4642 1943 4698 hanc
1989 4651 2170 4700 tamen
2228 4644 2683 4715 interruptionem
2736 4642 3000 4700 sustinuit
3034 4639 3383 4708 laetissimus,

1798 4750 1928 4792 vera
1955 4737 2062 4792 fide
2111 4751 2179 4793 ex
2220 4737 2363 4793 tituli
2396 4737 2701 4793 assertione
2744 4736 3108 4803 certiticatus,
3133 4731 3284 4805 quod
3325 4731 3388 4789 in

1799 4829 1993 4885 diebus
2021 4829 2138 4885 suis
2171 4845 2334 4900 super
2373 4829 2569 4885 urbem
2597 4827 2943 4884 Trevericam
2968 4824 3271 4883 divinitatis
3296 4823 3385 4880 di-

1803 4929 2033 4993 gnanter
2075 4920 2332 4991 delapsus
2365 4929 2513 4977 esset
2562 4928 2864 4992 respectus.
2914 4918 3184 4976 Omnibus
3221 4916 3387 4989 igitur

1801 5028 1925 5084 qua:
1949 5013 2262 5069 acciderant
2284 5014 2588 5085 prudentiae
2615 5012 2874 5084 scalpello
2912 5012 3197 5085 diligenter
3219 5010 3386 5067 rima-

1803 5107 1904 5172 tis,
1961 5106 2105 5162 beati
2161 5106 2408 5179 pignoris
2465 5107 2693 5178 taphum
2740 5106 2808 5162 de
2856 5105 2981 5162 loco
3031 5103 3361 5175 depositioni

1806 5213 2026 5253 movere
2050 5214 2399 5269 nequaquam
2433 5198 2805 5270 praesumpsit,
2832 5197 2928 5253 sed
2956 5207 3168 5252 tantum
3194 5206 3387 5253 aucto-

1805 5290 1985 5345 ritatis
2019 5306 2134 5346 suae
2171 5290 2350 5363 sigillo
2381 5292 2484 5347 sub
2514 5292 2737 5363 vigilum
2773 5290 3019 5347 excubiis
3041 5289 3258 5362 signare
3289 5303 3385 5344 cu-

1806 5384 1976 5451 ravit;
2012 5383 2363 5455 psalmicines
2383 5382 2605 5443 interim
2627 5382 2933 5443 monachos
2952 5381 3154 5442 ibidem
3186 5376 3380 5440 consti-

1398 5494 1633 5556 VARM'}
1672 5494 2074 5555 LECTIONES.

1642 5678 1871 5783 NOTAE.
