3838 6296
606 385 750 442 1259

1319 371 1547 428 GESTA
1586 369 1889 425 TREV'ER.
1926 397 1998 410 -—
2031 362 2323 422 APPEND.
2368 363 2760 420 TRANSLAT.
2805 364 2862 418 S.
2905 361 3118 420 CELSL

3611 335 3698 434 iw

609 509 792 564 tuens,
844 495 936 566 qui
983 492 1053 547 ob
1097 488 1289 544 merita
1343 485 1480 540 tanti
1507 482 1644 556 justi
1696 481 2192 540 inintermissibiles
2221 481 2426 543 Atarit
2473 481 2784 550 frequenliis
2819 479 3140 550 angelorum.
3189 477 3370 534 Iterum
3406 493 3697 561 regemunt,

609 590 978 663 persolverent
1008 583 1196 637 laudes
1221 579 1523 646 divinitati,
1551 577 1732 648 quoad
1761 577 1877 647 ipse
1905 575 2185 645 coepisco—
2290 575 2417 645 quia
2441 583 2499 626 ut
2541 589 2716 626 verum
2765 574 2940 642 fatear
2974 589 3078 625 non
3110 573 3272 627 solum
3297 576 3455 632 exinde
3481 581 3588 634 nobis
3613 587 3699 640 salu

609 697 806 756 porum
838 692 1064 733 suorum
1112 674 1366 730 consultu
1414 672 1631 743 plenius
1669 668 2019 742 perdisceret,
2055 665 2190 738 quid

2292 676 2454 721 aucta
2484 676 2583 733 est,
2612 683 2791 720 verum
2821 666 2983 719 etiam
3018 667 3094 735 pii
3126 668 3339 735 pastoris
3357 669 3702 742 probitasque.

611 775 680 830 de
703 789 761 828 re
795 779 943 826 tanta
969 768 1086 822 ﬁeri
1117 774 1420 837 oporteret;
1453 765 1641 835 sicque
1675 762 2006 833 transcripta
2047 759 2190 816 tituli
2289 761 2462 827 urbis,
2485 777 2638 831 quem
2689 759 3152 829 inpraesentiarum
3175 760 3390 828 cernitis,
3409 765 3638 822 enucleati:
3650 789 3703 840 pa-

612 875 781 931 tomo,
811 860 1072 934 episcopii
1098 859 1362 930 delegavit
1391 857 1762 914 claviculario.

686 956 772 1011 10.
827 952 1076 1023 Cumque
1115 950 1414 1008 secundum
1446 950 1581 1004 tanti
1629 948 1866 1020 pastoris
1896 947 2190 1002 intemera-

611 1049 720 1106 bile
759 1057 1024 1104 statutum
1069 1045 1157 1100 die
1205 1053 1479 1114 noctuque
1538 1041 1736 1098 fratres
1770 1042 1826 1095 in
1877 1038 2195 1110 pausatorio

606 1141 904 1212 iustorum,
941 1155 1086 1194 nunc
1115 1138 1216 1193 sub
1243 1137 1368 1192 divo
1419 1151 1564 1190 nunc
1593 1135 1695 1188 sub
1753 1142 1917 1200 tecto,
1947 1131 2193 1187 divinum

611 1231 1022 1302 frequentarent
1041 1229 1304 1297 cilicium,
1325 1243 1711 1296 summumque
1728 1224 2054 1296 importunis
2073 1239 2200 1294 pre-

612 1325 770 1382 cibus
819 1325 1207 1394 compellarent
1267 1323 1457 1387 solem,
1489 1321 1583 1390 qui
1631 1320 1965 1374 voluntatem
1994 1318 2196 1372 timen-

613 1419 754 1472 tium
785 1433 842 1472 se
873 1417 1062 1488 procul
1085 1417 1252 1471 dubio
1284 1414 1490 1469 facitet
1511 1413 1949 1483 deprecationem
1977 1411 2197 1465 illorum

614 1507 874 1562 exaudire
928 1507 1067 1562 solet
1099 1526 1111 1561 :
1148 1522 1256 1561 non
1285 1507 1458 1560 multo
1496 1513 1622 1575 post
1649 1511 1938 1574 corrogata
1967 1511 2051 1557 est
2097 1502 2202 1556 im-

614 1597 809 1670 paiali
857 1598 1038 1652 edicto
1092 1596 1411 1665 sollempnis
1473 1595 1714 1666 synodus
1759 1609 1925 1663 quam
1960 1591 2200 1662 plurium

615 1693 1001 1762 episcoporum
1071 1700 1234 1760 atque
1309 1691 1597 1755 abbatum,
1664 1697 1882 1759 patrum
1951 1686 2205 1740 videlicet

616 1781 851 1851 Belgica:
899 1795 1001 1835 nec
1029 1796 1138 1835 non
1175 1780 1507 1847 Germaniae,
1564 1781 1706 1849 apud
1734 1780 1913 1850 regale
1937 1778 2203 1848 palatium

2294 852 2492 922 tefacta
2525 858 2623 904 est.
2654 848 2811 916 Quod
2855 864 2982 904 cum
3034 849 3302 905 audissent
3338 853 3564 922 utriusque
3581 859 3703 913 ordinis

2295 944 2610 1001 sacerdotes
2636 943 2880 1009 Domini,
2927 942 3022 1011 qui
3067 941 3239 997 eidem
3284 957 3431 999 sacra:
3468 945 3707 1006 interfuerat

2295 1037 2523 1108 synodo,
2548 1036 2806 1106 expansis
2820 1035 2888 1090 ad
2911 1035 3112 1091 cmlum
3134 1035 3372 1094 manibus
3389 1036 3486 1106 pias
3500 1041 3708 1109 pregaudio

2297 1129 2556 1187 fuderunt
2605 1131 2884 1197 lacrimas.
2929 1130 3226 1184 immensas
3251 1127 3492 1185 Couditori
3525 1131 3710 1188 referens

2296 1235 2500 1297 grates,
2548 1225 2643 1296 qui
2693 1234 2804 1280 tam
2847 1224 3148 1295 gloriosum
3199 1222 3383 1294 pignus
3405 1239 3492 1279 non
3513 1232 3714 1294 pinnat

2300 1320 2601 1375 subterrari
2633 1319 2863 1385 diutius,
2890 1317 2988 1373 sed
3011 1317 3171 1387 cujus
3204 1317 3340 1387 apud
3367 1317 3514 1388 ipsum
3529 1327 3626 1374 esset
3645 1335 3713 1373 nc-

2299 1415 2411 1480 riti,
2433 1415 2714 1469 miraculis
2729 1413 3152 1468 coruscantibus
3169 1412 3592 1482 censuitpalilicari.
3603 1411 3714 1482 lique

2299 1511 2446 1567 enim
2501 1511 2583 1566 fas
2623 1509 2745 1576 fuit,
2786 1517 2850 1564 ut
2908 1510 2986 1565 illi
3011 1511 3228 1565 deesset
3259 1511 3313 1564 in
3353 1511 3488 1566 ten-is
3513 1511 3717 1580 obsequium

2301 1603 2685 1660 ecclesiastica:
2737 1602 2968 1670 militiae,
3005 1602 3096 1658 cui
3127 1603 3241 1672 jam
3287 1603 3338 1656 in
3363 1603 3492 1658 caelis
3514 1618 3534 1656 ι
3575 1602 3716 1657 Domino

2304 1696 2513 1751 reddita
2535 1702 2652 1750 erat
2672 1710 2876 1750 corona
2899 1693 3155 1764 justicize.
3181 1693 3310 1750 Post
3331 1694 3434 1750 haec
3475 1709 3584 1748 sacro
3594 1693 3719 1764 placuit

2307 1787 2560 1854 concilio,
2587 1797 2860 1858 quatenus
2901 1787 3122 1858 angusti
3167 1795 3497 1857 prostagmate
3517 1784 3615 1852 (530)
3637 1799 3719 1852 pre-

617 1874 767 1945 quod
833 1874 1118 1928 barbarico
1168 1874 1435 1929 vocabulo
1488 1873 1865 1943 Engilcnbeim
1935 1872 2204 1926 vocitatur
2231 1859 2279 1919 Β
2305 1890 2472 1936 eunte
2525 1889 2689 1951 atque
2741 1881 3126 1951 episcoporum
3173 1878 3531 1949 indisgl-egabm
3561 1889 3721 1932 00W

619 1965 793 2036 (528),
822 1963 880 2018 in
910 1980 1018 2034 qua
1048 1965 1309 2018 nonnulla
1347 1964 1731 2020 ecclesiastica:
1761 1962 1977 2017 utilitati
2009 1977 2201 2016 neces-

616 2057 787 2125 saria,
840 2065 1156 2113 sanctorum
1210 2074 1484 2113 canonum
1516 2058 1813 2128 prmviante
1861 2057 2204 2122 auctoritate,

616 2150 848 2206 dulciter
872 2158 1001 2206 sunt
1021 2151 1364 2221 promulgata
1397 2161 1560 2221 atque
1597 2167 1939 2207 successum
1969 2151 2204 2221 posteri-

618 2241 718 2297 tati
762 2241 1150 2297 inviolabiliter
1197 2243 1540 2298 observanda
1587 2243 1813 2299 indicta.
1865 2242 1968 2298 Cui
2019 2258 2209 2298 neces-

619 2331 772 2388 sario
819 2330 1070 2387 interfuit
1117 2331 1423 2390 Treverica:
1457 2334 1706 2390 ecclesiae
1753 2334 2208 2404 metropolitanus

617 2420 758 2478 bene
803 2422 1032 2480 meritus
1077 2422 1378 2495 Egbertus,
1430 2425 1588 2494 cujus
1617 2425 1901 2492 memoria,
1947 2423 2209 2494 quamdiu

619 2514 777 2570 hodie
805 2515 1026 2586 dicitur,
1061 2532 1277 2588 semper
1302 2526 1386 2573 est
1434 2518 1488 2572 in
1519 2517 1896 2574 benedictione
1937 2516 2209 2583 habenda,

621 2607 755 2678 quia
785 2609 893 2679 piis
930 2609 1050 2680 ejus
1080 2611 1280 2667 studiis
1299 2611 1643 2678 asscribitur,
1661 2610 1809 2681 quod
1832 2626 1946 2666 suae
1971 2609 2215 2665 ecclesiae

622 2701 807 2758 clerus
860 2702 1087 2758 scientia
1130 2718 1195 2759 ac
1237 2703 1500 2775 religione
1553 2704 1894 2758 nobilitatur.
1934 2702 2214 2758 Discussis

619 2808 757 2849 sane
802 2793 936 2850 inibi
980 2796 1168 2852 multis
1215 2811 1340 2866 qua:
1370 2797 1630 2868 synodica
1683 2797 1925 2867 postulat
1969 2795 2214 2862 rubrica,

619 2893 915 2956 postquam
955 2896 1143 2945 tantus
1205 2889 1590 2959 archipraesul,
1653 2889 1749 2959 qui
1824 2889 1966 2944 inter
2025 2903 2218 2943 omnes

622 2976 750 3034 illos
774 2979 1073 3049 primatum
1101 2983 1297 3049 tenuit,
1325 2997 1560 3038 vacuum
1597 2982 1700 3038 sibi
1736 2981 1853 3036 fore
1878 2981 1946 3036 ad
1984 2981 2218 3051 loquen-

623 3070 758 3126 dum
804 3073 1057 3142 pervidit,
1106 3084 1323 3145 arrepto
1356 3075 1612 3146 pitaciolo
1640 3074 1729 3130 cui
1761 3083 1879 3130 erat
1921 3073 2218 3142 inscriptus

623 3162 774 3219 beati
797 3163 943 3221 Celsi
969 3166 1182 3233 titulus,
1215 3168 1407 3222 ordine
1436 3182 1548 3238 quo
1569 3168 1836 3239 oportuit,
1862 3167 2047 3238 qualia
2075 3166 2219 3236 apud

623 3255 820 3309 urbem
849 3271 1008 3311 suam
1036 3257 1219 3312 divina
1242 3258 1483 3330 dignatio
1513 3273 1625 3328 prae
1655 3258 1910 3312 manibus
1945 3257 2221 3312 revelave-
2247 3229 2290 3287 C

624 3346 718 3412 rit,
751 3344 1001 3401 Tulliana
1036 3346 1291 3412 facundia
1341 3365 1527 3404 coram
1569 3353 1863 3419 peroravit,
1889 3350 2220 3418 titulumque

625 3438 749 3511 ipse
798 3440 1066 3495 recitavit.
1119 3440 1331 3507 Quibus
1379 3442 1580 3497 auditis
1622 3443 1918 3512 imperator
1952 3443 2221 3498 immenso

623 3531 885 3606 perfusus
923 3533 1299 3605 gaudimonio,
1335 3549 1555 3589 sacrum
1584 3542 1639 3588 et
1684 3533 1795 3589 Deo
1825 3534 2109 3589 decibilem
2133 3535 2219 3590 his

629 3625 814 3681 verbis
845 3625 1043 3681 allatus
1071 3628 1166 3695 ’est
1210 3636 1579 3682 conventum:
1648 3626 1902 3695 Gaudete,
1939 3629 2132 3698 fratres
2170 3639 2220 3682 et

625 3723 804 3786 patres
843 3717 901 3774 in
946 3715 1195 3784 Domino,
1244 3726 1294 3772 et
1326 3717 1544 3772 laudate
1571 3735 1637 3773 ea:
1670 3720 1877 3772 intimis
1934 3719 2218 3774 visceribus

627 3809 904 3868 dominum
935 3810 1104 3866 Deum
1129 3821 1386 3880 nostrum,
1420 3814 1511 3884 qui
1535 3815 1672 3867 mira
1699 3823 1909 3869 (eterna;
1942 3831 2054 3868 sua:
2080 3815 2225 3867 boui-

633 3903 760 3962 tatis
783 3905 964 3974 gratia
987 3907 1242 3975 respicere
1273 3907 1523 3977 dignatus
1547 3916 1624 3962 est
1657 3908 1726 3960 ad
1757 3918 1991 3979 tempora
2017 3917 2220 3974 nostra,

631 3995 815 4050 dando
840 3997 1078 4054 ecclesiw
1100 4016 1210 4055 sua:
1234 4000 1375 4071 apud
1409 3999 1742 4055 Trevericam
1769 4003 2104 4072 metropolim
2127 4019 2225 4056 uo-

567 4149 570 4151 _
628 4103 752 4146 vum
785 4099 1070 4159 patronum
1093 4091 1302 4146 beatum
1341 4091 1572 4158 Celsum,
1601 4110 1754 4164 quem
1783 4095 2068 4149 virtutibus
2103 4112 2226 4165 per-

629 4179 864 4248 plumem
895 4182 1045 4255 (529)
1092 4183 1404 4255 plenumque
1437 4185 1646 4239 dierum
1696 4204 1729 4239 a
1778 4196 2006 4257 tempore
2053 4189 2227 4242 exitus

2307 1977 2624 2041 comitante,
2681 1974 3007 2029 Trevericus
3033 1982 3189 2028 vates
3237 1972 3428 2026 naviter
3471 1970 3603 2024 sedem
3637 1983 3720 2021 sum

2309 2069 2548 2124 revisere
2574 2068 2875 2132 debuisset,
2905 2076 2961 2122 et
3007 2067 3222 2138 glebam
3267 2064 3401 2121 beati
3424 2062 3540 2118 Celsi
3567 2073 3725 2116 unam

2310 2161 2498 2217 subice
2527 2161 2674 2215 clero
2717 2161 2784 2214 de
2815 2155 3029 2214 tumulo
3061 2159 3284 2229 pr0prio
3307 2158 3466 2211 levare
3485 2166 3604 2226 atque
3629 2153 3724 2208 nilli-

2311 2253 2472 2308 miter
2511 2253 2565 2306 in
2594 2253 2794 2308 arcella
2834 2251 2994 2322 quasi
3035 2253 3090 2306 in
3129 2249 3361 2322 quodam
3389 2248 3725 2315 divinaruuopum

2312 2345 2702 2417 gazophylacio
2754 2345 3050 2410 collocare,
3107 2344 3297 2414 sicque
3365 2342 3507 2396 totius
3545 2335 3726 2394 sanctitatis

2312 2437 2460 2493 cultu
2491 2438 2605 2492 acsi
2628 2438 2830 2492 summi
2854 2437 3000 2509 regis
3027 2437 3137 2492 non
3163 2437 3522 2507 qualecumque
3546 2429 3729 2486 mentun

2315 2546 2475 2586 sacro
2506 2530 2665 2585 altari
2703 2530 3004 2600 imponere.

2389 2693 2476 2746 11.
2520 2690 2637 2746 Tali
2666 2689 2867 2760 quippe
2893 2688 3156 2743 mandato
3179 2696 3340 2757 atque
3359 2683 3552 2740 consilio
3569 2685 3730 2750 peractio.

2318 2785 2510 2841 beatus
2557 2783 2916 2852 archipraasul
2947 2781 3240 2852 Egbertus,
3292 2778 3365 2832 uti
3393 2775 3582 2848 prudens
3607 2766 3732 2824 minii.

2318 2887 2401 2932 tot
2449 2886 2666 2947 patrum
2717 2891 2777 2930 se
2825 2873 3304 2930 benedictionibus
3353 2881 3494 2940 atque
3528 2861 3734 2920 orationi“

2320 2971 2575 3036 munivit,
2609 2984 2709 3024 nec
2745 2983 2854 3022 non
2893 2967 3170 3037 imperiali
3199 2964 3379 3037 gratia:
3410 2959 3601 3017 tenacius
3625 2950 3734 3024 juuit

2322 3066 2511 3136 sicque
2557 3077 2820 3134 prospero
2884 3076 3149 3117 successu
3207 3060 3307 3115 iter
3353 3052 3610 3117 maturavit,
3642 3045 3736 3102 diti”

2323 3160 2559 3214 vallatus
2582 3157 2750 3214 tutela
2776 3157 3151 3227 comitumque
3193 3155 3443 3210 lateratus
3463 3139 3738 3220 catering!!-

2323 3269 2430 3323 que
2469 3251 2826 3320 semetipsum
2850 3249 2903 3303 in
2928 3248 3149 3318 propria
3178 3247 3308 3303 sede
3329 3243 3589 3312 recepisset,
3603 3228 3746 3306 pallui"

2324 3347 2531 3402 interea
2541 3343 2928 3414 pedinantibus
2959 3341 3181 3407 diebus,
3198 3335 3498 3394 convocavit
3513 3330 3565 3385 ad
3580 3342 3620 3383 se
3639 3331 3742 3378 me!

2323 3438 2593 3509 sapientia
2614 3436 2874 3506 praeditos
2894 3435 3121 3489 abbates
3146 3443 3205 3490 et
3229 3429 3520 3492 monachos,
3535 3419 3745 3494 prasini“

2326 3546 2552 3602 quoque
2579 3541 2633 3584 et
2669 3528 2900 3584 clericos
2929 3527 2998 3582 ad
3050 3542 3215 3582 suam
3249 3522 3492 3582 diocesim
3518 3511 3742 3588 penum;

2326 3640 2442 3680 rem
2473 3631 2683 3694 gestam
2715 3621 2894 3690 palam
2931 3619 3195 3674 omnibus
3217 3617 3415 3674 retulit.
3441 3614 3564 3680 Quos
3588 3610 3744 3661 αωιοι·

2327 3733 2427 3772 nes
2456 3715 2706 3788 synodali
2733 3716 2956 3769 decreto
3007 3721 3410 3768 consentaneas
3446 3700 3657 3760 iuream

2331 3810 2638 3867 cessionem
2690 3808 2942 3864 festivam
2991 3806 3117 3862 ilico
3142 3802 3464 3866 construxit,
3490 3811 3586 3852 cum

2329 3915 2384 3962 et
2413 3907 2608 3969 cereis,
2652 3903 2951 3958 tburibulis
2995 3917 3222 3972 quoque
3272 3898 3573 3962 testibusque
3599 3873 3747 3972 οτιἚὲ

2332 4001 2646 4073 gemmatis,
2671 3998 2932 4068 omnique
2961 3968 3343 4054 ecclesiastico
3383 3992 3614 4060 apparati.

2332 4064 2479 4151 natis
2519 4064 2781 4149 fratribus
2827 4064 3092 4164 liymnum
3119 4087 3343 4143 Domini
3375 4083 3513 4140 dulce

2335 4189 2549 4260 asylum
2575 4186 2719 4242 beati
2740 4153 3001 4240 Eucliarii
3027 4181 3234 4238 lmtitiae
3265 4175 3492 4235 lacrimis
3511 4170 3650 4243 μὶεηιιε
3667 4153 3752 4228 Pi“

628 4274 718 4331 sui
743 4274 808 4330 de
836 4275 1071 4349 {Egypto
1096 4277 1348 4334 hactenus
1372 4279 1428 4334 in
1453 4281 1694 4350 supernis
1728 4281 1936 4336 sedibus
1961 4281 2238 4335 concivili-
2336 4280 2530 4337 tentim
2586 4279 2740 4335 adiit.
2786 4318 2801 4333 .
2846 4318 2861 4332 .
2905 4317 2921 4333 .
2966 4315 2981 4332 .
3021 4315 3038 4331 .
3081 4312 3098 4329 .
3141 4313 3159 4328 .

1947 4389 2594 4482 MIRACULA.

705 4559 990 4630 Expeditis
1012 4559 1253 4625 tandem,
1281 4574 1535 4616 sermone
1557 4559 1686 4614 licet
1708 4558 1955 4628 impolito
1978 4558 2223 4613 calamo-
2251 4565 2304 4625 1)
2330 4553 2700 4627 propitiatorii
2741 4593 2755 4607 .
2803 4592 2816 4606 .
2863 4591 2879 4606 .
2925 4591 2939 4606 .
2979 4590 2995 4606 .
3041 4589 3056 4604 .
3095 4546 3242 4604 Nam
3275 4546 3335 4602 in
3358 4540 3527 4601 eodem
3551 4525 3755 4630 ῥυοὝ

634 4667 744 4723 que
785 4651 1043 4718 silvestri,
1084 4665 1207 4720 qua:
1235 4650 1569 4705 narrationis
1623 4650 1796 4706 series
1851 4649 2111 4719 poscebat
2160 4649 2227 4704 de

635 4744 957 4800 inventione
985 4743 1235 4813 corporis
1261 4743 1440 4798 sancti
1468 4743 1616 4797 Celsi
1639 4741 1978 4798 confessoris
2022 4741 2227 4797 Christi

565 4841 568 4844 ’
638 4836 890 4909 pretiosi,
921 4837 1052 4891 hinc
1075 4836 1188 4906 jam
1213 4835 1414 4907 stylum
1435 4846 1719 4890 vertamus
1751 4843 1965 4905 oportet
1995 4835 2063 4889 ad
2087 4834 2229 4889 dilu-

637 4931 877 4988 cidauda
906 4929 1027 5000 ejus
1049 4929 1235 4984 inclita
1259 4928 1546 4984 miracula.
1593 4970 1607 4983 .
1653 4969 1667 4983 .
1713 4969 1727 4983 .
1773 4969 1787 4982 .
1829 4969 1842 4982 .

715 5022 960 5079 Servatis
1002 5023 1170 5094 igitur
1209 5021 1385 5077 sacris
1417 5021 1666 5092 reliquiis
1703 5020 1848 5076 beati
1886 5019 2032 5075 Celsi
2069 5035 2232 5090 super

561 5161 565 5164 _
642 5117 816 5171 altare
845 5115 1021 5171 Sancti
1051 5113 1310 5170 Eucharii
1332 5122 1455 5184 post
1470 5114 1841 5168 inventionem
1863 5128 1960 5183 per
1987 5128 2231 5168 mensem

644 5205 942 5278 integrum,
965 5207 1172 5278 placuit
1196 5207 1441 5278 ejusdem
1473 5207 1709 5263 coenobii
1737 5206 1877 5278 patri
1905 5205 2234 5261 Gunderado

559 5335 563 5340 -
645 5302 872 5358 nomine
899 5302 1225 5372 cunctisque
1255 5299 1537 5367 fratribus,
1563 5309 1835 5372 quatenus
1851 5315 2035 5354 arcam
2059 5298 2235 5354 sancti

593 5439 598 5462 ί
645 5391 796 5449 Celsi
823 5393 1034 5449 deferre
1059 5393 1379 5450 debuissent
1401 5392 1458 5447 in
1478 5393 1660 5447 navim
1685 5391 1928 5446 ecclesia:
1952 5401 2005 5446 et
2033 5404 2238 5460 ponere

647 5513 816 5568 super
868 5505 1073 5554 sanctae
1118 5495 1315 5553 Crucis
1362 5496 1533 5552 altare
1574 5494 1723 5566 quod
1778 5500 1865 5552 est
1912 5493 1970 5550 in
2005 5492 2236 5548 introitu

2334 4617 2507 4706 sancti
2555 4645 2815 4703 Eucharii
2872 4642 2980 4700 fuit
3036 4641 3265 4714 quidam
3302 4627 3615 4708 pauperculus
3638 4617 3756 4672 Ν

2337 4741 2654 4797 Ricbolfus.
2695 4781 2710 4795 .
2747 4780 2762 4795 .
2809 4778 2826 4794 .
2869 4778 2886 4794 .
2931 4778 2947 4793 .
2989 4713 3221 4793 Peracta
3248 4730 3478 4800 denique
3493 4713 3757 4804 missam?

2335 4831 2638 4887 lebratione
2666 4829 3034 4898 omnibusque
3073 4826 3179 4882 rite
3225 4792 3599 4881 consummatis.

2336 4927 2480 4982 dona
2513 4924 2662 4980 dedit
2708 4922 2868 4978 beato
2915 4897 3100 4986 Celso,
3143 4927 3203 4974 et
3263 4917 3440 4987 ipsum
3481 4911 3688 4965 sanatum

2339 5017 2598 5074 omnibus
2640 5013 2891 5085 prodigio
2931 5011 3130 5077 extitit,
3181 5004 3495 5066 monachico
3533 4992 3666 5085 hihi”
3692 4991 3758 5085 ca:

2341 5113 2475 5167 texit
2519 5141 2592 5151 ——
2640 5072 2761 5165 erat
2802 5072 2972 5162 uenim
3023 5105 3094 5160 de
3154 5100 3366 5158 familia
3418 5084 3625 5166 ep'tswl’ii
3655 5072 3759 5167 ’16

2341 5204 2604 5276 quamdiu
2653 5200 2930 5257 adviveret
2969 5212 3040 5252 ne
3073 5196 3143 5251 ab
3186 5190 3430 5249 ecclesia:
3471 5163 3757 5284 servili)

2342 5266 2624 5354 retrahere
2673 5298 3050 5366 praesumeret,
3098 5285 3324 5358 praefixo
3366 5276 3560 5338 manilii

2343 5390 2522 5447 Isdem
2557 5349 2738 5444 autem
2775 5391 3072 5442 renovatus
3094 5349 3307 5452 pauper
3348 5367 3567 5447 ριιιτίωίδ
3595 5349 3758 5452 mf:

2339 5483 2536 5556 jussus
2563 5481 2684 5549 fuit,
2715 5479 2771 5536 in
2803 5474 3142 5535 monasterio
3175 5445 3490 5534 deservivit,
3518 5445 3781 5538 αροςιαπτη

2155 5618 2386 5679 NOTAE.

725 5744 877 5815 (528)
903 5741 992 5815 De
1021 5757 1129 5811 qua
1157 5741 1292 5815 nillil
1335 5741 1460 5815 alibi
1489 5739 1705 5815 legitur.
1743 5737 1846 5793 Sed
1877 5744 2001 5807 post
2015 5733 2236 5815 3,971,

696 5803 767 5869 uo
819 5803 1090 5879 Egbertus
1141 5806 1582 5879 archiepiscopu's
1627 5810 1806 5865 factus
1856 5803 1958 5878 est,
2011 5805 2139 5862 Otto
2195 5803 2240 5858 ll

682 5879 1016 5956 tigilenbcim
1045 5897 1190 5938 anno
1212 5881 1432 5936 demum
1453 5879 1558 5936 980
1590 5879 1757 5935 venit.

2424 5726 2901 5802 (529)Emplumé.
2939 5797 2955 5802 _
3041 5792 3044 5794 _

2337 5877 2340 5886 ,
2423 5791 2572 5874 i530)
2599 5791 2912 5875 πρὸίΐταγμα
2935 5797 2978 5855 i.
3006 5792 3057 5853 e'.
3081 5791 3337 5852 edictum.
