3838 6296
92 368 256 439 “ιι9ιι
746 439 756 448 ⁸
820 362 1048 431 essm
1086 358 1385 428 'l‘REVER.
1416 361 1497 413 '—'-
1532 356 1823 427 Aprum
1862 360 2252 426 massam.
2296 368 2351 426 s.
2393 360 2612 427 CELSI.
3164 364 3171 371 ‘
3219 372 3362 436 ms

98 494 325 552 -tionem
366 482 2333 560 tanta'corpnlcmia'vignit'et-viriburnabunrkﬁorrei'vocabnlum
2356 486 3359 559 -aecepit;-reginae-cmli'consecra-

126 584 284 650 davit,
318 590 379 638 ut
420 581 561 637 inter
589 578 1464 679 omnesmonasteriiﬂservitores
1488 594 1678 679 parem

123 675 357 735 invenire
398 672 502 729 sibi
551 652 661 751 ιιοῇ
680 650 907 753 Lpos‘set:
928 652 1084 729 Ubde
1112 650 1316 755 factum
1342 650 1677 753 infmia

120 768 374 838 majorem
404 765 692 822 utilitatem
734 763 967 821 fratrum
1007 780 1280 822 consensu
1304 765 1561 821 accedere
1579 764 1679 821 de-

119 862 336 928 buisset,
361 860 415 916 id
444 867 527 916 est
570 852 645 915 a‘d'
660 848 1188 928 ddici'ttmfulloiilsl
1216 848 1455 932 ιιιιὸᾑὲ
1494 848 1687 930 ῥιιιϊιθθ-
1724 847 1771 871 ’³

60 1006 93 1039 π,
116 969 283 1013 annos
316 952 872 1039 inreprehensibiliter
892 953 1178 1012 desudavit
1210 962 1375 1025 atque
1421 953 1678 1011 omnibus
1718 1012 1737 1037 ι,

113 1032 357 1105 amabilis
376 1032 699 1114 permansit.
794 1106 801 1113 ,

177 1134 281 1191 Sed
310 1144 503 1208 neque'
523 1130 628 1193 hoc
672 1130 1189 1195 ‘silent'imoccu‘lere
1220 1134 1413 1205 debeo,
1441 1137 1588 1208 quod
1618 1136 1674 1193 in

66 1238 73 1251 '
108 1225 394 1299 praesentia
444 1236 634 1284 nostra
674 1237 801 1289 ante
843 1243 1048 1299 paucos
1091 1227 1321 1300 contigit
1364 1242 1561 1287 annos.
1615 1225 1673 1282 In
1716 1264 1723 1298 ς

62 1376 79 1387 ν
106 1318 292 1376 eodem
326 1317 544 1390 quidem
576 1320 750 1376 sancti
774 1317 1032 1375 Eucharii
1069 1317 1322 1377 ctenobio
1349 1317 1522 1374 crevit
1546 1316 1672 1389 qui-

72 1464 79 1475 ,
103 1409 228 1469 dam
255 1411 582 1469 monacbilis
618 1411 816 1470 indolis
841 1412 1100 1484 parvulus
1126 1411 1349 1471 nomine
1382 1408 1671 1481 Martinus,

99 1502 192 1575 qui
226 1504 297 1561 ab
340 1504 476 1577 ipsis
517 1506 783 1565 maternis
824 1505 1035 1563 sinibus
1078 1505 1238 1561 beato
1272 1502 1544 1563 Eucherio
1569 1501 1673 1558 fuit

100 1596 315 1654 oblatus
355 1638 370 1655 .
411 1639 439 1669 .,
467 1638 482 1655 .
526 1639 543 1655 .
584 1639 601 1656 .
644 1638 660 1654 .
700 1597 949 1671 Cumque
991 1613 1287 1671 puerorum
1343 1597 1671 1670 paedagogus

102 1688 324 1746 nomine
348 1688 664 1747 Dominicus
685 1690 843 1747 bonae
869 1689 985 1761 spei
1009 1689 1327 1746 adolescens
1352 1729 1367 1744 .
1412 1729 1426 1746 .
1471 1729 1486 1745 .
1529 1727 1547 1745 .
1591 1728 1605 1744 .
1650 1727 1664 1743 .
1708 1728 1711 1731 η

157 1780 217 1836 ln
252 1782 503 1852 ejusdem
536 1784 736 1855 quippe
766 1782 1086 1840 monasterii
1116 1781 1380 1839 suburbio
1406 1788 1532 1837 ante
1561 1780 1668 1836 hoc

94 1870 199 1929 fere
220 1874 660 1944 quinquennium
690 1876 915 1947 quidam
960 1875 1281 1931 adolescens
1312 1872 1514 1930 Thiezo
1559 1888 1663 1929 no-

93 1962 254 2030 mine,
286 1963 384 2034 qui
410 1964 589 2019 adhuc
610 1973 880 2035 superest,
908 1980 971 2020 ea
1000 1975 1151 2035 peste
1175 1980 1471 2035 percussus
1499 1978 1663 2034 quam
1692 2030 1697 2035 τ

92 2054 449 2125 elephantiam
482 2055 678 2111 medici
719 2064 935 2124 vocant,
965 2057 1033 2112 ad
1068 2064 1309 2111 extrema
1342 2057 1490 2112 venit
1529 2095 1544 2110 .
1586 2096 1599 2109 .
1644 2096 1657 2110 .
1686 2096 1723 2111 .-

94 2138 195 2199 Sed
221 2158 555 2215 quamquam
581 2144 701 2201 lues
720 2132 840 2215 ipsa
866 2146 1058 2201 eodem
1087 2160 1232 2201 anno
1255 2144 1485 2200 nimium
1511 2161 1664 2216 gras-

94 2244 303 2292 saretur
325 2244 380 2292 et
412 2250 523 2293 non
556 2228 849 2294 minimam
864 2236 1108 2312 ‘stragem
1148 2238 1334 2310 populi
1375 2228 1663 2295 christiani

36 2324 41 2339 '
94 2316 344 2385 dedisset.
387 2367 403 2385 .
448 2371 461 2385 .
509 2367 527 2387 .
570 2369 586 2387 .
629 2369 646 2387 .

160 2412 294 2476 illud
338 2410 577 2494 quoque
600 2410 949 2495 nequaquam
980 2422 1035 2479 in
1061 2422 1256 2479 ultimo
1288 2422 1412 2478 loco
1451 2438 1659 2494 ponen-

88 2509 213 2567 dum
263 2526 385 2570 esse
431 2513 659 2585 judico,
696 2514 851 2588 quod
891 2517 948 2571 in
986 2512 1179 2572 diebus
1227 2512 1445 2571 Liutolfi
1496 2515 1662 2586 hujus
1698 2570 1705 2575 .

89 2598 407 2662 Trevericze
430 2594 587 2664 urbis
614 2600 1032 2680 archiepiscopi
1076 2608 1200 2680 pius
1250 2624 1315 2664 ac
1346 2607 1661 2663 misericors

88 2686 269 2753 mundi
301 2688 616 2771 redemptor
652 2698 916 2763 'Christus
957 2742 973 2759 .
1016 2742 1032 2757 .

88 2774 181 2845 εει.
217 2779 365 2847 Nam
388 2782 635 2865 eju$dem
671 2792 989 2852 monasterii
1021 2795 1240 2867 quidam
1286 2794 1661 2853 ministerialis

87 2874 838 2944 subulcum'habuit'nomine
854 2882 1105 2944 "Petrum.
1147 2928 1163 2945 .
1205 2929 1220 2944 .
1262 2929 1277 2943 .

145 2962 279 3034 Ante
324 2970 447 3035 boc’
495 2996 628 3036 sane
682 2976 1104 3053 quadriennium
1153 2981 1324 3037 crevit
1375 2982 1430 3036 in
1468 2980 1689 3037 eodem-

82 3058 665 3142 monaste‘rid‘quidam
696 3073 971 3144 septennis
987 3088 1120 3144 puer
1144 3073 1364 3129 nomine
1376 3072 1655 3143 Azelinus,
1684 3100 1691 3113 ι

81 3159 165 3232 qui
204 3154 747 3222 ‘ad‘hucdhc‘olumis
801 3165 1001 3237 spirat,
1057 3181 1219 3237 quem
1267 3181 1407 3238 pene
1457 3164 1657 3223 fratres

76 3254 247 3309 nostri
266 3268 473 3313 omnes
499 3264 787 3314 noverunt.
832 3299 846 3313 .
891 3298 906 3315 .
951 3298 965 3314 .

136 3336 490 3405 Anno”vero
539 3344 597 3405 d.
650 3349 688 3405 i.
742 3344 1239 3419 1007,'indictione
1296 3352 1349 3421 5,
1406 3351 1656 3424 quaedam

77 3436 345 3511 arreptitia
362 3428 588 3500 'feiiiina
618 3444 685 3500 de
713 3446 967 3517 contigua
1006 3445 1323 3501 monasterii
1354 3447 1482 3502 villa
1524 3488 1538 3502 .
1582 3489 1595 3502 .
1638 3488 1652 3502 .

80 3520 299 3587 adducta
348 3522 459 3590 est,
508 3526 772 3608 1Cumque
828 3536 1003 3592 sancti
1057 3533 1258 3592 Valerii
1324 3537 1689 3595 confessoris-

79 3616 275 3707 Cbrlsti
318 3614 531 3681 annua
563 3614 831 3682 festivitas
861 3622 1077 3683 adCSSCt
1123 3637 1176 3684 et
1208 3629 1274 3685 ad
1306 3639 1513 3685 tantum
1558 3647 1656 3702 pa-

80 3714 291 3809 tronum
308 3717 467 3790 plebs
492 3712 789 3803 'Treverica
812 3721 1059 3777 certatim
1085 3730 1419 3792 properaret.
1464 3762 1477 3776 .
1523 3763 1536 3775 .
1578 3762 1591 3775 .
1637 3762 1651 3776 .

94 3796 99 3821 ³
143 3804 279 3876 Q’uia
307 3806 446 3869 vero
484 3796 631 3869 beati
661 3814 765 3869 viri
814 3813 1077 3870 miracula
1110 3828 1232 3885 quae
1279 3828 1309 3868 a
1359 3813 1656 3884 veriloquis

78 3885 228 3958 nobis
266 3894 550 3976 Comperta
590 3914 719 3961 sunt
754 3896 1116 3972 'relatoribus,
1150 3919 1313 3975 quam
1357 3904 1540 3959 verius
1558 3912 1657 3973 po-

71 3992 292 4063 tuimus,
315 3997 602 4069 aliquanta
620 3992 735 4069 jam
761 3992 901 4072 stle
926 3996 1451 4061 commendavimus,
1475 3996 1654 4051 modis

75 4074 333 4147 omnibus
354 4088 617 4147 indecens
647 4090 763 4146 fore
804 4106 1114 4157 censemus,
1138 4088 1188 4145 si
1234 4104 1296 4144 ea
1322 4104 1444 4160 qua:
1464 4098 1651 4145 nostra

34 4168 41 4183 “
72 4178 221 4237 aetate
251 4174 349 4254 per
372 4182 618 4239 ‘eu‘ndem
652 4174 861 4255 pa‘trem
893 4182 1200 4238 Divinitatis
1223 4182 1359 4237 velle
1389 4183 1650 4250 exercuit,

72 4276 299 4344 torpenti
345 4276 569 4333 silentio
594 4278 995 4333 obtumescant.
1024 4268 1083 4331 In
1114 4275 1417 4348 ‘smpedicto
1455 4275 1653 4346 quippe

69 4362 209 4424 beati
260 4367 529 4427 Eucharii
575 4369 829 4426 coenobio
855 4369 1078 4440 quidam
1120 4368 1414 4441 singularis
1455 4368 1654 4426 indolis

71 4457 387 4518 adolescens
409 4469 768 4518 conversatus
788 4471 873 4518 est
898 4461 1249 4517 Burcbardus
1278 4460 1520 4528 nomine,
1555 4462 1652 4533 qui

1074 2742 1089 2756 .
1126 2715 1379 2757 exercere
1408 2701 1661 2772 dignatus
1692 2738 1701 2743 η

1782 584 1928 667 tum‘;
1962 577 2023 667 in
2050 594 2175 667 ‘quo
2214 593 2255 655 ar
2282 578 2847 667 tempore'orth‘odoxi
2884 582 3029 653 regis
3067 581 3358 655 Dagoberti

1733 648 2231 754 ifbandtimbb7ia‘les
2250 654 2267 691 ί⁵
2527 654 2760 759 :fémiitae
2800 671 2911 729 Deo
2947 648 3360 736 consueverant

1778 748 2032 821 devotius
2062 748 2359 821 deservire:
2392 748 2539 822 illic.
2566 750 2801 839 denique
2846 769 3096 840 quaedam
3148 774 3357 829 sancti-

1778 848 2285 914 momalif'feitiiba
2324 852 2886 917 de"daro§tlmmate
2933 864 3235 935 progenita,
3266 865 3356 922 cui

1778 964 2041 1006 vocamen
2063 959 2181 1007 erat
2210 949 2415 1022 Henza,
2447 967 2557 1009 non
2585 953 2844 1022 minimae,
2865 962 2929 1009 ut
2945 954 3121 1026 aiunt,
3151 957 3356 1014 utilita-

1776 1038 1849 1097 tis
1865 1036 2062 1096 extitit.
2105 1078 2120 1096 .
2163 1081 2178 1096 .
2220 1079 2237 1097 .
2280 1081 2295 1098 .

1806 1131 1973 1188 -Alio
2006 1138 2249 1205 ‘quoque
2305 1138 2546 1207 tempore
2606 1134 2664 1192 in
2722 1137 2914 1193 eodem
2968 1152 3186 1210 semper
3232 1142 3356 1196 ‘vtr-

1773 1220 1917 1295 ginis
1976 1221 2164 1280 Mariae
2220 1226 2555 1283 monasterio
2610 1227 2859 1298 quaedam
2916 1229 3353 1287 sanctimonialis

1772 1312 1978 1372 femina
2009 1308 2225 1385 extitit,
2262 1334 2387 1391 quae
2427 1334 2690 1392 generoso
2739 1320 3006 1394 sanguine
3042 1329 3350 1393 procreata,

1772 1409 1917 1467 baud
1961 1411 2157 1468 ultimo
2209 1412 2267 1468 in
2323 1412 2445 1470 loco
2484 1413 2686 1471 ibidem
2740 1424 2826 1473 est
2867 1416 3084 1485 habita,
3129 1415 3353 1473 nomine

1772 1499 1945 1558 Geila.
1989 1543 2005 1560 .
2047 1543 2061 1560 .
2103 1542 2119 1559 .

1846 1602 1952 1659 Sed
1990 1618 2171 1675 neque
2200 1604 2307 1661 hoc
2349 1605 2570 1663 silentio
2596 1605 2876 1676 praeterire
2915 1606 3000 1664 fas
3050 1620 3173 1665 esse
3220 1621 3351 1663 cen-

1769 1710 1977 1764 semus,
2009 1697 2158 1767 quod
2185 1707 2299 1754 tam
2319 1699 2527 1756 recenti
2554 1699 2824 1755 memoria
2854 1699 2912 1755 in
2928 1700 3122 1756 eodem
3158 1713 3352 1755 mona-

1770 1789 1940 1846 sterio
1989 1787 2300 1846 Divinitatis
2328 1782 2561 1862 benigna
2594 1790 2844 1863 dignatio
2865 1807 2964 1864 per
3013 1791 3159 1848 beati
3203 1788 3350 1846 Celsi

1769 1879 1955 1938 inclita
1981 1881 2176 1937 merita
2198 1882 2484 1939 ostendere
2511 1882 2802 1953 disposuit.
2829 1883 3090 1963 Quaedam
3112 1892 3351 1952 namque

1732 1987 1981 2043 *magnaa
2011 1974 2303 2043 parentela:
2358 1988 2544 2030 nonna
2587 1974 2659 2029 ab
2686 1975 2976 2032 cunaban
3028 1974 3351 2030 versabatur

1764 2077 1889 2133 quae
1915 2063 2194 2125 Glismoda
2229 2066 2545 2122 vocabatur.
2589 2105 2604 2121 .
2646 2105 2665 2125 .
2706 2104 2724 2125 .

1836 2165 2113 2222 Hactenus
2162 2181 2265 2235 pro
2302 2168 2572 2237 parvitate
2616 2168 2848 2239 igniculi
2893 2164 3159 2224 divinitus
3209 2166 3350 2222 mihi

1762 2261 1947 2316 collati
1975 2262 2161 2318 audita
2196 2262 2419 2317 tantum
2457 2257 3095 2332 qualicumque‘dictatu
3135 2259 3346 2329 notavi,

1763 2368 1914 2409 nunc
1928 2353 2043 2424 jam
2073 2353 2130 2408 in
2153 2354 2303 2410 calce
2323 2353 2578 2423 opusculi
2611 2350 2818 2425 aliquid
2841 2352 2975 2409 libet
3001 2353 3347 2424 depromere,

1762 2448 1912 2519 quod
1928 2447 1983 2503 in
2007 2463 2095 2502 me
2117 2448 2295 2503 virtus
2322 2446 2506 2502 divina
2527 2462 2625 2518 per
2640 2447 2865 2502 beatum
2883 2438 3348 2518 Celsnm‘dlgnata

1760 2548 1846 2595 est
1878 2538 2203 2607 ostendere;
2258 2538 2353 2594 sed
2400 2537 2767 2608 opportunius
2814 2537 2953 2603 hoc,
3004 2544 3069 2591 ut
3115 2536 3343 2607 opinor,

1761 2629 2044 2696 recitatur,
2077 2629 2125 2685 si
2173 2628 2427 2685 semotim
2454 2628 2679 2699 proprio
2710 2627 2949 2697 capitulo
2971 2635 3175 2682 utatur.
3205 2624 3346 2683 Nam

1761 2723 1997 2779 sicut'ad
2025 2721 2228 2777 divinae
2264 2720 2548 2776 cumulum
2574 2720 2763 2775 laudis
2792 2718 3027 2775 alterum
3054 2718 3346 2774 commoda

1759 2814 2136 2872 veracissimis
2169 2814 2339 2885 gestis
2386 2812 2632 2868 inserere
2670 2822 2887 2883 magna:
2925 2808 3196 2867 mercedis
3210 2822 3346 2866 'essc

1692 2934 1699 2937 -
1760 2906 2088 2973 dinoscitur,
2118 2904 2195 2961 ita
2215 2905 2436 2975 propria
2464 2904 2690 2959 reticere
2713 2916 2829 2958 non
2846 2901 3090 2958 minimae
3115 2898 3347 2959 damna.

1760 2998 1928 3054 tionis
1952 2996 2214 3052 creditur.
2253 2994 2555 3050 Dominicae
2580 2992 2980 3049 incarnationis
3003 3004 3150 3048 anno
3178 2988 3342 3060 1006,

1759 3088 1854 3159 qui
1902 3095 1986 3142 est
2021 3087 2247 3141 ultimus
2306 3085 2381 3141 25
2421 3083 2935 3141 decennovennalis‘
2962 3082 3099 3155 cycli
3151 3081 3209 3137 in
3234 3096 3344 3138 rsc-

1712 3178 1943 3246 '_cunda
1999 3177 2141 3233 serie
2207 3175 2393 3246 magni
2446 3174 2581 3230 anni
2636 3174 2732 3245 qui
2778 3174 3055 3245 paschalis
3110 3171 3341 3243 dicitur,

1680 3241 1728 3305 (ἶ
1756 3270 2030 3326 undosum
2077 3268 2242 3339 hujus
2271 3241 2463 3323 mundi
2722 3241 2959 3322 ‘Cbristo
3003 3241 3343 3337 gubernante

1759 3362 1940 3418 nudus
1971 3361 2144 3427 evasi,
2173 3369 2228 3416 et
2256 3360 2325 3415 ad
2369 3359 2711 3415 tutissimum
2748 3358 2907 3413 beati
2926 3355 3344 3429 Euchariipor-

1756 3462 1873 3509 tum
1948 3452 2357 3523 hospitalitatis.
2404 3452 2580 3523 gratia
2640 3449 2884 3523 confugi.
2946 3436 3201 3521 Cumque
3240 3448 3341 3506 ab

1754 3545 1999 3616 ejusdem
2026 3543 2346 3601 monasterii
2372 3554 2528 3615 patre
2555 3550 2787 3599 summae
2817 3540 3187 3599 venerationis
3210 3541 3341 3597 viro

1756 3638 1979 3693 nomine
2003 3637 2279 3693 Ricbardo
2309 3636 2649 3708 germ'anitus
2674 3635 2811 3693 satis
2845 3646 3023 3691 essem
3052 3641 3340 3704 susceptus

1754 3740 1810 3785 et
1835 3730 1986 3786 omni
2015 3730 2319 3786 monachili
2338 3730 2631 3785 devotione
2655 3734 2942 3795 tractatus,
2970 3725 3207 3783 fratrum
3240 3739 3341 3781 me

1755 3822 2049 3878 conventui
2099 3821 2435 3877 immeritum
2484 3821 2651 3891 jussit
2701 3820 2967 3886 adunari,
3020 3833 3126 3875 nec
3179 3815 3340 3888 quasi

1718 3920 1725 3927 ’
1755 3915 2025 3984 hospitem
2047 3914 2165 3983 jam
2189 3913 2286 3969 sed
2312 3913 2458 3968 sicut
2496 3912 2993 3969 familiarissimum
3035 3909 3232 3966 affatus
3255 3917 3340 3965 est
3400 3972 3405 3979 ,

1754 4005 2113 4076 grativenam.
2146 4002 2461 4074 ‘Postquam
2513 4010 2695 4059 autem
2744 4001 3103 4073 pusillitatem
3156 4015 3337 4056 meam

1752 4096 2047 4153 monastici
2072 4095 2284 4152 ordinis
2330 4111 2437 4152 non
2472 4095 2763 4151 minimam
2811 4093 3087 4164 persensit
3133 4090 3337 4147 habere

1753 4185 2029 4252 notitiam,
2079 4200 2206 4241 eum
2236 4201 2303 4240 ex
2325 4184 2445 4256 ipsa
2471 4184 2559 4240 sui
2607 4182 2921 4240 columbina
2964 4179 3336 4253 simplicitate,

1753 4287 1870 4335 tum
1909 4287 1965 4334 et
1990 4293 2090 4349 pro
2130 4276 2459 4333 annositatis
2503 4291 2640 4333 mea:
2672 4274 3062 4347 grandzevitate
3082 4272 3337 4331 ‘sciolum

1754 4388 1844 4429 me
1891 4388 2014 4429 esse
2050 4380 2366 4439 autumans,
2393 4386 2520 4426 cum
2562 4384 2667 4426 nec
2691 4368 2907 4440 primis,
2938 4377 2999 4424 ut
3031 4367 3108 4423 ita
3131 4366 3335 4436 dicam,

1755 4466 1952 4527 litteris
1976 4466 2044 4521 ad
2068 4466 2289 4536 plenum
2311 4462 2537 4521 fuissem
2572 4462 2901 4529 instructus,
2934 4470 3161 4533 paterna
3194 4460 3335 4516 mihi

69 4548 137 4657 ab
166 4550 303 4656 ipsis
352 4570 497 4625 pene
524 4555 813 4611 cunabulis
860 4554 973 4611 Deo
1010 4556 1369 4626 omnipotenti
1404 4557 1652 4612 nutrien-
1678 4596 1731 4657 υ
1758 4560 2038 4630 persuasit
2075 4558 2423 4626 auctoritate,
2446 4566 2718 4629 quatenus
2760 4556 2945 4627 aliqua
2994 4556 3052 4610 in
3081 4552 3338 4611 laudibus

66 4638 169 4698 dus
221 4644 432 4703 ibidem
477 4662 509 4715 a
550 4648 871 4718 parentibus
903 4646 1078 4705 fuerat
1122 4648 1424 4719 delegatus,
1447 4649 1650 4720 quique
1683 4638 1729 4657 υ
1757 4652 2171 4724 Redemptoris,
2222 4653 2288 4708 de
2314 4652 2487 4709 sancti
2513 4650 2661 4708 Celsi
2697 4651 2903 4707 inclitis
2947 4648 3247 4707 virtutibus
3272 4663 3337 4704 ac

68 4732 242 4792 adhuc
271 4746 527 4809 superest
560 4754 625 4794 ac
653 4738 869 4795 diaconi
916 4738 1160 4811 fungitur
1206 4739 1384 4797 cilicio
1409 4757 1513 4797 nec
1539 4757 1649 4797 non

68 4833 120 4879 et
150 4828 292 4884 mira
332 4830 569 4886 utilitate
612 4847 726 4901 prae
776 4831 963 4887 multis
995 4833 1190 4887 honori
1238 4843 1322 4890 est
1375 4844 1651 4891 monaste-

67 4915 165 4972 rio.
206 4959 221 4975 .
266 4960 281 4975 .
329 4961 344 4976 .
392 4961 407 4977 .
450 4962 464 4976 .
506 4923 676 4979 abbas
696 4924 1035 4992 monasterii,
1073 4925 1246 4981 beatae
1292 4916 1541 4982 videlicet
1565 4942 1651 4983 re-

68 5011 412 5070 cordationis
434 5013 815 5073 Cunderadus.
857 5057 870 5071 .
916 5058 930 5072 .
973 5058 988 5073 .
1030 5058 1045 5073 .

133 5102 418 5163 Hactenus
451 5108 519 5164 de
548 5109 635 5165 bis
656 5109 869 5180 egimus
898 5125 1021 5181 quae
1062 5109 1362 5167 domestica
1404 5119 1459 5168 et
1499 5109 1655 5167 fami-

52 5199 184 5257 liari
206 5203 480 5260 relatione
508 5204 577 5261 de
604 5205 779 5263 sancti
806 5204 1098 5262 virtutibus
1126 5205 1228 5262 viri
1246 5207 1650 5278 comperimus,
1684 5204 1687 5211 ’

65 5291 300 5375 boc'est
348 5297 420 5353 de
453 5297 542 5355 bis
571 5292 854 5354 dumtaxat
880 5316 1003 5370 quae
1031 5300 1117 5355 vel
1139 5300 1196 5354 in
1230 5300 1373 5355 beati
1396 5299 1653 5357 Eucharii

65 5378 294 5461 scptulis
349 5390 440 5446 vel
501 5391 559 5446 in
620 5390 866 5463 ejusdem
930 5394 1253 5449 monasterii
1302 5390 1689 5465 'appendiciis'

64 5478 324 5555 congruis
384 5480 735 5557 temporibus
785 5472 1087 5559 c'ontigisse'
1138 5484 1476 5555 referuntur;
1530 5486 1646 5557 jam

25 5590 31 5599 ε
63 5573 456 5648 ordo'thgitat
491 5576 857 5644 necessarius,
889 5586 952 5632 ut
989 5578 1057 5634 de
1094 5578 1441 5635 medioximis
1480 5587 1646 5650 atque
1682 5618 1685 5627 π

62 5662 279 5741 εξαὶιιιὶέ
307 5662 663 5755 ad"nostram
715 5670 964 5725 notitiam
1004 5678 1209 5755 usque
1230 5670 1438 5755 perlata
1472 5671 1646 5727 disse-
1678 5666 1685 5711 Ῑ

584 5802 598 5819 .
638 5750 654 5820 ζ
691 5760 788 5819 Est
809 5750 1044 5835 namque
1064 5756 1121 5817 i'n
1144 5750 1333 5819 eadem
1356 5756 1643 5820 Trever'ica
1678 5750 1723 5786 ’³

28 5750 482 5841 ramusaliqua.
527 5804 542 5819 .
584 5802 598 5819 .
638 5750 643 5818 ξ

60 5846 192 5911 urbe
213 5854 498 5928 quoddam
526 5854 921 5912 monasterium
960 5848 1148 5925 situm,
1171 5846 1316 5928 quod
1342 5850 1643 5930 antiquitus

1754 4747 2040 4805 miraculis
2067 4746 2295 4823 naviter,
2323 4745 2605 4813 exhibitis,
2628 4744 2840 4801 calamo
2862 4743 2991 4800 licet
3029 4741 3334 4808 rusticano,

1750 4842 2064 4912 scriptitare
2100 4841 2250 4895 nullo
2277 4848 2437 4910 pacto
2461 4838 2754 4894 differrem.
2788 4835 2888 4891 Cui
2918 4852 3051 4891 sane
3097 4851 3329 4907 persua-

1751 4934 1896 4989 sioni
1924 4926 2289 5002 nequaquam
2337 4928 2722 5011 refragandum
2777 4926 2894 5011 fore
2921 4937 3098 5011 ratus,
3126 4926 3326 4998 partim

1730 5024 1887 5105 tanti
1946 5023 2116 5094 patris
2167 5022 2470 5092 imperatu,
2516 5006 2712 5092 partim
2763 5006 3043 5075 communi
3094 5018 3325 5074 fratrum

1752 5116 2073 5185 compulsus
2111 5123 2326 5186 rogatu,
2360 5128 2535 5183 nuper
2563 5112 2619 5167 in
2661 5109 2856 5167 diebus
2901 5110 3332 5183 quadragesimae

1752 5172 2055 5285 tanti-Illum,
2091 5172 2279 5285 studuii
2314 5172 2627 5285 fabricare:
2678 5172 2990 5285 Cumque,’
3030 5172 3330 5258 u't‘TVerum

1753 5280 1946 5368 fatear,
1983 5283 2083 5373 per
2109 5280 2473 5354 tres'fuissem‘
2508 5280 2809 5353 continuos
2829 5310 3007 5350 annos
3051 5295 3123 5351 ita
3165 5290 3333 5367 poda-

1754 5408 1864 5465 gra:
1886 5391 2176 5449 intricatus
2198 5392 2415 5443 tumore
2440 5396 2603 5459 atque
2632 5389 2878 5444 crurium
2906 5387 3330 5454 exulceratione,

1753 5492 1815 5538 ut
1856 5482 1948 5538 vix
1981 5480 2177 5537 baculo
2226 5466 2523 5537 sustentari
2573 5480 2820 5552 possem,
2852 5479 2974 5537 laus
3028 5478 3173 5535 Deo!
3210 5484 3333 5533 tan-

1753 5572 1921 5644 tisper
1966 5571 2034 5628 de
2081 5568 2480 5643 sancto'Celso
2506 5569 2680 5643 quod
2728 5570 2891 5627 didici
2918 5558 3182 5641 'peracto,
3216 5576 3331 5623 tam

1752 5650 1988 5738 perfecte
2000 5673 2183 5747 tanto
2200 5670 2443 5747 patrono
2461 5663 2828 5719 intercedente
2856 5664 3141 5720 restitutus
3169 5675 3292 5716 sum
3308 5700 3325 5728 ,

1754 5742 2040 5833 quatenus
2063 5742 2151 5814 me
2166 5742 2488 5814 ’Astilfe'lem’
2507 5757 2895 5830 patius‘quam
2930 5754 3333 5815 claudicantem

1750 5852 2085 5913 monachum
2110 5850 2425 5910 existimare
2442 5850 2641 5923 possis.
