3906 6302
79 360 206 423 1245

642 356 871 423 CESTA
905 354 1206 413 TREVER.
1244 383 1317 396 --
1346 353 1638 414 APPEND.
1669 355 1766 413 E'X
1802 357 2176 416 MIRACULIS
2213 357 2270 414 S.
2314 355 2678 415 SYMEONIS.

3189 364 3331 432 ιω

85 503 3324 542 Mm

504 645 693 760 EX
749 587 1527 765 MIRACULIS
1581 643 2110 786 SANCTI
2173 649 2894 772 SYMEONIS

1035 861 1584 957 A-UCTORE
1657 864 2359 965 EBERWINO.

151 1040 432 1124 Eberwino
463 1036 928 1124 abbati,gquicum
948 1033 1227 1124 ﬁichardo‘
1254 1035 1580 1124 Virduaense
1603 1036 1810 1124 abbate,
1842 1057 1908 1124 ea;
1945 1049 2088 1097 terra
2108 1055 2296 1124 sancta
2332 1051 2516 1124 redux,
2542 1049 2854 1124 Symeonem
2883 1057 3198 1112 monachum
3237 1075 3330 1114 eo-

79 1117 291 1193 natatus
313 1119 447 1193 erat,
471 1093 716 1190 cumdenl
739 1116 919 1193 pbstea
943 1108 1000 1161 in
1021 1109 1338 1193 monasterio
1380 1124 1476 1193 suo
1506 1119 1782 1193 exceperat
1797 1093 2040 1193 itaque

79 1169 708 1256 Poppo_arch_iepiscopus
735 1169 898 1231 uitam
918 1179 1091 1256 sancti
1115 1186 1172 1256 ut
1199 1179 1477 1256 videbatur
1498 1169 1725 1256 hominis
1749 1169 2082 1238 scriben'dam
2104 1169 3332 1256 injuheiifdiaéiiz'lé';n322;i;};};{5

75 1248 300 1335 «εξεέεὶξρει
328 1260 378 1306 ει
406 1248 484 1335 i5?
509 1256 755 1335 mem
782 1256 881 1335 ςεεν
917 1258 977 1335 εει
1023 1248 1249 1335 inviter
1288 1248 1603 1335 εέηιριὲρετςτ
1627 1267 1725 1335 que
1784 1265 2027 1308 παντανει
2064 1248 2182 1335 ad:
2217 1257 2281 1311 ab
2313 1248 2433 1335 ξρρό
2460 1263 2704 1335 αμάίεναι
2735 1265 2813 1319 vel
2843 1248 3328 1335 praestantiae:

88 1319 228 1380 Viue
241 1320 501 1378 nonnulla
521 1327 638 1392 post
670 1328 896 1375 mortem
929 1319 1074 1375 facta
1097 1319 1360 1375 miracula
1392 1320 1610 1391 adjecit,
1638 1319 1911 1395 totumque
1941 1319 2624 1402 opus'Popponi'inscripsit
2657 1335 2756 1388 hac
2778 1319 3332 1409 epistulaprtentissa.’

140 1477 376 1534 Domino
407 1486 464 1533 et
502 1476 799 1532 venerabili
837 1475 1084 1548 Popponi
1107 1477 1520 1548 archiepiscopo
1541 1476 1654 1534 fra-
1680 1483 1729 1540 Α
1753 1481 1888 1538 ﬁsus
1922 1483 2090 1556 igitur
2105 1487 2174 1544 de
2203 1487 2301 1544 Dei
2329 1489 2621 1561 adjutorio,
2645 1492 2755 1548 tuis
2773 1494 3116 1564 jussionibus
3136 1513 3332 1568 quam-

77 1582 153 1630 ter
188 1569 534 1637 Eberwinus,
585 1569 798 1625 abbatis
845 1570 1068 1625 nomine
1105 1569 1383 1640 indignus,
1421 1570 1652 1627 devotus

73 1665 359 1736 utriusque
397 1663 638 1720 hominis
679 1661 994 1718 famulatus.
1033 1661 1221 1718 Mones
1261 1662 1430 1717 immo
1467 1662 1650 1733 jubes,

76 1757 419 1816 sanctissime
439 1763 612 1826 pater,
638 1755 892 1826 ullimpar
911 1755 1152 1826 ingenio,
1185 1754 1383 1810 stultus
1410 1753 1648 1824 eloquio,

75 1846 274 1918 aliquid
323 1846 390 1901 de
436 1846 548 1900 vita
577 1853 632 1900 et
677 1845 1090 1901 conversatione
1116 1854 1181 1914 ,et
1219 1845 1372 1900 obitu
1413 1845 1517 1900 viri
1554 1843 1651 1900 Dei

77 1937 360 2010 Symeonis
408 1945 463 1992 et
508 1936 574 1992 de
618 1935 897 1992 miraculis
927 1953 1048 2006 quae
1073 1952 1171 2006 per
1217 1952 1342 1991 eum
1384 1936 1650 1991 Dominus

73 2037 329 2102 operatus
360 2036 446 2084 est
469 2028 769 2083 edisseram
796 2028 1094 2098 multisque
1119 2027 1186 2083 ad
1209 2028 1427 2083 laudem
1450 2036 1503 2082 et
1532 2027 1649 2098 glo-

71 2123 204 2177 riam
238 2119 462 2176 Domini
513 2119 952 2176 desiderantibus
1004 2119 1145 2175 scire
1193 2129 1385 2174 notum
1428 2117 1648 2173 faciam.

70 2212 262 2268 Fateor
291 2212 496 2286 grande
524 2228 666 2268 onus
695 2211 830 2267 mihi
863 2213 1080 2267 inﬁrmo
1132 2211 1391 2283 imponis,
1415 2210 1654 2265 maxime
1703 2275 1708 2278 ι

71 2322 190 2363 cum
225 2313 345 2362 toto
381 2321 612 2378 corpore
651 2305 846 2363 debilis
879 2305 1224 2361 tremendum
1257 2303 1353 2360 Dei
1385 2303 1655 2375 judicium
1705 2379 1707 2382 g

67 2398 475 2470 pertimescam,
514 2399 564 2454 si
603 2399 810 2471 aliquid
845 2397 1100 2454 falsitatis
1147 2397 1474 2468 conﬁngam.
1511 2395 1658 2451 Con-

1757 1573 1840 1631 vis
1885 1584 2126 1634 tremens
2173 1579 2517 1651 obtempero;
2575 1581 2741 1652 plano
2795 1583 2946 1640 brevi
2997 1596 3054 1643 et
3099 1587 3336 1658 simplici

1757 1684 2010 1726 sermone
2029 1671 2346 1729 describens
2383 1689 2507 1745 quae
2539 1674 2626 1730 vel
2647 1674 2765 1746 ipse
2792 1691 2858 1730 ex
2889 1676 3008 1746 ejus
3033 1693 3130 1735 ore
3153 1679 3338 1735 audivi

1755 1761 1841 1816 vel
1883 1777 1914 1816 a
1947 1762 2199 1820 ﬁdelibus
2216 1765 2367 1821 'viris
2402 1767 2472 1821 ab
2500 1766 2622 1837 ipso
2649 1767 2837 1822 audita
2859 1766 2973 1823 sive
3001 1768 3070 1822 de
3094 1769 3337 1824 miracu-

1756 1853 1825 1908 lis
1870 1854 1989 1909 visa
2031 1856 2216 1912 didici.
2247 1855 2350 1912 Tui
2385 1857 2552 1928 igitur
2589 1859 2858 1917 examinis
2885 1869 2970 1916 est
2995 1860 3260 1931 judicare,
3292 1859 3340 1918 si

1757 1947 1905 2003 istud
1951 1949 2224 2004 tantillum
2276 1965 2413 2020 opus
2451 1951 2648 2021 jubeas
2702 1951 2760 2006 in
2806 1953 3087 2023 publicum
3131 1953 3338 2022 venire,

1753 2039 1871 2095 sive
1904 2040 2015 2096 tuis
2067 2041 2374 2098 scolasticis
2415 2043 2484 2098 ad
2525 2044 2910 2116 corrigendum
2961 2045 3341 2101 exornandam

1755 2130 2158 2188 dilatandumve
2185 2133 2440 2188 tribuere.
2475 2133 2752 2204 Quidquid
2777 2135 2923 2190 enim
2953 2135 3011 2190 in
3043 2151 3131 2190 me
3158 2149 3342 2205 repre-

1758 2223 2046 2292 hendetur,
2096 2223 2192 2280 tibi
2228 2225 2413 2295 potius
2451 2225 2786 2296 praecipienti
2823 2242 2992 2298 quam
3037 2227 3176 2283 mihi
3205 2226 3340 2284 obe-

1761 2313 1931 2372 dienti
1965 2317 2282 2374 necessario
2309 2317 2686 2388 imputabitur.

145 2561 272 2617 Vita
298 2561 432 2629 haec,
461 2575 578 2632 quae
608 2561 666 2614 in
693 2558 874 2613 multis
895 2566 1068 2614 exstat
1099 2557 1388 2624 codicibus,
1421 2573 1645 2628 quorum
1681 2563 1731 2610 et
1753 2557 1864 2626 ipse
1865 2555 2066 2679 7ριιιιέε
2096 2557 2204 2611 vidi
2230 2572 2392 2628 neque
2428 2565 2601 2610 tamen
2625 2558 2797 2611 exscri
2834 2557 2900 2622 si,
2932 2565 3076 2610 eaita
3106 2563 3184 2610 est
3217 2553 3338 2610 Act.

145 2633 169 2679 l-
196 2632 333 2679 Jun-
361 2630 412 2679 Ι-
444 2648 498 2679 υ-
522 2630 612 2679 89-
637 2629 917 2679 Mabillan.
945 2630 1064 2679 Act.
1093 2629 1209 2679 ard.
1231 2627 1288 2679 S.
1314 2627 1591 2679 Benedicti
1621 2624 1719 2679 γι.
1743 2644 1796 2679 υ.
1826 2627 1860 2679 5
1897 2627 1951 2679 2.
1981 2625 2240 2679 Quaedam
2263 2635 2512 2679 excernta
2538 2627 2745 2679 exhibet
2768 2574 3055 2679 [fontheim
3072 2625 3270 2679 Prodr.
3292 2624 3338 2679 1.

71 2630 170 2689 SS.
196 2632 334 2688 Jun.
359 2624 498 2702 I,’
522 2630 614 2698 89,
636 2629 917 2685 Mabillon.
945 2630 1064 2685 Act.
1093 2629 1209 2684 0rd.
1231 2627 1288 2684 S.
1314 2624 1591 2683 Benedicti
1621 2625 1660 2681 V

1779 2624 1860 2682 .5

68 2719 122 2774 ρ.
147 2703 275 2774 665.

1897 2627 1951 2681 2.
1981 2625 2240 2693 Quaedam
2263 2624 2512 2699 eicerpta
2538 2627 2745 2682 exhibet
2768 2624 3055 2682 Hontheim
3072 2625 3270 2681 Prodr.
3292 2624 3342 2693 1,

138 2773 551 2846 δυιηεοηεηιίβω
576 2773 895 2846 monasterio
914 2773 1112 2846 alantis
1145 2767 1296 2846 Siaai
1318 2769 1968 2846 in_occid_entern_missum
1997 2777 2055 2824 ut
2085 2769 2335 2842 pecunias
2359 2786 2392 2823 a
2421 2767 2690 2825 Richardo
2729 2768 3187 2824 Nortmannorum
3215 2767 3348 2822 duce

65 2839 362 2917 promissas
391 2844 680 2916 colligeret,
706 2843 1007 2898 Antiochia:
1029 2842 1336 2896 Eberwinus
1373 2841 1569 2895 invenit
1594 2840 1685 2911 qui
1710 2839 1790 2892 ita
1815 2849 2003 2894 narrat
2033 2857 2051 2894 :

25 2933 32 2957 ⁵
134 2962 214 3019 Ea
247 2949 422 3034 igitur
451 2941 1074 3032 tempestatecontingit
1109 2957 1447 3013 Richardum
1481 2957 1650 3012 abba-
1683 2959 1732 3021 Β
1762 2957 1866 3013 sibi
1894 2973 2163 3030 responsa
2190 2957 2365 3026 daret,
2397 2957 2779 3015 mmstiticatus
2806 2956 3228 3028 aliquantulum.
3269 2993 3287 3011 .
3327 2993 3345 3011 .

69 3063 202 3123 tem,
234 3052 424 3108 virum
450 3050 705 3122 perfectis
735 3050 872 3106 viris
901 3051 1246 3118 imitabilem,
1275 3049 1377 3120 pia:
1411 3048 1661 3102 devotio-

23 3147 28 3150 ’
69 3145 156 3202 nis
193 3144 381 3216 gratia
407 3150 600 3200 sancta
627 3141 1037 3214 ,Hierosolymae
1076 3142 1212 3198 velle
1257 3141 1492 3198 invisere
1519 3141 1660 3196 loca.

23 3237 27 3244 ’
70 3228 213 3294 Dum
237 3253 374 3309 ergo
403 3253 499 3308 per
527 3235 874 3292 Antiochiam
916 3235 1022 3291 iter
1061 3235 1449 3291 habuissemus
1482 3233 1666 3303 ibique

69 3329 406 3386 necessitate
431 3328 643 3383 itineris
671 3335 896 3399 cogente
937 3325 1276 3397 aliquamdiu
1300 3340 1663 3391 moraremur,

67 3421 322 3478 famulus
347 3420 445 3476 Dei
483 3419 718 3492 Symcon
743 3419 978 3489 junctus
1005 3426 1090 3473 est
1124 3417 1284 3473 nobis
1314 3417 1369 3472 in
1401 3415 1664 3484 amicitia,

68 3513 404 3584 praedictum
446 3510 699 3567 abbatem
740 3509 1076 3565 Richardum
1130 3509 1398 3579 adoptans
1451 3507 1557 3563 sibi
1611 3507 1668 3560 in

66 3612 320 3675 patrem;
355 3602 447 3658 cui
468 3618 594 3658 cum
622 3601 971 3672 exposuisset
1008 3617 1105 3672 per
1139 3601 1390 3656 ordinem
1417 3615 1540 3670 qua:
1565 3599 1670 3654 sibi

67 3695 324 3768 iniuncta
347 3703 535 3752 essent
553 3694 637 3749 vel
667 3709 789 3765 quae
811 3693 1190 3764 contigissent,
1228 3691 1460 3758 addidit,
1503 3691 1670 3746 nullis

65 3788 340 3860 periculis
363 3787 450 3843 vel
474 3785 742 3858 angustiis
769 3801 829 3842 se
850 3784 1074 3842 retineri
1096 3799 1261 3854 posse
1293 3783 1428 3854 quin
1457 3782 1670 3838 abbatis

66 3881 157 3940 sui
185 3879 457 3938 mandata
487 3880 737 3951 impleret
757 3894 856 3950 pro
883 3893 1067 3950 posse.
1095 3876 1244 3934 lmus
1279 3892 1410 3949 ergo
1439 3885 1494 3933 et
1522 3876 1670 3933 redi-
1711 3937 1716 3940 _

65 3990 220 4044 mus,
253 3989 499 4045 eumque
527 3972 815 4029 nobiscum
840 3971 1030 4028 venire
1055 3979 1308 4042 paratum
1338 3969 1667 4026 invenimus.
1714 4026 1716 4028 ,

65 4067 336 4139 Cumque
369 4067 426 4122 in
459 4066 723 4122 comitatu
767 4071 958 4122 nostro
993 4072 1141 4120 esset
1177 4062 1492 4135 frequenter
1523 4064 1671 4134 inju-
1719 4127 1722 4132 ,

65 4161 252 4218 riatus
307 4167 473 4230 atque
515 4158 836 4230 ﬁagellatus,
884 4156 1043 4228 quasi
1088 4155 1382 4212 mitissima
1413 4156 1532 4211 ovis
1578 4171 1674 4226 pa-

15 4287 18 4289 λ
65 4254 278 4308 tienter
300 4251 560 4323 portavit.
587 4250 972 4308 Pervenientes
1001 4249 1188 4320 itaque
1224 4264 1400 4319 usque
1436 4249 1504 4304 ad
1542 4247 1676 4303 civi-
1719 4317 1722 4322 _

1765 3051 1901 3122 quid
1972 3060 2157 3122 ageret
2223 3051 2420 3122 quaerit
2481 3051 2798 3107 consilium.
2867 3047 3119 3105 Occurrit
3167 3056 3352 3104 autem

1765 3143 1971 3209 animo,
1990 3151 2050 3197 ut
2076 3159 2239 3199 suum
2267 3142 2616 3198 carissimum
2633 3151 2864 3213 patrem,
2879 3140 3217 3197 Richardum
3241 3137 3352 3195 sci-

1765 3235 1890 3292 licet
1916 3235 2188 3302 abbatem,
2213 3250 2425 3306 nosque
2456 3249 2586 3290 suos
2617 3233 2843 3290 comites
2865 3233 3160 3298 inviseret;
3193 3229 3344 3301 quod

1767 3337 1820 3383 et
1847 3326 1995 3384 fecit.
2048 3328 2152 3384 Per
2198 3328 2424 3398 longum
2477 3334 2661 3382 autem
2704 3333 2922 3396 tempus
2957 3327 3214 3380 moratus
3229 3325 3357 3388 {est

1769 3419 2138 3486 nobiscum,et
2149 3427 2211 3474 ut
2222 3415 2556 3474 breviteram
2568 3415 2914 3481 concludam,
2928 3411 3194 3484 quamdiu
3211 3408 3358 3482 apud

1768 3526 1872 3568 nos
1898 3512 2122 3579 mansit,
2154 3507 2711 3582 irreprehensibiliter
2737 3506 2916 3561 vixit.

1841 3603 2053 3661 Interea
2100 3603 2358 3660 dominus
2401 3601 2590 3672 Poppo
2631 3598 3102 3670 archiepiscopus,
3158 3603 3362 3652 sanctas

1773 3697 2115 3754 Trevirensis
2146 3695 2393 3752 ecclesiae
2416 3702 2678 3750 strenuus
2705 3690 2980 3763 provisor,
3009 3688 3240 3744 audiens
3263 3686 3362 3742 de-

1773 3797 1896 3845 vote
1927 3789 2250 3858 prophetam
2290 3787 2360 3842 de
2396 3785 2620 3841 Christo
2663 3783 2934 3840 dicentem
2969 3799 2984 3838 :
3017 3779 3090 3834 Et
3132 3781 3235 3835 erit
3281 3795 3368 3833 se-

1773 3880 2017 3952 pulcrum
2044 3880 2156 3949 ejus
2181 3875 2655 3949 gloriosum(lsai.
2674 3891 2736 3941 ιι,
2762 3873 3078 3946 i0),gratia
3097 3869 3366 3926 orationis

1779 3971 2200 4027 Hierosolimam
2229 3969 2346 4035 ivit,
2377 3967 2634 4037 huncque
2669 3963 2941 4020 famulum
2977 3961 3071 4016 Dei
3106 3959 3290 4016 eundo
3310 3965 3368 4014 et

1776 4064 2054 4122 redeundo
2073 4077 2260 4118 secum
2279 4059 2658 4116 eomitatorem
2679 4072 2746 4112 ac
2763 4055 3136 4112 conviatorem
3153 4039 3364 4118 habuit;

1782 4158 1945 4227 eique
1986 4163 2111 4226 post
2140 4154 2378 4210 reditum
2419 4152 2477 4206 in
2519 4167 2620 4208 suo
2660 4150 2978 4220 episcopatu
3017 4157 3369 4214 quocumque

1780 4247 1944 4303 vellet
1990 4244 2245 4300 manendi
2297 4242 2616 4298 facultatem
2665 4238 2864 4294 obtulit
2905 4243 2961 4291 et
3008 4230 3372 4288 libentissime

63 4354 245 4402 tatem
286 4342 683 4415 Bellegradam,
733 4357 856 4414 quae
889 4349 975 4397 est
1020 4342 1078 4396 in
1127 4340 1365 4396 conﬁnio
1390 4338 1676 4410 Bulgario-
1781 4337 2074 4394 concessit.
2128 4334 2208 4390 Ex
2251 4332 2585 4389 revelatione
2641 4329 2810 4401 igitur
2859 4325 2957 4381 Dei
3011 4328 3372 4394 prospectans

65 4453 198 4494 rum
251 4445 424 4507 atque
458 4433 848 4506 Ungariorum,
910 4451 943 4490 a
998 4433 1235 4490 civitatis
1299 4431 1719 4502 infelicissimo.

5 4593 12 4598 η
60 4530 333 4602 principe
375 4528 685 4599 prohibitus
729 4535 815 4584 est
854 4527 1144 4584 nobiscum
1195 4527 1448 4582 transire.
1506 4524 1677 4597 Igitur

60 4623 210 4678 ﬂens
244 4630 307 4677 et
333 4619 447 4676 Deo
477 4621 682 4691 gratias
703 4635 893 4692 agens,
920 4619 1145 4690 reliquit
1171 4634 1274 4675 nos
1305 4619 1495 4678 tristes
1515 4625 1680 4688 atque

61 4712 302 4770 ﬂentes.
335 4711 470 4768 Post
499 4711 590 4743 ³⁸⁸⁷
620 4710 822 4768 multas
851 4710 1087 4782 denique
1114 4710 1397 4782 angustias
1425 4717 1480 4765 et
1512 4709 1680 4765 latro—
1716 4778 1720 4782 δ

63 4826 213 4864 num
247 4807 487 4864 insidias
509 4806 798 4862 revertitur
823 4820 1003 4877 usque
1029 4803 1100 4861 ad
1119 4819 1306 4873 mare;
1342 4819 1454 4876 quo
1493 4811 1678 4859 trans-
1723 4863 1729 4866 _

60 4910 197 4957 acto
243 4913 690 4970 prosperumque
726 4896 829 4954 iter
856 4896 1084 4966 faciens,
1109 4912 1208 4968 per
1235 4895 1466 4952 Romam
1489 4911 1682 4967 perve-

57 4993 152 5050 nit
182 4993 251 5048 in
291 4989 604 5048 Franciam.
636 4989 684 5044 A
709 4989 949 5062 quodam
985 4989 1151 5062 igitur
1179 4988 1286 5046 sibi
1307 4997 1452 5056 noto
1480 4988 1683 5044 comite

59 5084 393 5144 Wilhelmo
413 5084 647 5156 benigne
667 5083 966 5155 suscipitur
988 5091 1042 5140 et
1078 5082 1224 5154 apud
1249 5097 1378 5138 eum
1406 5082 1682 5153 aliquam-

60 5181 169 5237 diu
227 5187 514 5234 moratur.
559 5218 574 5234 .
619 5218 632 5234 .
679 5218 693 5233 .
735 5218 748 5233 .
790 5218 804 5232 .
850 5219 864 5233 .
898 5177 1046 5234 venit
1085 5177 1510 5248 Rothomagum,
1562 5192 1686 5246 quae

57 5281 155 5331 est
178 5271 399 5330 civitas
439 5268 906 5327 Nortmannorum
949 5269 1314 5336 nobilissima,
1357 5269 1534 5324 sancti
1575 5269 1689 5324 Au-

61 5366 254 5424 doeni
287 5363 627 5421 confessoris
655 5379 884 5436 corpore
907 5372 960 5420 et
980 5363 1191 5420 meritis
1218 5361 1374 5416 valde
1401 5361 1682 5431 praeclara.

1 5457 6 5464 ’
62 5462 184 5521 Ubi
218 5477 360 5518 cum
390 5445 742 5516 ’Richardum
771 5459 1027 5516 comitem
1065 5458 1180 5529 jam
1211 5463 1488 5511 mortuum
1531 5468 1688 5523 repe—

60 5559 256 5613 rissct
312 5561 369 5608 ct
413 5553 479 5608 de
521 5551 753 5625 pecunia
799 5561 853 5607 et
896 5568 1085 5618 censu,
1129 5549 1222 5620 qui
1255 5549 1321 5604 de
1348 5557 1500 5606 terra
1537 5546 1688 5610 illius

58 5665 178 5724 pro
231 5645 549 5702 elemosina
599 5660 700 5702 suo
731 5645 1064 5702 monasterio
1114 5642 1443 5706 debebatur,
1503 5637 1688 5692 nullus

135 5833 266 5921 f‘"
314 5829 422 5894 Per
445 5830 530 5891 ed.
604 5829 698 5867 ³⁸⁸⁸
724 5829 1027 5890 leviter-ed.

1783 4432 1891 4490 sibi
1913 4431 2098 4486 locum
2124 4427 2362 4500 Symeon
2394 4423 2635 4479 famulus
2679 4419 2908 4486 Christi,
2943 4416 3038 4473 ubi
3065 4415 3218 4472 solus
3239 4427 3370 4484 pos-

1783 4533 1870 4581 set
1901 4537 2099 4580 vacare
2125 4519 2382 4587 orationi,
2415 4519 2471 4573 in
2495 4515 2633 4572 turri
2661 4529 2785 4586 qua:
2813 4521 2973 4568 antea
3011 4508 3179 4581 Nigra
3216 4515 3374 4579 porta

1784 4613 2107 4678 vocabatur,
2138 4623 2370 4681 parvum
2416 4604 2697 4676 tugurium
2725 4599 2979 4672 expetiit;
3008 4597 3102 4653 ubi
3135 4595 3376 4651 domnus

1784 4702 1986 4776 praesul
2014 4699 2220 4770 Poppo,
2255 4701 2522 4768 praisentc
2543 4687 2698 4748 'clero
2725 4698 2778 4746 et
2821 4689 3044 4760 populo,
3074 4684 3134 4741 in
3165 4681 3379 4740 festivi-

1786 4804 1899 4852 tate
1920 4797 2096 4852 sancti
2124 4790 2358 4847 Andrea:
2395 4787 2551 4842 illum
2594 4783 2840 4840 reclusit.
2885 4823 2900 4837 .
2945 4821 2960 4836 .
3005 4819 3020 4835 .
3060 4818 3074 4832 .
3119 4817 3134 4832 .
3179 4816 3196 4832 .
3242 4813 3257 4830 .
3297 4813 3313 4827 .
3358 4807 3378 4829 .

1860 4887 2017 4942 Tunc
2057 4883 2330 4956 siquidem
2378 4878 2665 4949 temporis,
2715 4873 2955 4947 peccatis
2997 4867 3206 4928 nostris
3246 4879 3380 4938 pro-

1789 4978 2151 5044 merentibus,
2171 4973 2344 5032 nimia
2373 4983 2647 5042 aquarum
2676 4962 3001 5021 inundantia
3023 4956 3257 5015 increvit
3277 4969 3382 5012 sa:-

1795 5073 1954 5129 culis.
1989 5069 2170 5126 Causa
2209 5063 2444 5139 periculi
2486 5061 2654 5132 hujus
2705 5057 2944 5130 Symeon
3003 5049 3384 5123 imputabatur

1792 5169 1862 5223 ab
1891 5164 2176 5229 omnibus,
2216 5161 2365 5214 hunc
2400 5156 2712 5212 maleﬁcum
2746 5165 2890 5218 esse,
2930 5161 3030 5220 pro
3056 5144 3176 5202 suis
3211 5141 3385 5199 scele-

1793 5260 1947 5315 ribus
1985 5258 2092 5312 hoc
2135 5253 2340 5310 malum
2377 5247 2585 5305 mundo
2621 5244 2941 5308 imminere;
2985 5247 3047 5294 ut
3079 5237 3386 5308 deponatur

1794 5368 1826 5406 a
1855 5349 2132 5421 pontiﬁce,
2177 5343 2412 5416 populus
2473 5339 2743 5395 acclamat
2794 5331 3058 5406 quotidie.
3112 5325 3387 5421 Ex‘urbe

1795 5418 2014 5499 tandem
2051 5453 2319 5496 occursus
2351 5435 2554 5507 agitur,
2604 5430 2675 5486 ad
2719 5427 2974 5484 cellulam
3003 5422 3107 5479 viri
3137 5418 3234 5475 Dei
3259 5432 3388 5489 pro-

1731 5561 1736 5566 ί
1793 5545 2045 5609 peratur;
2072 5549 2206 5590 saxa
2236 5520 2290 5586 in
2318 5531 2488 5585 altum
2526 5524 2846 5599 projiciunt,
2877 5516 3084 5592 tugurii
3116 5513 3391 5571 fenestras

1795 5606 2056 5698 obruunt,
2092 5628 2420 5702 Symeonem
2463 5621 2708 5696 lapidare
2749 5614 3108 5678 contendunt.
3134 5606 3400 5675 Vidimus~

1401 5729 1631 5795 VARUE
1667 5724 2074 5788 LECTIONES.
