3838 6296
28 507 260 560 Ceterum
286 493 433 569 quod
455 493 591 551 alias
618 507 838 564 quoque
860 491 1078 546 Domini
1108 489 1389 560 reliquias,
1416 501 1526 542 non
1555 486 1604 543 Α

9 598 126 653 linus
153 605 312 662 quam
341 590 554 644 clavum
588 587 768 682 ipsiun
789 582 1154 670 venerandae,
1181 589 1442 654 portaret,
1467 586 1523 656 et

10 685 278 757 ~ivilegium
306 681 626 752 praedictum
659 672 891 733 testatur
922 673 1186 748 (Myer
1205 672 1532 729 eeclesia‘ini
1557 703 1562 708 -

10 783 79 835 ~he
107 775 386 832 Treverica
417 774 472 828 in
503 774 708 828 honore
754 769 1020 841 principis
1053 767 1425 838 apostolorum
1453 765 1522 819 ab

10 887 66 925 so
87 868 324 924 dedicata
355 880 455 936 pro
484 864 618 935 ipsis
647 864 703 918 in
735 862 820 918 sui
865 861 1110 920 thesauri
1135 858 1523 931 gazophylacio

14 960 166 1016 rvatis
216 959 269 1012 in
320 955 552 1011 Domino
601 954 885 1025 gloriatur.
940 951 1152 1019 Quibus
1199 966 1365 1021 quam
1402 959 1520 1005 stu-

9 1052 116 1107 e'nda
137 1048 456 1105 reverentia
477 1046 799 1117 magnitudo
841 1044 1126 1110 debeatur,
1163 1051 1414 1112 patenter
1463 1049 1524 1096 ut

9 1143 150 1199 stimo
171 1140 500 1204 declaratur,
534 1137 580 1193 si
628 1152 798 1191 unum
847 1135 994 1206 quod
1045 1133 1523 1202 suae_sanctitatis

9 1236 199 1292 ederunt
228 1232 488 1288 indicium
519 1230 588 1286 ad
618 1229 939 1284 memoriam
972 1238 1277 1282 revocetur.
1332 1223 1522 1281 Veris-

9 1341 79 1381 ma
108 1339 346 1394 namque
393 1322 664 1392 majorum
721 1320 1005 1376 relatione.
1029 1317 1347 1384 didicimus,
1391 1317 1522 1388 quid

9 1417 158 1473 iidam
209 1416 502 1487 religiosus
549 1413 782 1468 multum
809 1455 823 1479 ,
885 1411 1130 1482 ejusdem
1205 1409 1522 1480 metropolis

9 1512 245 1580 .isc0pus,
276 1509 405 1564 dum
437 1507 686 1564 diversas
717 1506 1003 1561 hominum
1036 1503 1424 1560 aestimationes
1455 1501 1522 1557 de

9 1601 302 1658 tis'Domini
331 1601 580 1671 reliquiis
609 1599 856 1666 audiret,
886 1597 1193 1658 dicentibus
1223 1596 1346 1653 aliis
1376 1596 1524 1652 tuni-

10 1710 61 1748 .m
89 1692 309 1748 Domini
337 1691 896 1757 essclinconsutilem,
924 1690 1056 1746 aliis‘
1093 1698 1275 1744 autem
1311 1703 1520 1760 purpu-

11 1801 86 1839 am
109 1793 338 1840 vestem‘
368 1791 478 1854 qua
528 1791 648 1838 erat
689 1791 935 1852 tempore
973 1780 1246 1851 passionis
1271 1779 1519 1845 indutus,

9 1875 265 1932 libusdam
289 1891 426 1931 vero
455 1875 778 1946 putantihus
809 1874 942 1930 illud
975 1874 1173 1945 pignus
1199 1873 1406 1928 amoris
1431 1888 1524 1927 ca-

9 1963 447 2038 ;asessemtmdi
470 1965 794 2032 Salvatoris,
825 1965 957 2019 dum
1012 1965 1114 2020 has
1143 1964 1369 2032 inquam
1397 1962 1524 2031 opi-

9 2074 126 2114 ones
167 2059 418 2121 veritatis
465 2058 834 2128 exquisitione
862 2055 1158 2125 plurimum
1190 2053 1527 2108 desideraret

9 2152 281 2208 ssolvere':
315 2149 723 2206 communicato
775 2155 888 2204 tam
945 2143 1132 2215 populi
1178 2157 1346 2213 quam
1393 2141 1524 2196 cieri

9 2257 46 2302 ut.
71 2257 199 2306 non.
209 2240 423 2308 ordinis
435 2275 440 2289 ι
453 2239 776 2298 .monachici
803 2237 1052 2302 oonsilio,
1063 2270 1068 2296 -,
1082 2235 1416 2302 triduanum,
1430 2249 1528 2304 per

9 2341 112 2389 tam
139 2333 408 2390 civitatem
434 2333 632 2389 indixit
651 2331 941 2403 jejunium,
972 2345 1173 2401 rogans
1201 2343 1394 2384 omnes
1419 2327 1526 2382 hu-

9 2413 166 2496 iliter,
194 2435 466 2502 quatenus
494 2443 526 2483 a
553 2426 665 2483 Deo
683 2433 942 2497 peterent
967 2423 1323 2490 unanimiter,
1349 2430 1412 2478 ut
1431 2436 1530 2493 per

10 2537 97 2575 am
125 2537 318 2592 pacem
346 2529 400 2577 et
425 2521 700 2577 licentiam
727 2519 890 2574 alicui
921 2534 989 2573 ex
1015 2517 1149 2588 ipsis
1178 2516 1316 2572 tanti
1345 2529 1530 2572 sacra-

9 2611 119 2668 enti
131 2611 458 2669 concederet
485 2610 840 2666 intuentiam.-
858 2607 1086 2669 Peracto
1111 2607 1277 2678 igitur
1297 2605 1528 2676 jejunio,

9 2719 119 2760 erus
145 2711 200 2760 et
223 2705 464 2776 pepulus
489 2709 862 2759 convocantur
891 2701 948 2754 in
977 2701 1214 2755 domum-
1235 2699 1410 2756 sancti
1434 2697 1533 2752 Pe-

9 2797 36 2864 i,
64 2813 180 2868 quae
222 2798 393 2868 hujus
439 2807 522 2853 est
545 2794 920 2852 conservatrix
965 2791 1234 2859 thesauri,
1269 2791 1360 2846 ubi
1388 2806 1532 2846 unus

9 2908 16 2940 ε
38 2898 141 2948 tota
167 2889 522 2952 multitudine
549 2888 840 2959 praecipuae
889 2885 1170 2957 religionis
1197 2892 1254 2940 et
1281 2884 1531 2942 devotio-

10 2994 33 3033 s
58 2980 362 3035 monachus
391 2979 620 3044 electus,
653 2977 932 3032 occultum
961 2975 1178 3030 Domini
1207 2975 1431 3029 visurus
1479 2981 1535 3028 et

9 3071 159 3134 ’δεδυιί
175 3069 656 3137 manifestaturus,
681 3084 867 3126 arcam
895 3069 952 3123 in
971 3067 1356 3138 quam-beatus
1374 3064 1537 3136 Agri-

9 3179 64 3219 us
82 3164 226 3222 hunc
255 3171 584 3235 reposuerat
602 3163 926 3224 thesaurum
958 3160 1240 3217 reseravit.
1273 3158 1380 3214 Sed
1406 3174 1535 3214 mox
1560 3189 1608 3254 ο

10 3258 370 3327 opertorium
399 3257 840 3327 iutrospecturus
889 3254 1106 3322 levavit,
1137 3253 1412 3312 occultum
1441 3251 1535 3312 Dei

11 3349 220 3420 dicium,
251 3360 458 3408 contra
483 3351 630 3422 quod
656 3351 871 3407 nullum
899 3359 985 3407 est
1015 3349 1336 3418 consiliumc
1355 3349 1537 3406 visum

11 3443 211 3510 clausit
235 3446 558 3506 oculorum.
611 3443 769 3502 Unde
796 3444 998 3502 factum
1030 3453 1115 3501 est
1140 3453 1418 3504 utomnes
1441 3445 1540 3514 qui

9 3535 320 3598 'udentioris
373 3537 593 3594 consilii
641 3546 698 3594 et
729 3537 986 3594 acrioris,
1011 3537 1152 3608 apud
1205 3537 1356 3607 ipsos
1382 3545 1566 3604 erant,

10 3629 142 3700 genii
165 3646 266 3702 per
307 3630 586 3688 inductam
637 3638 790 3686 tanto
835 3630 958 3685 viro
1006 3629 1304 3686 caecitatem
1346 3629 1541 3686 inhoc

9 3721 42 3775 ai
62 3722 386 3792 judice-rent
433 3739 557 3782 esse
606 3723 946 3780 voluntatem
972 3763 988 3790 ,
1027 3731 1085 3778 ut
1113 3737 1416 3792 numquam
1472 3723 1542 3778 ad

9 3828 48 3872 lc
107 3816 493 3874 contuendum
563 3805 818 3888 peccator
894 3816 1273 3872 admitteretur
1300 3855 1316 3882 ,
1382 3814 1552 3884 cujus-

9 3917 198 3977 !rectus
219 3925 336 3980 nec
352 3909 508 3980 justo
533 3909 946 3966 concederetur.
999 3907 1132 3964 Post
1174 3908 1324 3964 illius
1357 3907 1544 3978 itaque

9 4014 97 4060 me
146 4003 540 4064 transitionem
589 4014 756 4060 nemo
803 4001 1144 4074 attemptavit
1188 4001 1354 4074 hujus
1401 4016 1543 4060 arca

9 4098 413 4160 xei-tionem..."

27 4189 200 4249 Unum
235 4203 422 4252 tamen
454 4190 603 4264 quod
631 4191 778 4247 dedit
808 4190 952 4247 idem
978 4205 1166 4246 ciavus
1191 4189 1410 4246 Domini
1431 4205 1546 4246 sua:

10 4285 314 4346 'etiositatis
367 4286 582 4357 insigne
633 4283 854 4341 silentio
923 4283 1184 4339 nolumus
1244 4283 1542 4354 praterire.

9 4391 82 4432 am
137 4394 268 4435 cum
301 4378 473 4434 frater
501 4377 847 4448 imperatoris
875 4374 1090 4433 Otmnis
1114 4376 1136 4432 l
1157 4407 1231 4450 τ-
1252 4385 1364 4433 tres
1399 4377 1546 4432 enim

10 4481 170 4527 ierunt
214 4503 292 4515 --
344 4468 534 4527 Βωηο
560 4479 789 4528 vocatus
816 4513 830 4539 ,
884 4471 1138 4527 meliores
1175 4470 1545 4542 Lotharingiae

715 371 945 433 casu
983 365 1288 427 TREVER.
1325 395 1396 413 --
1433 355 1724 421 APPEND.
1766 363 1859 422 ex
1908 363 2066 424 vrra
2105 363 2163 425 s.
2200 343 2490 437 aetum:

3079 363 3217 420 1250

1627 485 1853 542 minime
1881 502 2046 543 verus
2080 503 2112 542 a
2162 486 2302 542 falso
2356 500 2456 557 per
2503 484 2743 556 aliquam
2777 483 2971 540 ambos
3004 484 3222 542 intuen-

1626 579 1762 633 tium
1787 580 2125 652 diligentiam
2153 580 2350 642 valeat,
2385 577 2653 648 separari.
2701 575 2859 632 Hunc
2907 592 3038 648 ergo
3087 579 3219 634 dum

1625 667 2028 742 pretio-ductus
2049 681 2240 728 custos
2267 671 2807 742 deLmanu-aepiscopi
2837 671 3224 741 praenominati

1627 764 1998 833 suscepisset,
2047 763 2290 836 dumque
2335 772 2705 836 opportunum
2783 763 3021 820 nefando
3074 764 3225 822 furto

1625 866 1842 928 tempus
1871 859 2234 922 seriuvenisse
2267 868 2522 930 putaret,
2569 859 2947 916 machinatum
2985 861 3078 916 diu
3124 861 3226 916 do-

1627 950 1740 1005 lum
1771 951 1989 1006 tandem
2014 952 2276 1021 perlicere
2305 947 2512 1008 frustra
2558 961 2810 1009 conatur.
2853 953 3218 1024 Transposito

1625 1057 1862 1113 namque
1892 1043 1996 1099 hoc
2027 1043 2332 1100 adulterino
2362 1046 3102 1102 clavovinvenerahilissini
3115 1047 3218 1103 do-

1625 1135 1814 1191 minici
1844 1135 1983 1191 elavi
2015 1136 2236 1203 sacello,
2290 1137 2468 1207 ipsum
2513 1138 2816 1209 pretiosum
2871 1145 3078 1194 nostra
3125 1153 3220 1195 re-

1625 1229 1954 1299 demptionis
1981 1236 2366 1286 testamentum
2401 1231 2457 1285 in
2492 1231 2794 1302 syndonem
2841 1230 3108 1303 mundam.
3133 1230 3221 1286 di-

1625 1322 1854 1393 ligenter
1883 1321 2188 1389 convolvit;
2221 1338 2332 1392 quo
2360 1323 2416 1378 in
2447 1323 2570 1384 sinu
2613 1339 2716 1384 suo
2747 1323 3050 1391 collocato,
3072 1322 3248 1382 adire.

1624 1425 1781 1488 parat
1808 1417 2095 1472 dominum
2126 1433 2289 1473 suum
2317 1417 2460 1472 calle
2475 1416 2805 1472 citato..Sed
2835 1426 2898 1473 ut
2925 1426 3114 1488 aperte
3135 1417 3224 1472 ἰη-

1622 1505 1792 1577 telligi
1820 1506 2064 1574 daretur,
2094 1522 2259 1577 quam
2293 1507 2514 1577 speciali
2539 1509 2744 1562 amoris
2773 1491 3058 1580 privilegio
3081 1507 3223 1562 Tre-

1623 1600 1863 1656 vericam
1892 1600 2182 1657 ecclesiam
2211 1616 2308 1670 per
2335 1601 2556 1656 beatum
2573 1600 2862 1671 .Agricium
2899 1609 3224 1670 sponsatam

1624 1691 1848 1748 Christo
1873 1693 2312 1763 amplecteretur,
2343 1694 2671 1750 miraculum
2701 1693 2756 1747 in
2783 1694 2978 1764 primis
3006 1693 3244 1749 Domini.

1626 1783 1908 1839 miraculis
1956 1792 2151 1839 mento.
2193 1783 2479 1842 ferendum
2534 1800 2603 1855 ac
2625 1785 2724 1839 toti
2751 1785 2964 1850 mundo
2992 1793 3224 1856 stupen-

1625 1875 1759 1932 dum
1807 1877 1864 1931 in
1915 1876 2036 1946 ipso
2084 1875 2474 1946 redemptionis
2501 1884 2705 1934 nostrae
2735 1877 2891 1948 clavo
2924 1875 3258 1934 abomino.

1627 1966 1938 2022 exhibetur.
1968 1964 2108 2020 Dum
2134 1966 2289 2020 enim.
2313 1975 2502 2022 custos
2519 1965 2624 2022 ille
2643 1965 3050 2035 pel-ﬁdissimus
3080 1973 3195 2022 tam

1627 2073 1794 2127 quam
1825 2057 2112 2128 transfuga
2141 2058 2448 2113 vilissimus
2473 2100 2489 2124 ,
2541 2058 2716 2128 pretio
2762 2057 3076 2130 iniquitatis
3097 2073 3198 2113 cor

1628 2158 1824 2215 ruptus
1845 2191 1860 2211 ,
1911 2156 2059 2221 terga
2089 2148 2214 2206 ﬁdei
2259 2149 2499 2204 dedisset
2549 2149 2779 2220 ejusque
2807 2149 3109 2220 pretiosam
3141 2165 3206 2205 ar-

1629 2243 1788 2297 rham
1818 2242 1886 2296 de
1912 2242 2120 2311 gremio.
2149 2256 2366 2310 sponsae
2393 2240 2700 2300 Trevericae
2743 2250 3037 2310 asportare.
3068 2256 3203 2311 para

1629 2343 1734 2402 ret,
1763 2335 1902 2389 mira
1931 2335 2048 2389 res!
2098 2334 2326 2403 sanguis
2353 2349 2462 2388 non
2519 2333 2794 2388 modicus
2820 2332 2890 2387 de
2917 2331 3077 2388 clavo
3106 2332 3232 2402 ipso
3261 2355 3268 2370 υ

1632 2427 1688 2482 in
1720 2426 2018 2498 syndonem
2045 2423 2327 2494 profusus,
2355 2424 2484 2480 item
2515 2423 2642 2478 inde
2674 2424 2732 2479 in
2771 2422 2956 2478 sinum
2983 2421 3232 2498 camisiae

1631 2528 1743 2575 tam
1771 2519 1976 2573 multus
2003 2519 2264 2582 manavit,
2293 2525 2356 2573 ut
2383 2517 2570 2572 omnia
2594 2515 2743 2572 illius
2771 2513 3070 2570 miserrimi
3089 2527 3235 2583 por-

1633 2616 1814 2670 titoris
1849 2615 1935 2669 sui
1967 2613 2174 2668 viscera
2212 2625 2417 2681 pavore
2466 2609 2845 2680 frigescerent.
2883 2607 3003 2674 Qua
3056 2606 3124 2661 de
3174 2620 3235 2661 re

1634 2706 1920 2770 confusus,
1957 2714 2011 2759 et
2042 2715 2252 2760 reatum
2289 2717 2449 2758 suum
2488 2710 2544 2757 et
2569 2700 2812 2772 episcopi
2854 2698 3070 2770 publice
3099 2712 3236 2753 con-

1634 2799 1774 2855 ﬁteri
1828 2807 2053 2853 coactus
2081 2840 2096 2864 ,
2127 2795 2277 2852 facto
2312 2811 2439 2851 mox
2487 2793 2738 2849 omnium
2766 2799 3062 2857 conventu,
3092 2805 3236 2861 quos

1634 2894 1930 2948 diuturnus
1979 2905 2372 2961 campanarum
2427 2887 2643 2943 sonitus
2685 2885 2936 2955 tantique
2980 2881 3238 2939 miraculi

1635 3000 1827 3040 rumor
1853 2982 2109 3036 insolitus
2153 2995 2256 3035 nec
2285 2979 2506 3035 auditus
2539 2994 2568 3032 a
2599 2976 2786 3032 seculo
2835 2981 3056 3047 poterat-
3103 2985 3239 3029 avn-

1638 3091 1787 3142 care,
1821 3084 2028 3130 statuto
2061 3075 2116 3127 in
2143 3073 2326 3128 medio
2352 3072 2543 3128 eodem
2571 3069 2693 3125 fure
2723 3067 2980 3137 nefando,
3005 3075 3237 3130 extenso

1639 3185 1827 3226 coram
1855 3167 2112 3224 omnibus
2143 3165 2565 3236 sanguinolento
2590 3174 2776 3233 panno
2801 3161 3032 3232 ipsoque
3049 3157 3240 3218 fusore

1640 3263 1806 3332 hujus
1836 3259 2124 3331 sanguinis
2149 3257 2529 3314 sacratissimo
2557 3255 2746 3322 clavo,
2791 3268 2904 3310 una
2949 3267 3074 3316 vox,
3112 3267 3236 3312 om-

1638 3355 1790 3411 nium
1821 3352 2164 3408 laudanti-um
2188 3351 2450 3406 elevatur.
2465 3347 2599 3416 Qum
2619 3361 2748 3404 eum
2772 3345 3004 3417 repetita
3033 3346 3241 3417 saepius

1639 3448 1927 3504 iteratione
1957 3446 2052 3501 diu
2083 3445 2428 3514 multumque
2461 3441 2658 3498 fuisset
2681 3439 3058 3512 frequentata,
3077 3454 3240 3500 com~

1639 3540 1797 3597 muni
1819 3539 2069 3594 omnium
2099 3536 2194 3608 qui
2245 3535 2320 3591 ibi
2367 3533 2598 3591 aderant
2642 3532 2880 3592 consilio
2911 3530 3239 3603 prudentio-

1640 3650 1786 3702 rum,
1815 3639 2130 3702 competens
2177 3637 2293 3685 tam
2334 3627 2612 3700 praecipuo
2639 3624 2934 3697 sacrilegio
2960 3622 3239 3695 pceniten-

1641 3726 1740 3782 tite
1762 3722 2029 3780 sententia
2073 3721 2131 3776 in
2181 3721 2338 3777 illum
2368 3720 2670 3786 miserum,
2719 3731 2793 3774 ne

1643 3819 1790 3885 dem,
1818 3824 1904 3872 est
1927 3815 2153 3871 dictata.
2201 3813 2328 3870 Dies
2353 3827 2576 3883 quoque
2603 3811 2721 3882 ipsa
2763 3810 2820 3866 in
2849 3824 2961 3880 qua
2989 3808 3112 3873 hmo
3135 3807 3244 3863 ηιμ

1648 3907 1987 3966 serationum
2017 3903 2116 3962 Dei
2146 3904 2438 3960 nobiscum
2480 3910 2614 3959 sunt
2637 3901 2904 3965 divinitus
2939 3900 3239 3969 celebrata,
3265 3949 3267 3952 .

1645 4004 1700 4060 in
1731 3999 2140 4074 martyrologiis
2171 3998 2358 4055 statim
2388 4004 2476 4054 est
2503 4003 2713 4062 notata,
2748 3995 2818 4050 12
2842 3992 3098 4052 videlicet
3116 3991 3241 4049 Kal.

1644 4095 1795 4153 Julii.
1827 4093 1968 4150 Huic
1999 4101 2182 4150 autem
2212 4089 2462 4148 inaudito
2488 4089 2615 4144 licet
2644 4085 2862 4148 Domini
2893 4084 3164 4146 miraculo
3192 4083 3243 4141 si

1646 4188 1792 4261 quis,
1823 4185 1971 4258 quod
1999 4183 2180 4251 absit,
2230 4196 2421 4239 aurem
2451 4178 2794 4237 credulitatis
2826 4176 3041 4240 dubitat
3097 4191 3243 4246 prte-

1647 4286 1796 4350 bere,
1828 4288 2008 4352 potest
2033 4279 2212 4336 adhuc
2236 4285 2293 4332 et
2317 4274 2553 4338 eundem
2594 4271 2880 4345 sanguinis
2930 4277 3093 4328 notas
3143 4269 3245 4324 ha-

1647 4379 1868 4435 bentem
1903 4388 2145 4446 pannum
2181 4379 2248 4427 et.
2278 4369 2515 4426 eundem
2544 4365 2913 4424 adulterinum
2941 4363 3160 4421 clavum
3188 4361 3248 4418 in

1650 4469 1814 4525 domo
1841 4465 2018 4523 sancti
2043 4463 2214 4532 Petri,
2254 4462 2302 4519 si
2335 4459 2690 4532 permittitur,
2717 4456 2926 4513 videre.

9 4561 306 4635 iiseopatus
333 4605 349 4633 ,
389 4563 778 4624 Treverensem
816 4563 966 4636 (559)
1023 4563 1248 4620 scilicet
1277 4571 1333 4619 et
1381 4561 1546 4619 Colo-
1579 4559 1625 4614 D

10 4669 220 4725 ensem,
250 4674 358 4716 nec
382 4673 493 4716 non
536 4657 833 4714 maximam
865 4656 1018 4728 regni
1066 4657 1232 4728 hujus
1257 4665 1464 4728 partem
1496 4657 1551 4711 in

9 4762 50 4801 ta
75 4750 324 4826 haberet
350 4761 637 4822 potestate,
667 4766 777 4804 non
809 4750 957 4803 bono
986 4757 1048 4804 ut
1073 4757 1222 4820 patet
1250 4750 1446 4820 spiritu
1467 4750 1552 4804 in-

10 4840 208 4909 inetus,
241 4843 406 4897 hunc
429 4844 608 4913 ipsum
638 4843 704 4898 de
733 4857 844 4913 quo
887 4842 1167 4912 loquimur
1195 4841 1404 4897 festivae
1433 4857 1553 4896 me—

10 4936 140 4991 oriae
187 4953 258 4992 ac
308 4937 504 4995 salutis
563 4944 764 4992 nostra:
813 4935 1069 5002 clavum,
1118 4949 1229 5005 quo
1287 4936 1550 5003 nescitur,

10 5028 254 5085 ansferre
287 5029 455 5097 clam,
483 5045 552 5084 ne
599 5029 782 5085 dicam
828 5027 1044 5095 furtim,
1084 5027 1319 5096 volebat.
1353 5026 1557 5083 Corru-

10 5133 47 5172 o
91 5121 376 5198 siquidem
423 5123 587 5193 hujus
641 5121 902 5188 dominici
976 5121 1222 5175 thesauri
1308 5122 1554 5190 custode,

14 5215 121 5274 ium
156 5221 296 5277 huic
329 5228 441 5277 tam
467 5220 811 5284 simillimum
841 5219 970 5280 fecit
1019 5220 1224 5292 parari,
1255 5229 1319 5277 ut
1343 5221 1438 5278 vix
1462 5231 1582 5282 aut.

1487 5375 1728 5435 NOTAE.-

39 5507 190 5587 (5§8)
231 5511 317 5587 De
352 5510 648 5587 diplomate
693 5527 725 5570 a
771 5510 1034 5570 Silvestre
1063 5527 1224 5585 papa,
1262 5519 1336 5570 ut
1349 5511 1570 5574 diceba-
1669 5529 1839 5587 regno
1861 5511 2148 5587 praeditum
2175 5509 2350 5587 fuisse

9 5577 538 5656 πέε,εέἓίο-Ιοι1ιιιὶυιν;
565 5585 676 5646 Viti;
707 5599 892 5656 supra.
1065 5577 1084 5585 ’
1135 5577 1153 5585 ’
1211 5577 1220 5583 ’
1432 5655 1458 5656 Ὗ
1668 5577 1775 5643 lem
1810 5577 2180 5656 narrationem
2228 5583 2319 5640 alii
2367 5577 2440 5656 de
2481 5580 2820 5656 Theoderico
2869 5577 3102 5640 Πειθνεί
3140 5584 3258 5640 ιιι·

32 5623 553 5740 ϊεέὂῗιὶνῶῗόᾘὲιὲι
571 5623 1133 5742 ἰτάιῖὶῖίὲἱιοροιωη
1170 5657 1392 5786 quidem
1407 5655 1566 5741 ne.
1668 5623 2647 5730 21336;"?ZKSS'EeEL"aJ&’nCéT§l

32 5737 253 5786 rensem
281 5734 551 5786 tenuisse.
577 5725 922 5786 sedsumma
959 5747 1016 5786 In
1053 5738 1180 5786 toto.
1243 5730 1568 5786 emat-iuriae

9 5736 253 5790 ereum
281 5725 922 5800 tenuisse,setl.aumma
946 5725 1016 5786 ‘in
1053 5725 1568 5804 totoLethariugiae

1726 4605 1862 4660 lllud
1895 4605 2059 4660 etiam
2109 4599 2424 4658 festivitatis
2462 4595 2740 4670 praecisae
2786 4591 3126 4666 praeconium
3180 4589 3272 4646 de‘

1659 4704 1762 4758 hoc
1791 4698 2078 4754 verissimo
2128 4693 2462 4750 infirmitatis
2503 4699 2705 4747 nostra:
2753 4685 3015 4752 remedio,
3057 4697 3252 4755 quam-

1656 4795 1739 4850 vis
1769 4811 1799 4847 a
1831 4800 1967 4847 teste
1997 4788 2336 4860 nequissimo
2368 4785 2566 4848 salutis
2614 4789 2817 4854 nostra:
2872 4781 3154 4856 hosteper
3189 4793 3252 4834 os

1660 4885 1905 4943 mulieris
1956 4883 2026 4938 ab
2077 4882 2198 4952 ipso
2246 4894 2517 4948 possessa:
2560 4873 2946 4946 suscepimus,
2981 4869 3278 4945 silentium,

1660 4993 1786 5035 esse
1815 4992 1924 5030 non
1955 4982 2235 5044 putamus.
2291 4967 2430 5024 Nam
2476 4967 2676 5023 mulier
2723 4964 2974 5037 quaedam
3032 4962 3260 5017 nomine

1663 5071 1980 5140 Winiberga
2010 5067 2080 5124 de
2107 5064 2327 5136 civitate
2372 5060 2607 5120 oriunda
2649 5058 2980 5135 (ιιιεθςγωθρ,
3018 5054 3254 5129 Regius-

1661 5161 1834 5219 burch
1872 5166 2216 5215 vocatur.....

2369 5517 2655 5583 potestate,
2679 5507 2814 5583 satis
2831 5501 3260 5583 copataLASimie
