3838 6296
1298 216 1536 288 Gesn
1565 213 2256 278 -TREVER.-APPEND.
2290 212 2455 272 vm
2479 211 2795 273 comm
2811 213 3150 275 annm.

3593 231 3676 295 ιη

597 341 838 423 sapiens,
860 346 950 404 ubi
981 344 1302 417 eouquuitor
1341 343 1496 414 hujus
1521 339 1682 396 seculi
1706 341 1731 395 .9
1759 355 1925 394 nonne
1951 337 2176 391 stultam
2204 336 2255 399 Α
2279 342 2510 404 augusta
2555 333 2719 390 vidua
2764 341 2944 389 matre
2985 334 3162 407 (553),
3211 336 3494 397 educandum
3518 359 3678 420 “iam,

603 444 730 515 fecit
766 442 906 496 Deus
948 437 1264 508 sapientiam
1289 433 1446 504 hujus
1478 431 1702 486 mundi?
1729 429 1782 500 (1
1821 430 1945 485 Cor.
1974 445 2021 494 ι,
2059 426 2174 496 20.)

602 535 699 590 sed
726 550 794 588 ex
825 532 910 586 his
937 543 1078 600 quos
1096 528 1256 583 docet
1296 525 1605 596 apostolus,
1636 524 1825 578 dicens
1857 540 1870 575 :
1919 519 2046 573 Volo
2087 535 2176 572 vos

601 628 860 697 sapientes
884 621 1095 692 quidem
1127 635 1238 673 esse
1261 620 1322 672 in
1358 620 1490 672 bona
1509 659 1524 682 ,
1571 612 1835 685 simplices
1863 622 2037 667 autem
2082 610 2178 656 3°"!

599 720 656 773 in
682 716 822 772 melo
870 713 1045 784 (Rem.
1077 727 1200 778 XVI,
1243 711 1350 782 l9).
1386 710 1518 768 lnde
1549 707 1754 763 bivium
1782 706 2062 778 Pytagorac
2087 705 2177 758 in-

599 824 842 883 gressus,
869 808 1154 864 sinistrum
1181 821 1396 861 ramum
1421 819 1640 869 cavens,
1669 803 1858 857 dextro
1880 799 2173 866 incedens;

597 920 724 960 cum
751 909 969 958 matura
996 908 1154 956 aetate
1192 899 1398 971 potitus
1447 898 1536 954 sui
1573 897 1712 967 juris
1754 903 1899 951 esset
1920 893 2173 960 eil‘ectus,

594 1011 769 1066 quare
797 994 979 1050 natale
1016 993 1194 1049 solum
1230 990 1539 1061 reliquerit,
1589 987 1930 1058 qualiterque
1974 993 2178 1039 metro-

595 1088 765 1159 polim
799 1086 1106 1144 Germaniae
1145 1083 1427 1140 Coloniam
1459 1079 1809 1152 Aggripinam
1859 1077 2173 1148 expetierit,

597 1183 741 1239 sicut
780 1196 812 1234 a
859 1179 1092 1234 diversis
1124 1177 1338 1232 diversa
1389 1173 1758 1243 comperimus
1778 1213 1793 1238 ,
1842 1171 2056 1232 diversa
2086 1183 2175 1224 re-

595 1270 1096 1328 fcrre-censuimus.
1127 1267 1331 1323 Ferunt
1371 1267 1622 1337 quidam,
1666 1263 1812 1334 quod
1853 1261 2034 1318 studio
2056 1277 2176 1316 ma-

590 1365 733 1437 joris
777 1363 1050 1430 exercitii,
1104 1370 1164 1416 ut
1206 1361 1297 1416 illa
1327 1361 1506 1414 minor
1554 1358 1756 1414 assolet
1805 1364 1970 1420 aetas,
2027 1354 2171 1424 apud

593 1459 824 1514 eandem
847 1456 1039 1512 urbem
1067 1453 1403 1526 peregrinari
1431 1450 1705 1517 voluerit;
1739 1449 1959 1520 quidam
1979 1489 1992 1514 ,
2024 1447 2172 1517 quod

593 1564 783 1605 amore
812 1549 957 1604 beati
980 1547 1230 1601 Annonis
1255 1545 1498 1614 ejusdem
1542 1543 1688 1599 sedis
1733 1541 2026 1605 antistitis,
2076 1539 2172 1609 qui

591 1641 856 1697 allinitate
873 1648 929 1696 et
953 1640 1047 1673 ³⁸³⁸
1066 1637 1471 1709 prOpinquitate
1495 1635 1598 1691 sibi
1621 1633 1903 1706 proximus
1924 1641 2167 1703 putatur,

2278 435 2390 492 rat;
2416 425 2670 495 huncque
2692 425 3013 482 liberalibus
3034 427 3320 483 litterarum
3338 432 3492 488 studiis
3503 438 3677 506 traditn,

2279 516 2334 570 in
2361 516 2560 571 divinis
2588 524 2643 570 et
2686 516 2942 571 humanis
2972 517 3269 585 imhnehat,
3303 529 3440 591 utque
3461 524 3528 555 ³¹⁹¹
3560 533 3678 599 regis.

2277 609 2484 679 prolem
2510 609 2736 664 decebat
2753 651 2770 675 ,
2791 610 3048 665 decenter
3071 611 3340 667 educabat.
3358 612 3680 685 Cujus-0cm

2278 702 2576 774 magisterii
2604 701 2899 773 aliquando
2920 712 2977 758 et
3001 704 3372 777 regninegotia
3391 713 3639 778 procurahat,
3653 728 3682 770 et

2277 793 2372 848 ubi
2396 809 2487 848 res
2529 793 2811 864 exigebat,
2845 793 3117 864 discipulo
3157 811 3362 851 manum
3399 801 3562 854 consilii
3583 807 3684 871 pmi-

2277 887 2436 958 gebat
2463 904 2478 952 ;
2511 895 2827 956 quantoque
2855 886 2986 941 illud
3015 887 3161 957 quod
3183 889 3420 958 scriptum
3441 901 3537 947 est:
3555 895 3686 950 Adni-

2277 978 2503 1048 gistrum
2548 977 2796 1047 respicit,
2844 977 3101 1050 quidquid
3129 996 3162 1032 α
3203 980 3435 1050 discipulo
3457 983 3686 1054 deli-quitur,

2277 1069 2571 1140 metuebat,
2601 1077 2790 1136 tanto,
2809 1084 2876 1124 ne
2897 1070 3036 1140 quid
3062 1071 3338 1126 sinistrum
3355 1114 3369 1139 ,
3392 1074 3505 1142 quod
3523 1074 3688 1132 sibimet

2274 1162 2684 1232 imputandum,
2713 1161 2794 1216 rei
2820 1161 3052 1231 plﬂilicae
3077 1164 3340 1232 eveniret,
3371 1166 3567 1230 carebat;
3596 1182 3686 1221 reso-

2276 1252 2508 1322 lensquc
2552 1251 2700 1306 illius
2737 1249 3107 1307 Salomoniaci
3149 1251 3280 1307 ³⁹⁰²ς
3310 1251 3492 1327 Diligitc
3519 1253 3688 1322 jltttttiﬂ

2274 1345 2364 1416 qui
2396 1343 2662 1413 judicatis
2711 1350 2908 1396 terram
2955 1340 3110 1412 (Sap.
3145 1341 3303 1412 1,1).
3330 1355 3454 1398 recto
3481 1344 3689 1414 legumin-

2273 1436 2553 1493 deraminc
2579 1435 2763 1491 frenos
2804 1435 3071 1490 nobilium
3095 1436 3312 1492 urbium
3343 1435 3523 1506 iuvabat
3554 1451 3688 1507 regere,

2268 1530 2361 1602 jus
2387 1529 2547 1585 civile
2574 1528 2737 1586 bonis
2759 1528 3017 1596 reddere,
3065 1543 3190 1602 reos
3217 1536 3405 1585 terrere
3421 1570 3434 1596 ,
3476 1544 3546 1584 sua
3570 1531 3690 1597 quique

2271 1630 2420 1678 recte
2467 1621 2808 1692 dispensare.
2865 1620 3211 1692 Quapropter
3255 1631 3417 1678 rectos
3453 1630 3496 1676 et
3525 1621 3688 1691 sapientes

592 1731 688 1786 illo
716 1729 1025 1795 advenerit;
1067 1686 1301 1798 lqui‘dani
1319 1769 1334 1792 ,
1383 1726 1527 1797 quod
1562 1686 1736 1780 isdem
1771 1686 1996 1779 antistes
2035 1732 2173 1778 tem-
2203 1686 2249 1747 Β
2274 1729 2524 1787 quosque
2556 1713 2625 1770 ad
2654 1713 2900 1784 regimen
2925 1715 3284 1772 ecclesiarum
3305 1714 3497 1786 provehi
3519 1714 3690 1775 δωύὼαι.

591 1836 726 1892 pore
771 1818 1013 1888 suscepti
1043 1818 1272 1872 honoris
1294 1831 1480 1871 secum
1521 1815 1668 1869 hunc
1695 1814 1973 1869 advexerit
2001 1832 2016 1881 ;
2045 1830 2172 1869 nam

591 1920 647 1966 et
686 1909 802 1979 ipse
853 1907 1066 1964 Suevus
1112 1915 1231 1962 erat
1278 1907 1516 1968 natione.
1566 1904 1709 1973 Quid
1747 1912 1931 1958 tamen
1975 1905 2174 1959 horum

590 2001 777 2058 verius
803 2001 905 2068 sit,
935 2001 1052 2071 ipse
1095 1999 1293 2054 melius
1315 1997 1469 2052 novit
1513 1997 1607 2066 qui
1647 2010 1773 2050 eum
1798 1994 2072 2064 praescivit
2118 2003 2175 2049 et

588 2093 995 2164 pradestinavit
1021 2090 1359 2146 conformem
1387 2089 1501 2144 ﬁeri
1537 2087 1815 2158 passionis
1839 2085 1935 2140 ﬁlii
1963 2086 2086 2153 sui;
2119 2094 2174 2142 et

586 2199 756 2252 quem
811 2181 1249 2251 praedestinavit,
1298 2181 1554 2246 vocavit;
1604 2187 1660 2235 et
1709 2194 1873 2248 quem
1920 2179 2168 2247 vocavit,

584 2273 905 2344 justillcavit
931 2281 986 2327 et
1011 2273 1134 2338 "",
1166 2285 1226 2329 ut
1264 2273 1449 2328 hodie.
1470 2273 1682 2328 cunctis
1722 2271 1922 2342 liquet,
1953 2271 2168 2343 magni-

588 2365 794 2422 ﬁcavit.
826 2363 983 2420 Unde
1014 2366 1164 2422 nulla
1199 2366 1345 2423 inest
1369 2366 1617 2422 dubietas
1645 2366 1904 2421 cordibus
1928 2366 2165 2434 nostris,

585 2457 754 2530 quin,
797 2458 1218 2530 qualiscumque
1260 2457 1424 2514 fuerit
1466 2473 1632 2514 causa
1682 2475 1714 2512 a
1744 2458 1920 2528 patria
1959 2458 2168 2528 digres-

583 2550 792 2617 sionis,
842 2550 1190 2621 portenderet
1215 2549 1523 2620 auspicium
1569 2551 1742 2606 beatas
1778 2549 2072 2619 passionis.
2097 2547 2166 2604 Et

581 2635 714 2708 quis
738 2634 943 2691 diuidat
961 2635 1091 2691 huic
1113 2651 1145 2690 a
1173 2634 1434 2702 Domino,
1457 2637 1560 2692 etsi
1585 2653 1693 2692 non
1723 2644 1935 2707 aperte,
1957 2636 2163 2691 dictum

582 2731 770 2782 tamen
796 2725 852 2780 in
877 2740 976 2788 cor
1011 2727 1246 2782 missum
1279 2727 1414 2782 illud
1447 2746 1462 2780 :
1495 2725 1601 2782 Emi
1630 2729 1695 2782 de
1732 2738 1876 2783 terra
1901 2736 1952 2782 et
1979 2727 2042 2782 de
2071 2744 2163 2782 co-

583 2828 831 2890 gnatione
861 2829 982 2886 tua,
1031 2828 1082 2874 et
1103 2821 1218 2874 ueni
1254 2821 1312 2874 in
1361 2829 1554 2875 terram
1597 2837 1756 2892 quam
1803 2830 2160 2876 monstravere

584 2911 716 2979 tibi,
762 2920 814 2966 et
873 2911 1177 2968 benedicens
1237 2912 1539 2967 benedicam
1584 2913 1680 2966 tibi
1741 2912 1892 2982 (Gen.
1924 2929 2034 2980 xu,
2079 2914 2156 2983 2).

581 2999 764 3072 Ipsam
816 3002 1003 3072 utique
1025 3010 1228 3058 terram
1271 3002 1377 3058 sibi
1421 3003 1768 3074 omnipotens
1806 3003 1949 3059 Deus
1997 3019 2157 3058 mon-

579 3094 807 3162 stravit,
834 3093 890 3149 in
917 3110 1028 3165 qua
1055 3103 1111 3150 et
1141 3109 1252 3150 non
1277 3111 1474 3165 parum
1500 3096 1687 3167 gratiae
1713 3095 1763 3150 ei
1809 3095 1986 3163 dedit,
2018 3096 2162 3151 sicut

581 3187 705 3245 laus
726 3196 958 3264 testatur
979 3202 1104 3258 qua
1126 3189 1351 3245 nuncin
1410 3190 1517 3245 line
1537 3189 1771 3245 canitur.
1799 3188 1934 3244 Nam
1965 3188 2161 3260 praedi-

580 3286 706 3336 ctus
747 3281 946 3348 praeui
983 3280 1365 3337 sanctissimus
1384 3280 1544 3337 Anno
1571 3311 1636 3322 —-
1660 3283 1818 3352 cujus
1864 3282 2158 3339 laudabilia

577 3382 754 3439 opera
777 3369 884 3428 etsi
927 3371 1294 3439 quorumdam
1353 3371 1662 3427 invidorum
1699 3373 1910 3428 siluerit
1937 3373 2155 3444 lingua,

577 3459 754 3518 multa
796 3468 978 3518 tamen
1003 3460 1246 3531 lapidum
1293 3460 1608 3519 clamabunt
1633 3463 1859 3520 aediﬁcia
1884 3463 1974 3496 ³⁸⁸⁷
1990 3505 2004 3528 ,
2033 3464 2166 3534 qui--

576 3546 684 3609 bus
735 3549 1024 3610 aediﬁcavit
1066 3560 1121 3608 et
1147 3552 1414 3608 aediﬁcata
1454 3554 1608 3610 auxit
1647 3554 1909 3625 episcopii
1951 3555 2043 3586 ³⁸³⁸
2074 3556 2160 3612 sui

579 3641 914 3696 monasteria
935 3670 1006 3682 -—
1025 3641 1245 3704 beatum
1276 3643 1423 3702 hunc
1464 3644 1727 3706 advenam
1761 3645 1877 3716 ipse
1919 3646 2156 3714 advena,

579 3729 678 3785 sed
699 3731 968 3787 exaltatus
994 3731 1087 3787 Dei
1109 3733 1352 3801 dextera,
1384 3735 1616 3808 benigne
1637 3737 1887 3809 collegit,
1919 3738 2157 3793 humane

575 3821 861 3890 tractavit,
889 3831 944 3877 et
977 3839 1102 3879 cum
1125 3824 1285 3880 libuit
1310 3835 1364 3881 et
1390 3826 1615 3898 dignum
1634 3827 1932 3897 judicavit,
1961 3828 2157 3899 majori

575 3913 749 3985 gradu
777 3923 1023 3971 evectum
1048 3925 1102 3971 et
1131 3927 1476 3989 assumptum
1504 3920 1729 3987 extulit,
1752 3921 1978 3991 propius
2009 3929 2157 3976 stare

566 3998 770 4071 iubens
811 4007 1000 4062 ordine
1026 4009 1305 4077 proximo,
1352 4011 1668 4082 honoreque
1697 4012 2016 4083 presbyterii
2059 4029 2156 4068 su-

571 4095 858 4151 blimatum
877 4140 892 4164 ,
924 4101 1163 4156 secundo
1183 4101 1305 4158 loco
1325 4113 1448 4173 post
1471 4121 1530 4158 se
1558 4113 1823 4160 statutum
1847 4147 1862 4172 ,
1890 4105 2156 4176 majorem

572 4190 927 4258 praepositum
949 4192 1174 4261 majoris
1197 4194 1395 4250 domus
1412 4211 1525 4251 sua:
1546 4198 1711 4264 sedis,
1738 4199 1841 4253 hoc
1855 4207 1940 4254 est
1963 4197 2153 4253 Sancti

570 4274 720 4333 Petri
739 4321 754 4346 ,
794 4281 1101 4337 collocavit.
1132 4283 1316 4340 Prima
1344 4285 1460 4341 haec
1500 4302 1631 4341 cura
1673 4289 1879 4343 credita
1901 4301 1985 4344 est
2015 4291 2150 4361 sibi,

2273 1809 2402 1879 quia
2429 1807 2694 1878 scriptum
2719 1806 2962 1863 sciebat‘
2995 1827 3010 1862 :
3040 1807 3330 1863 Multitudo
3355 1808 3593 1878 sapientis:
3609 1805 3691 1859 nri-

2275 1915 2357 1961 tus
2381 1917 2459 1961 est
2497 1907 2639 1960 orbis
2670 1915 2934 1960 terrarum
2967 1905 3119 1978 (Sep.
3151 1924 3238 1976 v1,
3268 1907 3370 1978 i6).
3393 1905 3592 1971 lndecst,
3612 1905 3689 1974 quod

2273 2012 2400 2053 cum
2425 2039 2440 2065 ,
2468 2006 2530 2054 ut
2571 1997 2669 2029 ³⁰⁰³
2693 1996 2800 2052 sibi
2831 1997 3010 2052 visum
3054 2007 3140 2054 est
3158 2040 3176 2065 ,
3225 1998 3302 2053 rei
3324 1997 3499 2052 utilitas
3525 1996 3578 2050 ita
3598 2009 3690 2065 pepo-

2273 2091 2466 2146 scissct
2533 2099 2588 2145 et
2637 2093 2768 2147 urbs
2827 2089 3114 2146 Treverica
3185 2105 3286 2147 suo
3345 2099 3524 2162 pastore
3567 2087 3692 2141 vidua

2269 2193 2414 2240 esset
2436 2185 2606 2256 (554),
2636 2195 2998 2244 memoratum
3034 2185 3219 2240 virum
3263 2183 3583 2249 Cuonradum,
3604 2194 3690 2251 quem

2269 2278 2488 2348 quidem
2533 2279 2598 2334 ad
2629 2281 2735 2336 hoc
2773 2289 2961 2350 aptum
3011 2286 3242 2334 noverat
3282 2287 3336 2334 et
3374 2277 3602 2339 idoneum,
3624 2287 3691 2326 an.

2270 2371 2382 2426 suit
2454 2371 2882 2442 subrogandum.
2957 2370 3023 2426 Et
3082 2371 3218 2427 licet
3284 2365 3572 2426 inscrutabili
3617 2359 3693 2414 Diri-

2266 2462 2454 2518 nitatis
2513 2465 2752 2519 archano
2805 2465 2934 2521 talis
3008 2463 3112 2519 viri
3176 2463 3272 2519 Dei
3294 2458 3598 2534 prometiosui
3614 2469 3693 2508 mar.

2266 2553 2394 2626 tyrii
2425 2563 2570 2609 esset
2604 2556 2841 2621 occasio,
2877 2564 3058 2610 tamen
3098 2555 3240 2609 nulli
3267 2552 3486 2614 dubium,
3509 2545 3696 2619 quiasiﬁ

2265 2645 2484 2713 dicitur,
2510 2647 2657 2702 hunc
2696 2648 3027 2704 desideravit
3069 2647 3456 2718 episcopatum,
3496 2637 3697 2698 desidendi

2265 2754 2404 2808 opus
2427 2740 2661 2808 bonum;
2689 2741 2819 2811 quia
2838 2741 2945 2798 hoc
2965 2756 3089 2797 esse
3111 2741 3357 2797 moribus
3371 2736 3603 2796 allectabat
3617 2725 3698 2800 φά

2263 2845 2384 2886 esse
2413 2832 2610 2888 debere
2639 2834 2816 2903 ipsum
2844 2849 3045 2890 nomen
3081 2832 3183 2866 ⁸³⁸⁸
3214 2833 3424 2888 indicat.
3445 2829 3696 2897 Itaque???

2261 2923 2391 2978 dicti
2429 2926 2678 2995 praesulis
2703 2927 2787 2982 sui
2810 2927 3074 2984 instinctu
3102 2935 3160 2982 et
3183 2926 3423 2986 consilio,
3446 2913 3696 2990 marter

2243 3018 2356 3090 Isti,
2383 3027 2509 3073 ante
2530 3017 2746 3075 futurus
2773 3035 2938 3090 quam
2966 3019 3280 3090 episcopus,
3303 3018 3529 3074 adductus
3549 3005 3696 3066 innuit

2263 3117 2318 3164 et
2345 3110 2542 3180 dignus
2573 3112 2926 3177 acclamatus,
2959 3114 3204 3183 suscepit
3239 3127 3268 3167 a
3291 3127 3440 3166 manu
3471 3101 3696 3178 [θείερωῦ-

2260 3197 2454 3255 ﬁcalus
2476 3195 2861 3273 “"uinsignia,
2893 3202 3101 3260 scilicet
3127 3202 3442 3274 pastoralem
3459 3192 3698 3250 3"illaalii!

2260 3297 2314 3343 et
2352 3290 2659 3359 sponsalem
2705 3293 2950 3349 ecclesiae
2983 3295 3237 3361 anulum,
3279 3292 3473 3348 interi
3501 3289 3595 3343 dum
3623 3280 3700 3336 sui

2260 3381 2533 3437 crismatis
2551 3383 2808 3440 unctione
2825 3387 3171 3442 ordinaretur
3195 3401 3423 3458 sponsus
3439 3379 3632 3440 sociali»

2260 3487 2434 3540 mora,
2478 3475 2807 3533 commissus
2837 3477 3011 3548 ipsius
3049 3479 3198 3550 regis
3241 3476 3493 3550 legatario,
3522 3463 3700 3524 κωτιδᾶ

2259 3566 2468 3622 scilicet
2500 3566 2776 3637 Spirensis
2824 3569 2977 3627 urbis
3021 3573 3286 3644 episcopo
3329 3567 3518 3626 Eilardo
3544 3563 3623 3624 "".
3641 3554 3703 3612 ὧ

2259 3659 2589 3726 commissae,
2666 3662 2722 3717 id
2759 3673 2844 3718 est
2878 3664 2999 3718 urbi
3049 3663 3369 3730 Trevericze,
3393 3659 3603 3731 dirigitur.
3632 3651 3704 3716 0³³

2258 3747 2386 3804 licet
2419 3752 2786 3812 sanctissimis
2825 3763 2882 3811 et
2917 3771 3192 3827 nusquam
3227 3767 3480 3814 terrarum
3517 3745 3705 3818 majori.I

2258 3841 2532 3919 episcopis
2556 3845 2763 3902 dudum
2799 3864 2829 3902 a
2855 3846 2967 3904 Deo
3001 3847 3167 3904 fuerit
3211 3849 3472 3921 insignita,
3491 3853 3537 3900 ut
3557 3836 3703 3895 nouili-

2258 3935 2456 3990 merito
2485 3939 2724 3993 secunda
2755 3939 3030 3995 diceretur
3053 3939 3251 4008 Roma,
3293 3941 3404 3997 suis
3429 3947 3571 3993 tamen
3589 3941 3703 4002 pem-

2257 4026 2329 4080 tis
2350 4027 2713 4098 exigentibus,
2739 4031 3016 4103 indignam
3041 4031 3216 4089 fuisse
3239 4033 3322 4089 his
3357 4029 3533 4087 ultimis
3553 4015 3704 4089 ιαπμῆ

2257 4117 2360 4174 bus
2387 4119 2481 4174 tali
2506 4122 2760 4191 pontiﬁce
2785 4124 3090 4192 credimus;
3121 4127 3268 4196 quod
3292 4134 3344 4182 et
3361 4124 3432 4180 rei
3453 4119 3705 4194 prohat?”

2257 4220 2365 4266 tus.
2399 4211 2534 4266 Nam
2576 4215 2760 4269 audito
2793 4215 2911 4286 ejus
2945 4217 3180 4272 adventu
3222 4219 3336 4286 ³⁹⁰⁸,
3363 4217 3488 4272 unde
3524 4207 3649 4265 infelix
3675 4200 3704 4251 in

2257 4303 2360 4358 hac
2381 4313 2533 4374 parte
2574 4306 2629 4360 in
2675 4307 2871 4363 melius
2900 4309 3164 4380 prolicere
3204 4309 3403 4374 debuit,
3436 4304 3537 4361 inde
3555 4301 3595 4355 in
3617 4295 3704 4349 dat"

573 4385 908 4442 quamquam
947 4383 1208 4432 strennue
1230 4386 1283 4433 et
1326 4379 1516 4434 idonee
1567 4382 1620 4435 in
1653 4395 1944 4455 conspectu
1982 4388 2076 4444 Dei
2099 4402 2152 4448 et

574 4462 857 4488 ι.-...ε...-...
934 4467 1240 4488 -.Ι-Αεέεγιη-
1300 4487 1308 4488 ,
1352 4473 1384 4488 ο-
1480 4482 1491 4488 -
1539 4482 1550 4488 -
1605 4483 1614 4488 Α
1690 4485 1698 4488 .
1867 4479 1900 4488 ..
2105 4485 2115 4488 -

2256 4395 2372 4450 rius
2407 4397 2549 4452 male
2572 4400 2821 4453 consulta
2852 4379 2980 4454 ruit.
3011 4397 3132 4454 Mox
3155 4397 3356 4471 quippe
3375 4399 3438 4454 ab
3456 4392 3582 4488 inicio

574 4462 859 4519 hominum
931 4467 1430 4538 administraverit,
1477 4482 1556 4529 tot
1599 4483 1768 4532 testes
1815 4479 1994 4536 adhuc
2033 4485 2152 4539 exi-
2179 4462 2231 4488 υ
2256 4486 2374 4541 cida
2398 4487 2668 4555 diabolus,
2702 4488 2860 4560 cujus
2898 4489 3100 4545 invidia
3130 4462 3505 4545 mors-intravit
3531 4473 3702 4534 inor!!!

573 4563 764 4621 stunt,
795 4567 930 4626 quot
956 4573 1080 4612 eum
1112 4575 1274 4616 nosse
1304 4573 1618 4632 potuerunt.

640 4649 678 4703 2
703 4649 816 4705 ³⁸⁸⁸.
857 4649 972 4706 Sub
994 4653 1184 4708 eodem
1210 4661 1452 4725 tempore
1471 4667 1700 4727 quartus
1722 4658 2010 4718 Heinricus
2033 4664 2148 4731 3’“,

569 4741 744 4810 patris
780 4743 1128 4814 aequivocus,
1167 4747 1368 4801 teneris
1398 4749 1500 4803 sub
1527 4751 1714 4817 annis,
1757 4754 1968 4808 noviter
1997 4765 2152 4826 patre

567 4840 806 4902 augusto
828 4833 894 4888 de
913 4835 1095 4890 medio
1122 4834 1283 4901 facto,
1309 4847 1568 4895 strennue
1589 4841 1642 4896 in
1667 4843 1894 4914 sceptris
1925 4849 2146 4917 agebat;

565 4933 733 4988 quem
767 4925 1362 4996 saepedictuspontiiex
1395 4939 1619 4996 sanctus
1648 4933 1836 5002 Anno,
1873 4938 2038 4993 veluti
2064 4940 2149 4994 vir

567 5011 747 5068 tocius
786 5017 1088 5086 prudentia:
1125 5027 1180 5074 et
1211 5021 1404 5078 aulica:
1452 5023 1767 5094 nutritura},
1812 5039 2034 5101 rogatus
2080 5033 2148 5092 ab

2256 4585 2547 4646 terrarum,
2580 4595 2741 4650 quem
2791 4580 3076 4636 imitantur
3104 4583 3199 4653 qui
3228 4590 3355 4636 sunt
3395 4595 3451 4633 ex
3475 4581 3590 4645 parte
3622 4563 3702 4630 ἀπ’

2253 4685 2393 4740 quos
2418 4671 2472 4725 in
2499 4687 2563 4726 ea
2595 4687 2708 4727 suae
2730 4673 2901 4743 partis
2929 4674 3108 4741 scivit,
3137 4675 3372 4730 vesania
3397 4662 3581 4725 suae"
3597 4658 3706 4752 futili

2253 4761 2646 4830 inﬂammatus,
2676 4764 2744 4819 ad
2767 4765 2854 4819 sui
2902 4766 3286 4832 imitationem,
3309 4766 3360 4820 id
3387 4771 3459 4817 est
3483 4757 3536 4812 ad
3562 4747 3706 4807 limiti”

2253 4853 2423 4921 dium,
2453 4855 2720 4912 incitavit.
2752 4856 2819 4912 Et
2846 4858 2938 4913 ubi
2961 4861 3093 4913 urbs
3120 4868 3244 4929 post
3269 4858 3477 4911 Romam
3502 4851 3638 4904 illi“
3654 4849 3705 4929 Ψ

2254 4945 2341 5012 be,
2373 4946 2428 5001 in
2456 4962 2565 5017 qua
2594 4947 2778 5018 plures
2801 4955 2965 5020 quam
2989 4951 3063 5006 ibi
3085 4927 3215 5006 olim
3241 4927 3707 5029 habueritipseff”:

2254 5035 2340 5094 lus
2367 5047 2422 5094 et
2442 5042 2528 5095 sui
2552 5041 2789 5099 cultores
2811 5050 2868 5098 et
2885 5058 3000 5099 suae
3020 5043 3287 5115 nequicia:
3307 5026 3616 5097 satellitum
3634 5022 3705 5073 ίὶαί

1856 5145 2089 5206 VARUE
2125 5149 2529 5212 LECTIONES.
2609 5147 2613 5152 ’

643 5215 738 5300 ’ἵξδ
771 5233 893 5300 esse
919 5226 990 5300 2..
1053 5226 1148 5261 ειη
1180 5228 1266 5284 vel
1295 5228 1350 5286 2.
1558 5231 1774 5296 deesti.
1978 5239 2214 5296 edimcia

568 5293 1147 5372 cqg‘itungjivisionemr
1174 5301 1284 5372 ipse
1313 5301 1543 5358 institui.
1621 5305 1714 5338 ³⁹⁰⁰
1741 5293 2214 5367 lienricusVQJ—i
2262 5293 2354 5348 ίδδι

568 5359 744 5472 ἓὲἓέ
781 5359 1206 5472 ³⁹⁹ᾗ3.εξζηῖὶὸ.’
1269 5371 1369 5412 ³⁹⁰⁵-
1392 5359 2007 5447 ροιιιίίᾙωιιιεηίξωῖνῖί
2040 5359 2273 5441 ferulam
2296 5359 2582 5470 regiminis
2881 5394 2966 5456 50,

564 5427 684 5508 dits
709 5429 764 5507 3-
841 5433 934 5468 ³⁸⁸⁸
962 5455 1064 5496 suo
1097 5443 1152 5498 2.

2271 5260 2350 5321 q._
2389 5245 2679 5310 ediiiicavit
2734 5249 2785 5306 1.
2863 5249 2959 5284 ³⁸⁵⁸
2995 5247 3338 5321 episcopatui
3383 5245 3432 5321 ἢ·
3455 5314 3468 5321 _

2394 5327 2454 5372 ut
2477 5307 2613 5374 corr.
2639 5328 2694 5374 et
2722 5329 2780 5375 ut
2807 5321 2858 5377 Ι.
2939 5289 3431 5392 ³⁹⁰²νξοιο¹ίίιῡῇὶθοῇ
3450 5314 3492 5380 1,.
3553 5301 3619 5338 ’⁸³
3639 5293 3700 5348 5‘“

2394 5387 2578 5418 :m:..:..
2612 5390 2845 5418 unum”...
2882 5394 2942 5418 ιι.
3039 5388 3422 5418 ίῦθῗ¹ηἶειιεηήιή
3449 5379 3478 5418 ε’.
3551 5372 3618 5410 ﬂ
3645 5378 3703 5418 π-

2066 5549 2299 5610 NOTAE.

632 5617 962 5718 Haec
982 5639 1172 5688 avaro
1192 5630 1705 5716 valdetdiserepare,
1739 5655 1846 5696 non
1869 5653 1951 5700 est
1977 5651 2144 5718 quod
2219 5671 2224 5677 υ

564 5702 837 5781 moneam.
1461 5725 1463 5727 ι

2017 5848 2022 5851 _
2041 5824 2186 5855 ,ηε-*ιν

2241 5734 2280 5776 ἢ
2495 5646 2844 5738 Eberhardus
2855 5645 3300 5723 archiepiscopus
3314 5634 3438 5698 obiit
3452 5631 3500 5689 (1·
