3838 6296
55 321 179 375 1⁸357

714 311 938 369 GESTA
976 307 1275 364 TREVER.
1318 337 1368 345 —-
1422 303 1717 358 AI’PEND.
1759 306 1919 363 VITA
1958 308 2260 363 CONRADI
2297 309 2622 367 ARCHIEP.‘

3155 322 3292 378 1258

49 448 159 506 quae
191 406 364 484 fuerat
393 425 652 497 magistra
681 426 904 490 erroris,
931 426 1042 495 jam
1074 423 1145 478 sit
1169 422 1435 492 discipula
1463 420 1607 475 veri--
1636 422 1687 482 Α
1714 419 1833 487 hat;
1884 421 2085 478 frustra
2110 424 2160 478 ci
2203 432 2426 494 paterna
2466 440 2597 480 voce
2625 425 2840 482 dicebat
2868 447 2879 482 :
2913 429 3039 484 Noli
3089 433 3290 499 timere,

47 525 186 587 tatis,
218 530 417 583 tamen,
445 532 544 587 pro
569 516 660 548 ³⁹¹⁰
683 517 868 570 dolor!
905 517 1082 570 adhuc
1105 515 1157 567 in
1188 530 1252 568 ea
1284 511 1519 581 repperit
1547 512 1612 565 de

47 615 150 668 suis
189 609 473 673 membris,
523 623 645 677 qua:
681 606 749 661 ad
798 606 1171 675 persequenda
1219 613 1272 658 et
1298 601 1610 672 perimenda

44 701 235 756 Christi
262 699 503 753 membra
534 696 844 752 commovit.
884 694 1096 748 Similia
1127 693 1402 762 passionis
1433 690 1611 745 domi.-

45 793 170 845 nicze
214 790 271 843 in
317 788 482 857 hujus
511 802 732 857 quoque
752 786 926 840 sancti
958 785 1057 838 viri
1085 769 1339 854 passione
1366 783 1613 838 videmus

45 880 298 935 evenisse.
347 878 500 934 Sicut
530 877 673 931 enim
704 876 1013 930 Judzeorum
1047 874 1357 930 sacerdotes
1397 881 1452 927 et
1478 888 1612 942 pon—

43 973 225 1036 tilices,
256 970 398 1041 docti
427 969 541 1038 lege
569 976 624 1021 et
644 966 942 1036 prophetis,
964 965 1239 1018 indoctum
1262 964 1522 1034 populum
1543 964 1613 1018 ad

44 1077 219 1116 necem
251 1060 549 1114 Salvator-is
569 1059 885 1122 incitabant,
917 1057 990 1110 ita
1015 1065 1089 1122 et,
1108 1057 1252 1126 quod
1279 1056 1429 1111 dictu
1460 1054 1613 1111 nefas

43 1162 134 1216 cst,
166 1151 387 1221 quidam
421 1150 488 1205 de
515 1151 660 1205 clero
690 1150 890 1204 laicum
911 1149 1192 1219 populum,
1223 1163 1384 1218 quem
1413 1147 1617 1202 debue-

42 1250 158 1296 rant
197 1257 562 1312 compescere,
586 1242 760 1312 magis
802 1241 870 1295 ad
901 1240 1004 1294 tale
1034 1238 1297 1309 flagitium
1328 1239 1616 1293 studebant

44 1327 348 1401 prox-oeare.
396 1331 530 1384 Nam
565 1341 620 1386 et
653 1331 1046 1385 Theodericum
1090 1329 1181 1361 ³⁸³³
1226 1329 1380 1384 urbis
1417 1328 1611 1399 praefe-

43 1433 178 1477 ctum
212 1424 361 1493 (555)
385 1422 791 1488 convenientes,
815 1437 942 1477 cum
971 1420 1158 1475 multis
1197 1419 1461 1476 suasoriis
1486 1435 1611 1474 ver-

42 1515 134 1579 bis,
166 1523 282 1568 tum
305 1516 396 1546 '9"
414 1514 644 1569 diversis
674 1513 1068 1569 assertionibus
1104 1512 1512 1578 verisimilibus,
1545 1513 1612 1566 ad

45 1606 461 1675 extinguendum
509 1605 728 1659 beatum
759 1604 936 1658 virum
981 1603 1314 1658 animabant.
1344 1603 1480 1659 Hinc
1525 1611 1612 1658 tu-

45 1696 369 1752 multuantes
400 1697 719 1766 volgarique
757 1711 906 1751 more
941 1704 1361 1766 perstrepentes,
1399 1697 1614 1766 episco-

44 1801 180 1854 pum,
215 1803 328 1841 non
373 1788 624 1854 electum,
670 1803 778 1842 non
811 1797 956 1843 recte
999 1795 1282 1854 statutum,
1312 1803 1610 1859 numquam

43 1891 186 1930 suam
235 1879 426 1932 urbem
483 1879 832 1945 intraturum,
865 1894 1160 1948 numquam
1187 1879 1272 1933 sui
1305 1879 1609 1934 dominatu-

46 1985 186 2034 rum,
236 1969 401 2022 modo
454 1971 844 2035 sacramentis,
899 1970 1062 2023 modo
1103 1971 1611 2036 contestationibus,

46 2061 193 2114 modo
218 2058 520 2114 maledictis
562 2059 655 2090 ³³⁸³
693 2059 983 2128 jurabant;
1036 2059 1268 2112 eundem
1297 2059 1611 2128 praafectum

45 2149 373 2205 defensorem
405 2150 559 2204 urbis
581 2159 637 2204 et
660 2158 971 2219 patronum,
999 2164 1103 2204 nec
1127 2149 1252 2204 talia
1279 2149 1390 2219 pati
1417 2150 1613 2205 debere

43 2241 388 2296 inclamantes
417 2240 738 2295 adulatorie.
768 2239 924 2296 Hunc
947 2239 1164 2295 aiebant
1180 2240 1373 2310 pet-imi
1394 2240 1610 2305 debere,

49 2329 148 2384 hoc
171 2329 258 2361 3’“
285 2329 367 2382 sui
401 2329 625 2384 honoris
656 2345 795 2395 esse,
829 2330 882 2385 id
916 2329 1008 2361 ³⁹¹⁸
1039 2329 1244 2384 sanctis
1269 2328 1373 2383 loci
1399 2338 1611 2399 gratum

45 2419 171 2487 fore,
204 2436 307 2475 non
339 2421 432 2454 ³⁸⁸³
475 2423 580 2476 hoc
607 2421 873 2486 criminis,
899 2421 992 2477 sed
1021 2436 1145 2476 esse
1175 2421 1352 2475 zelum
1378 2420 1614 2490 justieiae

46 2521 95 2566 et
118 2521 266 2566 recta:
293 2510 660 2579 defensionis;
695 2512 918 2582 insuper
955 2512 1208 2581 inquiunt
1236 2512 1328 2544 ⁸⁹¹⁶
1361 2530 1374 2566 :
1415 2511 1613 2565 Pecca-

47 2614 147 2656 tum
167 2605 258 2658 hoc
286 2605 650 2675 portabimus;
675 2606 824 2658 nobis
855 2604 1124 2670 adhereat,
1149 2604 1297 2657 nobis
1325 2612 1610 2673 reputetur.

49 2695 188 2760 Quod
215 2696 371 2765 quasi
401 2705 581 2766 aperte
610 2696 814 2750 dictum
843 2696 1057 2751 videtur
1081 2715 1094 2749 :
1129 2694 1359 2766 Sanguis
1380 2695 1495 2764 ejus
1523 2712 1614 2747 su-

46 2802 130 2853 per
151 2802 237 2839 nos
263 2796 310 2839 et
340 2803 498 2855 super
525 2785 665 2855 ﬁlios
692 2795 896 2839 nostros
925 2786 1144 2855 (Matth.
1177 2802 1347 2854 xxv",
1378 2785 1491 2855 25).
1519 2784 1615 2839 Vir

53 2876 204 2945 gloria
232 2877 518 2946 temporali
566 2877 840 2942 sulfultus,
874 2877 961 2931 his
1004 2885 1057 2930 et
1100 2876 1413 2946 hujnsmodi
1453 2876 1613 2931 malis

51 2965 508 3020 adhortationibus
529 2976 582 3020 et
610 2967 806 3036 ineptis
834 2967 1223 3036 sponsionibus
1257 2967 1488 3034 illectus,
1512 2968 1615 3021 mi-

1714 513 1829 580 ﬁlia
1861 512 2024 582 Syon,
2062 531 2176 568 erce
2201 532 2292 568 rex
2321 524 2440 570 tuus
2470 518 2605 570 venit
2649 519 2746 571 tibi
2779 532 3080 576 ntansttetus
3109 521 3289 591 (Joun.

1717 620 1811 668 xu,
1839 605 1958 674 l5);
1985 623 2108 660 cum
2137 607 2318 660 mallet
2348 608 2462 677 ipsa
2491 609 2608 676 ejus
2633 609 2895 680 sanguine
2914 613 3104 682 pollui,
3127 632 3291 685 quam

1713 697 1784 751 ab
1827 714 1894 751 eo
1939 699 2132 753 saltem
2186 699 2253 753 ad
2302 700 2492 753 horam
2540 700 2673 770 regi.
2722 700 2888 756 Facto
2937 719 3114 771 mane,
3167 709 3290 763 data

1715 787 1782 840 15
1827 785 2188 842 Kalendarum
2230 787 2378 842 Junii
2405 789 2492 843 die
2530 789 2688 854 (Mai.
2737 790 2848 859 l8),
2873 792 2990 860 jam
3017 795 3132 850 sole
3170 797 3293 851 illn-

1712 887 1978 942 ceseente,
2017 878 2394 932 clientulorum
2438 879 2596 934 turba
2641 880 2907 936 accelerat
2941 898 3183 954 surgere,
3235 902 3296 941 se

1713 968 1944 1022 invicem
1992 969 2062 1023 ad
2111 971 2349 1025 eundum
2397 986 2718 1037 convocare,
2766 983 3037 1041 accurate,
3070 984 3132 1029 ut
3160 976 3293 1030 illud

1712 1057 1895 1112 nobile
1949 1058 2232 1129 collegium
2279 1062 2437 1128 solet,
2484 1076 2701 1128 ornare,
2743 1078 2914 1132 equos
2949 1072 3190 1120 sternere
3237 1074 3293 1119 et

1713 1147 1971 1217 quicquid
2003 1147 2312 1216 hnjusmodi
2334 1159 2419 1205 est
2439 1151 2692 1206 decenter
2712 1167 2934 1222 Intrare;
2959 1169 3083 1208 cum
3107 1155 3290 1208 subito

1714 1235 1985 1306 insperate
2008 1245 2062 1291 et
2102 1238 2378 1306 inproviso
2407 1240 2476 1294 ab
2502 1241 2751 1297 hostibus
2796 1257 2854 1297 se
2904 1259 3012 1297 non
3043 1252 3155 1297 tam
3182 1244 3290 1298 cir-

1713 1337 2032 1383 cumventos
2061 1345 2224 1398 quam
2252 1337 2306 1384 et
2343 1330 2599 1386 obsessos
2625 1333 2837 1388 viderit.
2867 1331 3010 1399 Quid
3033 1336 3293 1404 agerent?

1711 1417 1817 1484 Qui
1843 1420 1919 1473 nil
1949 1428 2123 1474 morte
2153 1420 2375 1489 dignum
2398 1420 2454 1473 in
2478 1437 2573 1476 eos
2603 1423 2962 1492 deliquerant,
2989 1441 3089 1478 cur
3117 1425 3186 1478 ab
3209 1425 3290 1479 (is

1713 1511 1854 1565 mori
1901 1512 2203 1566 habebant?
2249 1511 2490 1566 Tandem
2533 1522 2592 1567 et:
2621 1514 2723 1584 ipsi
2758 1518 2824 1571 ad
2859 1533 3010 1572 arma
3057 1532 3291 1572 concur-

1712 1611 1842 1656 runt
1887 1603 2001 1669 '9”;
2032 1619 2130 1672 pro
2174 1605 2302 1670 vita,
2335 1605 2382 1659 si
2420 1605 2595 1674 possit
2629 1607 2765 1672 ﬁeri,
2799 1607 3074 1665 decertare
3107 1610 3291 1680 dispo—

1715 1702 1869 1746 nunt.
1901 1691 2006 1748 Sed
2025 1695 2299 1762 quomodo
2319 1706 2735 1765 persequeretur
2757 1714 2898 1753 unus
2921 1700 3084 1763 mille,
3107 1709 3160 1754 et
3182 1701 3292 1754 duo

1714 1779 1966 1851 fugarent
1987 1781 2170 1836 decem
2213 1782 2395 1836 milia?
2431 1783 2609 1851 (Deut.
2642 1786 2956 1856 xxxn,.50.)
2984 1786 3290 1842 Praevalue-

1715 1882 1842 1926 runt
1884 1872 2060 1939 multi,
2097 1874 2196 1927 ubi
2242 1874 2532 1930 obstabant
2574 1877 2764 1944 pauci;
2813 1878 3160 1948 etl’ractisque
3205 1878 3292 1948 ja-

1715 1979 1860 2029 nurs,
1901 1979 2012 2018 non
2045 1973 2224 2018 tamen
2282 1965 2400 2020 sine
2458 1965 2743 2036 utriusque
2791 1968 2961 2036 partis
3006 1969 3292 2040 sanguine,

1713 2056 1913 2108 atrium
1961 2056 2158 2109 domus
2205 2057 2544 2126 introgressi,
2574 2058 2884 2112 cubiculum
2915 2074 3028 2127 quo
3065 2068 3296 2128 uterque

1713 2145 1898 2199 senior
1922 2145 2238 2215 quiescebat
2281 2155 2664 2214 proruperunt.
2709 2146 2812 2212 Qui
2847 2163 3033 2202 eorum
3067 2149 3292 2217 strepitu

1707 2236 1822 2306 jam
1865 2246 1992 2292 ante
2026 2235 2409 2306 expergetaeti,
2454 2246 2577 2306 post
2605 2237 2895 2305 judicium,
2933 2241 3079 2308 quod
3103 2241 3297 2294 adesse

1713 2326 2024 2390 cernebant,
2055 2325 2487 2380 misericordiam
2537 2323 2630 2380 Dei
2674 2329 3077 2395 exspectabant.
3118 2328 3293 2394 Quam

1714 2415 1849 2484 ipse,
1873 2417 2195 2486 permittens
2217 2417 2381 2470 modo
2408 2416 2476 2470 ad
2497 2417 2935 2486 dampnationem
2957 2419 3154 2474 horum
3175 2419 3295 2474 lieri

1713 2508 1859 2575 quod
1883 2509 2120 2573 nolebat,
2157 2507 2281 2562 ideo
2309 2515 2369 2562 ut
2391 2507 2666 2562 credimus
2693 2498 2992 2574 (litfei-ehat,
3020 2509 3148 2578 quia
3175 2525 3294 2563 rra—

1708 2597 1880 2666 jorem
1908 2597 2135 2667 gloriam
2161 2612 2319 2652 servo
2349 2613 2448 2652 suo
2471 2596 2764 2652 Cuonrado
2791 2583 3118 2654 reservabat.
3151 2597 3298 2654 Cun-

1709 2695 1797 2743 cta
1832 2703 1964 2759 ergo
2009 2681 2132 2758 qua}
2180 2689 2434 2745 manibus
2470 2689 2852 2754 occurrebant,
2901 2704 3093 2759 equos,
3144 2706 3294 2754 vasa,

1712 2789 1892 2835 vestes
1926 2781 2298 2851 reliquamque
2345 2781 2733 2852 supellectilem
2789 2782 2880 2814 ‘9"
2919 2797 3108 2837 eorum
3158 2782 3295 2837 diriq-

1713 2872 1943 2940 pientes,
1974 2882 2332 2927 memoratum
2359 2872 2670 2942 Spirensem
2699 2873 3013 2945 episcopum
3045 2889 3154 2952 non
3180 2872 3297 2935 sine

1714 2963 1934 3033 injuria,
1972 2971 2157 3033 utpote
2185 2965 2301 3020 suis
2320 2965 2485 3020 rebus
2512 2965 2825 3034 spoliatum,
2851 2965 3007 3020 abire
3027 2965 3291 3019 siverunt.

51 3055 160 3110 lites
200 3057 448 3127 inquirit,
483 3073 635 3112 arma
665 3058 917 3128 corripit;
951 3067 1006 3112 et
1025 3073 1274 3128 pra:cone
1297 3059 1568 3114 clamante
1597 3078 1609 3112 :
1640 3067 1690 3130 (ς
1719 3053 1942 3108 Beatum
1973 3069 2104 3108 vero
2131 3055 2481 3110 Cuonradum
2514 3063 2734 3125 captum
2761 3064 2816 3110 et
2836 3056 3097 3122 vinctum,
3128 3055 3294 3112 inmi-

55 3145 360 3220 Quicumque
408 3165 510 3202 non
556 3151 792 3218 affuerit;
827 3152 1104 3218 praesidem
1149 3151 1393 3219 offendit,
1438 3153 1615 3207 onmis

55 3239 224 3295 civitas
255 3240 538 3295 concurrit
567 3241 680 3294 ⁸³⁸⁷.
725 3240 899 3311 Majus
927 3241 1090 3295 etiam
1120 3242 1357 3312 signum,
1384 3243 1450 3298 ad
1481 3258 1615 3298 con-

53 3334 305 3393 citandum
333 3333 830 3410 vulgussonatlnn,
856 3334 998 3409 quod
1021 3333 1204 3392 debuit
1225 3349 1347 3388 esse
1371 3335 1443 3389 ad
1466 3349 1618 3388 com-

56 3428 320 3496 pletiouem
361 3431 532 3486 divini
564 3431 746 3497 ollicii,
785 3432 964 3486 extitit
1011 3432 1077 3485 ad
1110 3430 1479 3485 incitationem
1524 3425 1616 3462 ιω

56 3520 211 3574 tocius
237 3521 388 3574 mali.
418 3519 548 3574 Erat
573 3521 840 3590 siquidem
865 3522 1068 3575 tardior
1093 3521 1247 3587 hora,
1290 3537 1414 3576 cum
1457 3521 1618 3575 debu-

58 3619 191 3664 erant
211 3613 353 3665 servi
381 3609 475 3665 Dei
499 3610 694 3665 diurna
711 3611 980 3679 complere
1007 3611 1098 3642 ³⁹¹⁹
1122 3609 1296 3665 cilicia
1319 3603 1616 3665 secundum

53 3701 292 3756 canonica
325 3701 426 3734 ³⁹²⁰
478 3701 743 3756 instituta.
792 3701 947 3755 Tunc
989 3701 1065 3766 hi,
1115 3702 1315 3770 quibus
1361 3711 1518 3755 erant
1563 3701 1615 3754 in

54 3790 198 3845 corde
224 3792 437 3861 peccati
465 3808 573 3846 nox
613 3801 667 3846 et
699 3793 953 3857 tenebrae,
985 3792 1170 3845 eadem
1201 3792 1333 3844 hora
1370 3807 1496 3846 cum
1525 3805 1618 3845 ar-

59 3895 252 3935 morum
271 3891 542 3952 apparatu
570 3889 908 3936 concurrunt
934 3881 1047 3946 ³⁹¹¹¹,
1071 3880 1421 3950 ascensisque
1441 3880 1616 3950 equis,

61 3969 272 4024 venienti
320 3972 549 4041 pastori,
580 3987 688 4025 non
720 3981 780 4025 ut
807 3986 956 4036 oves,
1001 3971 1093 4024 sed
1127 3979 1182 4024 ut
1226 3970 1337 4038 lupi
1373 3985 1616 4038 rapaces,

60 4059 118 4111 ad
159 4061 525 4117 devorandum
572 4063 785 4117 obviam
819 4071 1034 4116 exeunt.
1065 4060 1170 4127 Qui
1201 4069 1397 4131 quarto
1423 4061 1495 4114 ab
1524 4078 1619 4114 ur-

63 4147 118 4202 be
149 4151 374 4207 miliario
431 4152 614 4206 habita
663 4153 950 4206 mansione
989 4151 1046 4205 in
1089 4152 1215 4205 villa
1270 4166 1391 4220 quae
1437 4150 1622 4220 Bithy-

63 4237 214 4295 burch
264 4242 354 4274 ³⁹”
403 4244 552 4314 (556)
594 4244 813 4308 dicitur,
845 4259 968 4300 cum
1022 4243 1141 4313 ipso
1168 4242 1461 4297 venerabili
1507 4242 1621 4311 cpio

1718 3145 2065 3201 sericorditer
2090 3156 2146 3200 et
2169 3146 2466 3201 inhumane
2486 3163 2609 3202 cum
2632 3147 2900 3202 cachinno
2923 3148 3088 3215 “'“qet
3108 3160 3299 3218 expro—

1717 3235 1964 3289 bratione
1989 3235 2057 3289 ad
2081 3245 2323 3290 castrum
2354 3235 2443 3267 ³³³⁷
2471 3236 2568 3295 cui.
2588 3252 2784 3292 nomen
2807 3235 3003 3292 Urcich
3029 3237 3121 3268 ³9³⁸
3143 3237 3295 3309 (557)

1717 3326 2126 3394 per-trahentes,
2179 3326 2442 3382 custodia:
2503 3327 2984 3396 mancipaverunt;
3045 3326 3298 3382 fortassis

1717 3417 1849 3470 dum
1897 3417 2039 3486 apud
2069 3431 2130 3471 se
2161 3424 2460 3472 tractarent
2500 3416 2621 3482 ³³³³,
2651 3431 2814 3487 quam
2859 3415 3076 3474 cxiciali
3121 3425 3296 3472 morte

1713 3527 1841 3566 eum
1876 3507 2179 3580 perderem.

1789 3617 1824 3669 '5
1857 3616 1971 3669 ³⁹³⁰.
2002 3614 2106 3669 Sed
2159 3613 2376 3669 interim
2413 3611 2502 3668 hic
2542 3626 2665 3666 reor
2709 3609 3194 3680 supersedendum,
3237 3616 3299 3662 ut

1719 3723 1843 3760 cum
1869 3706 1971 3771 eis,
2001 3705 2097 3775 qui
2126 3705 2323 3759 canino
2351 3705 2511 3758 dente
2537 3704 2804 3774 garriunt,
2830 3704 2976 3757 hunc
2999 3716 3108 3756 non
3137 3716 3299 3756 cano-

1721 3797 1840 3851 nice
1873 3798 2106 3851 electum
2138 3796 2251 3861 '9“,
2279 3804 2333 3848 et
2361 3795 2488 3864 quia
2513 3810 2623 3848 non
2646 3793 2898 3859 electum,
2922 3794 3044 3848 ideo
3068 3807 3176 3848 non
3205 3806 3298 3846 ca-

1721 3885 1916 3941 nonice
1949 3892 2280 3956 promotum,
2308 3884 2376 3936 de
2408 3883 2573 3936 modo
2602 3882 2964 3952 promotionis
3001 3882 3298 3935 habeamus

1721 3977 2053 4032 conﬂictum.
2095 3974 2212 4028 Non
2235 3974 2303 4027 ab
2328 3973 2642 4026 hominibus
2677 3973 2853 4026 solum
2885 3980 2940 4025 et
2973 3987 3081 4024 non
3107 3986 3139 4023 a
3164 3969 3296 4033 Deo,

1722 4069 1816 4125 sed
1844 4083 1953 4122 non
1981 4067 2072 4098 ³³⁵⁸
2104 4083 2134 4119 a
2164 4065 2276 4119 Deo
2311 4063 2513 4134 pariter
2535 4071 2589 4116 et
2613 4063 2683 4117 ab
2710 4062 3025 4117 hominibus
3047 4060 3173 4129 eligi
3199 4060 3298 4114 dc-

1722 4161 1869 4222 bere,
1893 4173 2002 4211 non
2026 4157 2200 4211 solum
2223 4154 2576 4218 allirmamus,
2601 4152 2696 4206 sed
2710 4160 2766 4206 et
2778 4148 3298 4214 contradicentibus,

1724 4264 1832 4304 non
1887 4248 2100 4312 debere,
2140 4245 2372 4301 frontem
2403 4243 2738 4298 defensionis
2765 4241 3112 4312 Opponimus.
3158 4239 3302 4296 Dicit

63 4344 209 4399 scopo
232 4334 316 4387 cui
339 4349 464 4389 eum
506 4335 745 4389 diximus
782 4334 1161 4398 commissum,
1196 4334 1362 4387 nichil
1392 4333 1498 4386 tale
1529 4348 1622 4386 su—
1651 4397 1689 4404 _
1724 4340 1780 4394 ίη
1807 4338 2013 4392 amoris
2044 4337 2135 4370 asa
2169 4335 2380 4390 amico
2421 4349 2620 4404 sponsa
2647 4335 2714 4389 de
2738 4349 2942 4404 sponso
2981 4331 3218 4397 Christo,
3245 4331 3300 4386 id

63 4421 300 4492 spicatus,
330 4427 712 4496 pernoctahat;
746 4426 990 4480 futurum
1017 4441 1194 4489 mane,
1226 4434 1285 4478 ut
1308 4425 1618 4494 putabatur,
1650 4397 1698 4454 Β
1722 4438 1806 4484 est
1829 4427 2055 4483 ecclesia
2086 4426 2151 4480 de
2179 4425 2433 4495 episcopo
2462 4423 2666 4479 Christi
2693 4423 2879 4492 sponsi
2923 4422 3010 4477 sui
3044 4421 3245 4477 vicario
3280 4439 3292 4473 :

64 4519 116 4562 ut
137 4514 204 4568 ab
226 4518 415 4572 eodem
441 4519 640 4572 domno
663 4519 805 4588 regis
826 4518 942 4572 vice
968 4517 1088 4572 urbi
1112 4523 1527 4586 praesentaretur
1545 4524 1620 4580 et,

65 4611 116 4655 ut
146 4614 221 4658 est
245 4609 675 4669 consuetudinis,
723 4624 753 4661 a
784 4609 931 4662 clero
963 4616 1017 4661 et
1052 4607 1146 4638 ³⁹²³
1174 4606 1375 4676 populo
1404 4605 1621 4660 sollem-

63 4695 226 4758 pniter
257 4700 614 4769 exciperetur.
656 4697 760 4752 Sed
803 4698 1002 4752 frustra
1037 4697 1210 4767 pietas
1236 4697 1622 4766 omnipotentis

66 4779 148 4837 Dei
175 4787 344 4844 vidua:
365 4799 421 4846 et
448 4791 718 4845 destituta:
746 4789 867 4844 urbi
889 4789 1038 4859 pium
1066 4799 1331 4844 rectorem
1356 4804 1618 4857 procura-

1724 4519 1960 4573 Dilectus
1985 4533 2128 4570 meus
2147 4516 2340 4570 electus
2365 4531 2428 4569 ea:
2453 4515 2662 4568 utilibus
2687 4512 2864 4584 (Cant.
2892 4528 2947 4578 ν,
2971 4511 3092 4581 10);
3118 4520 3302 4582 aperte

1722 4612 1860 4666 dans
1889 4609 2137 4678 intelligi,
2160 4623 2268 4661 non
2293 4608 2747 4677 qualemcumque
2771 4603 2928 4659 facile
2948 4602 3179 4666 assumi,
3207 4601 3301 4657 sed

1724 4719 1755 4757 a
1804 4700 2150 4756 multitudine
2175 4715 2243 4753 ex
2277 4697 2623 4752 multitudine
2649 4695 2795 4766 eligi,
2829 4695 2922 4764 qui
2951 4693 3080 4749 boni
3124 4692 3197 4747 sit
3221 4699 3302 4745 tc-

1723 4793 1983 4852 stimonii.
2013 4791 2080 4845 Et
2103 4793 2156 4846 in
2186 4791 2280 4825 ³⁹³³
2303 4791 2458 4844 initio
2488 4788 2764 4843 nascentis
2793 4787 3038 4842 ecclesia:
3067 4783 3304 4840 Mathias

1320 4885 1553 4940 VARIIE
1590 4882 1989 4942 LECTIONES.

128 4950 213 5024 3"?
268 4957 404 5024 proh
465 4956 521 5010 2ο

66 5028 109 5069 ει
131 5021 394 5096 infra—lion
423 5027 529 5082 hoc
555 5026 739 5080 desunt
767 5027 820 5080 2.
845 5027 1018 5096 spatio
1052 5033 1287 5096 vacante.

69 5155 151 5189 1"!

189 5174 482 5229 cucurrnnt
507 5165 561 5218 2.
670 5167 760 5196 3°“
787 5165 1073 5220 bithburch
1099 5165 1152 5217 2.
1179 5165 1475 5219 bideburch
1502 5165 1556 5219 ὃ.

629 4956 719 4988 ³⁹⁸¹
749 4955 1077 5011 trcuericum
1119 4956 1174 5009 2.
1206 4972 1342 5009 corr.
1379 4957 1750 5012 theodcricum
1800 4957 1849 5009 1.

629 5036 739 5079 sunt
767 5027 820 5080 2.
845 5027 1018 5080 spatio
1052 5033 1287 5079 vacante.
1381 5026 1473 5057 ⁸⁹¹⁵
1509 5027 1611 5080 hoc
1641 5029 1688 5080 1.
1766 5026 1849 5058 ³⁹¹⁴

71 5042 109 5069 ει
131 5042 266 5101 rutra
285 5042 394 5080 non
426 5042 529 5082 nec
555 5042 739 5080 desunt
767 5042 820 5080 τι.
845 5042 1018 5096 spatio
1052 5042 1287 5079 vacante.
1381 5042 1473 5057 ον’·
1509 5042 1611 5080 noc
1641 5042 1688 5080 ι.
1766 5042 1858 5058 ""-
1884 5042 2060 5124 Inquou
2081 5042 2135 5076 ι.
2175 5042 2314 5076 aeeu
2337 5042 2388 5074 ο.
2417 5042 2524 5086 um,
2573 5042 2719 5092 quou
2756 5042 2810 5074 ιιι

71 5091 231 5146 nobis.
305 5095 396 5126 ⁸⁸³⁷
419 5097 659 5151 cucurrit
685 5097 738 5148 2.
771 5096 1008 5150 occurrit
1033 5097 1084 5150 5.
1161 5094 1254 5126 ³⁹¹⁸
1286 5095 1641 5149 imitationem
1682 5096 1732 5149 1.
1759 5095 1812 5148 2.
1888 5093 1952 5125 ³⁸⁸
2010 5093 2234 5160 implere
2257 5092 2311 5146 2.
2341 5091 2615 5146 celebrare
2643 5091 2698 5146 5.
2791 5088 2822 5118 ³¹

71 5155 151 5189 ³⁹³¹
189 5174 482 5218 cucurrnnt
507 5165 561 5218 2.
670 5167 760 5196 3°“
787 5165 1073 5219 bithburch
1099 5165 1152 5217 2.
1179 5165 1475 5219 bideburch
1502 5165 1556 5219 ὃ.
1659 5165 1752 5197 ³⁹⁸³
1777 5173 1832 5219 et
1857 5179 1888 5218 a
1912 5163 1966 5216 2.
2045 5163 2139 5194 ³⁹²δ
2165 5169 2463 5216 cucurrnnt
2485 5203 2509 5219 ο
2545 5161 2598 5214 2.
2677 5159 2770 5194 ’m
2793 5172 2822 5214 s

1857 5179 1888 5218 8
1912 5174 1966 5216 2.
2045 5174 2139 5194 δ”*
2165 5174 2463 5216 cucurrnnt
2485 5203 2509 5222 ο
2545 5174 2598 5214 Ζ.
2677 5174 2770 5194 ⁸³³⁵
2793 5174 2859 5214 SH

1966 4929 2057 4986 tot:
2082 4968 2212 5008 cum
2262 4953 2315 5006 2,
2431 4951 2524 4984 ³³η
2555 4949 2797 5006 malectis
2837 4948 2892 5002 2.
3002 4929 3299 5001 "ur-Drs-

1766 5026 1858 5058 ³³⁸⁸
1884 5023 2060 5124 inquit
2081 5023 2135 5076 2.
2175 5023 2314 5076 deest
2337 5023 2388 5074 5.
2417 5021 2524 5086 ubi,
2573 5021 2719 5092 quod
2756 5021 2810 5074 in
2845 5019 2949 5071 hoc
2988 5017 3301 5096 peccabitur

1766 5095 1811 5139 Ξ,
1888 5093 1952 5125 ³⁵⁸
2010 5093 2234 5139 implere.
2257 5092 2311 5139 ἓ-
2341 5091 2615 5139 celebrare
2643 5091 2698 5139 5-
2791 5087 2884 5118 ³⁸³⁸
2909 5087 3210 5139 canomcha
3244 5087 3295 5139 i.

2909 5100 3210 5149 canoutcna
3244 5100 3264 5138 1
3282 5125 3295 5139 .

2909 5155 3191 5209 erleetilem
3241 5154 3298 5207 2.

74 5225 168 5303 f’:
180 5226 480 5303 chachinno
504 5236 553 5287 1.
624 5236 715 5266 ³⁸³⁷
745 5235 1095 5303 municipium
1118 5250 1281 5302 super
1301 5249 1515 5290 amnem
1543 5234 1821 5289 Mosellam
1851 5235 2016 5288 situm
2043 5232 2095 5303 5.
2125 5248 2190 5285 ex
2211 5232 2297 5303 3}.
2363 5231 2458 5303 ff?
2483 5230 2669 5303 urcich
2693 5230 2752 5303 1.
2788 5223 2966 5303 urtich
2996 5225 3076 5303 l_b.
3109 5223 3299 5303 urzich

71 5291 120 5372 ες
142 5298 190 5372 5.
255 5302 346 5334 ³⁹²’
373 5311 697 5359 tractassent
727 5305 775 5357 1,
837 5304 928 5336 ³⁹³⁰
954 5291 1051 5356 bac
1073 5291 1200 5372 cap:
1227 5304 1366 5357 deest
1389 5305 1474 5360 δα.
1545 5305 1635 5338 ³⁹³¹
1664 5304 1897 5359 electum
1937 5311 1991 5358 et
2019 5302 2206 5356 desunt
2231 5301 2287 5355 2.
2359 5299 2454 5332 ³⁸³³
2486 5301 2564 5352 ita
2594 5300 2646 5354 1.
2688 5298 2742 5352 2.
2779 5297 2868 5352 sed
2902 5295 3096 5352 rectius
3125 5295 3300 5352 deesse

71 5365 262 5423 videtur
281 5372 332 5425 ὅ.

427 5374 520 5406 ³⁸³³
542 5374 740 5428 ameris
763 5374 816 5426 Ξ.
918 5373 1011 5405 ³⁸³³
1034 5374 1174 5428 deest
1200 5373 1254 5428 2.

139 5502 278 5573 (555)
317 5505 392 5561 De
417 5523 524 5576 quo
556 5507 627 5571 cf.
655 5506 940 5561 llontheim
974 5506 1132 5572 Hist.,
1153 5505 1202 5576 il,
1234 5522 1354 5576 pag.
1380 5507 1502 5563 3.“.
1537 5524 1625 5561 co-

80 5585 174 5643 mes
196 5582 243 5626 et
263 5575 572 5643 procurator
597 5588 770 5630 noster
804 5577 857 5631 in
893 5579 1079 5632 charta
1123 5575 1417 5630 Eberhardi
1446 5578 1626 5631 archi-

80 5640 296 5716 θρίξρρρὶ
324 5662 378 5716 a.
405 5645 540 5700 1065
567 5647 882 5715 appellatur,
912 5647 1110 5702 ibidem
1130 5661 1250 5716 pag.
1279 5643 1400 5700 407.
1618 5645 1623 5652 ’

144 5710 282 5780 (556)
323 5714 583 5785 Bitthurg.

459 5809 730 5868 PATBOL.
770 5807 972 5868 CLIV.

1579 5436 1805 5494 ΝΟΤΛΕ.

1799 5504 1948 5575 (557)
1986 5501 2102 5575 Hoc
2131 5509 2371 5575 castrum
2417 5515 2558 5575 saeta
2587 5514 2685 5575 xtn
2731 5514 2762 5552 a
2809 5497 3016 5575 Wirico
3042 5498 3109 5552 de
3149 5495 3298 5551 Duae

1729 5569 2026 5637 ﬁrmatum,
2055 5573 2124 5626 ab
2145 5570 2384 5624 Arnoldo
2411 5569 2820 5637 archiepiscopo
2852 5569 3187 5624 destructum
3213 5580 3298 5620 1e-

1730 5645 1910 5701 ferunt
1939 5642 2102 5700 Gesta
2131 5639 2288 5696 Trcv.
2323 5639 2573 5709 (eontin.)
2603 5637 2819 5711 llonrn.‘

2909 5802 2989 5860 to
