3838 6296
60 343 178 400 ωσι

717 335 942 393 GESTA
978 333 1279 391 TREVER.
1323 363 1392 373 ——
1431 331 1722 388 APPEND.
1770 332 1930 387 VlTA
1968 331 2271 389 CONRADI
2311 334 2629 391 ARCHIEP.

3174 343 3311 397 1262

57 453 290 514 diabolus
337 450 501 507 altius
548 460 891 521 assumptum
916 491 931 515 ,
982 458 1195 505 ortatus
1218 458 1305 507 est
1332 448 1398 503 ad
1425 448 1620 519 prteci-
1651 449 1697 507 Α
1721 463 1866 503 anno
1886 448 2187 520 eodemque
2208 445 2451 520 tempore
2468 459 2658 506 sancta
2678 450 2908 507 ecclesia
2926 430 3020 491 ³⁵η
3043 462 3194 509 tanto
3213 456 3311 491 δυσ

54 546 276 620 pieium;
303 557 466 613 quem
488 550 543 597 et
569 542 919 613 postmodum
948 540 1194 615 ejusdem
1224 540 1427 595 diaboli
1459 553 1628 594 mem-

1729 539 2136 596 dissensionum
2166 550 2221 597 et
2245 542 2723 613 perturbationum
2759 543 2925 614 coepit
2968 545 3161 616 agitari
3189 556 3311 605 tur-

58 639 146 692 bra
177 635 377 690 duxere
407 632 477 687 ad
505 632 710 688 montis
738 632 1110 703 supercilium,
1140 639 1200 686 ut
1227 631 1631 701 praecipitarent
1728 630 1875 698 hinc,
1906 641 1965 687 ut
1991 632 2201 688 diutina
2229 632 2498 689 bellorum
2530 650 2626 704 per
2655 634 2814 690 civile
2853 635 3053 692 bellum
3080 637 3312 696 ﬂuctua-

55 743 191 782 eum.
233 724 487 780 Nondum
534 724 601 779 de
653 739 814 795 poena
847 723 1040 779 saciati
1072 722 1359 778 carniﬁces
1393 723 1630 779 crudelis

57 817 269 890 tyranni
298 832 317 869 :
359 816 532 882 Quia,
576 816 855 887 inquiunt,
904 832 1007 870 non
1044 816 1168 869 bene
1200 814 1396 869 saliens
1432 815 1628 869 substi-

53 908 285 975 tisti”“,
317 908 528 979 gladius
558 916 734 962 noster
762 907 1126 961 dominabitur
1158 915 1263 961 tua:
1284 908 1456 960 carni.
1491 904 1630 963 Hinc

52 1000 114 1055 ad
138 999 417 1054 cumulum
435 998 528 1030 ⁸⁸³⁸
557 998 964 1068 dampnationis
990 1013 1104 1054 suae
1133 997 1328 1070 gladiis
1365 1012 1491 1053 eum
1524 1014 1626 1068 ap-

50 1092 263 1162 petiere,
294 1092 485 1161 sicque
511 1090 840 1146 decollatum
865 1089 1095 1161 collegio
1120 1090 1408 1144 martirum
1434 1088 1627 1144 marti-

48 1198 156 1237 rem
187 1182 551 1237 sociaverant.
582 1180 661 1237 lta
688 1181 781 1236 ille
802 1189 885 1237 ter
914 1181 1126 1247 beatus,
1158 1180 1395 1236 ludibria
1419 1188 1475 1235 et
1498 1195 1624 1235 ver-

49 1274 168 1328 hera
193 1280 469 1342 expertus,
498 1271 721 1342 insuper
748 1279 804 1327 et
826 1271 1044 1327 vincula
1072 1277 1125 1325 ct
1151 1285 1421 1337 carceres,
1448 1270 1502 1324 in
1531 1284 1599 1325 oc

46 1362 246 1419 cisione
271 1357 434 1434 gladii
457 1368 707 1418 mortuus
733 1370 836 1418 est.
866 1360 1038 1432 Cujus
1059 1359 1285 1430 spiritus
1306 1368 1624 1430 assumptus

45 1453 213 1509 ah‘m
239 1454 467 1528 angelis,
499 1469 625 1509 cum
674 1453 1069 1528 multiplicibus
1115 1452 1414 1525 triumphis
1450 1451 1623 1508 vultui

44 1554 397 1615 praesentatus
428 1554 513 1602 est
536 1544 976 1617 Omnipotentis;
1029 1544 1259 1616 ejusque
1289 1544 1458 1600 odore
1494 1560 1624 1599 sua-

44 1633 219 1689 vitatis
247 1634 501 1691 innovata
529 1643 615 1690 est
642 1635 797 1690 curia
824 1632 1059 1691 caelestis
1084 1675 1100 1701 ,
1146 1633 1278 1689 dum
1331 1632 1459 1688 hinc
1507 1633 1622 1688 lilia

42 1741 104 1797 ex
149 1726 287 1781 stola
337 1726 661 1783 sacerdotali
710 1726 1045 1807 candentia,
1101 1725 1228 1780 hinc
1257 1725 1504 1780 redolent
1526 1725 1619 1757 ⁸³⁸⁷

1729 722 1896 790 tione,
1924 724 2057 795 quid
2098 725 2171 782 sit
2200 741 2305 796 pax
2325 768 2341 791 ,
2382 725 2631 781 videatur
2668 726 2941 798 ignorare.
2993 727 3188 786 Statim
3215 732 3312 764 ³³η

1727 815 2218 872 enim‘sccundum
2269 818 2401 873 illud
2450 818 2746 888 prophetia:
2774 819 2869 851 ³⁹⁷⁸
2908 820 3176 890 judicium
3211 864 3223 876 .
3266 824 3309 877 Α

1728 908 2034 961 sanctuario
2065 925 2175 962 meo
2207 909 2422 979 incipite
2471 909 2687 976 (Ezech.
2723 927 2798 977 1x,
2831 910 2921 980 6),
2975 912 3088 967 vita
3121 912 3313 968 deces-

1728 997 1800 1053 sit
1826 997 1974 1054 Sedis
1999 1000 2313 1069 apostolicae
2336 1001 2664 1057 venerabilis
2690 1002 2931 1072 pontifex
2962 1003 3269 1060 Alexander
3293 1023 3308 1070 ;

1726 1089 1818 1144 cui
1845 1089 2144 1145 succedens
2165 1089 2565 1148 Hildebrandus
2588 1092 2813 1163 pestifer
2844 1094 2899 1148 in
2925 1094 3121 1149 diebus
3150 1095 3311 1151 oilicii

1727 1181 1815 1236 sui
1843 1181 2068 1236 calicem
2099 1182 2195 1237 ira:
2221 1181 2317 1237 Dei
2343 1185 2602 1240 universo
2640 1186 2952 1255 propinavit
2980 1185 3121 1253 orbi,
3151 1187 3312 1256 cujus

1667 1328 1676 1338 ,
1726 1269 2076 1328 amarissimo
2122 1286 2319 1340 sapore
2362 1272 2540 1329 adhuc
2586 1282 2642 1328 et
2687 1274 2744 1328 in
2792 1282 3074 1344 posterum
3119 1274 3313 1331 dentes

1724 1360 1963 1415 ﬁliorum
1992 1360 2382 1430 obstupescere
2408 1361 2737 1430 habent'm,
2775 1364 2881 1419 nisi
2916 1364 3118 1420 tribuat
3143 1365 3310 1421 mise-

1725 1453 1883 1508 rendi
1914 1460 2171 1523 tempus,
2222 1453 2381 1524 cujus
2411 1453 2503 1485 ³⁹⁸⁰
2562 1456 2793 1524 populus
2840 1464 2894 1511 et
2941 1472 3071 1511 oves
3095 1472 3314 1526 pascuae

1726 1546 1901 1619 (Psal.
1934 1562 2078 1613 xcrx,
2111 1545 2166 1617 '5)
2190 1562 2404 1614 sumus,
2420 1562 2584 1617 quem
2605 1534 3117 1604 confitemur‘Deum
3134 1556 3190 1603 et
3203 1547 3310 1602 Do-

1722 1639 1956 1701 minum,
1981 1653 2143 1708 quem
2165 1638 2455 1693 laudamus
2477 1637 2534 1692 in
2553 1638 2736 1693 secula
2757 1639 3082 1694 seculorum.
3112 1639 3308 1693 Amen.

1792 1729 1847 1785 5.
1882 1728 2047 1785 Juxta
2079 1730 2228 1799 quod
2278 1729 2542 1799 scriptum
2584 1738 2671 1785 est
2720 1747 2734 1783 :
2780 1726 2969 1783 Justus
3001 1748 3107 1800 qua
3148 1737 3314 1784 morte

45 1832 172 1873 rosae
199 1826 491 1873 vernantes
518 1832 584 1873 ex
625 1817 899 1888 passionis
929 1802 1214 1889 sanguine.
1243 1815 1457 1887 Corpus
1481 1831 1618 1872 exa-
1656 1798 1697 1853 Β
1722 1798 2121 1890 praeoccupatus
2135 1819 2226 1851 ³⁵⁸⁸
2252 1798 2433 1888 fuerit,
2461 1820 2517 1872 in
2541 1820 2817 1889 refrigerio
2834 1823 2956 1886 erit,
2984 1798 3112 1891 quia
3134 1821 3315 1891 gratia

46 1907 180 1963 nime
204 1908 465 1978 vepribus
494 1916 550 1963 et
574 1908 824 1965 frutectis
848 1923 1133 1979 operuere,
1165 1922 1377 1978 suoque
1397 1907 1621 1962 domino

42 1999 142 2053 tale
171 1997 430 2053 nuntiare
457 1999 717 2069 gaudium
740 1998 946 2054 abiere.
987 1997 1034 2051 Α
1060 2013 1173 2068 quo
1200 1997 1472 2067 requisiti,
1502 1997 1621 2051 ubi-

44 2106 162 2145 nam
190 2099 338 2147 esset
366 2090 677 2161 episcopus,
706 2089 784 2144 illi
814 2088 1072 2159 inquiunt
1099 2105 1113 2142 :
1142 2086 1622 2156 Pontiﬁcalem”“

43 2182 251 2235 mitram
274 2181 608 2252 inponimus
635 2221 651 2247 ,
687 2179 777 2234 sed
817 2178 1081 2233 Treeerim
1116 2176 1260 2231 ultra
1300 2192 1404 2229 non
1440 2182 1622 2229 ventu—

43 2297 153 2348 rus,
181 2297 269 2335 nec
295 2279 649 2351 pontiﬁcalem
667 2280 761 2312 ⁸⁸⁸⁸
782 2277 1092 2332 katltedram
1115 2284 1195 2330 est
1215 2284 1473 2329 recturus.
1504 2273 1622 2329 Tali

42 2380 385 2450 derogatione
433 2372 624 2435 sancto
672 2378 791 2434 viro
830 2377 1177 2443 insultantes,
1207 2374 1437 2431 forsitan
1468 2375 1622 2445 igno-

44 2471 249 2538 rabant,
279 2472 428 2542 quod
472 2471 545 2528 sit
588 2470 769 2526 futura
819 2469 958 2536 dies,
991 2468 1047 2523 in
1073 2484 1181 2539 qua
1231 2482 1343 2538 prae
1371 2466 1622 2538 angustia

45 2562 258 2632 spiritus
313 2571 589 2635 gementes
613 2603 629 2629 ,
677 2561 862 2617 dicent
911 2560 1054 2615 inter
1120 2574 1180 2615 se
1243 2556 1623 2628 paenitentiam
1660 2592 1665 2597 -

44 2662 253 2724 agentes
286 2672 302 2707 :
338 2652 442 2707 Hic
479 2663 558 2708 est
589 2669 743 2724 quem
770 2651 1058 2722 aliquando
1083 2650 1365 2703 habuimus
1394 2646 1451 2702 in
1481 2648 1625 2702 deri-

46 2758 153 2795 sum
190 2752 237 2796 et
287 2743 347 2796 in
392 2742 805 2798 similitudinem
840 2740 1185 2811 improperii;
1232 2755 1325 2792 nos
1366 2738 1624 2793 insensati

45 2834 194 2887 vitam
214 2833 334 2904 ejus
365 2834 760 2889 wstimabamus
791 2833 1057 2887 insaniam
1077 2841 1127 2885 et
1155 2831 1313 2901 ﬁnem
1335 2829 1482 2883 illius
1513 2831 1625 2884 sine

45 2924 241 2981 honore.
268 2925 550 2992 Quomodo
577 2942 699 2996 ergo
720 2933 1053 2995 computatus
1074 2932 1151 2977 est
1175 2924 1313 2976 inter
1336 2921 1477 2991 ﬁlios
1501 2920 1621 2989 Dei,

44 3023 89 3066 et
111 3015 240 3070 inter
268 3024 487 3070 sanctos
510 3031 624 3069 sors
646 3013 793 3069 illius
824 3016 946 3070 est?
978 3013 1116 3080 Quia
1140 3013 1382 3084 ejusdem
1406 3012 1623 3083 tyranni

1722 1919 1772 1965 et
1798 1910 2167 1965 misericordia
2196 1909 2296 1964 Dei
2307 1909 2400 1942 ³⁸⁸³
2428 1910 2580 1964 estin
2608 1919 2790 1965 sancto
2806 1911 2900 1944 ³⁸⁸³
2922 1911 3037 1980 ejus
3062 1920 3112 1965 et
3144 1927 3319 1980 respe:

1720 2010 1839 2055 etus
1860 2002 1917 2054 in
1938 2001 2104 2056 electo
2117 2001 2213 2034 "“
2233 2000 2384 2054 illius
2412 1999 2565 2071 (Sap.
2592 2016 2666 2067 tv,
2686 2000 2761 2071 7),
2786 2000 3190 2070 beneplacitum
3212 1999 3316 2055 fuit

1724 2090 1838 2146 Deo
1865 2091 2187 2147 memoriam
2219 2091 2462 2146 martiris
2481 2098 2538 2146 et
2566 2091 2866 2147 sacerdotis
2893 2089 2979 2146 sui
3007 2091 3313 2147 bonestiori

1723 2180 1985 2237 decorare
2010 2179 2324 2250 sepulchro,
2361 2190 2415 2233 et
2445 2178 2841 2249 Theologiense
2874 2178 3184 2235 coenobium
3219 2178 3314 2243 tali

1723 2287 1923 2343 augere
1952 2270 2216 2343 patrOno;
2268 2269 2364 2340 qui
2394 2269 2647 2325 videlicet
2676 2284 2788 2324 uno
2815 2285 2884 2325 ex
2914 2272 3084 2323 latere
3112 2268 3314 2322 Mauri-

1720 2363 1811 2419 cio
1839 2370 2048 2418 astaret
2075 2369 2131 2416 et
2149 2376 2218 2417 ex
2246 2360 2355 2415 alio
2384 2359 2731 2430 paupercula:
2758 2357 3168 2429 congregationi
3197 2372 3316 2412 ma—

1725 2467 1855 2508 num
1885 2449 2177 2507 conferret.
2226 2448 2296 2503 Et
2319 2449 2469 2519 quia,
2513 2448 2609 2518 qui
2657 2447 2849 2516 recipit
2885 2445 3100 2515 justum
3129 2446 3188 2501 in
3215 2461 3315 2500 no-

1726 2543 1876 2599 mine
1894 2543 2052 2614 justi,
2083 2541 2391 2597 mercedem
2431 2539 2567 2611 justi
2601 2538 2833 2608 accipiet
2864 2535 3083 2607 (Matth.
3115 2553 3171 2602 ι,
3196 2536 3312 2605 41),

1727 2635 1895 2706 hujus
1926 2644 2146 2690 aeternae
2171 2635 2440 2692 mercedis
2478 2651 2589 2690 non
2629 2635 2734 2689 en‘t
2760 2651 2954 2706 expers
2984 2632 3318 2689 Deodcricus

1726 2726 2052 2783 venerabilis
2099 2727 2330 2781 antistes
2359 2726 2475 2793 ³⁸⁸⁸,
2518 2726 2677 2796 cujus
2727 2727 2819 2797 pio
2866 2726 3081 2781 favente
3131 2722 3316 2780 studio

1727 2827 1961 2888 utraque
2002 2818 2255 2887 provenit
2298 2817 2566 2873 exhibitio
2612 2818 2876 2883 martiris,
2928 2817 3138 2873 scilicet
3165 2823 3222 2871 et
3248 2815 3317 2871 de

1728 2910 1849 2965 loco
1875 2909 2056 2965 viliori
2101 2909 2329 2965 elevatio
2374 2918 2431 2964 et
2470 2909 2543 2964 ad
2594 2908 2962 2964 decentiorem
3000 2907 3308 2963 translatio.

1729 2998 1884 3055 Unde
1916 2999 2184 3054 mirabilis
2229 2998 2372 3054 Deus
2406 2998 2462 3053 in
2488 2998 2701 3055 sanctis
2731 2999 2868 3064 suis,
2907 2997 3002 3068 qui
3039 2998 3183 3054 ﬁdeli
3214 3014 3318 3054 suo

45 3104 229 3182 ιίωογρ
267 3106 524 3163 membra
571 3105 779 3162 Christi
819 3107 1012 3161 hostia,
1050 3120 1210 3160 ηρηω
1248 3103 1483 3159 audebat
1511 3112 1623 3159 εει--
1652 3125 1694 3182 C
1724 3090 2125 3146 Cuonrado'm
2151 3106 2183 3145 a
2209 3090 2445 3156 duobus,
2481 3091 2645 3146 unius
2673 3089 2933 3155 nominis,
2960 3090 3055 3144 sel
3087 3089 3317 3144 diversn

44 3176 112 3252 rae
127 3176 229 3231 "‘7'.
245 3196 540 3267 mandare,
571 3198 765 3254 diebus
811 3196 925 3253 fere
967 3196 1037 3252 40
1074 3196 1359 3251 inhumata
1382 3195 1623 3266 jacuere,

45 3290 204 3345 instar
225 3290 385 3347 beati
419 3288 681 3361 Stephani
707 3287 1171 3361 prothomartiris,
1204 3286 1397 3342 avibus
1427 3286 1543 3341 caeli
1574 3292 1629 3341 et

46 3377 225 3436 bestiis
252 3381 376 3454 agri
404 3381 679 3453 exposita;
732 3379 827 3457 sed
875 3379 970 3434 Dei
1019 3378 1360 3450 providentia
1404 3394 1434 3433 a
1477 3378 1627 3433 nullo

53 3457 232 3527 horum
260 3458 420 3529 fuere
447 3481 716 3529 contacta.
768 3471 896 3528 Inde
941 3486 1004 3527 ea
1041 3470 1305 3542 proximae
1327 3470 1490 3536 villae,
1522 3470 1628 3525 hoc

52 3572 125 3617 est
174 3562 550 3639 Loncscet“m
598 3562 782 3635 (558),
833 3549 1186 3630 convicanei,
1238 3562 1437 3632 pietate
1468 3561 1625 3627 moti,

52 3653 255 3710 tandem
306 3655 450 3709 clam
496 3655 776 3710 elevavere
799 3695 815 3720 ,
862 3663 917 3708 et
966 3653 1111 3724 apud
1160 3652 1393 3709 eandem
1445 3651 1627 3705 villam

52 3744 220 3803 Sidus
242 3746 376 3804 Julii
404 3756 530 3804 ante
555 3747 700 3804 fores
729 3744 973 3803 ecclesia:
1022 3746 1230 3800 honore
1273 3757 1385 3814 quo
1430 3750 1626 3812 potue-

51 3847 173 3893 runt
214 3839 499 3911 sepeliere.
548 3838 756 3895 Passus
802 3845 887 3892 est
918 3837 1100 3906 itaque
1150 3849 1294 3889 anno
1329 3831 1637 3888 millesimo.

52 3927 386 3998 sexagesimo
430 3936 587 3985 sexto
633 3925 1031 3989 intrrat-nationis
1081 3922 1399 3989 Dominicae,
1431 3929 1629 3991 quarta

53 4014 334 4078 indictione
360 4062 378 4089 ,
422 4021 548 4077 data
594 4020 770 4092 prima
805 4018 1170 4074 Kalendarum
1198 4013 1349 4070 Junii
1379 4012 1476 4045 ³⁸⁷⁸
1518 4011 1625 4067 die.

51 4106 210 4168 Paulo
234 4122 532 4184 antequam
560 4121 835 4187 pateretur
855 4110 1065 4167 cazlitus
1094 4108 1264 4163 missa
1283 4113 1524 4163 cometes
1536 4103 1631 4136 ⁸⁹⁷³

53 4200 103 4256 in
130 4205 457 4263 occidentali
486 4213 639 4276 parte
672 4204 860 4260 multis
908 4202 1163 4258 noctibus
1193 4197 1515 4270 apparuisse
1535 4194 1632 4228 ³³⁷⁸

54 4291 159 4348 visa
185 4298 270 4350 est
296 4296 474 4367 (559),
505 4294 703 4349 divinae
731 4293 992 4348 nimirum
1025 4288 1249 4344 ultionis
1280 4287 1461 4342 index.
1493 4282 1630 4338 Nam

53 4397 152 4440 vox
199 4387 320 4459 ejus
370 4386 677 4442 innocentis
724 4383 1007 4455 sanguinis
1030 4423 1045 4449 ,
1097 4397 1127 4436 a
1173 4378 1284 4435 Deo
1336 4377 1628 4432 vindictam

1727 3182 2028 3255 qualitatis,
2058 3183 2270 3238 diversa
2298 3182 2552 3238 exhiberi
2593 3181 2784 3237 tribuit
2834 3181 2978 3236 dona
3012 3180 3256 3246 honoris,
3284 3196 3317 3234 a

1728 3256 2025 3330 Deoderico
2041 3272 2134 3306 ³⁹³⁷
2159 3273 2494 3328 crudeli'm'
2518 3280 2748 3344 tyranne
2773 3287 3033 3327 coronam
3059 3270 3316 3335 martirii,

1729 3368 1799 3423 ab
1825 3368 1947 3438 ejus
1976 3366 2260 3437 aequivoco
2290 3366 2522 3435 praesule
2544 3364 2869 3435 dignissimi.
2909 3363 3129 3419 honesti
3155 3363 3312 3433 quie-

1728 3468 1840 3515 tem
1867 3458 2163 3529 sepulchri.
2202 3456 2308 3513 Sed
2337 3456 2468 3527 quia
2497 3457 2615 3526 ipse
2637 3456 2933 3511 retributor
2961 3454 3238 3510 bonorum
3263 3462 3319 3509 et

1728 3553 1873 3608 ultor
1912 3552 2182 3608 malorum
2238 3549 2455 3605 diversa
2503 3549 2752 3619 utrisque
2810 3547 3007 3603 inferet
3051 3547 3318 3617 stipendia

1730 3644 2069 3710 meritorum,
2096 3642 2211 3713 jam
2236 3650 2362 3712 post
2413 3640 2688 3711 passionis
2740 3649 2949 3696 textum
2981 3638 3224 3697 martiris
3251 3637 3320 3694 ad

1730 3750 1833 3790 nos
1862 3733 2169 3790 scribamus
2197 3732 2511 3786 adventum.

1801 3824 1978 3880 Isdem
2008 3824 2434 3878 honestissimus
2460 3833 2665 3878 sanctas
2689 3823 3049 3880 Virdunensis
3077 3824 3323 3880 ecclesiae

1731 3914 2273 3987 praesulDeodericus
2288 3931 2412 3971 cum
2433 3916 2622 3970 eodem
2641 3932 2786 3971 anno
2802 3917 2947 3986 apud
2969 3917 3211 3972 Novallis
3230 3916 3323 3951 ³⁵⁸⁸

1732 4023 1846 4063 suae
1870 4005 2105 4062 dicionis
2133 4015 2375 4061 castrum
2425 4022 2590 4062 curas
2617 4021 2807 4077 agens,
2840 4007 2929 4061 die
2964 4007 3057 4038 ³⁸⁸²
3083 4007 3321 4076 quadam

1732 4098 2054 4168 sollempnia
2105 4097 2403 4153 celebraret
2434 4097 2725 4152 missarum
2751 4138 2767 4161 ,
2818 4106 3063 4165 tempore
3105 4096 3320 4152 sacriﬁ-

1732 4187 1930 4253 cii"’°,
1964 4186 2340 4242 recordatione
2379 4186 2623 4242 martiris
2653 4184 2851 4240 animae
2880 4193 3033 4239 tanto
3062 4185 3321 4239 lacrima-

1733 4295 1854 4334 rum
1880 4276 2135 4349 perfusus
2167 4286 2253 4332 est
2289 4276 2483 4343 imbre,
2515 4285 2575 4331 ut
2622 4291 2749 4331 eum
2780 4275 2960 4331 subito
2986 4275 3042 4328 in
3071 4283 3317 4330 contem-

1734 4369 1972 4443 platione
2008 4377 2224 4439 raptum
2251 4382 2415 4423 nemo
2457 4367 2756 4437 ambigeret
2788 4366 3319 4422 circumastantium.

54 4457 398 4545 postulantis,
421 4486 635 4534 tantum
655 4478 950 4533 clamorem
972 4474 1155 4529 intulit
1177 4471 1342 4538 caelis,
1371 4477 1433 4524 ut
1452 4468 1632 4523 adhuc
1667 4466 1711 4526 Ι)
1736 4462 2005 4532 Cumque,
2031 4459 2198 4515 ﬁnitis
2221 4459 2428 4515 eisdem
2469 4459 2831 4529 sollempniis,
2876 4457 3143 4512 subucula
3175 4457 3325 4530 (560)

55 4567 117 4621 de
134 4585 300 4626 manu
331 4569 512 4625 tocius
537 4569 686 4624 orbis
713 4568 975 4622 ultionem
1007 4565 1254 4620 videatur
1278 4569 1529 4631 expetere
1553 4558 1636 4613 ira
1734 4549 2047 4622 compuncti
2073 4549 2375 4605 sacerdotis
2400 4550 2523 4605 loco
2554 4548 2817 4620 pectorali
2851 4563 2960 4603 non
2990 4548 3175 4618 parvis
3212 4563 3330 4602 ma—

54 4663 269 4730 Superni
293 4661 520 4733 judicis.
545 4659 825 4731 Siquidem
857 4673 957 4712 nec
985 4654 1285 4713 dilferendo
1309 4665 1635 4722 responsum
1666 4680 1671 4684 -
1736 4643 1889 4698 deret
1912 4641 2172 4697 distillata
2200 4641 2386 4712 guttis,
2422 4641 2637 4696 cunctis
2653 4640 2982 4696 mirantibus
3000 4654 3105 4694 nec
3131 4638 3331 4695 verita-

56 4761 134 4809 est
159 4755 209 4810 ei
249 4774 264 4811 :
296 4730 576 4810 dlodicum
599 4730 801 4824 tempus
836 4750 1073 4813 sustine;
1105 4747 1201 4804 sed
1231 4744 1413 4801 statim
1442 4742 1632 4797 eodem
1737 4747 1845 4792 tem
1877 4735 1957 4791 rei
1986 4734 2255 4791 sciscitari
2299 4734 2649 4797 audentibus,
2681 4733 2798 4805 ipse
2848 4731 3210 4797 domnus'm,
3240 4730 3330 4786 cui

1312 4851 1547 4912 VARIIE
1588 4844 1988 4907 LECTIONES.

645 4958 737 4992 ³⁸⁸⁸
764 4955 1036 5013 tumulum
1055 4952 1112 5008 2.
1135 4951 1191 5008 5.
1262 4947 1356 5019 '9“
1390 4946 1459 5019 ab
1482 4960 1593 5019 ang
1622 4956 1732 5019 35F»
1769 4939 1819 4993 ⁵·
1844 4968 1874 5009 ιι
1898 4936 2037 5019 ⁷

56 5029 142 5101 ξω
170 5006 557 5101 pomata
588 5030 640 5101 1.
728 5006 1107 5101 ξῆῖάεέῑῖλξ
1412 5016 1507 5101 ιε’.
1541 5006 2011 5101 assassina-

59 5098 106 5174 r.
171 5076 658 5174 ῗῦτῐῗιιῖιῗιίἷζὲίᾱ.
735 5097 829 5131 ﬂ"
855 5076 1187 5174 ἒῖξρεκὲωε
1200 5085 1519 5174 Ριθὶνοῐκὲἔὶξ
1541 5076 2021 5174 Ε’τεενθτίῖδτὶ..ἷ⁸1¹έ’
2055 5078 2145 5174 δλ.
2188 5078 2319 5174 im.
2338 5078 2590 5174 “"33:

57 5145 238 5242 ᾇέειηι
266 5145 792 5242 δῗνίδῖῦἷὸῥιιειθ
814 5145 1943 5242 2:5516b-?;§”'°.9919§.§‘1'P25
1971 5154 2583 5242 P-..:’.‘.2:-l¥:_.9_E'P'.“
2613 5147 2713 5242 Ξ,
2762 5145 2855 5242 2³⁸
2883 5153 3251 5242 ξ.ξῖθὲῗέἒέξὲ
3278 5145 3329 5242 2°

59 5214 441 5312 avaras".
475 5214 798 5296 trag-fg.
818 5214 870 5223 --
897 5236 991 5272 ³η,
1020 5214 1247 5289 εὖ)ὰῶ
1275 5228 1339 5312 1-?
1364 5214 1852 5312 5.“..3088'ek3'9tols
1883 5219 1937 5273 3.
1971 5214 1990 5219 “
2161 5214 2586 5312 theoder'icus’a.
2613 5232 2737 5312 ven;
2764 5216 2824 5312 21.
2891 5215 2985 5312 an:
3006 5214 3252 5312 eunrags

60 5284 823 5368 mIZS."'5'31'&e3'éiériI-,b
847 5307 901 5362 2.
972 5284 1343 5357 "5515.1.
1415 5295 1509 5368 ἠιξ
1531 5290 1787 5368 novrillis
1819 5289 1869 5368 ι.
1912 5287 2139 5368 novellis
2165 5289 2218 5368 δε
2246 5289 2461 5368 navelis
2496 5288 2582 5343 δι.
2614 5303 2680 5347 ,ε.
2704 5287 2759 5368 ᾳ..
2788 5286 2978 5368 desunt
3011 5285 3062 5339 ι.
3147 5284 3252 5366 ,ιη’
3277 5284 3334 5368 in

61 5352 821 5453 Δροηῶςὲίξςτξῖ
849 5352 997 5408 "sono
1037 5374 1090 5429 δ,
1120 5352 1398 5453 7.631ch
1433 5364 1586 5420 addit
1612 5377 1634 5444 ξ
1662 5367 1901 5453 δἐΡθιιίξὶ
1928 5357 2152 5453 ξΡίῗίΨδ
2198 5358 2342 5453 δείξῃ
2366 5400 2381 5425 ’
2428 5359 2497 5414 de
2536 5372 2648 5453 (In?
2694 5352 3336 5453 diiifis’agilfﬂmavj:

686 5422 903 5504 “altaris
943 5422 1235 5522 circulum2
1293 5438 1545 5522 turbartqr
1574 5422 1805 5522 visione.
1842 5422 1977 5522 ‘Quj'
2021 5426 2163 5482 infra
2218 5422 2485 5522 actionem
2540 5422 2923 5485 defunctorum
2961 5422 3229 5480 deductus
3266 5422 3335 5478 ad

62 5496 1095 5595 Maiiiﬁiijiﬂu'jiéﬁdiém
1126 5496 1347 5569 eaedem.
1442 5505 1533 5537 ⁸’⁹¹
1570 5505 1817 5655 ι
1840 5499 1890 5553 1.
1923 5496 2197 5568 dampnus
2218 5498 2274 5554 2.
2700 5548 2705 5553 .

2109 4937 2417 4993 redolerent
2450 4938 2505 4992 2.
2601 4936 2695 4971 ³⁸⁸⁸
2733 4951 2808 4991 m.
2853 4932 3236 5005 pontiﬁcalem
3275 4932 3327 4987 l.

2408 5009 2504 5041 ³⁹⁷²
2532 5005 2600 5061 Ill
2623 5004 2669 5059 N
2689 5005 2753 5060 ll.
2785 5004 2869 5060 2.’
2919 5004 3015 5037 ‘m
3037 5012 3335 5060 commetes

2680 5076 2773 5109 "'7
2809 5073 3007 5130 Statim
3039 5105 3108 5114 —
3130 5074 3334 5129 habent

124 4961 214 4994 ³⁹⁸⁵
236 4962 461 5019 subtistt
485 4941 564 5017 2...

1817 5680 1978 5749 (560)
2025 5677 2249 5751 Videtur
2292 5679 2594 5751 intelligere
2633 5668 2879 5738 casulam
2902 5720 2917 5746 ,
2970 5674 3158 5748 pbrasi
3200 5670 3337 5732 satis

155 5698 280 5766 558)
317 5699 523 5756 Lonset
545 5714 612 5753 ex
639 5697 807 5752 altera
833 5700 988 5766 pagte
1021 5690 1276 5766 Mosella,
1320 5687 1526 5746 lion'ru.
1749 5754 1760 5766 .

155 5698 280 5766 558)
317 5699 523 5756 Lonset
545 5714 612 5753 ex
639 5697 807 5752 altera
833 5700 988 5765 parte
1022 5697 1276 5747 Mosellae.
1320 5697 1526 5746 ﬂon'ru.
1749 5754 1760 5766 .
1817 5697 1978 5749 (nou)
2034 5697 2249 5733 "ﬂetur
2292 5697 2485 5751 intellig

132 5697 283 5838 $559)
323 5768 410 5824 Cf.
444 5768 791 5825 Lambertum
827 5771 881 5820 et
903 5762 1232 5819 Bernoldum
1260 5761 1312 5816 h.
1337 5776 1387 5814 a.
1747 5765 2070 5822 incongrua.
2108 5747 2411 5841 “assensu.
2480 5782 2485 5789 ο

156 5761 283 5838 559)
323 5768 410 5824 Cf.
444 5768 791 5825 Lambertum
827 5761 881 5820 ét
903 5762 1232 5819 Bernoldum
1260 5761 1312 5816 h.
1337 5776 1387 5814 a.
