3838 6296
55 315 181 371 4265

749 309 976 364 GESTA
1018 307 1322 367 TREVER.
1365 337 1432 346 -—-
1471 303 1762 360 APPEND.
1800 301 1964 356 VITA
1997 301 2300 358 CONllADl
2341 302 2660 358 ARClllEP.

3158 312 3296 371 £266

53 429 185 485 litiea
225 424 442 479 sanitati
487 433 569 478 est
609 423 836 477 reddita.
906 422 1140 488 Quidam
1199 422 1365 477 etiam
1407 437 1541 492 puer
1583 436 1615 475 a
1642 423 1690 482 Α
1719 417 1900 472 saltim
1925 432 1992 472 ex
2021 416 2138 472 suis
2173 417 2289 483 uni,
2327 417 2379 471 id
2405 417 2777 473 estFOICai-do
2819 421 3027 490 comiti,
3053 425 3212 497 cujus
3241 429 3295 484 in

51 515 232 573 calculi
261 515 531 573 liberatus.
559 513 942 568 estmolestia.

117 606 410 662 Dicendum
442 606 550 671 hic,
585 605 743 674 cujus
769 605 932 659 fuerit
958 605 1197 674 pietatis,
1227 621 1350 659 cum
1392 605 1615 674 quidam

48 695 302 751 Folcardo
324 695 502 759 militi,
529 693 622 763 qui
653 711 796 749 unus
826 692 929 748 fuit
950 694 1295 751 exhostibus
1323 695 1615 758 suis,.red—

47 784 234 843 diderit
270 785 417 839 bona
457 799 554 852 pro
605 783 782 838 malis.
836 783 941 850 Qui
989 784 1236 839 videlicet
1272 799 1395 838 cum
1434 784 1617 838 divina

49 881 244 938 ultione
272 881 444 936 multo
467 881 746 949 langueret
768 888 1030 948 tempore,
1065 880 1277 933 tandem
1313 879 1530 933 rediens
1550 879 1619 932 ad

46 988 120 1037 se,
151 982 204 1026 et
227 972 279 1025 in
310 980 560 1025 sanctum
604 971 696 1024 Dei
729 986 786 1025 se
820 971 1064 1026 clamans
1097 981 1150 1025 et
1194 973 1460 1026 coutltens
1494 986 1618 1039 pec-

47 1078 218 1127 casse,
244 1062 402 1131 juxta
424 1061 824 1117 cordisvcram
854 1062 1227 1132 pmnitentiam
1264 1061 1384 1130 ejus
1419 1061 1620 1114 meruit

45 1159 472 1229 indulgentiam-
493 1157 683 1224 Quiut
711 1159 1002 1224 convaluit,
1027 1175 1136 1212 non
1169 1158 1413 1228 ingratus
1437 1157 1619 1212 collati

47 1248 464 1314 beneflcii,'vota
490 1251 714 1305 veniens
736 1250 914 1316 solvit,
954 1251 1158 1320 gratias
1199 1250 1327 1320 egit,
1376 1260 1430 1304 et
1475 1266 1620 1304 nunc

43 1354 212 1407 usque
239 1339 468 1409 singulis
489 1340 648 1395 annis
668 1355 892 1394 censum
917 1356 1031 1395 suae
1055 1340 1387 1395 liberationis
1413 1341 1627 1398 solvere

42 1443 145 1486 non
167 1429 386 1486 desinit.
414 1429 490 1490 lu.
507 1446 570 1485 eo
603 1440 782 1490 tamen
802 1431 1030 1502 signum
1057 1431 1375 1485 insanabilis
1397 1441 1642 1501 apparet.

39 1519 410 1588 inﬁrmitatis,
458 1533 517 1575 ut
563 1521 824 1591 quamdiu
868 1520 1325 1590 vivatpeccatum
1363 1521 1418 1574 in
1461 1536 1648 1575 servo-

40 1610 128 1664 Dei
155 1613 516 1668 commissum
546 1615 678 1669 luat.
729 1613 973 1668 Eundem
1015 1614 1249 1684 denique
1270 1617 1338 1668 ab
1370 1615 1620 1670 hostibus

34 1711 254 1771 captum
281 1714 337 1759 et
360 1705 713 1774 compedibus
744 1705 1004 1764 vinctum.
1034 1706 1152 1776 ejus
1201 1706 1437 1764 nominis
1468 1707 1632 1763 inve-i.

37 1794 252 1849 catione
282 1805 501 1857 constat
533 1797 866 1857 liberatum.

104 1884 304 1939 Mulier
360 1899 636 1942 contracta
684 1891 735 1942 in
784 1890 1184 1959 sollempnitate
1241 1892 1637 1959 apostolorum.

37 1975 177 2030 Petri
205 1984 262 2030 et
288 1975 442 2031 Pauli
485 1981 550 2035 ad
577 1981 696 2048 ejus
727 1982 1075 2049 sepulchrum
1118 1984 1364 2050 sospitati
1391 1993 1474 2037 est
1503 1985 1618 2037 red-

35 2067 163 2132 dita,
191 2079 326 2138 puto
351 2070 510 2138 quasi
548 2086 644 2138 pro
673 2072 910 2140 qua-dam
947 2073 1452 2140 recompensatione
1476 2073 1645 2128 diem:

36 2159 340 2214 natalitium
363 2175 554 2214 eorum
578 2161 669 2218 tali
697 2162 972 2221 ho;.orans
990 2162 1236 2221 miraculi
1251 2163 1467 2229 decore,
1485 2181 1626 2234 quo-

37 2263 158 2302 rum
189 2249 247 2302 in
277 2251 534 2320 Agripina
560 2252 765 2305 dudum
801 2252 943 2306 filius
971 2252 1145 2306 fuerat
1165 2254 1278 2322 ipse
1305 2263 1361 2307 et
1383 2255 1650 2310 vicarius.

37 2341 157 2394 lieri
193 2341 453 2397 debuerat
483 2344 537 2398 in
563 2342 850 2399 Trcvcrica
878 2346 1030 2400 urbe.

107 2428 246 2488 Filia
274 2431 558 2500 cujusdam
582 2433 694 2486 noti
724 2432 1020 2504 Reginfridi
1045 2443 1276 2504 utroque
1319 2436 1516 2489 orbata
1536 2435 1624 2488 lu-

38 2519 208 2584 mine,
238 2519 336 2573 sed
355 2529 410 2574 et
439 2520 652 2579 ancilla.
677 2522 961 2590 cujusdam
1006 2523 1256 2577 similiter
1293 2523 1406 2578 noti
1439 2524 1627 2579 militis

39 2610 307 2680 languore
329 2612 576 2678 detenta,
625 2614 822 2668 mulier
869 2615 1257 2670 nichilominus
1301 2616 1436 2681 alia,
1469 2616 1628 2684 cujus

41 2702 214 2757 fuerat
254 2712 464 2758 remota
493 2721 651 2759 asuo
678 2706 800 2760 loco
828 2706 1067 2780 maxilla,
1094 2707 1296 2775 pariter
1321 2716 1628 2762 consecuta:

40 2801 164 2844 sunt
202 2791 273 2845 ad
322 2792 441 2860 ejus
489 2793 837 2862 sepulchrum
887 2794 1139 2850 sanitatis
1171 2803 1354 2864 optata
1395 2795 1625 2865 gaudia,

41 2883 127 2940 illa
170 2883 361 2940 lumen
404 2885 866 2953 oculorum,_istae
896 2885 1627 2947 incolomitatemmembro-

40 2989 194 3032 rum-

108 3108 236 3164 Tria
272 3110 333 3166 in
365 3127 497 3165 uno.
520 3112 739 3167 homine
785 3127 883 3171 sua
935 3113 1176 3168 ostendit.
1215 3113 1506 3178 beneficia;
1535 3113 1629 3184 qui

41 3215 159 3253 cum
192 3210 348 3256 esset
381 3217 410 3255 a
436 3203 671 3257 demone
707 3202 965 3258 obsessus
985 3213 1038 3258 et
1066 3214 1275 3258 careret
1307 3204 1484 3258 ollieio
1523 3204 1630 3258 lin-

41 3307 155 3358 guae
202 3302 259 3345 et
297 3293 538 3357 auditus,
583 3294 650 3348 ad
680 3295 949 3348 tumulum
981 3295 1100 3364 ejus
1139 3296 1256 3350 luec
1284 3305 1514 3364 utraque
1550 3303 1644 3350 cst.

41 3383 266 3451 adeptu‘s
291 3393 348 3437 ct
365 3386 432 3438 ab
462 3387 616 3438 hoste.
638 3385 875 3454 maligno
897 3385 1261 3439 liberatus.—-
1279 3383 1486 3438 Rustici
1516 3399 1650 3450 sex,

39 3489 275 3540 quorum
313 3475 515 3542 pariter
540 3475 700 3544 pedes
723 3475 897 3544 culpa.
922 3474 1223 3530 insolentia:
1270 3475 1427 3545 cippo
1460 3475 1632 3529 stricti

39 3577 193 3621 cram
234 3569 316 3622 ab
345 3579 616 3634 exactore,
649 3570 826 3624 sancti
856 3568 1236 3637 nmninisejus
1270 3568 1631 3634 invocatione,

40 3661 188 3712 nullo
236 3675 473 3714 manum
519 3667 846 3729 appenente,
904 3659 1040 3713 solvi
1089 3675 1356 3713 meruere.
1391 3688 1460 3697 -—
1494 3657 1635 3712 Puer

41 3751 234 3807 deinde
283 3752 576 3806 luuatieus.
593 3760 645 3805 et
677 3751 819 3808 alius
842 3750 1125 3818 cujusdam
1159 3748 1348 3803 militis
1377 3745 1634 3817 Wigerici

37 3860 170 3912 puer
197 3844 572 3909 domesticus,
590 3842 749 3911 cujus
767 3842 881 3911 jam
912 3857 1006 3910 per
1027 3855 1231 3896 annum
1258 3853 1451 3909 panem
1479 3837 1634 3891 fasti-

43 3935 224 3991 diebat
246 3935 595 3998 stomachus,
627 3932 744 4001 pari
773 3941 901 3986 voto
927 3932 1212 3996 advenere,
1247 3931 1440 3999 suique
1482 3945 1638 3983 recuo

43 4027 336 4094 paratione
364 4026 566 4094 pariter
589 4024 763 4080 sancti
792 4024 1046 4078 virtutem
1078 4038 1413 4092 persensere.
1438 4054 1508 4062 -——
1534 4019 1636 4073 Sed

43 4127 95 4170 et
127 4133 195 4172 ex
222 4117 437 4171 familia
460 4117 605 4171 beati
628 4115 974 4170 Willebrordi
1002 4116 1299 4169 adveniens
1327 4129 1527 4177 caecus,
1553 4112 1635 4165 sui

44 4206 456 4261 illuminatione
495 4206 694 4260 similia
742 4215 827 4259 est
877 4213 1164 4273 expertus;
1211 4204 1296 4256 cui
1333 4203 1458 4256 licet
1484 4200 1639 4254 facile

45 4298 217 4352 isdem
253 4299 454 4352 beatus
477 4295 758 4351 confessor
779 4294 885 4347 hoe
909 4293 1088 4361 ipsum
1111 4291 1342 4346 valuerit
1370 4287 1646 4354 conferre,

44 4399 225 4443 tanwn
259 4390 319 4441 in
343 4388 448 4440 hoc
470 4385 710 4440 ma-rtiris
738 4400 845 4438 non
869 4383 1059 4437 invidit
1081 4383 1284 4453 gloriae.

111 4515 239 4570 Non
278 4523 564 4585 exspectet
601 4513 892 4584 quisquam
931 4528 960 4567 a
996 4527 1083 4566 me
1117 4521 1228 4565 tam
1258 4508 1427 4564 multa
1451 4507 1643 4564 audire

39 4623 167 4677 qua:
188 4608 264 4662 ad
291 4606 558 4660 indicium
589 4604 896 4660 sanctitatis
915 4619 1028 4658 suae
1055 4602 1239 4656 divina
1275 4599 1450 4670 gratia
1472 4598 1646 4652 voluit

40 4691 360 4757 declarare,
391 4690 542 4760 quia,
567 4698 628 4743 ut
651 4687 904 4758 superius
935 4701 1021 4740 me
1049 4685 1272 4740 memini
1304 4685 1528 4749 dixisse,
1553 4698 1650 4738 sua

39 4781 342 4850 periorum
369 4788 685 4834 nostrorum
715 4777 922 4832 desidia
961 4777 1132 4830 multa
1171 4783 1393 4830 manent
1420 4773 1645 4828 oblitte-

41 4883 185 4937 rata,
215 4872 384 4942 plura
408 4871 573 4926 etiam
603 4884 704 4925 nos
727 4867 1032 4922 omittimus
1051 4882 1115 4921 cx
1143 4865 1430 4929 industria,
1449 4864 1647 4934 partim

40 4964 363 5019 multorum
388 4962 622 5028 invidiae,
648 4961 848 5030 partim
885 4958 1290 5013 incredulorum
1316 4957 1652 5011 condescen-

41 5054 245 5109 dentes
277 5052 540 5118 miseriae,
585 5051 677 5120 qui
706 5066 806 5104 nec
835 5049 1053 5118 scriptis
1077 5062 1178 5101 nec
1203 5046 1384 5100 verbis
1412 5045 1653 5114 praebent

41 5159 392 5210 assensum,
431 5142 540 5198 nisi
586 5139 818 5199 viderint
855 5138 1014 5194 oculo
1043 5137 1111 5195 ad
1145 5137 1386 5192 oculum.
1416 5134 1652 5189 Credam

1717 508 2004 578 praesentia
2025 521 2202 562 camus
2231 507 2376 585 alius
2405 509 2608 562 amissa
2635 510 2836 578 recepit
2856 511 3079 568 lumina.

1789 599 1842 653 8.
1886 598 2151 654 Det'certe
2192 597 2426 655 frontem
2471 598 2565 668 qui
2615 599 2730 654 vult
2755 599 2807 657 in
2851 603 3132 673 parietem,
3170 607 3298 677 quia

1719 703 1828 742 non
1875 689 2226 744 reticebimus
2269 689 2337 743 de
2383 689 2502 758 ejus
2545 700 2894 758 persecutore
2940 691 3298 766 Theoderico,

1718 794 1840 849 quae
1870 790 1997 833 sunt
2018 788 2142 834 nota
2175 780 2432 834 universo
2462 780 2601 834 orbi.
2636 779 2734 836 llic
2756 782 2851 813 ‘°“
2886 783 3118 854 denique
3141 790 3296 843 audi-

1718 875 1790 928 tis
1813 882 1890 927 tot
1915 872 2303 929 miraculorum
2328 877 2637 946 prmconiis,
2654 893 2994 949 nequaquam
3023 883 3180 936 tidem
3210 901 3302 940 ac-

1720 964 2074 1019 commodans
2101 966 2460 1020 asserentium
2485 965 2688 1032 verbis,
2721 967 2999 1024 incredulo
3029 972 3212 1037 corde,
3237 989 3304 1026 an

1721 1054 1837 1109 haec
1861 1069 1987 1108 vera
2016 1066 2218 1122 essent,
2249 1058 2534 1112 temeravit
2557 1058 2790 1127 experiri
2816 1075 2913 1128 per
2930 1077 3007 1114 se.
3037 1061 3142 1127 Qui
3175 1065 3304 1118 dum
3353 1068 3362 1079 '

1721 1145 2014 1200 adveniens
2039 1160 2145 1198 non
2174 1146 2293 1200 sine
2323 1147 2464 1201 fastu
2498 1149 2769 1216 superbia:
2807 1151 2990 1205 valvas
3017 1154 3305 1222 appropia‘

1720 1244 1803 1290 ret
1824 1236 2084 1302 basilicae,
2107 1252 2212 1307 qua
2243 1253 2397 1292 sacra
2427 1240 2698 1308 pullulant
2723 1241 2946 1310 pignera
2976 1244 3297 1297 martirizati

1721 1342 1752 1380 a
1775 1342 1853 1392 se,
1892 1341 1998 1381 non
2031 1327 2148 1381 sine
2169 1328 2255 1382 sui
2302 1331 2570 1397 persensit
2597 1332 2921 1386 verecundia
2949 1332 3062 1398 ‘m,
3102 1346 3327 1402 quanta.

1723 1417 1866 1470 intro
1892 1416 2185 1474 haberetur
2211 1418 2388 1474 virtus
2413 1419 2616 1479 divina.
2667 1419 2800 1475 Nam
2849 1434 3072 1492 repente
3117 1425 3309 1480 invisi-

1722 1506 1818 1560 bili
1838 1506 2126 1561 obstaculo
2158 1523 2345 1564 sacras
2384 1508 2594 1578 ingredi
2623 1510 2765 1564 zech
2788 1512 3180 1578 prohibebatur
3205 1515 3306 1567 im-

1722 1595 1952 1648 meritus
1974 1595 2160 1662 homo,
2182 1598 2271 1651 cui
2302 1596 2395 1629 δθίδ
2414 1613 2515 1653 nec
2537 1598 2780 1652 martiris
2806 1603 3076 1657 tumulum
3104 1602 3308 1667 videre,

1726 1700 1826 1741 nec
1853 1685 1938 1740 sui
1961 1686 2189 1753 oratorii
2216 1687 2404 1742 limina
2427 1689 2827 1746 concedebatm'
2849 1691 3131 1761 attingere.
3150 1693 3312 1748 Cum-

1721 1792 1828 1848 que
1854 1775 2062 1832 iteratis
2085 1778 2372 1833 conatibus
2393 1779 2605 1848 ingredi
2622 1779 2892 1836 niteretur
2915 1783 3138 1852 saepius,
3157 1784 3312 1838 huic-

1720 1883 1828 1938 que
1849 1883 1916 1922 ex
1942 1867 2171 1923 adverso
2194 1868 2472 1924 resisteret
2493 1869 2682 1923 eadem
2711 1871 2906 1937 virtus,
2939 1874 3157 1927 tandem
3186 1890 3310 1943 qua:

1721 1959 1956 2028 experiri
1988 1959 2280 2013 advenerat
2305 1975 2429 2018 cum
2459 1959 2628 2013 nimia
2673 1959 2998 2016 confusione
3033 1961 3168 2017 abiit
3207 1979 3310 2018 ωιν-

1723 2057 1930 2117 pertus.
1962 2046 2137 2113 Quem
2172 2048 2324 2112 dum,
2354 2056 2412 2101 ut
2434 2064 2548 2103 suae
2575 2048 2889 2104 consuleret
2920 2051 3107 2119 saluti,
3138 2052 3319 2106 horta-

1726 2149 1915 2194 rentur
1956 2138 2246 2194 fideleset.
2268 2139 2584 2208 propinqui,
2619 2148 2812 2194 sancto
2850 2142 3076 2198 scilicet.
3098 2142 3332 2209 satisfa-

1725 2230 1920 2285 ciendo
1933 2239 1996 2283 et
2023 2229 2229 2299 aliquid
2259 2229 2582 2298 prazdiorum
2604 2230 3014 2298 proelemosina
3043 2247 3158 2286 sure
3178 2247 3317 2300 pau-

1726 2320 1842 2391 peri
1868 2321 2114 2375 ecclesiae
2138 2318 2488 2384 coufercndo,
2514 2320 2677 2376 surda
2697 2334 2841 2374 aure
2863 2319 3205 2390 tloccipendit
3237 2322 3320 2374 vir

1726 2426 1903 2466 vanus
1929 2411 2138 2474 audire,
2165 2410 2256 2466 cui
2281 2410 2601 2464 imminebat
2623 2419 2902 2479 respectus
2926 2411 3018 2464 irae
3043 2425 3326 2479 supernae.

1728 2501 1844 2555 Non
1880 2511 2003 2572 post
2044 2502 2275 2556 multum
2309 2500 2568 2570 temporis
2617 2500 2796 2569 (562),
2833 2500 3020 2554 nescio
3048 2515 3160 2569 quo
3192 2502 3308 2568 spi-

1731 2593 1862 2658 ritu,
1898 2593 2124 2647 tendens
2150 2591 2542 2655 lherosolimis,
2575 2589 2923 2659 naufragium
2944 2606 3164 2658 passus,
3194 2606 3316 2644 mo-

1731 2694 1821 2740 tus
1852 2683 2224 2739 incurritmal
2239 2683 2316 2745 is;
2348 2690 2402 2736 et
2429 2681 2497 2736 ad
2533 2681 2641 2734 ima
2676 2680 3012 2736 descendens
3039 2680 3318 2746 profundi,

1732 2775 2086 2832 inrevocabili
2130 2773 2241 2828 fato
2268 2773 2381 2838 ⁵⁸⁸⁸,
2414 2770 2948 2842 Deo_judicc,,solvit
2984 2786 3201 2840 plenam
3235 2776 3323 2826 sui

1733 2866 1971 2921 sceleris.
2013 2864 2088 2920 De
2111 2873 2350 2934 quatuor
2376 2864 2484 2928 his,
2521 2863 2613 2932 qui
2657 2877 2743 2917 eo.
2768 2861 2989 2932 iubente
3009 2878 3136 2917 eum
3166 2880 3321 2932 pere-

1732 2973 1899 3022 mere,
1923 2956 2106 3026 potius
2133 2971 2300 3026 quam
2332 2955 2482 3026 loqui
2511 2954 2807 3009 maluimus
2832 2953 3013 3008 silere.
3050 2952 3165 3008 Hoc
3192 2965 3286 3008 tan
3304 2985 3320 2996 -

1659 3082 1700 3138 Ο
1735 3058 1850 3103 tum
1871 3047 2570 3115 sulliciatdiccre,_diversis
2583 3046 2758 3116 pcenis
2778 3053 2832 3100 et
2847 3045 3190 3101 evidentibus
3203 3062 3322 3101 ma-

1733 3138 1801 3194 lis
1823 3139 1891 3192 ab
1916 3139 2020 3192 hac
2056 3138 2396 3195 substractos
2424 3137 2544 3192 luce
2561 3135 2754 3206 (565)..

1806 3226 1860 3279 9.
1905 3225 2021 3278 Sibi
2047 3225 2378 3279 famulantes
2408 3223 2618 3279 tardius
2656 3223 2741 3277 his
2766 3223 3062 3293 aliquando
3085 3225 3326 3284 correxit

1735 3315 2017 3385 signorum
2042 3314 2507 3383 increpationibus
2519 3313 2709 3367 beatus
2725 3320 2878 3380 pater
2901 3313 3200 3370 Conradus.
3215 3311 3322 3372 ,δυο

1736 3405 1840 3458 mel
1866 3404 2065 3458 natalis
2097 3402 2315 3457 Domini
2343 3403 2451 3467 die,
2477 3417 2602 3457 cum
2631 3417 2695 3456 ex
2729 3401 3021 3456 custodum
3047 3402 3325 3472 negligen-

1737 3497 1812 3550 tia
1837 3512 2024 3551 coram
2057 3511 2116 3550 se
2139 3496 2315 3565 posita
2347 3509 2456 3548 non
2478 3493 2693 3548 arderet
2723 3493 2969 3559 candela,
2993 3502 3212 3562 repente
3239 3491 3324 3546 di-

1735 3587 1943 3641 vinitus
1972 3595 2054 3641 cst
2081 3601 2332 3642 accensa.
2370 3584 2548 3640 Simili
2591 3585 2772 3650 modo,
2817 3593 2876 3638 ut
2909 3584 3164 3653 superius
3189 3583 3328 3648 dixit

1738 3696 2035 3746 mus,_cum
2059 3681 2176 3734 vice
2206 3681 2375 3732 altera
2407 3678 2596 3733 eadem
2628 3680 2785 3747 culpa
2823 3677 2956 3731 inibi
2987 3677 3203 3732 deesset
3241 3676 3322 3728 lu-

1739 3786 1921 3836 cerna,
1953 3770 2133 3824 subito
2177 3769 2381 3823 fabrica
2421 3770 2586 3823 totius
2629 3770 2902 3838 sepulchri
2928 3779 3096 3835 mota,
3129 3768 3319 3826 eadem

1738 3860 1935 3916 virtute
1966 3873 2178 3923 cerrus,
2210 3859 2306 3927 qui
2344 3856 2484 3911 forte
2519 3859 2737 3922 aderat,
2767 3859 2887 3913 luce
2918 3860 3115 3913 enituit
3155 3861 3322 3914 clara.

1739 3949 1855 4002 Non
1882 3948 2148 4003 dissimile
2169 3957 2221 4002 et
2246 3947 2378 4002 illud
2401 3948 2628 4014 exstitit,
2653 3948 2924 4016 quodnon
2948 3964 3134 4002 coram
3159 3965 3217 4003 se
3232 3949 3323 4002 lir—

1741 4039 1884 4094 mius
1918 4039 2130 4092 hazrens
2171 4053 2362 4094 cereus
2382 4079 2398 4103 ,
2428 4038 2559 4092 dum
2592 4053 2756 4106 super
2805 4037 3148 4108 sarcofagum
3178 4039 3326 4092 vela—

1741 4132 1887 4186 mine
1914 4140 2164 4200 opertum
2188 4130 2424 4195 corruit,
2451 4129 2658 4183 diutius
2686 4129 2927 4186 ardcndo
2953 4129 3145 4198 jacens
3169 4138 3224 4183 et
3243 4129 3326 4198 ja-

1741 4220 2152 4282 cendo-ardens,
2185 4220 2362 4290 ipsum
2386 4220 2627 4272 velamen
2661 4219 2900 4271 inustum
2927 4216 3182 4271 servavit.

1810 4311 1931 4367 Jam
1958 4311 2132 4366 avidis
2157 4310 2499 4365 auditoribus
2523 4308 2746 4362 modum
2773 4307 2841 4362 de
2867 4307 2954 4360 bis
2983 4307 3206 4375 inponat
3232 4306 3331 4360 sli—

1675 4410 1717 4461 D
1744 4404 1847 4469 lus,
1875 4403 2023 4472 quia,
2062 4399 2120 4456 ut
2145 4403 2222 4455 ait
2249 4403 2440 4455 beatus
2472 4398 2788 4467 Gregorius,
2816 4397 2970 4466 signa
3019 4395 3330 4450 infidelibus

1749 4494 2100 4549 iuonstranda
2127 4502 2276 4558 sunt,
2312 4507 2419 4544 non
2465 4489 2742 4552 ﬁdelibus;
2777 4486 2978 4556 quibus
3000 4485 3067 4539 ad
3095 4485 3329 4540 salutem

1749 4585 1996 4641 sufﬁcere
2018 4593 2222 4654 posset,
2250 4584 2413 4637 etiam
2441 4581 2489 4636 si
2510 4580 2692 4634 minus
2716 4578 2860 4633 dicta
2881 4583 3083 4631 essent.
3111 4574 3167 4628 Si
3199 4573 3333 4632 fides

1752 4695 1860 4734 non
1890 4678 2032 4733 desit
2065 4677 2383 4747 petentium,
2427 4686 2725 4741 numquam
2763 4669 2857 4701 ’δοίθ
2888 4669 3041 4722 deest
3069 4666 3188 4735 ejus
3211 4663 3332 4719 suf-

1756 4770 2019 4840 fragium;
2044 4768 2171 4837 quia
2197 4764 2340 4836 quod
2372 4763 2473 4818 sibi
2496 4761 2674 4816 adlmc
2695 4758 2878 4814 carnis
2895 4754 3210 4810 inﬁrmitate
3232 4753 3336 4807 cir-

1755 4860 2043 4915 cnmdatus
2071 4859 2188 4912 fieri
2224 4856 2416 4921 noluit,
2445 4854 2634 4923 utique
2667 4851 2788 4905 aliis
2830 4847 3006 4902 facere
3035 4861 3145 4898 non
3187 4842 3335 4897 refu-

1752 4951 1847 5021 git.
1877 4949 2047 5018 Cujus
2085 4946 2306 5001 assidua
2349 4941 2675 5018 interventio
2706 4953 2806 4994 nos
2833 4932 3176 4992 commendet
3209 4946 3331 4984 om—

1754 5040 2014 5111 nipotenti
2040 5038 2150 5093 Deo
2179 5038 2437 5101 deorum;
2465 5033 2552 5088 cui
2585 5033 2657 5089 sit
2679 5031 2800 5088 laus
2822 5029 2877 5082 in
2906 5024 3089 5081 secula
3121 5022 3333 5077 seculo-

1753 5148 1910 5198 rum;
1937 5146 2097 5186 amen
2124 5130 2240 5183 ‘°".

1338 5223 1573 5279 VARUE
1610 5221 2009 5278 LECTIONES.
2313 5287 2326 5289 4
2403 5285 2493 5289 ____
2529 5282 2547 5289 _
2693 5281 2752 5289 ..
2811 5279 2824 5289 .
2921 5278 2931 5289 .
2977 5277 3010 5289 ..

115 5305 215 5338 κου
261 5304 387 5360 Hoc
418 5305 471 5360 2.
523 5299 956 5356 “’“verecondia
986 5297 1040 5350 2.
1120 5296 1315 5350 “"sui
1348 5275 1842 5363 Qiﬂlaﬁisatisé.
1875 5292 1981 5363 _‘°."‘
2005 5303 2283 5358 nunquam
2303 5287 2358 5363 2.
2399 5285 2501 5363 “1":
2521 5282 2586 5363 _In
2607 5281 2785 5363 cgd._l.
2805 5279 2887 5361 if.
2914 5277 3053 5363 (alia.
3072 5275 3333 5363 inanitij

44 5367 109 5428 ib
144 5347 564 5435 Ιιωευῖνηᾶἆὶεα
591 5347 719 5426 διίιῆ
734 5347 1092 5423 F'iiiiiﬁiiha
1115 5347 1500 5436 passio—sancti
1535 5347 2023 5436 Ctlnonisepiscop
2045 5369 2100 5413 et
2121 5347 2393 5436 martyris.
2425 5356 2458 5408 8
2480 5350 2814 5436 ldus-Iuliis.
2852 5347 3331 5436 inventiqforpq:

43 5417 128 5499 ris
144 5417 1104 5513 'Ivciin'l'é'ﬁiécfiéi'ri.[infligas
1116 5417 1554 5513 decollatus.
1574 5441 1676 5487 est.
1722 5432 1754 5485 8
1782 5417 1898 5485 Kal.
1924 5417 2063 5500 Aug.
2094 5418 2383 5483 translatio
2407 5425 2656 5494 corporis
2678 5437 2723 5477 s.
2749 5419 2998 5476 (lunonis
3014 5417 3255 5488 episcopi
3277 5417 3336 5466 et

45 5515 327 5588 martyris
353 5515 406 5566 in
429 5503 758 5581 basiliea(m)
788 5507 933 5564 beati
969 5503 1213 5560 Mauricii
1239 5514 1294 5559 et
1318 5520 1364 5558 s.
1391 5503 1531 5572 ejus.

53 5685 56 5688 ι
122 5654 287 5722 (562)
334 5645 1317 5722 θ.1075ςν.Βρτηᾳιεὶξιςηροηειθηῑε
1361 5642 1414 5696 h.
1451 5657 1500 5694 a.
1544 5640 1646 5694 Mi—

53 5715 162 5780 nus
192 5715 355 5780 recte
383 5715 696 5794 Sigebertus
719 5736 768 5774 a.
805 5717 936 5773 l068
968 5716 1205 5771 indicare
1227 5715 1454 5768 videtur.

1581 5569 1788 5625 ΝΟΤᾸΞ
1799 5610 1811 5624 .

1830 5641 1979 5713 (565)
2018 5638 2100 5693 Cf.
2128 5638 2450 5693 Beruoldum
2475 5651 2524 5689 a.
2561 5631 2718 5687 1066.
