3838 6296
472 333 609 389 ἰῖεϐἳ

1177 324 1405 381 GESTA
1442 321 1743 379 TREVER.
1782 355 1853 365 —-
1886 319 2179 376 APPEND.
2222 321 2313 376 EX
2348 320 2531 377 HIST.
2572 319 2788 376 MART.
2830 319 3039 376 τηεν.

1733 457 2231 521 EPITAPHIUM
2278 456 2466 538 (set).

543 590 665 647 Dux
692 586 871 662 gregis
892 593 946 640 et
967 592 1160 655 portus
1187 589 1243 637 et
1266 581 1369 638 llos
1395 580 1623 637 feliciter
1659 588 1845 647 ortus,

542 681 675 738 Post
688 680 1084 733 incrementum
1098 672 1310 730 fructus
1330 673 1477 729 subit
1497 674 1602 730 hoc
1621 680 2058 738 monumentum,

446 840 449 841 ν
545 770 657 826 Hoc
678 767 1110 836 transplantatus
1132 766 1373 821 claustro
1403 765 1504 821 llos
1533 772 1985 836 prcmemoratus.

542 859 733 913 Trevir
752 864 871 912 erat
899 865 1055 923 natu,
1086 855 1495 928 Sigebcrgensis
1522 854 1672 925 (565i
1696 856 2059 923 monachatu;

539 948 736 1005 Attulit
765 950 874 1006 huc
896 964 1083 1006 secum
1102 948 1421 1065 :encrabile
1447 946 1709 1003 fratribus
1729 961 1953 1021 equum,

2084 587 2136 646 Α
2231 579 2566 647 Doctrinam,
2588 595 2794 648 mores,
2815 581 3082 637 virtutum
3107 597 3368 655 quosque
3389 584 3618 643 colores.

2231 671 2406 740 Quem
2441 672 2572 743 quia
2602 688 2890 732 servorum
2920 672 3072 730 fraus
3105 675 3435 746 conspirata
3466 678 3701 735 maloa:

2124 786 2128 790 '
2232 764 2509 824 lnsontem
2540 766 2754 833 stravit,
2779 766 2996 837 gladius
3017 767 3245 824 Christo
3270 769 3516 825 sociavit
3543 788 3558 823 :

2231 854 2380 927 Ergo
2402 857 2551 930 quod
2568 857 2797 915 obtabas
2821 867 3031 930 martyr
3054 860 3244 926 modo,
3278 861 3555 933 quiprius
3576 862 3729 928 abbas,

2233 945 2291 1000 In
2317 948 2587 1005 monacho
2616 947 2822 1004 Christi
2853 950 3032 1018 testis,
3052 950 3424 1018 Cbouurade,
3457 952 3623 1009 fuisti.

470 1088 3726 1125 mm

594 1246 786 1357 EX
844 1242 1527 1413 HISTORIA
1587 1242 2402 1387 MARTYRUM
2468 1242 3640 1359 TREVERENSIUM.

542 1468 694 1521 Anno
723 1465 864 1520 {07B
888 1465 1069 1520 tabula
1104 1466 1168 1519 de
1192 1450 1518 1534 martyribus
1546 1482 1577 1517 a
1610 1463 1917 1517 Rictiovaro
1952 1465 2101 1517 ταθεὶς
2134 1462 2345 1534 Treveri
2372 1462 2594 1533 sepultis
2629 1464 2862 1534 inventa,
2892 1470 3003 1515 tum
3033 1471 3361 1534 sanctorum
3395 1461 3609 1534 illorum
3631 1481 3739 1531 pu-

471 1541 673 1594 sionem
702 1544 811 1589 tum
834 1537 1148 1589 inventionis
1169 1532 1405 1589 ordinem
1424 1543 1534 1587 tum
1558 1534 2083 1603 miracularqumdam
2104 1535 2301 1603 ibidem
2318 1532 2470 1603 facta
2491 1534 2716 1587 clericus
2741 1532 3070 1586 Treverensis
3094 1533 3375 1595 narravit,
3399 1532 3615 1602 prologo
3631 1551 3743 1599 pne-

472 1609 655 1673 misso,
686 1622 789 1675 quo
814 1606 949 1659 nihil
968 1606 1040 1659 de
1068 1622 1123 1660 se
1150 1606 1265 1676 ipso
1285 1606 1364 1659 uel
1387 1605 1454 1657 de
1465 1605 1637 1676 operis
1661 1602 1885 1657 consilio
1904 1603 2155 1676 tradidit.
2183 1602 2288 1676 Sed
2308 1603 2557 1676 pleraque
2580 1605 2757 1676 ipsum
2783 1604 2978 1657 uidisse
2997 1618 3063 1656 ea:
3088 1611 3204 1676 tota
3571 1605 3749 1658 abunde

470 1686 634 1747 patet,
659 1672 823 1746 neque
855 1676 949 1729 diu
974 1685 1089 1745 post
1116 1672 1388 1745 scripsisse
1391 1672 1673 1796 (putandus
1695 1683 1795 1738 est,
1824 1675 2013 1744 quippe
2032 1675 2123 1743 qui
2147 1672 2529 1728 miraculorum
2551 1672 3037 1754 narrationemfton
3055 1672 3202 1726 ultra
3232 1690 3292 1726 a.
3319 1672 3478 1726 1072
3502 1689 3744 1742 prosequ-

472 1757 577 1796 tur.
612 1744 797 1796 Eidem
826 1753 877 1796 et
906 1747 1070 1796 vitam
1102 1744 1301 1796 Felicis
1324 1745 1387 1796 de
1422 1746 1521 1796 eri.
1550 1761 1709 1796 supra
1735 1745 1942 1796 monui:
1972 1743 2063 1796 sed
2083 1744 2245 1796 etiam
2272 1744 2384 1796 Itwc
2404 1745 2640 1796 auctoris
2672 1759 2859 1796 nomen
2884 1742 3023 1796 διιεῖ.
3060 1741 3321 1796 Historia
3351 1753 3647 1796 manarunt
3668 1761 3743 1796 η.

472 1744 577 1801 tur.
612 1744 797 1799 Eidem
826 1753 877 1799 et
906 1744 1070 1799 vitam
1102 1744 1301 1799 Felicis
1324 1745 1387 1798 de

1422 1746 1528 1814 eri,
1550 1761 1709 1814 supra
1735 1741 2063 1809 monuisset!
2083 1744 2245 1814 etiam
2272 1744 2384 1799 Itwc
2404 1745 2640 1814 auctoris
2672 1759 2859 1814 nomen
2884 1742 3023 1814 sitgt.
3060 1741 3330 1814 Historia
3347 1741 3743 1814 martyrum”.

472 1816 758 1870 Hontheim
775 1814 964 1885 Prodr.
986 1815 1102 1885 I,p.
1124 1815 1225 1885 109
1250 1832 1315 1869 ex
1341 1810 1805 1885 cod.Treuerensi,
1830 1824 2011 1885 postea
2033 1813 2369 1885 collatocod.
2396 1813 2453 1868 S.
2482 1812 2906 1885 Masiminidct.
2937 1810 3037 1885 S_S.
3070 1813 3265 1885 Octob.
3293 1811 3371 1865 11
3376 1854 3395 1877 ,
3411 1828 3471 1885 p_.
3504 1810 3609 1866 373
3630 1814 3745 1865 diu

469 1896 567 1956 est.
599 1885 848 1940 Codicem
875 1879 1322 1956 Sanmathim'rum
1362 1884 1631 1956 Hillarius
1657 1884 1789 1956 vidit
1812 1879 1886 1953 (p.
1917 1883 2009 1948 27,
2037 1884 2152 1955 67),
2179 1884 2317 1939 alios
2345 1884 2531 1956 procul
2560 1883 2721 1938 dubio
2764 1882 3081 1937 bibliotheca
3112 1884 3363 1938 continet
3413 1879 3744 1938 ’Trcrerasis.

472 1955 604 2010 Ilaec
634 1972 752 2011 vero
786 1956 1085 2027 fragmenta
1115 1972 1181 2010 ea:
1209 1954 1630 2026 Hontheimiana
1652 1954 1886 2009 editione
1911 1962 2105 2024 repeto.

541 2087 594 2139 1.
638 2126 651 2140 .
686 2126 699 2139 .
732 2127 747 2140 .
784 2127 797 2140 .
839 2083 975 2141 ιιιυά
1002 2100 1135 2140 vero
1150 2084 1538 2155 qualicumque
1554 2082 2066 2139 scribondimodulo
2099 2087 2141 2146 Β
2170 2094 2277 2152 tur,
2313 2099 2415 2155 per
2442 2085 2590 2156 quod
2621 2084 2966 2140 benedictum
3006 2099 3211 2140 nomen
3253 2084 3390 2154 ejus
3419 2100 3456 2139 a
3499 2083 3684 2140 saeculo
3705 2086 3746 2139 ia

468 2176 779 2247 posteritati
818 2176 1186 2230 transmittere
1234 2174 1496 2229 debemus
1537 2173 1870 2241 necessario,
1918 2174 2066 2243 quali

470 2266 673 2318 divina:
707 2264 1205 2332 praedestinationis
1230 2262 1576 2319 ordinatione
1607 2264 1710 2319 hac
1751 2273 2065 2320 sanctorum

469 2352 730 2407 lzetillcati
759 2353 933 2408 simus
960 2352 1425 2409 manifestatione.

538 2440 593 2494 9.
627 2437 799 2498 Erant
821 2456 1013 2510 nempe
1037 2441 1092 2494 in
1114 2441 1203 2495 illa
1233 2443 1407 2496 sancti
1429 2440 1641 2497 Paulini
1669 2443 2062 2499 canonicorum

468 2529 892 2601 congregatione
918 2528 1116 2585 fratres
1140 2530 1312 2601 aliqui
1348 2541 1553 2587 sancta:
1584 2531 1865 2603 religionis
1881 2533 2065 2587 studio

468 2620 852 2676 venerabiliter
880 2622 1118 2677 accensi.
1156 2620 1219 2676 ili
1256 2638 1410 2694 ergo,
1436 2623 1567 2678 dum
1596 2624 1741 2679 inter
1761 2624 1867 2679 alia
1893 2625 2065 2694 pieta-

466 2711 539 2767 tis
565 2726 730 2782 opera
762 2727 931 2767 sacrae
958 2710 1259 2783 Scriptura:
1291 2713 1505 2784 legendi
1538 2714 1792 2785 paginam
1840 2730 2063 2785 operam

468 2819 581 2858 non
614 2804 901 2858 minimam
936 2804 1262 2874 praeberent,
1290 2805 1538 2860 solebant
1566 2804 1908 2876 frequentius
1941 2819 2064 2862 cor-

466 2895 622 2963 poris
649 2903 705 2949 et
726 2895 924 2949 mentis
945 2896 1256 2966 aspectibus
1278 2896 1367 2951 illa
1391 2906 1801 2968 repraesentare,
1831 2913 1956 2967 qum
1982 2898 2063 2952 vi-

466 2984 735 3040 debantur
787 2986 854 3040 ad
896 2985 1160 3043 honorem
1206 2988 1455 3047 ecclesiae
1503 2988 1828 3057 Trevericze,
1869 2990 2062 3045 matris

465 3078 677 3132 scilicet
701 3093 835 3145 suae,
863 3088 1136 3148 spectare;
1166 3079 1316 3135 illius
1339 3079 1592 3151 forsitan,
1616 3082 1749 3153 quin
1783 3083 1955 3138 immo
1974 3098 2061 3137 rc-

464 3181 617 3235 vera,
651 3183 762 3223 non
806 3169 1157 3227 immemores
1201 3173 1458 3243 praecepti
1502 3174 1649 3244 quod
1686 3173 1763 3228 ait
1797 3193 1810 3228 :
1841 3173 2061 3229 Honora

465 3267 673 3328 patrem
705 3269 855 3313 tuum
887 3270 936 3314 et
965 3271 1189 3317 matrem
1221 3262 1402 3335 (Deut.
1436 3281 1491 3328 v,
1524 3264 1612 3335 i6)
1642 3274 1695 3319 et
1730 3265 1960 3319 aliorum
1994 3267 2061 3321 ad

468 3348 621 3401 hunc
657 3350 882 3403 modum
921 3351 1130 3419 justam
1178 3356 1652 3409 conversationem
1690 3356 2056 3411 suadentium.

469 3433 617 3489 Inter
646 3436 966 3491 multimoda
997 3439 1181 3509 itaque
1225 3441 1332 3495 loci
1376 3442 1541 3511 hujus
1574 3444 1846 3513 praeconia
1875 3447 2061 3515 passio
2088 3429 2133 3492 (ἶ

469 3533 787 3581 sanctorum
815 3535 1121 3599 martyrum
1164 3529 1418 3589 Gentiani
1440 3540 1494 3585 et
1517 3530 1773 3588 Victorici
1800 3531 2059 3604 frequen-

469 3617 581 3672 tius
633 3618 715 3673 eis
760 3620 1101 3675 occurrebat.
1149 3620 1283 3687 Qua
1309 3624 1565 3692 quotiens
1599 3624 1827 3680 auribus
1868 3640 2058 3681 eorum

469 3710 751 3777 corporeis
792 3710 1244 3767 innumerabilem
1273 3714 1699 3770 christianorum
1731 3724 1965 3787 stragem
2005 3717 2059 3772 in

468 3796 613 3853 urbe
630 3794 914 3854 'l‘reverica
946 3816 977 3854 a
1001 3799 1314 3857 Rictiovaro
1338 3801 1536 3858 factam
1560 3805 1826 3873 insonuit,
1857 3807 2059 3861 totiens

381 3966 385 3970 '
471 3903 569 3943 cor
616 3903 809 3945 eorum
852 3907 1088 3948 mter-ore
1134 3892 1298 3949 simul
1352 3904 1406 3950 et
1449 3896 1649 3967 gaudio
1689 3899 2056 3967 contremuit;

470 3994 710 4037 maerore
732 3982 949 4052 quidem
997 3993 1218 4054 propter
1256 3985 1565 4056 ignoratum
1597 3997 1809 4044 tantum
1839 4000 2061 4061 tamque

466 4071 778 4141 prcciosum
800 4082 1115 4129 sanctorum
1141 4090 1433 4147 corporum
1468 4079 1819 4148 thesaurum;
1860 4082 2059 4152 gaudio

468 4169 653 4215 autem
684 4169 904 4244 propter
941 4160 1127 4219 rerum
1166 4166 1473 4234 veritatem,
1506 4184 1671 4239 quam
1712 4185 1810 4240 per
1852 4179 2058 4225 tantam

469 4253 767 4325 Scriptura:
806 4272 977 4312 sacra:
1014 4258 1317 4314 didicerant
1338 4261 1737 4317 auctoritatem.
1774 4262 2061 4319 Referebat

465 4344 615 4420 enim
640 4344 870 4400 istorum
894 4347 1083 4416 passio
1106 4357 1443 4415 sanctorum,
1471 4352 1617 4420 quod
1643 4351 1892 4421 ingresso
1920 4352 2026 4408 Tre
2045 4383 2058 4395 -

462 4433 627 4488 virim
663 4432 997 4503 Rictiovaro,
1027 4446 1178 4493 tanta
1204 4440 1353 4495 abeo
1383 4442 1455 4496 sit
1476 4440 1617 4497 facta
1648 4443 1721 4497 ibi
1743 4453 2057 4505 sanctorum

468 4525 757 4598 sanguinis
796 4527 1013 4595 effusio,
1043 4538 1101 4583 ut
1127 4531 1231 4585 rivi
1258 4534 1474 4587 cruoris
1507 4549 1685 4604 aquae,
1704 4534 1863 4603 juxta
1892 4551 2058 4606 quam

464 4618 637 4673 occisi
666 4625 814 4685 sunt,
846 4619 1100 4689 permixti
1122 4629 1178 4676 et
1204 4622 1259 4675 in
1282 4622 1565 4678 Mosellam
1586 4625 1824 4692 deducti,
1854 4641 1975 4681 eam
2003 4627 2058 4681 in

463 4722 625 4789 suum
650 4698 887 4765 calorem
915 4720 1313 4778 converterent;
1339 4721 1419 4780 ut,
1442 4715 1678 4769 naturali
1703 4716 1949 4771 claritate
1975 4731 2058 4771 re-

460 4809 632 4865 mota,
656 4801 945 4873 peregrino
965 4803 1143 4874 magis
1163 4820 1329 4874 quam
1361 4806 1585 4875 proprio
1610 4807 1792 4862 colore
1813 4808 2050 4863 ruberet.

410 4886 415 4890 ’
462 4885 567 4942 Ubi
587 4898 643 4944 et
666 4891 949 4961 sequitur:
976 4891 1277 4949 Inltumatis
1298 4897 1461 4949 etiam
1485 4904 1595 4950 tum
1608 4907 1913 4952 sanctorum
1934 4915 2052 4952 cor-

458 4980 675 5046 poribus
711 4982 856 5034 unda
900 4983 1165 5052 pr’tebebat
1204 4986 1489 5052 tumulum,
1525 5004 1650 5058 quo,
1690 4989 2050 5058 redintegrata

460 5085 706 5142 compage
728 5072 1101 5142 membrorum,
1130 5077 1311 5147 futuro
1332 5094 1395 5132 ea
1421 5088 1796 5150 representaret
1820 5080 2046 5149 judicio.

2168 2175 2430 2230 saeculum
2464 2175 2876 2231 benedicerctur
2906 2190 2971 2231 ac
2998 2175 3352 2231 laudaretur.
3390 2174 3469 2230 Ut
3498 2192 3631 2248 ergo
3652 2193 3747 2246 ptu-

2167 2266 2364 2322 missio
2388 2266 2484 2323 Dei
2512 2267 2738 2322 immota
2767 2275 3134 2337 permaneret,
3159 2282 3291 2337 quae
3320 2268 3471 2322 dicit
3499 2288 3514 2322 :
3550 2268 3640 2323 Usi
3670 2269 3747 2320 lu

2167 2368 2261 2411 aut
2288 2367 2392 2413 tres
2440 2360 2744 2429 congregati
2778 2359 2976 2428 fuerint
3004 2358 3058 2411 in
3100 2359 3322 2411 nomine
3352 2375 3506 2426 meo,
3526 2360 3584 2413 in
3610 2361 3747 2412 aliis

2165 2467 2347 2505 eorum
2373 2467 2489 2505 sum
2523 2450 2744 2523 (Matth.
2784 2466 2937 2516 mn,
2975 2448 3068 2517 ω)
3102 2478 3177 2488 -
3202 2458 3324 2504 tres
3353 2452 3571 2521 quippe
3600 2451 3746 2505 inten-

2166 2542 2332 2598 tionis
2367 2543 2532 2613 hujus
2562 2542 2847 2597 fratres—
2870 2541 3180 2598 fuerunt—
3202 2542 3493 2598 auxiiium
3538 2542 3629 2597 Dei
3668 2542 3747 2596 sibi

2165 2635 2233 2690 ad
2263 2636 2408 2690 hanc
2429 2634 2786 2690 intentionem
2818 2635 3081 2705 praeberi,
3112 2636 3232 2691 cito
3252 2643 3587 2690 senserunt.
3617 2633 3751 2688 Prius

2164 2723 2312 2779 enim
2346 2739 2512 2794 quam
2543 2723 2857 2778 triduanum
2887 2724 3159 2795 jejunium
3182 2724 3358 2779 tertia
3395 2726 3525 2779 vice
3545 2724 3750 2794 comple-

2163 2815 2394 2883 vissent,
2425 2816 2577 2870 misit
2596 2815 2678 2871 eis
2700 2814 2846 2871 Deus
2873 2816 2928 2870 in
2958 2815 3301 2886 adjutorium
3336 2816 3622 2886 quendam
3646 2830 3752 2869 su-

2164 2916 2266 2963 etae
2286 2907 2725 2963 conversationis
2745 2907 2945 2962 laieum
2969 2908 3196 2962 nomine
3219 2906 3577 2973 Folbertum,
3598 2908 3750 2978 priva-

2165 3008 2281 3053 tum
2318 2998 2553 3054 eundem
2583 2998 2704 3053 visu
2748 2999 3055 3063 oculorum,
3095 3013 3265 3067 quem
3308 3013 3469 3053 unus
3498 3014 3566 3052 ex
3606 2996 3751 3051 trihs

2163 3086 2412 3159 praefatis
2430 3087 2714 3155 fratribus,
2739 3088 2930 3143 (Συοηο
2954 3087 3228 3154 videlicet,
3260 3095 3469 3143 custos
3504 3097 3753 3144 monaste-

2163 3179 2233 3234 rii
2257 3178 2432 3234 sancti
2463 3178 2699 3243 Paulini,
2728 3179 2908 3235 studio
2934 3190 3138 3234 sancta:
3161 3177 3574 3248 hospitalitatis
3595 3178 3647 3232 in
3670 3176 3747 3230 do-

2163 3286 2313 3325 mum
2342 3285 2499 3326 suam
2521 3270 2812 3340 recipiens,
2839 3269 3127 3327 sufﬁcienti
3141 3284 3207 3326 ac
3230 3270 3443 3340 placita
3479 3270 3556 3324 illi
3577 3268 3752 3323 oﬁde

2165 3364 2325 3419 sitate
2365 3363 2728 3419 sustentabat.
2774 3361 2949 3433 Hujus
2988 3372 3172 3417 autem
3217 3362 3384 3418 cibus
3430 3361 3756 3432 vespertinas

2164 3462 2281 3508 erat
2306 3452 2463 3523 panis
2496 3468 2795 3523 perparvus
2814 3451 3161 3507 medietatem
3185 3450 3394 3521 palma:
3414 3466 3532 3505 non
3553 3450 3754 3503 vincens

2163 3542 2217 3597 in
2240 3542 2546 3609 latitudine,
2575 3542 2715 3597 duas
2740 3549 2923 3612 partes
2947 3539 3160 3606 farinte,
3187 3539 3416 3595 tertiam
3446 3548 3656 3610 partem
3678 3539 3753 3591 ba-

2162 3634 2298 3689 bens
2334 3648 2402 3688 ex
2446 3633 2657 3698 cinere,
2703 3647 2829 3687 cum
2865 3631 3054 3702 aliquo
3088 3644 3292 3700 genere
3333 3630 3642 3686 herbarum
3676 3640 3753 3681 ιιι

2162 3722 2455 3779 crudarum
2478 3730 2692 3777 autnon
2708 3723 2843 3777 bene
2871 3733 3154 3776 coctarum
3174 3730 3230 3775 et
3255 3720 3628 3787 insalsarum,
3646 3735 3756 3775 cum

2163 3813 2364 3868 haustu
2393 3814 2556 3869 etiam
2599 3828 2757 3884 aqua:
2786 3812 3029 3867 minima:
3055 3826 3361 3877 mensurae,
3405 3822 3561 3866 certe
3588 3825 3750 3880 neque

2164 3901 2444 3958 modulum
2466 3918 2627 3958 suum
2649 3917 2980 3958 excessum.
3010 3899 3129 3955 Tali
3149 3914 3282 3955 vero
3307 3901 3580 3970 adjutorii
3598 3899 3754 3954 divini

2161 3995 2538 4051 consolatione
2561 4010 2672 4051 non
2701 3993 2979 4049 modicum
3006 3990 3285 4058 laetiticati,
3315 4000 3369 4046 et
3401 3992 3472 4046 ad
3497 3990 3753 4062 speranda

2160 4086 2375 4155 potiora
2416 4085 2511 4142 Dei
2546 4101 2781 4147 munera
2828 4084 3090 4140 nimirum
3140 4081 3398 4149 animati,
3445 4083 3579 4137 huic
3616 4080 3753 4136 fratri

2160 4177 2475 4245 consilium,
2522 4176 2669 4248 quod
2696 4176 2764 4231 de
2795 4176 2898 4231 hac
2924 4190 2983 4230 re
3010 4182 3404 4244 conceperant,
3441 4172 3755 4228 manifesuo

2161 4270 2313 4336 bant,
2349 4270 2579 4340 ejusque
2606 4268 2912 4324 devotionis
2940 4265 3250 4337 impensius
3272 4264 3524 4320 studium
3558 4264 3665 4319 sibi
3696 4262 3755 4316 all

2161 4358 2303 4416 hanc
2335 4376 2449 4415 rem
2493 4358 2828 4431 suppeditari
2875 4358 3247 4428 postulabant.
3293 4355 3511 4423 Atille,
3557 4363 3619 4410 ut
3648 4362 3753 4408 erat

2160 4458 2385 4520 paratus
2410 4450 2478 4506 ad
2505 4449 2689 4505 omnia
2717 4449 2917 4503 virium
2951 4463 3181 4503 suarum
3209 4447 3605 4516 supplemema
3640 4459 3754 4498 οι-

2160 4542 2327 4599 nibus
2347 4541 2657 4613 pracbenda,
2690 4541 2851 4611 juxta
2887 4538 3017 4599 illud
3062 4537 3317 4593 videlicet
3351 4537 3751 4605 doctoring-

2163 4633 2296 4687 tium
2319 4633 2651 4704 exemplum,
2675 4631 2896 4703 quando
2918 4629 3078 4697 dixit,
3104 4645 3165 4685 se
3180 4629 3451 4683 omnibus
3470 4626 3662 4683 omnia
3682 4622 3755 4678 fa-

2161 4730 2305 4776 ctum
2330 4721 2523 4788 fuisse,
2553 4722 2774 4777 solitum
2794 4719 3076 4790 jejunandi
3107 4718 3332 4774 modum
3359 4718 3471 4773 hac
3496 4716 3571 4772 de
3591 4728 3750 4771 causa

2158 4814 2295 4868 adeo
2322 4813 2654 4880 intendebat,
2688 4811 2837 4882 quod
2865 4827 2962 4882 per
2981 4811 3304 4865 continuum
3333 4819 3469 4865 tunc
3508 4808 3751 4864 triduum

2157 4902 2368 4959 nullum
2398 4902 2621 4972 penitus
2647 4901 2896 4971 corporis
2916 4899 3236 4971 alimentum
3261 4898 3639 4971 suscipiebat;
3664 4896 3749 4952 sed

2156 4988 2393 5044 interdiu
2423 4990 2678 5046 omnibus
2708 4989 2860 5045 urbis
2886 4989 3055 5059 hujus
3083 4989 3463 5056 monasteriis,
3480 4988 3679 5052 nudis,
3700 4994 3751 5037 It

2157 5077 2352 5133 solitus
2372 5089 2490 5134 erat
2512 5079 2782 5145 incedere,
2801 5079 3031 5150 pedibus
3052 5080 3419 5149 perlustrans,
3444 5091 3645 5134 noctes
3669 5093 3750 5129 eo

458 5189 530 5201 —
549 5159 608 5215 In
637 5163 739 5219 hac
760 5180 892 5236 ergo
921 5168 1085 5236 positi
1132 5170 1333 5225 mentis
1363 5170 1656 5236 anxietate,
1696 5172 1915 5226 indictis
1946 5171 2049 5226 sibi
2153 5168 2383 5224 rnndem
2412 5169 2626 5225 dierum
2654 5172 2709 5226 in
2732 5169 3068 5225 monasterio
3109 5170 3387 5241 saepedicti
3412 5170 3590 5241 patris
3614 5166 3745 5222 PII-

458 5250 751 5320 aliquando
786 5255 1370 5329 biluanis,aliquando
1404 5261 1674 5319 triduanis
1719 5262 2046 5333 iejuniorum

456 5339 783 5413 disciplinis,
817 5362 850 5401 a
881 5348 1067 5405 divina
1091 5352 1445 5421 postulabant
1478 5354 1697 5425 pietate,
1727 5362 1788 5410 ut
1821 5354 2046 5426 aliquod

2155 5257 2252 5313 lini
2293 5260 2519 5331 pervigil
2558 5261 2614 5317 in
2651 5261 2901 5316 oratione
2927 5260 3182 5316 ducebat.
3220 5259 3378 5318 Unde
3408 5260 3621 5315 famula
3650 5266 3747 5313 est.

2155 5357 2216 5404 ut
2243 5350 2299 5406 in
2324 5351 2484 5406 tertia
2512 5361 2674 5409 nocte
2706 5362 2832 5425 post
2859 5352 3120 5423 primum,
3151 5352 3296 5409 sicut
3319 5352 3436 5424 ipse
3463 5350 3637 5407 nobis
3664 5362 3746 5403 rt-

456 5438 570 5485 tam
599 5435 772 5490 sancti
797 5436 1026 5506 depositi
1054 5441 1320 5497 indicium
1348 5445 1432 5498 eis
1458 5455 1766 5501 monstrare
1788 5447 2044 5518 dignare-
2151 5442 2380 5510 ferebat,
2429 5445 2553 5516 galli
2596 5457 2839 5512 cantum,
2874 5448 3006 5502 dum
3050 5447 3192 5503 facie
3224 5448 3464 5505 lacrimis
3504 5444 3744 5502 abali-

1953 5552 2188 5611 NOTAE.

525 5632 674 5715 (εει)
714 5632 1010 5715 Legiturin
1035 5641 1153 5695 rod.
1175 5640 1409 5697 V’indob.
1434 5643 1499 5697 Ν.
1526 5644 1619 5699 791
1652 5645 1946 5715 (Lunaelac.
1973 5646 2036 5701 Ν.

413 5746 437 5759 ..
454 5698 552 5771 8.).
580 5718 625 5757 s.
654 5698 740 5758 an
766 5698 862 5759 f6].
904 5707 1021 5762 tl5.

2224 5643 2375 5709 (565)
2409 5643 2533 5725 Alia
2553 5644 2831 5725 luat-quit!
2862 5658 3099 5725 marg”;
3137 5640 3561 5725 Sigenbergrasis
3604 5638 3743 5708 quod

2149 5714 2311 5767 situm
2341 5722 2419 5769 est
2445 5713 2510 5765 ab
2546 5712 2826 5783 Nerdelige
2855 5714 2957 5765 tria
2983 5712 3241 5769 miliaria.
3276 5725 3287 5732 ‘
