3838 6296
60 263 199 345 ηῑῖθ

754 281 984 339 essu
1022 281 1323 338 TREVEB.
1360 312 1428 322 —
1461 279 1638 369 Apri:

1750 329 1752 337 ,
1792 281 1885 339 EX
1913 280 2095 339 HIST.
2128 280 2344 369 MART.
2377 280 2577 337 τηεν.

3184 289 3321 349 1279

57 401 280 474 μαίας.
312 399 520 457 intente
545 407 601 455 et
628 398 789 470 quasi
808 394 953 454 cum
976 398 1181 468 aliqua,
1210 408 1271 454 nt
1293 400 1391 463 ait,
1414 413 1637 468 precum
1667 403 1713 462 Α
1743 399 2158 471 imperiositatis
2177 400 2495 455 austeritate
2517 399 2584 455 ad
2614 398 2759 455 illam
2785 401 2937 459 venit
2951 418 3181 474 eamque
3209 422 3318 462 non

58 496 472 566 importunitate
495 492 788 548 Domitium
820 492 1209 561 interpellaret,
1240 492 1295 545 in
1321 491 1519 547 mentis
1537 505 1636 546 ex-

53 587 164 649 tasi
190 586 701 654 subitocorreptus,
725 599 783 637 se
811 583 867 637 in
889 583 1076 653 aliquo
1095 583 1255 653 quasi
1281 582 1639 638 subterraneo

55 676 411 744 monasterio,
449 677 692 747 spatioso
726 676 958 730 multum
989 684 1044 729 et
1077 674 1339 744 pulchro;
1363 683 1640 743 starepu-

48 779 219 827 taret.
277 769 381 825 Ubi
424 770 557 825 dum
596 767 1029 832 multitudinem
1071 781 1259 837 quam;
1291 766 1640 821 dinumerare

49 879 165 917 non
189 870 422 933 poterat,
452 862 760 917 oscisorum
788 858 1038 913 diversas
1069 857 1439 913 membrorum
1479 866 1638 912 trun-

46 952 301 1009 oationes
330 953 736 1009 ostendendum
759 950 1197 1006 deambulantem
1233 949 1409 1005 oculis
1441 948 1639 1004 mentis

45 1044 284 1112 videret,
307 1044 554 1103 collectis
595 1057 693 1114 per
745 1042 967 1112 aliquod
1019 1050 1235 1111 tempus
1274 1041 1465 1107 animi,
1500 1056 1640 1113 quas

45 1135 338 1202 amiserat,
368 1135 623 1201 viribus,,
647 1134 976 1204 quibusdam
1018 1149 1209 1200 eorum
1253 1133 1503 1189 velut'ad
1535 1134 1639 1189 hoe

42 1233 271 1280 tantum
298 1226 457 1281 ut'ab
488 1226 1062 1296 eoninterrogarentur
1088 1238 1147 1278 se
1163 1223 1249 1291 illi
1281 1223 1638 1280 offerentibus

40 1317 197 1377 dixit
220 1335 236 1370 :
262 1315 367 1382 Qui
377 1319 504 1372 estis
516 1333 626 1383 eos,
641 1316 867 1381 domini,
881 1323 975 1369 aut
987 1330 1132 1385 aquo
1144 1314 1324 1396 {me}
1339 1315 1598 1369 trucidati
1614 1316 1641 1368 7

37 1408 158 1462 Gui
189 1422 354 1475 unus,
379 1408 473 1479 qui
499 1410 684 1464 senior
710 1407 852 1461 inter
878 1422 975 1462 eos
1002 1406 1275 1477 apparuit,
1312 1405 1590 1475 respondit
1623 1427 1635 1461 :

42 1497 175 1554 Nos
183 1499 417 1571 fugimus
432 1500 533 1553 huc
540 1515 868 1570 paganorum
879 1498 1284 1568 persecutiones,
1294 1505 1344 1550 et
1354 1486 1559 1567 a'b'ipsis
1569 1497 1639 1551 ad

34 1605 235 1657 partes
252 1590 510 1662 requisiti,
540 1591 817 1660 istasquas
829 1589 971 1644 vides
995 1589 1318 1658 suscepimus
1342 1589 1637 1658 passiones.

34 1676 164 1733 Nec
191 1678 441 1747 pluribus
492 1679 562 1733 ah
591 1694 660 1733 eo
687 1678 868 1735 verbis
913 1677 1135 1745 auditis,
1166 1678 1221 1731 in’
1252 1679 1488 1747 priorem
1508 1687 1633 1733 sta-

1734 490 1849 560 jam
1879 491 2241 546 dormientem
2271 491 2366 546 sed
2397 490 2712 561 vigilantem
2732 507 2857 545 onon
2885 492 3163 549 modicum
3198 512 3316 566 pcr-

1736 580 2419 653 terrefeeit:Snrgensque
2456 583 2641 653 igitur,
2686 589 2897 638 terrore
2940 586 3113 657 magis
3155 565 3320 658 quam

1737 674 1990 744 angustia
2008 675 2235 745 repleta,
2270 687 2541 740 sororem,
2573 689 2698 744 quae
2731 683 2919 731 custos
2937 686 3056 731 erat
3086 678 3318 743 librarii,

1736 781 1862 821 cum
1894 781 2089 837 magna
2134 765 2445 822 festinantia
2485 780 2739 836 quaerens
2764 777 2819 822 et
2848 767 3150 836 inveniens,
3175 770 3319 827 facto

1735 856 1787 911 ei
1816 855 2107 911 anxietatis
2142 871 2257 912 suae
2285 858 2473 928 signo,
2513 872 2633 911 eam
2665 857 2731 911 ad
2775 856 3097 925 armarium,
3127 876 3327 917 cumu-

1737 946 1851 1000 lum
1894 946 2212 1002 discussura
2261 946 2639 1013 scedularum,
2682 947 2966 1027 perduxit;
3013 965 3115 1005 nec
3153 952 3329 1007 multa

1738 1037 1897 1106 prius
1933 1037 2198 1093 librorum
2245 1039 2524 1094 volumina
2562 1040 2929 1106 revolverant,
2982 1057 3146 1110 quam
3193 1043 3332 1097 liber

1692 1204 1698 1211 ι
1738 1143 1885 1183 unus
1929 1142 2220 1199 ymnorum
2242 1129 2647 1185 vetustissimus
2675 1128 3055 1202 Scotice(567)
3085 1133 3331 1203 scriptus

1738 1218 1819 1274 eis
1836 1219 1891 1273 in
1913 1234 2112 1274 manus
2128 1219 2407 1286 veniebat;
2423 1236 2534 1289 quo
2545 1220 2763 1283 tandem
2778 1222 3046 1292 exposito,
3065 1236 3330 1279 oecurre-

1738 1311 1856 1365 bat'
1881 1309 1963 1364 eis
1987 1309 2327 1380 frequentius
2352 1311 2573 1380 quidam
2601 1328 2799 1384 ymnus
2837 1314 2906 1368 de
2948 1323 3141 1369 sancto
3180 1314 3328 1371 Pan:-

1686 1433 1691 1438 -
1738 1400 1852 1456 lino
1886 1400 2030 1481 satis.
2059 1415 2313 1472 magnus,
2356 1401 2412 1455 in
2460 1416 2571 1471 quo
2612 1414 2760 1473 gesta
2808 1404 3112 1461 sanctitatis
3156 1406 3327 1476 ipsius

1739 1496 2023 1566 praeclara,
2056 1497 2159 1552 etsi
2204 1497 2621 1567 compositionis
2660 1502 2935 1574 quandam
2967 1496 3327 1556 rusticitatem

1742 1585 2034 1649 habebant,
2068 1601 2254 1641 rerum
2311 1596 2490 1643 tamen
2523 1604 2632 1644 non
2657 1590 2885 1647 minima
2910 1591 3217 1645 urbanitate
3239 1590 3333 1642 llo-
3406 1652 3421 1663 η

1739 1676 1952 1730 rebant.
2007 1674 2298 1732 Referebat
2336 1679 2506 1745 enim,
2558 1680 2719 1749 quale
2764 1695 2877 1755 pro,
2918 1679 3020 1735 ﬁde
3060 1680 3330 1737 catholica

35 1774 169 1820 tum
193 1765 358 1825 rediit
376 1767 822 1825 sobriae-mentis.
840 1766 1002 1827 ,Totis
1029 1767 1266 1838 denique
1299 1767 1467 1824 animi
1505 1768 1636 1822 viri~
1673 1753 1716 1808 Β
1742 1766 1941 1821 bellum
1973 1769 2686 1826 contraArrianossanctus
2719 1753 2813 1825 ille
2832 1770 3335 1843 pertulerit,_quali-

32 1858 158 1913 bus
183 1857 254 1914 ad
283 1859 521 1929 agendas
544 1858 675 1914 ~Deo
697 1859 998 1930 gratiarum
1016 1860 1274 1915 actiones
1302 1860 1638 1926 succinctus,

31 1948 127 2001 ah
150 1947 270 2017 ipso
294 1948 610 2017 postulabat
630 1948 911 2014 attentius,
936 1955 1018 2014 ut,
1045 1948 1091 2003 si
1115 1948 1185 2002 ab
1213 1948 1332 2024 ipso
1354 1959 1503 2004 esset
1522 1948 1641 2003 hac

32 2039 219 2105 visio,
255 2047 565 2094 monstrare
611 2032 1227 2108 eam-sibi‘dignaretur
1256 2038 1436 2093 tertio.
1484 2038 1641 2105 Quod

31 2129 223 2185 etiam
249 2129 503 2185 obtinuit.
529 2127 664 2183 Nam
684 2158 687 2161 -
706 2128 920 2183 duabus
946 2136 1075 2183 ante
1119 2127 1263 2183 diem
1293 2128 1506 2184 vicibus
1539 2130 1640 2183 ob-

30 2221 334 2277 dormiens
360 2220 417 2275 in
442 2220 710 2283 oratione,
742 2218 931 2273 cadem
962 2218 1266 2274 ludificatus
1297 2218 1665 2279 est'visione..

32 2312 219 2368 Mane
243 2311 608 2383 itaquefacto,
635 2311 846 2365 vocatis
873 2308 941 2384 ad
967 2325 1029 2365 se
1048 2309 1224 2365 tribus
1252 2308 1535 2377 fratribus,
1561 2310 1643 2364 vi-‘-

32 2404 273 2459 sionem
298 2418 453 2459 suam
466 2417 577 2473 per
609 2402 858 2457 ordinem
878 2402 969 2456 eis
1004 2401 1277 2467 narravit;
1305 2401 1496 2472 eisque
1515 2418 1641 2458 cum

34 2508 257 2564 magna
280 2493 661 2549 exhortatione
684 2492 791 2547 hoc
812 2491 1142 2563 persuadere
1164 2490 1451 2558 laboravit,
1486 2507 1552 2547 ne
1575 2493 1646 2547 ah

36 2591 217 2654 cepto
259 2584 524 2639 orationis
570 2582 758 2638 studio
786 2583 941 2653 prius
965 2582 1323 2649 desisterent,
1368 2599 1532 2653 quam
1561 2584 1645 2638 di-

36 2676 202 2730 vina:
215 2675 469 2730 solatium
490 2675 877 2741 misericordia:
893 2675 996 2730 sibi
1018 2674 1214 2731 adesse
1230 2686 1643 2747 cognoscerent,

38 2766 387 2835 promittens
415 2764 497 2823 eis
532 2780 599 2821 ex
647 2764 768 2835 ejus
808 2773 963 2835 parte
997 2765 1091 2835 qui
1116 2773 1264 2819 amat
1310 2765 1647 2836 longanimes

42 2858 110 2909 in
140 2870 266 2925 spe,
306 2854 449 2910 infra
481 2855 648 2911 unius
680 2855 837 2910 anni-
865 2855 1112 2925 spacium
1152 2854 1397 2910 divinum
1438 2855 1519 2910 eis
1547 2856 1645 2911 ad-‘

43 2946 330 3012 futurum,
347 2960 469 3001 esse
492 2945 548 2999 in
570 2945 675 3000 hac
694 2944 1050 3014 inquisﬁione
1075 2944 1349 3000 solatium.
1376 2944 1487 2999 Hac
1505 2944 1646 2999 facta

41 3037 478 3104 exhoﬂationeg
504 3036 710 3107 gratias
737 3034 972 3104 Deo’pro
1020 3032 1263 3097 fraterno
1298 3050 1457 3105 quem
1502 3035 1646 3105 apud

42 3143 151 3183 eos
212 3127 495 3182 invenerat
549 3125 936 3196 hospitalitatis
990 3132 1210 3194 receptu
1243 3123 1504 3187 referens,
1552 3138 1648 3178 eos

46 3219 347 3274 humiliter
373 3220 607 3289 rogavit;
636 3234 704 3274 ne
738 3235 878 3295 quas
905 3218 1114 3275 diutius
1154 3219 1209 3273 in
1242 3218 1347 3273 hoc
1382 3219 1500 3273 loco
1529 3235 1664 3273 mat

46 3310 225 3367 neiidi
257 3311 577 3368 occasiones
609 3321 740 3367 tunc
767 3311 819 3365 ei
848 3312 1211 3377 innectereut,
1252 3310 1654 3380 quia‘destinae

46 3416 176 3460 tum
220 3390 450 3459 diuiter
471 3404 538 3460 ad
571 3403 836 3459 Sanctum
864 3401 1130 3458 Iacobum
1178 3404 1440 3473 perlicere
1473 3401 1651 3459 liben-

46 3508 139 3551 ter
185 3496 367 3553 vellet.
406 3496 472 3551 Et
503 3497 576 3552 ita
621 3497 739 3567 ipse
786 3495 1007 3566 quidem
1063 3495 1133 3551 ab
1153 3495 1234 3550 eis
1275 3495 1548 3551 discessit.
1583 3527 1653 3536 —-

45 3590 133 3643 Illi
172 3603 307 3644 vero
336 3603 439 3659 pro
471 3598 674 3657 sanctae
718 3587 1093 3658 inquisitionis
1140 3588 1324 3643 studio
1358 3587 1554 3658 majori
1598 3589 1650 3643 in

42 3682 183 3737 dies
220 3688 459 3737 aestuant
504 3680 799 3737 desiderio.
853 3677 1195 3749 Quapropter
1217 3688 1273 3735 et
1307 3696 1338 3734 a
1368 3681 1655 3735 monachis

44 3782 109 3830 et
148 3788 182 3827 a
228 3773 511 3829 canonicis
549 3781 677 3829 et'a
726 3771 1241 3829 sanetimonialibus
1289 3770 1383 3802 ι⁰¹⁶
1434 3770 1654 3829 feminis

45 3864 344 3935 religiosis
383 3864 591 3919 auxilio
630 3865 820 3936 petito,
854 3863 1091 3933 jejuniis.
1126 3870 1182 3918 et
1222 3861 1565 3917 orationibus
1603 3871 1669 3917 et.

44 3956 493 4013 elemosinarum
528 3971 749 4027 quoque
773 3954 1155 4026 largitionibus
1189 3953 1513 4011 insistebant
1535 3952 1657 4021 plus

43 4064 236 4121 quam
290 4048 344 4103 in
390 4046 681 4123 principio.
713 4045 868 4102 Unde
914 4045 1161 4118 contigit,
1220 4052 1281 4123 ut
1332 4044 1495 4107 alicui
1542 4043 1658 4098 reli-

45 4142 239 4213 giosae
251 4120 433 4210 hujus
446 4138 853 4199 communionis
876 4138 1077 4204 sorori,
1098 4120 1340 4195 momine
1367 4134 1658 4194 Fridebur-

44 4248 173 4302 gae,
197 4230 253 4283 in
274 4230 607 4289 monasterio
635 4228 850 4285 Sancta:
868 4228 1053 4285 Mariae
1077 4229 1225 4301 (566)
1238 4227 1430 4286 matris
1444 4226 1655 4281 Domini

46 4336 317 4397 tempore
347 4322 665 4383 meridiano,
687 4322 739 4375 in
768 4320 1028 4378 subsellio
1050 4334 1152 4376 suo
1199 4318 1524 4389 quiescenti,
1552 4334 1656 4372 vox

1674 3082 1721 3145 C

1743 1868 1826 1913 ter
1850 1857 1911 1911 in
1931 1858 2167 1913 exilium
2184 1859 2416 1930 ab‘ipsis
2439 1860 2562 1915 fidei
2592 1861 2879 1919 catholica:
2912 1861 3152 1919 inimicis
3191 1860 3328 1915 mis—

1743 1964 1839 2004 sus
1869 1947 2059 2014 fuerit;
2085 1950 2321 2020 qualiter
2341 1951 2504 2010 etiam
2528 1951 2700 2021 ipsos,
2724 1951 2867 2023 apud
2894 1967 3033 2022 quos
3054 1952 3330 2017 exulabat,

1743 2038 1955 2112 Frigios
1981 2041 2074 2073 ³⁶¹⁹
2106 2041 2177 2097 ad
2198 2040 2369 2112 itidem
2402 2042 2629 2108 Christi,
2679 2042 2842 2097 factis
2890 2058 3073 2097 coram
3113 2043 3336 2114 regibus

1745 2140 1903 2191 terra:
1930 2131 2076 2187 illius
2123 2131 2296 2203 signis
2332 2140 2387 2188 et
2428 2133 2740 2199 miraculis,
2790 2132 3149 2199 converterit,
3184 2133 3337 2199 idem
3370 2174 3376 2181 -

1744 2239 1941 2294 ymnus
1967 2224 2267 2291 continuit;
2304 2223 2432 2284 item
2461 2223 3186 2293 ,postdccursum-viriliter
3214 2223 3340 2283 vitae
3370 2254 3375 2257 -

1745 2312 1912 2382 hujus
1940 2312 2200 2379 stadium,
2234 2328 2361 2369 eum
2392 2312 2771 2368 retributionis
2811 2322 3026 2371 aeterna:
3073 2309 3274 2365 ibidem
3306 2327 3339 2366 a
3360 2344 3375 2367 .-

1745 2403 1993 2465 Domino
2025 2403 2345 2474 susceperit,
2379 2403 2630 2460 bravium
2651 2444 2665 2470 ,
2690 2401 3027 2473 ,preciosum
3093 2400 3341 2472 corporis

1746 2495 1920 2565 ipsius
1950 2496 2290 2559 thesaurum,
2329 2502 2464 2547 nutu
2488 2493 2677 2547 divino
2706 2501 2760 2546 et
2810 2492 3202 2546 miraculorum
3238 2490 3338 2545 ad-

1747 2587 2007 2642 miniculo
2032 2602 2080 2646 :L
2106 2585 2347 2641 Treviris
2373 2600 2498 2641 esse
2534 2593 2837 2654 receptum,
2881 2583 3080 2638 ibidem
3116 2581 3222 2637 fuit
3248 2581 3337 2636 in-

1748 2686 1974 2733 textum.
2024 2676 2100 2733 De
2142 2676 2302 2746 cujus
2350 2674 2656 2729 veneranda
2707 2672 3001 2743 sepultum
3042 2672 3336 2742 positione,

1747 2785 1869 2839 qum
1892 2769 1947 2822 in
1974 2768 2094 2837 ejus
2148 2767 2387 2839 gloriosa
2432 2766 2701 2821 celebrata
2746 2749 2828 2819 est
2859 2763 3189 2834 receptione,
3222 2761 3341 2820 haec

1714 2930 1719 2934 _
1749 2860 1881 2919 inibi
1904 2858 2067 2914 verba
2090 2856 2430 2927 suntposita
2457 2874 2471 2911 :
2502 2855 2800 2913 Paruerant
2834 2869 2953 2912 eum

1811 2951 1971 3020 juxta
2006 2950 2206 3018 prolem
2228 2947 2588 3005 clarissimam
2613 2944 2969 3001 Trevirensem
2995 2951 3043 2997 et
3073 2942 3342 3008 inclitam,

1823 3042 1910 3096 ubi
1940 3041 2209 3094 dormiunt
2237 3055 2460 3114 corpora
2480 3039 2893 3113 peregrinorum
2920 3033 3176 3105 plurima,

1822 3140 2149 3203 resurgentes
2168 3132 2237 3185 ad
2259 3132 2482 3201 prmmia
2507 3130 2592 3185 die
2622 3127 2805 3185 mundi
2838 3125 3145 3192 novissima,

1821 3231 2094 3278 occurrent
2117 3224 2170 3275 in
2195 3222 2392 3277 (ethera
2427 3220 2653 3275 Domino
2683 3235 2801 3273 cum
2839 3217 3059 3271 Ireticia.

1752 3315 1877 3370 Haec
1916 3316 2100 3385 itaque
2144 3314 2387 3373 inaudita
2434 3312 2586 3384 prius
2635 3311 2932 3380 Scriptura:
2978 3321 3150 3365 sacra:
3182 3305 3340 3362 testi-

1750 3406 1943 3463 monia.
1958 3422 2083 3462 cum
2110 3405 2409 3476 gratiarum
2441 3401 2554 3457 Deo
2580 3402 2797 3457 actione
2826 3416 2893 3455 ac
2926 3406 3121 3454 sancta
3146 3396 3345 3451 mentis
3388 3460 3391 3465 ἱ

1751 3497 2084 3555 exultatione
2117 3494 2460 3561 lectitabant;
2499 3503 2681 3547 utrum
2714 3505 2845 3546 vero
2877 3489 3083 3545 monita
3116 3487 3341 3547 visionis

1753 3589 1808 3643 in
1836 3589 1919 3644 eis
1959 3595 2305 3651 resonarent,
2354 3595 2449 3640 aut
2497 3594 2683 3640 utrum
2734 3580 2954 3653 aliquod
2992 3594 3317 3651 persequa‘

1753 3680 1982 3738 rcudum
2019 3694 2141 3735 esse
2190 3679 2307 3733 haec
2346 3676 2506 3732 verba
2551 3675 2946 3747 significarent,
2986 3666 3216 3732 necdum
3245 3670 3341 3727 .in-

1754 3770 2083 3838 telligebant.
2133 3799 2199 3808 —
2246 3766 2589 3837 Quapropter
2636 3775 2833 3821 vocato
2888 3765 2957 3823 ad
3012 3779 3072 3821 se
3118 3769 3246 3823 uno.
3280 3763 3347 3825 de

1756 3860 1932 3915 tribus
1975 3875 2117 3928 quos
2149 3857 2503 3926 praediximus
2553 3856 2834 3921 fratribus,
2860 3856 2912 3910 ei
2934 3863 2988 3910 et
3018 3854 3349 3914 admonitio—

1755 3966 1876 4005 nem
1913 3949 2065 4007 vocis
2112 3946 2300 4017 procul
2348 3943 2518 3999 dubio
2562 3945 2859 4015 angelicae,
2906 3957 3074 4013 quam
3119 3939 3349 4013 praefata

1758 4055 1913 4096 soror
1938 4044 2243 4108 acceperat,
2281 4042 2666 4100 narraverunt,
2709 4034 3008 4096 et,librum
3032 4046 3350 4109 ymnorum,

1756 4147 1919 4203 quem
1956 4130 2215 4184 instinctu
2244 4127 2392 4183 vocis
2412 4125 2661 4198 ejusdem
2692 4126 2833 4183 inter
2861 4123 3259 4189 vetustissima,
3290 4132 3353 4178 ut

1758 4226 1831 4281 ita
1862 4223 2184 4287 dixerimus,
2208 4230 2474 4287 veterum
2521 4217 2804 4275 volumina
2825 4224 3161 4287 repererunt,
3190 4229 3351 4271 mon—

1759 4309 2226 4377 straverunl.,Qui
2272 4309 2455 4367 simul.
2485 4324 2547 4367 ac
2591 4322 2940 4363 communem
2984 4321 3175 4361 eorum
3220 4320 3349 4361 ora~

3322 3098 3334 3125 )

42 4395 220 4477 clara
265 4412 659 4482 supervenerit,
700 4428 823 4482 qua:
878 4412 1086 4466 diceret
1133 4430 1164 4470 ε,
1196 4408 1358 4473 Vade,
1398 4426 1573 4480 qurere
1602 4409 1657 4462 in
1693 4444 1734 4498 ί)
1763 4405 1929 4461 tionis
1970 4401 2325 4457 intentionem
2365 4399 2718 4468 auditamque
2748 4406 2802 4452 et
2831 4395 3232 4498 visam-divina:
3266 4395 3350 4449 vi—

44 4506 439 4564 retustissimis
482 4504 711 4563 scedulis
764 4504 941 4561 aureis
976 4502 1169 4567 litteris
1204 4503 1261 4558 in
1303 4501 1659 4556 testimonium
1693 4484 1731 4498 ”
1762 4496 1935 4551 sionis
1956 4491 2388 4549 consolationem
2436 4490 2490 4546 in
2519 4497 2700 4544 mente
2727 4484 3355 4552 retractavit,'volunta-

44 4597 205 4655 illis.
257 4594 426 4666 Cujus
472 4596 625 4651 vocis
672 4595 919 4650 altisona
979 4593 1204 4664 strepitu
1258 4590 1659 4662 expergefacta,

42 4691 203 4745 dum
230 4686 405 4756 capite
433 4687 501 4742 de
524 4687 786 4743 subsellio
812 4685 990 4739 levato
1012 4685 1461 4754 circumspiciens
1484 4683 1661 4737 nemi-

44 4793 199 4836 nem
260 4778 488 4845 videret,
512 4787 675 4849 caput
724 4778 923 4833 iterum
962 4777 1017 4831 in
1058 4777 1291 4831 eundem
1340 4773 1659 4845 quiescendi

45 4870 298 4934 mndum
328 4871 418 4926 vix
457 4871 723 4941 reposuit,
763 4885 889 4925 cum
921 4870 1102 4925 denuo
1136 4884 1239 4922 vox
1269 4866 1461 4925 eadem
1498 4882 1659 4937 aper-

45 4966 184 5026 tius
227 4977 397 5039 qnam
431 4961 835 5037 prius‘auribus
862 4961 984 5030 ejus
1005 4959 1266 5016 insonuit.
1300 4958 1500 5013 lterum
1530 4973 1662 5029 ergo

42 5061 260 5111 erecta
290 5061 346 5108 et
373 5052 532 5124 signo
561 5062 764 5109 saneta:
797 5052 980 5108 crucis
1010 5051 1243 5115 munita,
1286 5050 1417 5104 dum
1449 5049 1660 5104 nullum

43 5145 228 5202 vocis
262 5144 429 5215 hujus
451 5155 728 5201 auctorem
746 5146 801 5199 in
822 5152 1112 5215 prospectu
1136 5142 1380 5207 haberet,
1404 5156 1514 5196 non
1533 5140 1663 5195 dor—

44 5237 303 5301 ruitura,
347 5234 440 5291 sed
480 5235 703 5291 tertium
729 5235 883 5292 vocis
903 5234 1070 5304 hujus
1101 5232 1395 5288 adventum
1436 5239 1664 5302 prasto—

48 5330 289 5399 latura,
317 5333 482 5399 caput
528 5325 728 5379 iterum
779 5323 1082 5380 reclinavit.
1125 5321 1281 5376 Tunc
1319 5336 1471 5387 vero,
1519 5320 1663 5377 sicut

49 5423 196 5489 ipsa
235 5418 421 5489 retulit
459 5418 638 5484 nobis,
668 5433 772 5472 vox
802 5417 1012 5483 eadem,
1054 5413 1214 5485 quasi
1256 5429 1385 5479 cum
1425 5412 1661 5482 quadam

1364 5484 2038 5593 miscerem
2090 5512 2123 5593 χ

1762 4588 1869 4643 tem
1894 4584 2267 4642 miserationis
2291 4581 2386 4637 Dei
2417 4581 2471 4635 in
2495 4582 2600 4635 hoc
2620 4596 2743 4635 esse
2767 4578 3076 4635 aestimavit.
3104 4575 3173 4632 Ut
3205 4576 3353 4631 hunc

1763 4680 1882 4733 ideo
1909 4677 2182 4737 libellum,
2242 4670 2565 4728 memoriam
2592 4668 2880 4725 facientem
2914 4666 3349 4738 peregrinorum,

1760 4767 1841 4822 eis
1884 4762 2342 4827 accommodaret,
2394 4774 2505 4830 quo
2555 4758 2713 4819 nobis
2767 4757 3004 4826 amplius
3052 4753 3353 4809 eorundem

1760 4857 2039 4929 quaerendi
2088 4851 2424 4912 desiderium
2477 4853 2579 4906 hoc
2632 4850 2795 4905 modo
2855 4847 3147 4917 inspiraret
3172 4843 3359 4917 [roga-

1762 4947 2011 5020 vit‘m];
2057 4945 2206 5018 quod
2250 4953 2305 4999 et
2347 4943 2552 5001 factum
2604 4952 2708 4996 est.
2738 4972 2809 4981 ——
2853 4936 2989 4996 Nam
3024 4952 3153 4993 mox
3202 4944 3261 4990 ut
3287 4935 3354 4990 Ii.-

1763 5042 1861 5096 her
1882 5042 1984 5095 iste
2024 5052 2313 5111 ymnorum
2344 5036 2400 5090 in
2425 5042 2756 5089 conventum
2791 5030 3021 5087 fratrum
3070 5028 3284 5084 delatus
3301 5036 3357 5082 et

1765 5147 1963 5204 ymnus
1988 5130 2097 5184 ille.
2116 5127 2318 5185 ibidem
2347 5134 2431 5183 est
2460 5124 2725 5183 recitatos
2750 5164 2766 5189 ,
2803 5123 2876 5177 ita
2914 5120 3081 5177 corda
3104 5118 3357 5189 omnium

1765 5227 1840 5280 ibi
1877 5222 2231 5294 praesentium
2280 5218 2513 5274 fratrum
2572 5217 2640 5272 ad
2666 5213 3000 5285 inquirenda
3037 5211 3195 5282 plura
3227 5206 3361 5290 sunt

1770 5331 2031 5381 accensa,
2062 5322 2122 5368 ut
2152 5329 2265 5368 una
2291 5312 2536 5367 omnium
2568 5308 2983 5381 prudentiorum
3028 5304 3173 5375 apud
3204 5303 3367 5375 ipsos

1768 5419 1914 5464 esset
1956 5403 2235 5467 sententia.
2249 5403 2317 5459 de
2364 5388 2914 5482 frangendapropter
2941 5398 3084 5482 hanc
3111 5393 3355 5477 inquisi-

145 5575 251 5612 ⁸⁸⁸⁸
278 5576 483 5630 sanctis
516 5576 847 5661 monialihus
872 5576 954 5630 rd.
979 5575 1073 5608 ““
1110 5573 1298 5646 frigies
1321 5568 1404 5628 ed.
1430 5572 1523 5613 ξω
1852 5574 1857 5579 ’

1601 5638 1837 5694 NOTAE.

154 5684 307 5785 (566)
338 5713 415 5771 xu
448 5713 669 5771 llorrca.

1796 5658 2071 5775 7"(rerum
2101 5714 2181 5761 est
2198 5669 2386 5759 mea
2413 5668 2642 5756 Scolica.
2688 5666 2693 5671 ’
2738 5662 2747 5679 δ
