3838 6296
455 250 604 345 327i

1203 262 1443 335 .GESTA,
1470 261 1767 327 TREVER.
1808 290 1880 303 -—
1915 256 2204 319 ᾹΡΡΕΝΒ.
2246 261 2334 317 EX
2373 259 2556 317 HIS'I‘.
2592 261 2809 317 MM“.
2839 260 3046 316 TREV.

3604 264 3735 320 sm

468 378 675 433 tionem
690 374 886 448 $ancti
936 372 1151 428 Paulini
1189 372 1382 441 cripta.
1429 356 1545 439 Qua
1580 373 1656 427 de
1679 387 1758 439 re,
1806 388 2055 431 commu-
2078 378 2130 438 Α
2158 383 2274 429 tum
2304 382 2526 443 propter
2564 373 2789 429 eosdem
2820 373 3153 431 inﬁdelitatis
3180 375 3471 433 minium
3490 376 3567 432 ἠ
3590 377 3739 435 Ha

470 469 652 524 nicato
696 482 821 522 cum
855 463 1194 534 principibus
1231 463 1468 519 civitatis
1491 464 1736 529 consilio,
1773 463 2048 521 licentiam

471 560 636 627 hujus
682 556 761 610 rei
800 571 830 609 a
866 553 1524 624 domnoarcbicpiscopo
1572 553 1761 609 Udone
1807 556 2051 624 postula-

465 644 621 715 bant,
655 655 707 701 et
729 644 827 704 vix
875 644 1135 698 nimirum
1168 644 1551 714 impetrabant.
1587 644 1667 700 Ita
1710 661 1946 715 namque
1984 661 2052 700 ex

471 736 736 793 industria
781 735 970 789 eadem
1011 736 1185 805 cripta
1221 734 1324 790 fuit
1374 736 1619 802 munita,
1673 745 1734 790 ut
1765 736 1874 792 nisi
1904 744 2055 793 moto

468 825 749 898 principali
796 826 1041 896 ejusdem
1086 826 1407 882 monasterii
1456 827 1616 881 altari
1672 827 1855 882 nullus
1899 828 2053 891 locus

467 912 692 973 daretur
723 933 845 972 eam
870 916 1270 988 confringendi.
1324 916 1477 976 Unde
1514 935 1625 973 non
1658 918 1901 975 iudebito
1923 935 2049 989 gra-

467 1009 621 1063 vitati
661 1023 773 1063 suae
814 1008 1047 1063 consilio
1083 1023 1192 1062 non
1225 1006 1401 1063 facilis
1439 1016 1557 1063 erat
1596 1009 1833 1063 domnus
1873 1008 2054 1063 archi-

468 1101 795 1172 episcopus,
822 1099 958 1155 tauti
981 1098 1277 1154 sanctuarii
1308 1096 1590 1168 frangendi
1624 1098 1899 1154 licentiam
1942 1097 2052 1154 dif-

470 1192 711 1248 ferendo.
750 1221 820 1230 -—
846 1189 1040 1247 Fracta
1074 1190 1240 1260 igitur
1276 1191 1472 1259 cripta,
1505 1190 1731 1249 inventa
1757 1198 1887 1246 sunt
1907 1189 2054 1246 circa

470 1282 815 1353 sarcofagum
855 1280 1030 1336 sancti
1074 1280 1290 1336 Paulini
1335 1297 1430 1335 sex
1480 1280 1784 1351 sarcofaga,
1813 1296 2051 1351 quorum

470 1375 580 1430 duo
622 1373 883 1428 lateribus
929 1371 1048 1441 ejus
1082 1373 1331 1441 apposita
1373 1371 1612 1439 fuerunt,
1658 1384 1891 1445 quatuor
1924 1387 2056 1427 vero

470 1465 703 1535 pedibus
731 1464 851 1533 ejus
871 1463 942 1517 ita
967 1463 1293 1519 altrinsecus
1318 1463 1686 1530 adhaeserunt,
1705 1462 1849 1532 quod
1869 1462 2056 1517 utrim-

470 1570 577 1626 que
605 1554 712 1613 duo
748 1570 815 1608 ex
864 1554 945 1631 eis
994 1555 1274 1620 steterint;
1323 1554 1453 1608 item
1496 1554 1562 1608 ad
1609 1561 1773 1623 caput
1811 1553 2051 1622 ejusdem

472 1645 646 1702 sancti
691 1645 864 1716 patris
907 1645 1082 1700 nostri
1133 1653 1339 1714 septem
1402 1642 1687 1714 sarcofaga
1736 1651 2051 1698 sanctorum

470 1745 795 1806 martyrum,
831 1735 1053 1791 totidem
1095 1735 1419 1805 corporibus
1450 1734 1895 1800 aromatizantia,
1935 1732 2056 1789 fue-

470 1836 601 1882 runt
643 1828 837 1882 locata.
872 1825 996 1882 llaec
1024 1841 1152 1881 vero
1176 1827 1362 1882 omnia
1393 1826 1472 1881 sic
1501 1827 1848 1897 eolligaverat
1874 1826 2058 1879 locan-

472 1916 610 1971 tium
645 1910 934 1982 industria,
973 1924 1031 1969 ut
1064 1914 1237 1985 factis
1284 1914 1590 1970 fornicibus
1635 1915 1865 1985 singulis
1896 1929 2059 1984 super

473 2004 774 2077 sarcofagis
796 2008 963 2074 binis,
990 2007 1195 2073 nullus,
1221 2016 1283 2063 ut
1311 2007 1516 2061 dictum
1539 2015 1643 2074 est,
1664 2007 1819 2061 locus
1841 2006 2061 2060 daretur

471 2098 554 2152 eis
583 2099 888 2164 movendis,
918 2099 1026 2153 nisi
1052 2107 1199 2152 moto
1222 2099 1373 2166 prius
1395 2097 1551 2151 altari
1574 2098 1850 2166 prazcipuo
1870 2113 2060 2151 mona-

473 2189 646 2243 sterii.
685 2188 909 2242 Fecerat
947 2195 1205 2257 praetcrea
1270 2203 1375 2241 non
1430 2187 1596 2256 hujus
1643 2187 1827 2256 criptaa
1867 2187 2057 2241 condi-

472 2290 565 2332 tor
611 2293 905 2347 operosus,
956 2279 1052 2333 sed
1104 2278 1272 2347 hujus
1330 2278 1437 2334 loci
1486 2289 1540 2333 et
1583 2294 1775 2335 eorum
1818 2294 1941 2349 quae
1985 2278 2059 2333 ibi

476 2376 607 2422 sunt
648 2377 963 2437 sanctorum
990 2383 1281 2437 corporum
1321 2367 1521 2438 aliquis
1551 2367 1860 2435 studiosus,
1890 2367 2062 2424 altare

474 2455 747 2527 quoddam
773 2472 883 2511 non
914 2473 1170 2528 magnum
1194 2457 1260 2511 ad
1290 2456 1455 2525 pedes
1487 2454 1660 2511 sancti
1683 2458 1851 2526 patris
1886 2458 2057 2512 nostri

472 2533 761 2618 sarcofago
802 2546 925 2617 ejus
961 2556 1324 2617 compactum.
1374 2545 1551 2616 Hujus
1599 2548 1781 2602 denuo
1831 2550 2062 2604 remotio

472 2645 531 2692 et
572 2637 755 2708 aliqua
797 2638 899 2692 sub
926 2638 1046 2707 ipso
1090 2648 1247 2693 terrae
1282 2636 1500 2693 ell‘05sio
1531 2638 1688 2707 plena
1724 2636 1827 2693 fuit
1863 2648 2062 2694 nostra:

473 2727 866 2796 expectationis
913 2728 1238 2782 consolatio.
1289 2727 1512 2782 Inventa
1544 2737 1629 2783 est
1667 2729 1934 2798 siquidem
1987 2729 2060 2784 ibi

473 2819 661 2875 tabula
714 2834 1046 2886 marmorea;
1092 2835 1199 2889 qua
1237 2819 1472 2885 sublata,
1523 2807 1775 2889 apparuit
1815 2819 2061 2889 ejusdem

475 2909 781 2966 latitudinis
827 2910 1009 2964 tabula
1057 2911 1331 2980 plumbea.
1378 2907 1505 2965 Haec
1529 2911 1658 2965 item
1711 2911 1885 2970 levata
1916 2911 2061 2965 mul—

474 3007 642 3068 taque
700 3016 856 3070 aqua:
928 2999 1204 3055 infusione
1273 3000 1554 3071 multaque
1632 3009 1762 3054 setae
1825 3001 2063 3071 porcinre

475 3089 870 3145 confricatione
897 3092 1114 3145 tandem
1147 3100 1395 3162 purgata,
1432 3089 1617 3145 retulit
1665 3090 1824 3145 nobis
1851 3100 1905 3145 et
1928 3091 2061 3146 isto-

474 3196 601 3239 rum
628 3191 930 3254 martyrum
951 3183 1216 3253 vocabula
1244 3191 1299 3237 et
1322 3191 1623 3254 martyrum
1655 3190 1920 3252 tempora,
1947 3197 2063 3252 per-

476 3279 791 3327 secutorum
813 3287 1031 3340 quoque
1064 3270 1307 3335 nomina,
1330 3270 1545 3339 aliaque
1568 3270 1821 3339 perplura
1847 3286 2062 3325 summa

477 3360 793 3413 festivitatis
861 3362 1133 3429 praeconia
1203 3360 1366 3428 hujus
1424 3359 1630 3429 plumbi
1678 3360 1875 3415 cecinit
1905 3360 2063 3415 nobis

480 3450 779 3521 sculptura.
826 3446 1000 3517 Hujus
1053 3464 1183 3517 ergo
1234 3457 1441 3521 textum
1490 3449 1785 3521 sculpturaa
1834 3449 1923 3504 hic
1963 3466 2063 3503 vo-

478 3539 684 3595 luimus
728 3539 960 3610 pleniter
995 3540 1257 3595 inserere.
1287 3537 1351 3591 In
1398 3556 1461 3592 ac
1504 3541 1675 3609 cripta
1712 3538 1882 3609 (568).
1928 3579 1939 3590 .
1986 3580 2001 3593 .
2046 3582 2059 3594 .

552 3720 610 3777 3.,
654 3718 815 3773 Lecta
855 3727 940 3774 cst
989 3719 1153 3789 igitur
1191 3720 1306 3776 haec
1334 3722 1563 3791 epistola
1603 3732 1657 3776 et
1699 3722 1752 3775 in
1800 3721 2065 3792 plurimas

479 3822 611 3864 mox
632 3815 813 3862 cartas
848 3823 972 3863 cum
996 3802 1193 3880 magno
1229 3811 1476 3864 omnium
1530 3809 1626 3864 Dei
1657 3810 1896 3865 ﬁdelium
1923 3812 2066 3867 hanc

480 3895 820 3975 audientium
865 3897 1107 3975 tripudio
1135 3898 1491 3969 transcripta;
1534 3915 1634 3954 nec
1682 3908 1862 3955 tamen
1894 3899 2068 3955 defuit

479 3984 537 4042 in
582 3988 703 4061 ipso
748 3974 988 4043 ﬁdelium
1035 3987 1132 4043 Dei
1182 3989 1410 4060 collegio
1438 3990 1683 4045 ecclesiae
1716 3991 2067 4062 malignantis

478 4080 772 4147 dissensio,
805 4097 926 4155 quae
984 4081 1101 4136 haec
1146 4080 1345 4137 divinae
1395 4081 1765 4139 miserationis
1802 4083 2065 4138 beneﬁcia

477 4188 592 4229 non
640 4182 845 4246 quanta
907 4172 1139 4228 debebat
1202 4174 1502 4229 reverentia
1564 4173 1916 4244 suscipiebat.
1962 4173 2068 4230 Sed

479 4263 676 4334 spiritu
709 4264 965 4335 instigata
998 4265 1258 4336 maligno,
1287 4264 1544 4320 dentibus
1566 4280 1630 4319 ea
1655 4265 1836 4321 lividis
1858 4266 2067 4321 laniare

477 4354 863 4423 praesumebat.
921 4353 1177 4409 Ceterum
1206 4353 1395 4408 dentes
1435 4369 1646 4420 eorum,
1686 4364 1873 4424 utpote
1933 4371 2063 4425 pec-

480 4456 751 4513 catorum,
794 4445 1061 4502 Dominus
1100 4456 1382 4502 conterere
1418 4447 1659 4515 curavit,
1701 4447 1833 4504 dum
1885 4449 2061 4517 signa,

480 4553 604 4606 qua:
620 4537 779 4606 juxta
804 4536 961 4592 Pauli
989 4538 1152 4592 verba
1184 4554 1292 4593 non
1330 4537 1598 4605 ﬁdelibus,
1625 4540 1720 4594 sed
1752 4539 2079 4603 inﬁdelibus

478 4623 540 4694 ’(1
568 4623 692 4680 Cor.
725 4641 838 4691 xw,
867 4625 960 4695 22)
992 4626 1116 4680 data
1147 4636 1297 4691 sunt,
1317 4628 1372 4682 in
1409 4637 1704 4698 conspectu
1736 4644 1927 4684 eorum
1965 4646 2065 4700 per

478 4715 676 4791 merita
726 4715 1013 4770 martirum
1061 4716 1455 4786 pretiosorum,
1492 4733 1726 4789 quorum
1763 4718 2061 4774 inventioni

480 4819 590 4860 non
631 4805 1067 4877 congaudebant,
1117 4807 1517 4877 multiplicavit.
1545 4804 1630 4861 Ex'
1660 4807 1746 4863 his
1780 4807 1945 4879 igitur
1969 4809 2067 4863 ali-

478 4906 611 4965 qua,
649 4903 710 4949 ut
750 4894 913 4952 dictis
939 4897 1253 4966 apostolicis
1279 4897 1333 4951 in
1358 4898 1465 4952 hoc
1485 4897 1914 4965 consentiamus,
1946 4916 2057 4954 non

482 4993 692 5041 tantum
724 4995 944 5058 propter
991 4987 1175 5046 ﬁdeles
1223 4986 1427 5044 Christi
1474 4988 1845 5051 instruendos.
1879 5007 2056 5063 quan-

2144 473 2357 523 rectam
2382 471 2439 519 et
2466 463 2827 521 reverentiam
2856 466 3068 521 sanctis
3108 465 3205 521 Dei
3229 466 3741 535 debitae“

2145 555 2383 620 nendos,
2413 553 2651 611 breviter
2680 563 2959 610 manus.

2224 646 2468 710 Quorum
2497 645 2737 713 primum
2763 644 2928 701 'adeo
2974 647 3233 713 notabile,
3281 647 3423 707 adeo
3474 662 3741 705 ,ιε-ιη-

2152 737 2283 803 bile,
2331 737 2466 793 adeo
2486 739 2652 796 etiam
2684 738 2790 795 fuit
2836 739 3109 806 mirabile,
3165 749 3229 794 ut
3275 755 3390 796 non
3432 742 3661 807 dum,
3700 747 3743 799 si

2154 843 2277 898 quae
2299 827 2522 883 fuerunt
2550 836 2762 885 mentes
2800 829 3124 895 inﬁdelium,
3159 831 3285 886 inde
3321 834 3599 887 nimim
3625 851 3745 889 αις

2154 915 2490 983 tabuissent,
2531 918 2629 973 sed
2654 926 2709 972 et
2726 917 2846 987 ipsa
2904 918 3146 974 ﬁdelium
3204 920 3416 977 Christi
3441 923 3619 977 corda
3650 941 3747 978 ma

2154 1007 2446 1062 minimum
2507 1009 2634 1063 inde
2686 1009 3166 1066 contremuisseut.
3206 1010 3349 1068 Nam
3387 1027 3525 1068 cum
3552 1052 3575 1078 ,
3618 1014 3749 1068 sicut

2154 1098 2529 1168 praediximus,
2573 1096 2717 1154 facta
2752 1100 3307 1169 permisericordiam
3344 1101 3445 1157 Dei
3490 1103 3600 1158 hac
3626 1119 3749 1158 uo-

2155 1196 2368 1244 ctorum
2420 1189 2780 1257 revelatione,
2838 1191 3042 1246 domno
3091 1200 3285 1247 nostro
3334 1194 3751 1264 archiepiscopo

2157 1278 2336 1334 Udoni
2370 1279 2644 1353 hujusque
2696 1281 2999 1353 pricipibus
3044 1282 3429 1352 placuissent,
3482 1293 3547 1338 ut
3588 1286 3749 1354 αἱμα

2156 1378 2478 1425 sanctorum
2523 1385 2817 1440 corporum
2854 1372 3201 1427 eollocationi
3233 1383 3630 1444 competenter
3649 1391 3753 1429 au-

2154 1444 2523 1530 pliﬁcaretur,
2559 1475 2786 1515 necesse
2832 1458 2977 1526 fuit,
3027 1468 3089 1514 ut
3124 1460 3450 1530 plurimum
3495 1472 3654 1516 terra
3690 1479 3751 1519 ex

2155 1549 2345 1604 eodem
2389 1551 2511 1605 loco
2547 1551 2828 1621 purgando
2873 1560 3207 1621 portaretur.
3240 1550 3389 1607 Erat
3430 1561 3619 1607 autem
3641 1564 3751 1607 ante

2158 1640 2212 1695 id
2255 1642 2438 1711 ipsum
2485 1643 2760 1711 saepedicti
2799 1643 2970 1715 patris
2997 1642 3214 1699 Paulini
3256 1644 3667 1700 monasterium
3691 1660 3751 1697 ex

2090 1716 2132 1770 Β
2157 1744 2310 1805 parte
2338 1736 2658 1790 occidentali
2678 1735 2836 1804 palus
2855 1735 3125 1804 quaedam,
3155 1736 3236 1789 ita
3262 1735 3751 1793 viantibus-Icta.

2159 1836 2221 1881 ut
2248 1827 2644 1880 monasterium
2677 1826 2809 1880 illud
2840 1826 3155 1895 petentibus
3202 1835 3309 1879 aut
3352 1826 3497 1879 inde
3519 1841 3610 1894 per
3630 1826 3752 1879 hac

2159 1917 2302 1971 viam
2337 1917 2597 1987 repedare
2633 1917 2944 1971 volentibus
2986 1916 3078 1970 vix
3117 1917 3549 1986 angusﬁssima
3594 1916 3751 1971 relicta

2162 2004 2356 2078 fuisset
2378 2021 2476 2091 per
2522 2005 2671 2061 illam
2711 2007 2929 2062 semita.
2984 2005 3105 2072 Qua
3124 2005 3198 2060 de
3250 2020 3319 2059 re
3360 2005 3753 2075 plerisquebri
3836 2010 3838 2039 ι

2162 2093 2312 2148 illius
2354 2093 3020 2164 fratribus«complacuit,
3066 2103 3127 2147 ut
3182 2095 3401 2148 eadem
3462 2102 3755 2165 terra,“
3836 2106 3838 2157 ξ

2161 2186 2232 2241 ob
2254 2185 2563 2256 praedictam
2588 2185 2841 2255 parandae
2878 2185 3067 2254 criptae.
3099 2186 3524 2240 necessitatem
3548 2184 3614 2238 de
3654 2199 3751 2237 no-

2162 2276 2404 2333 nasterio
2425 2284 2756 2346 portaretur,
2804 2276 2872 2330 ad
2913 2275 3364 2330 exsiccationem
3390 2275 3611 2344 paludis
3631 2274 3751 2344 ejus—

2161 2368 2285 2423 dem
2318 2369 2611 2422 locaretur.
2650 2365 2804 2433 Quod
2853 2380 2977 2421 cum
3014 2365 3172 2420 fieret
3222 2373 3284 2419 et
3348 2374 3509 2423 terra
3555 2380 3643 2434 pa
3672 2379 3749 2418 sa

2157 2458 2273 2527 jam
2301 2458 2417 2512 dies
2448 2442 2533 2511 ibi
2568 2458 2815 2527 deposita
2841 2455 3057 2523 fuisset,
3099 2455 3340 2522 accidit,
3382 2464 3454 2509 ut
3488 2454 3546 2509 in
3572 2456 3653 2509 die
3678 2470 3753 2508 ξεν

2162 2548 2335 2616 ptimo
2390 2561 2533 2601 unus
2587 2548 2786 2617 aliquis
2822 2562 2891 2602 ex
2922 2546 3027 2601 loci
3062 2546 3220 2601 illius
3263 2545 3607 2612 canonicis,
3646 2556 3757 2597 ante

2162 2639 2321 2708 cujus
2352 2646 2569 2708 portam
2609 2638 2766 2711 palus
2786 2637 2976 2695 eadem
3001 2636 3319 2693 maximam
3349 2636 3746 2693 inundationem

2163 2728 2418 2795 faciebat,
2451 2729 2633 2784 studio
2660 2728 3069 2798 complanandte
3100 2736 3273 2782 terra
3320 2727 3542 2782 ibidem
3570 2725 3752 2796 posui.
3836 2752 3838 2795 ί

2163 2819 2231 2874 de
2267 2819 2431 2875 domo
2458 2835 2557 2875 sua
2609 2820 2983 2890 egrederetur;
3029 2826 3273 2888 eumque
3326 2827 3550 2872 terram
3591 2816 3747 2870 discu-
3836 2828 3838 2837 '

2164 2910 2351 2966 tiendo
2408 2910 2585 2969 frusta
2613 2909 2863 2980 quaedam
2903 2909 3113 2965 ossium
3149 2908 3297 2962 inibi
3321 2908 3526 2978 jacere
3552 2907 3750 2969 vident.
3836 2940 3838 2965 ;

2164 3018 2347 3057 unum
2370 3017 2437 3057 ex
2471 3001 2580 3055 illis
2619 3000 2961 3071 suscipiens,
2997 2999 3052 3053 in
3090 3014 3264 3053 manu
3310 3014 3426 3053 sua
3463 2998 3523 3052 in
3554 2998 3749 3051 donl-

2164 3093 2295 3147 illud
2333 3093 2588 3163 portavit.
2623 3092 2858 3161 Accepta
2894 3091 3058 3146 etiam
3108 3105 3257 3163 aqua
3310 3089 3618 3159 diligenter
3641 3088 3748 3139 illud

2163 3184 2449 3255 purgavit,
2484 3193 2541 3239 et
2578 3192 2866 3254 purgatum
2920 3183 3139 3237 cuidam
3181 3182 3420 3236 mulieri
3453 3182 3526 3237 ad
3553 3194 3747 3236 eom-

2163 3275 2421 3341 vandum,
2457 3275 2632 3329 donec
2651 3274 2706 3328 in
2731 3274 3124 3329 monasterium
3149 3271 3446 3327 referendi
3475 3274 3650 3327 locum
3672 3272 3748 3324 h-

2163 3366 2335 3434 beret,
2356 3364 2777 3421 commendavit.
2792 3362 2946 3431 Quod
2970 3363 3063 3417 illa
3083 3362 3414 3432 despective
3437 3361 3748 3430 suscipiens,

2163 3466 2219 3512 et
2238 3473 2338 3511 cur
2366 3456 2499 3514 illud
2527 3455 2831 3511 reverentia
2855 3453 3079 3524 dignum
3110 3467 3236 3507 esse
3257 3451 3558 3521 judicaret
3583 3449 3745 3519 inqui—

2165 3564 2319 3614 rens,
2351 3547 2536 3617 posuit
2562 3555 2740 3600 tamen
2766 3545 2900 3599 illud
2928 3545 2984 3599 in
3014 3542 3220 3597 scrinio
3244 3557 3357 3597 suo
3394 3542 3547 3596 inter
3577 3540 3747 3610 patrui-

2164 3639 2382 3693 culosos
2410 3638 2657 3709 aliosque
2696 3635 2979 3695 muliebris
3022 3633 3387 3715 supellectilis
3427 3650 3570 3689 usus
3587 3633 3746 3686 diser

2165 3745 2289 3795 sos;
2323 3729 2724 3799 pigmentorum
2756 3741 2975 3797 quoque
3003 3724 3215 3794 species
3243 3723 3459 3794 aliqua
3486 3724 3542 3776 in
3571 3720 3745 3776 eodem

2167 3818 2387 3873 fuerunt
2432 3817 2636 3873 scrinio
2684 3814 2957 3885 repositae.
2991 3813 3130 3867 Cum
3172 3821 3360 3868 autem
3417 3808 3749 3881 vespertinﬁ

2165 3908 2345 3964 ofﬁcio
2367 3950 2382 3973 ,
2414 3908 2555 3962 sicut
2577 3902 3064 3976 quadragesimalis
3100 3901 3375 3971 temporis,
3395 3902 3542 3956 ratio
3577 3912 3747 3969 ραδτὺ

2165 3996 2294 4062 bat,
2323 3995 2491 4053 frater
2540 3994 2628 4049 ille
2660 4009 2786 4048 cum
2836 3993 2951 4049 suis
2995 3991 3048 4044 in
3101 3990 3295 4045 eadem
3338 3989 3514 4042 domo
3545 3989 3745 4041 reﬁcrre

2165 4089 2344 4154 vellet,
2375 4087 2539 4156 coepit
2561 4085 2681 4151 illa,
2714 4084 2802 4138 cui
2846 4098 2910 4138 os
2935 4081 3295 4139 commissum
3332 4077 3540 4143 fuerat,
3581 4078 3741 4147 paci}:

2166 4178 2339 4232 nimio
2402 4176 2585 4232 cordis
2640 4176 2826 4230 dolore
2857 4172 3134 4238 cruciari,
3201 4169 3372 4241 erepit
3424 4168 3666 4238 corporis
3700 4178 3745 4218 (ι

2168 4266 2454 4338 sanguinis
2509 4266 2770 4322 dominici
2813 4263 3292 4329 communionem,
3340 4271 3406 4314 ut
3450 4260 3546 4291 ⁸⁴²⁸
3587 4257 3744 4312 exitus

2094 4370 2144 4431 ι)
2166 4360 2332 4415 vicini
2369 4357 2816 4429 praeparationem
2832 4396 2853 4422 ι
2877 4354 3078 4426 quibus
3105 4360 3320 4423 poterat
3340 4352 3638 4406 verborum
3672 4346 3741 4400 si-

2168 4451 2310 4523 gnis,
2339 4448 2465 4519 quia
2494 4448 2628 4517 ipsis
2656 4446 2899 4516 nequivit
2926 4444 3130 4509 verbis,
3160 4443 3451 4497 humiliter
3476 4456 3542 4495 ac
3568 4440 3737 4494 deme

2167 4540 2399 4612 precari.
2430 4538 2531 4593 Cui
2560 4535 2727 4592 frater
2752 4537 2841 4591 ille
2868 4554 2879 4589 :
2918 4534 3028 4588 Fac
3054 4535 3172 4600 tibi,
3198 4533 3297 4600 ait,
3330 4533 3593 4585 scrinium
3611 4541 3738 4581 tum

2166 4630 2382 4700 deferri,
2405 4629 2526 4683 etsi
2560 4621 2665 4698 qua
2701 4628 2771 4680 sit
2805 4626 2881 4679 ibi
2918 4625 3112 4694 species
3158 4622 3555 4693 pigmentaria,
3588 4615 3737 4671 deleri

2170 4719 2343 4772 cordis
2392 4717 2698 4786 profutura,
2746 4714 2968 4784 require.
3006 4710 3122 4766 Hoc
3163 4709 3337 4773 dixit,
3387 4717 3447 4762 et
3492 4704 3735 4761 scrinium

2168 4811 2272 4864 hac
2307 4809 2375 4863 de
2421 4822 2588 4861 causa
2621 4804 3012 4860 recludendum
3060 4800 3138 4856 illi
3181 4799 3603 4855 accommodare
3641 4808 3735 4847 nea

2164 4898 2391 4954 distulit.
2439 4896 2554 4951 Hoc
2588 4897 2774 4965 itaque
2818 4895 3040 4948 vixdum
3088 4892 3309 4947 recluso
3333 4898 3392 4945 et
3434 4883 3735 4958 cooperuh

2164 4990 2399 5047 tenuiter
2438 4989 2636 5053 levato,
2667 4987 2805 5041 mira
2830 4987 2948 5045 res!
2982 4993 3139 5043 tanta
3156 4980 3448 5053 sanguinis
3472 4976 3728 5034 emodu-

1709 5147 1738 5180 ς
1757 5122 1986 5177 γΑιιιΑε
2027 5121 2429 5178 LECTIONES.

555 5207 653 5271 ⁸⁸³⁸,
685 5219 780 5267 aut
810 5220 868 5266 ut
894 5214 979 5267 ed.

1972 5325 2203 5382 NOTAE.

552 5483 704 5555 (568)
734 5482 885 5540 Hanc
906 5488 1290 5559 tabulam_vide
1328 5453 1494 5559 supra
1519 5490 1625 5545 col.
1668 5489 1825 5553 1161,
1851 5502 1907 5559 nt
1941 5492 1959 5511 ‘
1994 5504 2060 5544 ex

482 5554 774 5613 Gestorum
824 5554 1103 5611 codicibus
1129 5555 1171 5610 Β
1208 5554 1429 5613 editam'.
1461 5557 1636 5624 Quam
1680 5567 1806 5624 post
1857 5557 2061 5614 North-

476 5638 813 5681 tnannorum
865 5631 1107 5692 tempora
1140 5626 1322 5681 ﬁctam
1345 5641 1489 5694 esse,
1526 5626 1817 5683 Hontﬁeim
1859 5626 2058 5698 (Nolle-

2830 5486 3026 5541 robare
3078 5485 3286 5545 voluit;
3322 5484 3373 5537 in
3420 5476 3717 5545 contrarii”,

2173 5488 2398 5557 rus?)l.
2439 5489 2477 5543 ι.
2510 5503 2564 5558 p.
2611 5487 2734 5558 l00_,
2779 5487 3028 5558 probare
3078 5487 3373 5558 VOLUEIUD
3420 5488 3714 5558 (29³⁸³³ηὲ

2822 5571 2960 5610 ueus
3003 5554 3126 5610 Act.
3154 5543 3391 5608 SS.0ct.
3430 5548 3487 5611 li,
3540 5563 3589 5615 ιι.
3630 5543 3715 5595 εδδ

2173 5574 2306 5613 vero
2344 5556 2669 5615 sententiam
2699 5556 2740 5610 1.

2178 5643 2297 5697 sqq.
2326 5627 2636 5697 disputavit.
