3838 6296
46 276 77 329 1
89 275 219 335 275

47 484 231 542 lieria
260 487 511 553 ejusdem
550 497 665 545 tota
693 500 859 561 atque
875 492 1104 561 pellicea
1147 494 1269 563 ejus
1293 496 1508 552 manica
1540 496 1673 552 dex-

43 584 156 635 tn
210 581 542 639 mirabiliter
599 585 674 641 sit
732 586 858 642 inde
898 587 1138 657 perfusa.
1188 566 1309 660 ipsa
1349 606 1568 667 quoque
1614 593 1671 648 in

49 671 277 731 eadem
314 673 449 730 hera
495 690 528 730 a
557 678 738 733 cordis
775 678 965 735 dolore
1002 688 1089 736 est
1126 681 1396 738 absoluta.
1439 682 1557 749 Qua
1605 684 1674 740 de

49 778 132 818 re
172 764 359 827 nimio
416 768 665 835 percussi
704 776 912 825 terrore
935 813 949 837 ,
990 771 1298 829 lacrimosis
1345 775 1600 843 precibus
1640 790 1697 837 a.

51 854 273 912 divina
311 857 685 933 misericordia
710 862 1066 932 postulabant
1093 863 1374 931 continuo,
1402 874 1673 934 quatenus

53 954 189 1001 tam
234 948 490 1004 inmenso
544 950 848 1007 divinitatis
904 968 1040 1025 suae.
1066 955 1340 1027 preconio
1386 956 1537 1012 nullo
1577 972 1674 1013 eos

51 1037 335 1106 corporis
385 1046 482 1093 aut
517 1039 714 1096 animae
758 1041 1043 1097 damnaret
1090 1043 1318 1113 judicio.
1353 1043 1474 1111 Quo
1503 1044 1670 1112 facto,

52 1127 253 1188 frater
300 1130 442 1189 idem
480 1147 711 1191 currens
747 1135 1022 1195 curriculo
1059 1138 1127 1193 ad
1153 1138 1389 1211 aliquem
1416 1138 1671 1209 fratrum,

51 1238 250 1293 quem
297 1226 400 1280 sibi
443 1237 701 1298 expertus
741 1238 859 1286 erat
887 1247 1011 1288 esse
1054 1233 1378 1302 ﬁdeliorem,
1412 1237 1481 1291 ad
1507 1238 1673 1307 hujus

53 1315 153 1373 rei
202 1330 335 1370 eum
386 1319 639 1387 perduxit
687 1321 1230 1380 demonstrationem.
1282 1325 1385 1393 Qui
1426 1329 1670 1397 veniens,

55 1403 214 1463 dum
238 1406 429 1463 scrinii
452 1408 698 1478 ejusdem
729 1414 1051 1482 operculum
1080 1416 1514 1487 introspecturus
1533 1421 1674 1475 leva-

54 1504 183 1561 ret,
218 1497 427 1567 nullus,
474 1500 616 1556 sicut
643 1500 759 1571 ipse
784 1503 880 1571 ait,
909 1506 1003 1575 qui
1031 1506 1137 1561 hoc
1163 1523 1274 1563 non
1300 1509 1527 1579 videret,
1558 1527 1675 1567 cre-

51 1585 209 1641 dere
246 1602 360 1656 nqn
384 1590 607 1657 valeret,
635 1594 871 1663 qualiter
903 1596 1084 1655 adhuc
1121 1599 1349 1669 sanguis
1382 1617 1449 1659 ex
1478 1604 1670 1661 eodem

54 1690 208 1732 osse
234 1678 417 1748 ipsum
455 1682 639 1737 scrinii
685 1686 1003 1753 operculum
1031 1696 1315 1761 totumque
1358 1693 1507 1763 quod
1550 1694 1671 1764 ipso

796 280 1024 342 cus-ra
1063 282 1363 343 rnavnn.
1398 314 1474 325 -
1508 284 1804 349 arma
1846 290 1937 348 ex
1979 290 2160 354 mer.
2199 298 2415 361 mur.
2459 304 2664 373 rnnv.
2740 290 2751 301 ‘

45 395 141 505 tia
272 395 521 505 esse‘illo
539 397 697 457 valde
721 414 892 473 parvo
1019 400 1215 467 effusa,
1246 411 1307 457 ut
1340 401 1511 459 facies
1538 419 1664 459 mu-
1694 411 1743 469 Α
1771 409 1901 468 libet
1942 417 2153 474 ordinis
2182 430 2237 476 et
2286 382 2462 482 anatis
2512 429 2612 483 viri
2660 446 2723 486 ac
2769 432 3005 505 feminte,

3208 320 3347 383 427—!

1813 437 1911 519 tu.
1942 437 2153 474 orantis
2182 437 2237 476 et
2286 437 2462 482 astatis
2512 437 2612 483 viri
2660 446 2723 486 ac
2769 437 3005 505 feminae,
3036 437 3271 509 [juvenes
3300 454 3357 498 et

1774 519 2036 578 virgines,
2083 527 2245 569 senes
2288 530 2414 571 cum
2458 519 2812 591 junioribus,
2861 527 3106 585 hilariter
3155 547 3357 588 conve—

1774 596 2007 665 nientes,
2041 600 2191 658 ﬁnita
2210 602 2391 673 laude,
2420 608 2473 663 in
2505 625 2606 667 sua
2633 613 2936 684 redierung,
2984 608 3258 677 “uominum
3288 622 3358 684 de

1776 693 1884 739 tarn
1922 687 2151 745 inauditi
2206 695 2459 752 miraculi
2507 709 2728 771 stupore
2771 704 3172 766 benedicentes.
3209 684 3357 767 Con-

1775 777 1896 847 tigit
1939 790 2120 835 autem
2169 784 2313 840 istud
2347 788 2671 846 miraculum
2708 796 2897 863 quinta
2939 796 3125 855 Nonas
3152 790 3369 870 Martii,

1773 874 1827 922 et
1850 869 2136 927 sabbatum
2161 885 2277 931 erat
2293 878 2464 949 (569).
2498 878 2642 937 Hora
2683 900 2814 941 vero
2838 903 2981 943 nona
3004 891 3269 947 cruorille
3288 869 3350 948 es

1771 972 1898 1013 osse
1925 962 2087 1031 coepit
2124 980 2368 1036 manare,
2397 971 2492 1040 qui
2535 988 2646 1028 non
2682 985 2808 1032 ante
2854 980 3069 1035 tertiam
3104 985 3357 1039 secunda:

1772 1046 1921 1103 feriae
1953 1051 2144 1108 horam
2193 1056 2346 1113 visus
2389 1070 2475 1115 est
2526 1073 2764 1120 ccssa’rc.
2812 1066 2979 1123 Fama
3017 1080 3146 1140 ergo
3190 1072 3358 1141 hujus

1772 1141 2024 1199 miraculi
2052 1144 2214 1216 longe
2238 1148 2471 1220 lateque.
2501 1156 2739 1211 volando
2764 1158 3126 1227 plurimorum
3158 1162 3357 1219 salutis

1771 1231 1914 1288 facta
1958 1243 2043 1290 est
2088 1239 2325 1307 occasio,
2361 1242 2490 1297 dum
2533 1246 2807 1303 innumeri
2842 1250 3074 1305 diversis
3120 1252 3355 1322 languo-

1764 1338 1893 1381 rum
1923 1324 2338 1400 fatigationibus
2366 1336 2634 1405 oppressi,
2666 1341 2734 1394 ad
2761 1340 2925 1411 hujus
2952 1340 3154 1396 famam
3177 1344 3351 1397 mira-

1771 1415 1879 1473 culi
1927 1418 2309 1491 undecumque
2353 1425 2541 1493 exciti,
2587 1430 2838 1486 venirent
2886 1433 2953 1487 ad
2982 1434 3130 1488 hunc
3170 1433 3351 1488 locum

1771 1506 2012 1564 humiles
2039 1519 2095 1565 et
2123 1512 2322 1569 devoti.
2355 1513 2606 1587 Cumque
2634 1536 2819 1576 coram
2849 1524 2954 1579 hoc
2984 1524 3148 1594 positi
3174 1539 3358 1578 sacra-

1770 1608 1957 1655 mento
1981 1611 2203 1675 propter
2238 1616 2484 1675 peccata,
2516 1610 2717 1679 quibus
2766 1614 3110 1683 aliquatenus
3141 1613 3357 1668 multati

1774 1700 1951 1760 erant,
2001 1694 2358 1763 planxissent,
2420 1716 2730 1772 aquamque
2777 1706 2920 1760 ossis
2976 1706 3141 1773 hujus
3187 1704 3357 1759 intin-

54 1768 293 1826 scrinio
327 1779 447 1827 erat
479 1772 764 1831 muliebris
790 1777 1095 1847 disciplinae
1122 1780 1548 1839 instrumentum
1578 1801 1668 1840 re-
1703 1757 1747 1812 Β
1772 1782 1954 1838 ctione
1982 1796 2253 1841 sacratam
2288 1789 2392 1843 sibi
2418 1757 2602 1845 datam
2633 1757 2978 1864 aliquatenus
3022 1757 3361 1865 gustassent,

52 1860 388 1931 spergendo
431 1863 668 1921 bulliret.
710 1865 866 1926 Unde
908 1877 963 1927 et
1000 1870 1116 1941 ipse
1160 1884 1271 1928 non
1316 1875 1548 1932 minimo
1583 1892 1674 1934 re-

57 1951 261 2021 pletus
312 1961 558 2023 stupore,
601 1972 725 2012 cum
776 1961 1033 2017 omnibus
1078 1978 1202 2032 quae
1238 1966 1295 2020 in
1327 1965 1448 2035 ipso
1491 1978 1669 2034 erant,

60 2057 190 2100 non
212 2043 329 2113 jam
357 2044 617 2115 deinceps
657 2049 1019 2106 muliebribus
1046 2055 1422 2123 armamentis,
1450 2057 1548 2111 sed
1571 2068 1671 2127 po-

62 2131 195 2186 tius
228 2132 502 2203 aliquihus
529 2142 640 2190 tam
668 2138 895 2206 pretiosi
915 2141 1228 2212 'sanguinis
1252 2145 1572 2213 aspersione
1594 2143 1674 2200 fa-

65 2223 190 2279 elis
205 2227 584 2293 sacramentis,
598 2228 652 2285 in
666 2232 1061 2291 monasterium
1074 2231 1396 2293 festinanter
1410 2237 1672 2305 portavit,

63 2317 327 2389 illudque
351 2323 667 2378 convocatis
695 2324 843 2379 illico
867 2326 1145 2395 prioribus
1170 2328 1273 2383 loci
1320 2329 1466 2385 illius
1490 2332 1672 2387 omni-

64 2410 190 2464 bus
210 2410 622 2468 demonstravit.
653 2413 761 2485 ipsi
801 2430 956 2485 vero,
991 2418 1179 2475 missis
1208 2435 1336 2474 mox
1361 2436 1458 2490 per
1483 2422 1669 2477 omnia

70 2502 252 2559 totius
283 2503 519 2563 civitatis
559 2508 889 2565 monasteria
919 2508 1085 2580 hujus
1107 2512 1187 2567 rei
1221 2513 1449 2579 nuntiis,
1477 2528 1670 2569 omnes

70 2596 308 2651 abbates
358 2605 415 2653 et
469 2600 823 2668 praepositos,
882 2602 1264 2673 corepiscopos
1317 2611 1373 2658 et
1432 2605 1670 2659 decanos

72 2696 417 2761 ceterosque
446 2690 578 2746 boni
619 2677 917 2747 testimonii
958 2692 1157 2750 fratres
1201 2709 1310 2749 non
1357 2710 1562 2764 paucos
1600 2694 1670 2749 ad

77 2790 142 2835 se
166 2781 241 2835 ~in
277 2778 467 2837 eadem
501 2781 635 2837 hora
672 2781 881 2839 faciunt
936 2786 1143 2840 venire.
1181 2784 1449 2842 Dominus
1485 2794 1669 2842 autem

77 2873 533 2944 archiepiscopus
577 2890 686 2930 non
728 2883 850 2930 erat
895 2885 1029 2932 tunc
1068 2877 1125 2931 in
1170 2877 1263 2931 illa
1295 2878 1531 2932 civitate.
1565 2878 1670 2932 Alii

77 2972 266 3019 autem
289 2979 482 3021 omnes
519 2966 623 3021 loci
655 2966 822 3036 hujus
848 2966 1059 3036 priores
1090 2967 1145 3021 in
1167 2968 1470 3023 claustrum
1495 2970 1669 3023 sancti

76 3053 297 3110 Paulini
328 3056 579 3110 celeriter
603 3057 936 3128 congregati,
960 3058 1252 3127 magniﬁco
1284 3059 1536 3114 miraculi
1561 3060 1667 3113 hu-
1697 3088 1742 3149 ρ

72 3152 172 3225 jus
195 3158 409 3206 ostento
428 3164 538 3204 non
559 3150 776 3207 modico
792 3158 922 3205 sunt
943 3150 1217 3205 laetiﬁcati.
1233 3150 1422 3207 Delato
1437 3167 1673 3222 namque

75 3242 137 3296 in
175 3241 521 3311 pmsentiam
545 3256 738 3296 eorum
769 3242 997 3309 scrinio,
1027 3258 1153 3305 cum
1186 3256 1311 3298 osse
1346 3244 1670 3314 sanguinem

74 3334 204 3389 sine
237 3333 547 3389 cessatione
592 3332 872 3401 fundente,
926 3335 1137 3405 accepit
1189 3335 1390 3406 aliquis
1426 3340 1490 3390 e’x
1538 3337 1673 3406 ipsis

74 3423 347 3485 fratribus
369 3441 431 3480 os
458 3425 933 3496 sanguinolentum
959 3426 1014 3479 in
1038 3442 1257 3493 manus,
1282 3442 1515 3497 cumque
1539 3428 1670 3483 illud

74 3516 350 3586 sanguine
379 3515 434 3569 in
473 3517 739 3570 scrinium
778 3515 1061 3571 transfuso
1091 3516 1292 3586 saepius
1320 3527 1670 3584 evacuasset,

73 3610 233 3664 dicto
275 3623 489 3678 semper
530 3608 695 3664 citius
739 3608 938 3679 majori
989 3609 1273 3680 sanguinis
1319 3610 1675 3666 inundatione

75 3696 417 3768 replebatur.
463 3698 629 3754 Facta
696 3700 864 3770 igitur
915 3700 1058 3755 inter
1102 3702 1481 3771 prudentiores
1521 3718 1673 3770 quac-

79 3788 297 3853 stione,
321 3804 384 3841 ex
422 3804 529 3858 qua
563 3787 819 3843 videlicet
863 3788 1154 3844 occasione
1204 3788 1344 3843 tanti
1393 3790 1673 3857 miraculi,

79 3878 279 3951 qui'ihi
304 3889 690 3947 convenerant,
727 3879 893 3950 hujus
918 3880 1170 3936 miraculi
1197 3881 1408 3950 spiculo
1431 3897 1460 3934 a
1489 3881 1676 3936 divino

87 3971 328 4026 fuissent
350 3972 594 4040 percussi
615 3971 879 4041 leonsilio,
909 3972 1025 4027 haec
1060 3987 1168 4027 una
1189 3972 1447 4028 omnibus
1479 3988 1545 4027 ex
1574 3973 1676 4027 bac

82 4078 152 4117 re
180 4062 412 4116 surrexit
457 4064 748 4130 sententia,
775 4064 842 4118 dc
878 4063 1184 4119 adhibenda
1216 4063 1441 4138 scilicet
1479 4062 1675 4133 majori

82 4161 311 4225 propter
365 4155 472 4210 hoc
526 4155 742 4227 signum
798 4156 1102 4214 reverentia
1127 4164 1181 4210 et
1209 4156 1343 4226 ipsis
1395 4157 1672 4212 sociorum

86 4245 308 4301 ossibus
334 4254 600 4303 eteorum
643 4246 942 4303 cineribus.
987 4245 1070 4300 A‘d
1108 4247 1268 4316 cujus
1319 4255 1671 4316 augmentum

87 4336 407 4391 reverentie
454 4336 709 4392 dicebant
756 4338 1048 4407 pertinere,
1082 4347 1143 4392 ut
1172 4346 1344 4405 terra,
1376 4354 1499 4408 qua:
1526 4338 1673 4394 circa

1772 1890 1882 1931 non
1911 1884 1996 1933 est
2022 1876 2131 1933 nisi
2159 1877 2365 1935 Christi
2395 1881 2646 1937 ﬁdelibus
2674 1862 2954 1951 credibile,
3009 1862 3177 1955 quam
3208 1862 3378 1939 citis;

1773 1969 1936 2034 sime,
1961 1985 1991 2023 a
2007 1985 2356 2040 quacumque
2381 1982 2535 2041 peste
2565 1975 2952 2045 gravabantur,
2985 1976 3198 2030 liberati
3224 1975 3365 2030 fuis-

1770 2067 1912 2114 sent.
1948 2058 2004 2112 Si
2036 2060 2162 2129 quis
2191 2070 2375 2116 autem
2410 2078 2700 2118 numerum
2729 2075 2783 2119 et
2828 2065 3072 2120 ordinem
3126 2065 3357 2119 istorum

1770 2164 1803 2205 a
1831 2149 1990 2204 nobis
2037 2151 2255 2206 curiose
2284 2153 2584 2221 quaesierit,
2615 2170 2712 2223 per
2742 2155 2860 2211 haac
2879 2157 3042 2211 verba
3068 2146 3379 2227 Porphyrii.

1771 2239 1876 2293 sibi
1912 2240 2097 2294 credat
2130 2241 2385 2295 satisﬁeri
2418 2257 2432 2293 :
2469 2241 2540 2295 In
2561 2258 2796 2297 numero
2824 2255 2969 2299 sunt.
3014 2247 3105 2300 sed
3154 2263 3257 2300 non
3294 2248 3353 2299 in

1769 2329 1941 2399 ﬁnito.

1771 2423 1796 2479 ι
1844 2416 1900 2469 4.
1935 2415 2101 2471 Facta
2150 2427 2280 2472 sunt
2328 2427 2589 2488 praeterea
2629 2421 2891 2477 miracula
2922 2439 3029 2478 non
3074 2440 3245 2494 pauca
3292 2440 3349 2478 in

1770 2509 1863 2564 illa
1895 2509 2105 2564 scilicet
2130 2510 2304 2579 cripta
2332 2511 2427 2566 ubi
2455 2520 2772 2567 sanctorum
2798 2514 3082 2568 martirum
3111 2516 3351 2583 reposita

1771 2608 1902 2656 sunt
1935 2614 2183 2670 corpora.
2216 2600 2259 2653 E
2279 2602 2480 2671 quibus
2510 2603 2692 2672 aliqua
2720 2612 2921 2659 nostrze
2968 2620 3115 2659 nunc
3141 2619 3349 2658 memo-

1771 2691 1871 2747 riae
1913 2691 2287 2747 succurrentia
2328 2692 2563 2748 breviter
2589 2703 2717 2748 sunt
2754 2695 3107 2773 designanda.
3152 2694 3230 2749 Ex
3261 2693 3376 2773 his,

1771 2790 1891 2838 erat
1914 2783 2021 2838 hoc
2048 2783 2305 2852 primum,
2335 2783 2478 2853 quod
2498 2783 2625 2838 licet
2653 2784 2721 2851 ad
2744 2785 3007 2853 plurimas
3030 2792 3346 2841 sanctorum

1772 2875 2055 2945 contingat
2080 2875 2395 2941 memorias,
2424 2875 2679 2929 nolumus
2711 2882 2895 2930 tamen
2924 2876 2980 2929 in
3012 2876 3098 2931 his
3128 2890 3347 2945 quoque

1772 2964 2057 3020 miraculis
2102 2965 2283 3020 locum
2330 2964 2379 3019 ei
2430 2980 2649 3036 negare,
2682 2981 2844 3035 quem
2880 2965 3078 3020 divinae
3126 2965 3349 3036 pietatis

1773 3057 2048 3112 ordinatio
2095 3056 2147 3113 ei
2192 3057 2411 3127 dignata
2459 3066 2543 3111 est
2572 3057 3006 3113 accommodare.
3044 3056 3180 3111 Nam
3226 3075 3352 3114 cum

1773 3149 2010 3206 domnus
2036 3148 2478 3221 archiepiscopus
2501 3156 2626 3218 post
2653 3149 2895 3203 auditam
2920 3149 2988 3204 de
3016 3149 3158 3203 ossis
3191 3149 3358 3203 inira-

1773 3241 1882 3296 culi
1928 3240 2131 3295 famam
2160 3239 2396 3310 primum
2426 3238 2483 3292 in
2512 3238 2643 3293 illud
2684 3238 2858 3294 sancti
2890 3236 3106 3292 Paulini
3149 3254 3346 3292 mona-

1774 3331 2003 3387 sterium
2042 3330 2309 3385 orationis
2337 3344 2501 3384 causa
2531 3330 2791 3396 venisset,
2814 3330 2963 3385 venit
2982 3346 3106 3385 cum
3126 3345 3204 3384 eo
3232 3329 3358 3400 qui—

1773 3423 1901 3477 dam
1948 3423 2017 3477 de
2061 3420 2309 3493 partibus
2350 3419 2657 3491 Aquitaniae
2703 3420 2995 3491 paenitens,
3026 3420 3185 3489 cujus
3228 3420 3369 3496 bra:

1774 3515 1961 3569 chium
1989 3514 2241 3568 dextrum
2274 3510 2419 3566 ferro
2450 3510 2552 3565 fuit
2579 3511 2827 3582 ligatum.
2870 3506 2970 3565 Hic
3011 3511 3194 3579 itaque
3233 3526 3358 3564 cum

1775 3604 1977 3660 domno
2024 3603 2269 3659 antistite
2313 3601 2519 3658 fossam
2568 3601 2738 3669 illam,
2768 3618 2837 3657 ne
2880 3602 3061 3656 dicam
3106 3600 3361 3672 criptam,

1777 3713 1900 3768 quae
1927 3697 2170 3750 nondum
2198 3695 2272 3750 ibi
2299 3695 2499 3760 fuerat,
2532 3695 2777 3749 intravit.
2820 3735 2835 3749 .
2876 3734 2890 3749 .
2931 3735 2945 3748 .
2988 3735 3001 3749 .
3047 3735 3061 3748 .
3106 3734 3120 3748 .

1846 3784 1979 3840 Post
2011 3784 2128 3838 haec
2157 3784 2213 3837 in
2256 3785 2345 3839 dic
2390 3784 2718 3855 palmarum,
2747 3799 2869 3854 quae
2899 3792 3031 3839 tunc
3076 3792 3196 3838 erat
3235 3799 3363 3853 pro-

1777 3875 1946 3941 xima,
1998 3873 2249 3945 quaedam
2298 3873 2503 3928 femina
2566 3914 2580 3927 .
2624 3913 2639 3928 .
2684 3914 2698 3927 .
2740 3913 2755 3927 .
2799 3914 2812 3928 .
2855 3873 2953 3930 Est
2999 3886 3181 3929 autem
3225 3891 3349 3929 con-

1778 3965 2010 4021 suetudo
2040 3964 2146 4020 loci
2177 3964 2322 4018 illius
2342 3963 2851 4034 congregationum,
2887 3973 2948 4019 ut
2995 3966 3050 4017 in
3095 3966 3183 4019 die
3231 3965 3359 4018 Pal-

1778 4073 1993 4113 marum
2021 4056 2076 4109 in
2105 4056 2159 4110 id
2196 4054 2374 4124 ipsum
2405 4055 2579 4109 sancti
2624 4053 2837 4109 Paulini
2867 4064 3118 4109 monaste
3150 4056 3265 4107 ium
3292 4056 3362 4109 ad

1777 4149 1994 4205 laudem
2026 4146 2121 4201 Dei
2153 4160 2348 4199 omnes
2371 4161 2496 4200 cum
2526 4162 2721 4216 magna
2746 4147 3071 4216 populorum
3109 4146 3361 4200 multitu-

1778 4241 1905 4297 dine
1925 4237 2075 4294 omni
2106 4252 2252 4291 anno
2278 4234 2626 4299 conveniant.
2653 4234 2790 4290 Cum
2841 4251 2971 4307 ergo
3013 4236 3170 4305 juxta
3219 4238 3363 4292 hunc

1780 4333 1944 4387 ritum
1975 4329 2164 4384 eadem
2194 4327 2283 4383 die
2312 4326 2584 4381 maximus
2613 4336 2666 4380 et
2690 4328 2870 4382 clerus
2890 4335 2946 4381 et
2970 4327 3205 4397 populus
3235 4314 3365 4383 illuc

90 4426 369 4499 sarcofaga
420 4444 619 4493 eorum,
643 4429 820 4498 posita
864 4428 920 4482 in
967 4429 1147 4484 locum
1168 4472 1182 4495 ,
1233 4440 1292 4484 ιη
1329 4428 1536 4485 dictum
1563 4439 1666 4497 est,
1700 4434 1748 4493 D
1773 4421 2161 4478 convenissent
2188 4428 2243 4474 et
2266 4416 2781 4474 consuetudinarias
2810 4417 2884 4473 ibi
2912 4416 3103 4474 laudes
3131 4417 3364 4474 Domino

90 4531 374 4572 comesum
424 4527 582 4573 antea
624 4517 1011 4589 proiciebatur,
1045 4519 1303 4591 deinceps
1343 4521 1398 4575 in
1428 4521 1665 4592 aliquem

94 4607 359 4662 mundum
406 4608 588 4663 locum
635 4609 1020 4664 venerabiliter
1061 4610 1459 4678 collocaretur;
1511 4611 1671 4681 cujus

93 4700 321 4754 acervus
350 4698 478 4753 dum
525 4698 752 4757 Galaath
778 4740 794 4766 ,
826 4700 931 4754 hoc
958 4708 1043 4754 est
1069 4715 1301 4756 acervus
1352 4702 1669 4767 testimonii,

94 4804 209 4845 non
245 4788 514 4843 immerito
537 4797 851 4855 vocaretur,
880 4786 1082 4844 factum
1109 4789 1164 4844 in
1196 4805 1341 4858 osse,
1366 4791 1512 4861 quod
1541 4792 1672 4849 huic

94 4881 432 4951 suppositum
467 4878 645 4936 fuerat
672 4891 851 4948 terrae,
877 4882 1204 4936 miraculum
1249 4884 1401 4938 omni
1431 4885 1667 4955 posteri-

98 4974 197 5027 tati
225 4973 548 5045 loqueretur,
581 4971 695 5029 [ioc
731 4974 915 5045 itaque
957 4973 1188 5028 consilio
1230 4975 1359 5029 dato
1385 4985 1439 5030 et
1466 4977 1671 5032 collau-

98 5066 247 5130 dato,
277 5066 405 5122 illud
426 5067 591 5123 etiam
614 5067 788 5123 eidem
806 5066 1036 5122 fratrum
1063 5066 1291 5138 collegio
1314 5069 1668 5139 complacuit,

99 5170 163 5213 ut
202 5158 396 5214 scrinio
445 5161 499 5215 in
545 5160 937 5216 monasterium
981 5159 1154 5216 relato
1199 5168 1254 5215 et
1299 5175 1464 5231 super
1501 5162 1673 5216 altare

101 5253 292 5319 locato,
320 5254 596 5309 communi
626 5254 807 5309 cordis
833 5263 888 5308 et
907 5254 1023 5308 oris
1038 5268 1249 5309 necnon
1277 5269 1670 5324 campanarum

105 5348 452 5403 consonantia
507 5347 692 5404 divina
745 5347 814 5402 ab
858 5346 939 5401 eis
986 5346 1307 5402 laudaretur
1354 5348 1674 5419 prudentia,

106 5452 227 5509 qua!
250 5438 382 5492 nihil
411 5438 542 5494 facit
571 5437 675 5493 nisi
706 5438 761 5492 in
788 5453 1005 5509 magna,
1032 5445 1090 5491 ut
1127 5454 1227 5509 par
1252 5448 1356 5505 est,
1384 5439 1673 5510 sapientia.

86 5512 351 5585 'Ad'banc
396 5543 525 5600 ergo
572 5528 786 5585 laudem
840 5527 1032 5587 Deiex
1063 5539 1174 5615 tota
1225 5528 1445 5587 civitate
1489 5531 1675 5603 cujus-

1777 4508 2061 4571 dixissent.
2097 4506 2122 4564 ’.
2167 4508 2180 4563 ζ
2342 4507 2356 4562 ζ

1850 4625 2045 4682 Postea
2074 4624 2108 4679 5
2137 4621 2410 4678 Kalendas
2440 4620 2590 4688 Maii,
2646 4639 2756 4692 qua
2782 4622 2871 4677 die
2893 4621 3051 4691 juxta
3081 4621 3366 4679 inductum

1781 4717 2001 4773 Ekberti
2035 4714 2431 4785 archiepiscopi
2456 4715 2707 4785 plurima:
2733 4714 3226 4769 circamanentium
3256 4714 3365 4766 vil-

1778 4809 1958 4864 larum
1998 4807 2175 4863 turbae
2215 4822 2342 4861 cum
2392 4806 2649 4861 crucibus
2675 4804 2935 4861 Treviros
2961 4806 3138 4861 solent
3179 4805 3371 4860 venire

1779 4909 1833 4956 et
1861 4898 2199 4956 monasteria
2225 4897 2464 4954 civitatis
2490 4897 2641 4952 illius
2663 4897 2848 4952 omnia
2874 4897 3130 4964 circuire,
3152 4897 3371 4951 delatus

1778 5001 1863 5050 est
1888 5008 1920 5048 a
1962 4991 2281 5062 parentibus
2320 5005 2458 5061 puer
2499 4989 2722 5060 quidam
2752 5005 2957 5060 parvus
2997 4989 3050 5042 in
3089 4995 3367 5042 monaste—

1778 5084 1920 5138 rium
1967 5097 2111 5152 saepe
2160 5082 2406 5152 praedicti
2459 5081 2632 5151 patris
2682 5080 2920 5147 Paulini,
2974 5078 3123 5149 quod
3168 5078 3372 5135 amodo

1779 5183 2094 5229 sanctorum
2137 5188 2356 5244 quoque
2404 5180 2708 5243 martyrum
2736 5189 2844 5227 non
2888 5172 3162 5226 immerito
3189 5180 3367 5245 potest

1784 5265 1965 5321 vocari
2006 5307 2019 5318 .
2065 5306 2079 5318 .
2122 5306 2135 5318 .
2177 5265 2307 5320 Erat
2351 5280 2479 5319 vero
2511 5264 2702 5318 eadem
2747 5265 2880 5318 hora
2905 5263 3157 5332 Idomnus
3186 5261 3358 5316 archi-

1781 5358 2074 5427 episcopus
2125 5371 2253 5411 cum
2300 5356 2558 5411 omnibus
2611 5355 2715 5410 loci
2770 5357 2916 5411 illius
2972 5351 3364 5410 canonicorum

1782 5447 2299 5518 congregationibus
2355 5447 2410 5501 in
2460 5447 2654 5503 eodem
2705 5447 3040 5504 monasterio
3100 5443 3367 5502 orationis

1785 5538 2202 5603 deditusollicio
2243 5580 2255 5593 .
2302 5581 2316 5593 .
2348 5562 2374 5594 ν.
2418 5599 2463 5603 η
2637 5560 2679 5588 ,-
2918 5530 3056 5603 ε.
3118 5534 3208 5603 ρ-

1558 5627 1845 5695 ίικοτιῑ..
1897 5650 1907 5661 σ

176 5710 296 5769 (569
321 5694 432 5767 Hoc
468 5712 541 5767 ita
572 5728 620 5765 ε.
656 5712 790 5768 me
817 5713 934 5769 fuit.
