3956 6288
133 287 255 344 1277

759 287 990 348 "essu
1027 288 1327 350 rnevsn.
1365 321 1434 332 -
1468 289 1760 365 tresue.
1803 292 1892 350 ex
1926 293 2160 357 urnae.
2204 299 2271 360 s.
2297 281 2679 361 noxiosam.

3251 289 3398 375 ists

130 403 180 456 ίη
207 398 506 498 planctum,
534 397 686 498 chori
732 399 1084 498 psallentium.
1127 402 1180 456 in
1221 402 1450 498 lii—ctum,
1495 403 1706 498 choreis
1733 411 1778 468 Α
1811 403 2159 498 Trevirorum
2190 413 2590 484 participarent
2625 416 3050 476 beneﬁcio.......
3092 423 3284 498 Itaque
3317 433 3400 486 si-

131 490 421 561 puellarum
449 488 508 544 in
534 490 957 547 lamentationes.
977 492 1232 562 migrare.
1252 492 1448 554 Totius.
1467 494 1710 553 civitatis

130 578 306 636 ﬂciem
358 575 710 638 immutatam
762 579 1000 645 videres,
1043 580 1240 636 divina:
1283 582 1566 652 religionis
1611 583 1704 638 vix

129 675 327 743 aliquas
361 681 564 730 tenues
603 672 862 742 reliquias
903 687 1205 732 remanere.
1256 672 1426 735 Porro
1481 673 1594 729 Deo
1622 675 1706 730 di...

131 773 252 824 catae
275 762 541 833 virgines,
585 779 723 832 quas
751 765 808 817 in
843 763 1088 820 oratorio
1133 764 1280 826 beati
1320 764 1708 836 Symphoriani

131 855 374 927 martyris
400 856 694 910 cmnobiali
720 856 1136 912 conversatione
1169 844 1280 912 Deo
1305 858 1510 915 servire
1539 873 1708 928 supra

130 945 477 1016 expendimus
521 945 706 1016 (574),
745 947 886 1004 inter
914 957 995 1006 tot
1022 949 1214 1004 mortis
1242 965 1440 1020 genera
1474 951 1543 1008 ad
1571 966 1706 1006 con-

131 1043 274 1093 sueta
325 1035 640 1093 orationum
670 1051 822 1096 arma
871 1035 1274 1108 confugientes,
1302 1054 1404 1109 pro
1454 1040 1705 1098 castitate

131 1122 409 1192 servanda,
439 1137 606 1194 quam
637 1126 994 1196 devoverant,
1023 1139 1135 1188 non
1163 1144 1264 1199 pro
1296 1131 1408 1188 vita
1449 1132 1712 1201 praesenti

132 1215 339 1282 tuenda,
361 1229 530 1285 quam
558 1214 940 1286 despexeram,
972 1236 1278 1290 supernum
1306 1237 1520 1292 coepere
1549 1221 1707 1282 auxi-

132 1308 250 1365 lium
280 1304 667 1366 ardentissima
700 1308 926 1376 spiritus
969 1310 1302 1370 contritione
1330 1311 1614 1378 invocare;
1639 1327 1709 1368 ac

131 1396 267 1451 beati
313 1394 588 1454 Modoaldi
635 1399 886 1469 sepulcro
929 1414 1124 1456 omnes
1151 1401 1442 1466 advolutce,
1490 1411 1552 1456 ut
1581 1402 1710 1471 ejus

131 1487 421 1556 patrocinio
444 1487 516 1543 ab
534 1487 836 1546 imminenti
851 1491 1193 1560 eriperentur
1213 1493 1476 1561 periculo,
1501 1493 1709 1549 talibus

132 1579 206 1631 vel
235 1577 422 1632 talium
451 1578 732 1638 similibus
749 1581 952 1641 oculum
979 1583 1233 1651 precibus
1256 1581 1508 1640 feruntur
1533 1599 1708 1654 penem

133 1668 743 1732 t'assezﬂominelesu
771 1670 981 1726 Christe
1022 1714 1035 1730 .
1117 1714 1132 1728 .
1207 1714 1224 1730 .
1306 1715 1325 1734 ς
1400 1715 1414 1728 .
1493 1715 1510 1734 .
1588 1716 1604 1732 .
1682 1717 1702 1736 .

1805 495 2005 582 ululata
2020 497 2308 557 devotione
2325 505 2617 563 ecclesiam
2647 509 2824 565 sancti
2853 495 3239 582 Symphoriani
3263 520 3365 574 sub
3378 549 3400 563 -

1805 579 2070 642 intrantes
2128 588 2358 660 ejusque
2388 595 2577 654 omnia
2615 611 2739 665 quae
2767 599 2870 654 sibi
2897 579 3026 656 mox
3055 606 3185 660 usui
3217 606 3400 664 forent

1803 674 2166 745 cxplorantes,
2191 680 2378 743 vident
2399 685 2630 760 domum
2652 687 2938 755 incultam,
2958 693 3172 764 injuria:
3197 714 3398 769 oppor-

1804 770 2032 861 tunam,
2044 769 2314 861 ministris
2333 774 2660 846 civibusque
2682 781 3004 851 neglectam,
3033 788 3233 844 merito
3257 793 3384 861 qui-

1804 851 1926 906 dem
1948 855 2034 908 sui
2055 855 2241 920 Croesi
2265 862 2466 924 divitiis
2497 866 2845 936 nobiliorem,
2876 874 2972 927 sed
2996 875 3080 934 rei,
3106 851 3397 934 familiaris

1805 942 1988 1014 inepia
2040 945 2200 1018 longe
2269 956 2466 1010 ceteris
2510 957 3010 1020 obscuriorem.....
3049 980 3176 1020 cum
3210 979 3393 1023 matu-

1806 1035 1914 1090 tina
1944 1037 2098 1104 plebs
2139 1038 2206 1096 ad
2261 1046 2530 1106 orandum
2580 1049 2838 1116 coepisset
2857 1066 2926 1105 ex
2968 1068 3119 1109 more
3160 1072 3395 1113 concur-

1804 1141 2044 1188 rere...“
2088 1129 2247 1200 (575)
2289 1132 2566 1193 Ceterum.
2593 1140 2760 1210 hujus
2798 1141 3060 1199 facinoris
3087 1148 3392 1218 castigandi

1803 1219 1996 1288 gratia,
2037 1234 2110 1274 ne
2142 1221 2275 1290 quid
2313 1223 2491 1284 simile
2537 1227 2792 1301 deinceps
2833 1235 3142 1304 perniciosa
3184 1250 3397 1294 crearet

1803 1308 2042 1376 licentia,
2083 1310 2390 1369 decernunt
2427 1316 2486 1370 in
2521 1333 2833 1389 commune,
2881 1340 3083 1396 corpus
3126 1329 3302 1382 sancti
3331 1330 3388 1383 in

1802 1403 2093 1475 propatulo
2125 1404 2390 1472 positum,
2411 1407 2482 1460 ab
2499 1410 2728 1466 ecclesia
2749 1415 3067 1482 transferre,
3085 1417 3396 1472 cmlestem~

1803 1506 1911 1560 que
1983 1491 2305 1548 thesaurum
2369 1494 2704 1569 ﬁrmioribus
2757 1504 3036 1570 apothecis
3091 1513 3150 1560 et
3203 1506 3405 1560 tutiori

1802 1584 1999 1641 aerario
2022 1585 2428 1645 commendare.
2453 1586 2643 1658 Itaque
2661 1604 2843 1644 arcam
2866 1593 3122 1663 ligneam,
3147 1595 3404 1652 ﬁrmissin

1803 1674 1910 1729 mis
1941 1675 2517 1747 tabulis-compactam
2557 1679 2861 1750 ferreisque
2894 1685 3125 1740 nexibus
3159 1687 3398 1740 circum-

133 1761 442 1830 l'lujusmodi
497 1757 754 1831 precibus
807 1779 934 1823 cum
984 1781 1182 1836 magna
1209 1765 1439 1836 spiritus
1467 1767 1702 1826 contri-
1734 1790 1780 1851 Β
1805 1782 2024 1838 ortaque
2063 1769 2336 1824 munitam
2376 1756 2717 1838 accelerant;
2765 1787 2942 1843 eoque
2977 1776 3240 1830 translata
3265 1791 3408 1830 con-.

134 1854 286 1918 tione,
313 1868 439 1912 cum
475 1869 682 1924 magno
702 1855 1056 1914 lacrimarum
1088 1857 1262 1916 imbre
1299 1858 1562 1928 profusis,
1593 1876 1710 1919 non

133 1942 289 2000 defuit
339 1945 588 2014 operatio
641 1961 892 2016 supernae
937 1949 1339 2016 exauditionis,
1377 1966 1487 2005 non
1533 1949 1712 2010 defuit

134 2039 380 2094 exbibitio
427 2039 820 2095 miraculorum
860 2041 1004 2098 beati
1059 2041 1414 2097 confessoris.
1446 2041 1528 2098 No
1575 2059 1713 2114 ergo.

137 2129 236 2183 Deo
262 2143 492 2186 sacram
514 2130 757 2200 virgines
798 2133 941 2189 mala
967 2133 1240 2200 viderent,
1265 2149 1388 2204 quae
1409 2149 1509 2204 pro
1540 2147 1711 2192 sexus

136 2221 407 2292 fragilitate
442 2223 796 2286 metuebant,
850 2239 986 2280 neve
1029 2226 1172 2280 bona
1218 2227 1554 2294 amitterent,
1581 2244 1706 2298 quae

137 2327 224 2381 pro
247 2311 511 2372 castitatis
565 2313 914 2372 observantia
969 2327 1408 2386 promeruerant,
1456 2319 1711 2375 mirabile

137 2402 338 2467 auditu,
369 2402 679 2462 mirabilius
703 2403 857 2464 visu!
910 2405 967 2463 in
1006 2422 1141 2475 pace
1181 2408 1322 2464 lecto
1349 2409 1703 2476 decubantcs,

137 2494 264 2550 intra
287 2493 402 2548 dies
442 2493 666 2563 triginta
692 2509 884 2552 omnes
908 2499 1164 2566 praesenti
1190 2498 1544 2557 decesserunt
1563 2500 1702 2568 vita;

137 2589 378 2650 tantoque
417 2581 672 2648 feliciter,
731 2592 936 2652 quanto
965 2587 1275 2654 perenniter
1305 2588 1552 2655 victurae,
1577 2605 1704 2644 cum

137 2673 326 2728 certatis
372 2673 721 2744 lampadibus
780 2691 988 2745 sponso
1038 2680 1245 2735 caelesti
1317 2690 1702 2749 oecun'entes,

138 2764 456 2832 sempiterna:
495 2765 862 2835 jucunditati-s
886 2768 1186 2826 thalamum
1231 2788 1356 2827 cum
1385 2773 1480 2829 illo
1501 2775 1708 2844 ingrcs-

137 2868 204 2908 sa:
228 2864 364 2910 sunt.
393 2855 642 2922 Quarum
691 2875 923 2930 corpora
969 2863 1025 2917 in
1071 2853 1289 2920 eodcm\
1311 2875 1440 2920 sunt
1461 2867 1704 2923 oratorio.

139 2945 425 3012 recondita,
457 2949 514 3002 in
549 2965 660 3018 quo
693 2950 837 3008 beati
869 2951 1140 3008 Modoaldi
1173 2955 1428 3025 pignora;
1453 2965 1512 3011 ut
1543 2957 1707 3026 cujus

139 3035 593 3102 patrocinantibus
623 3040 834 3098 meritis
873 3041 1074 3097 anima:
1101 3042 1315 3098 illarum
1344 3045 1542 3099 cmlum
1575 3061 1700 3100 cum

1805 1855 2032 1912 fessoris
2060 1857 2310 1928 pignora,
2352 1859 2409 1914 in
2449 1861 2752 1916 oratorium
2779 1864 2961 1918 sancti
2984 1863 3200 1918 Paulini
3235 1879 3412 1933 super.

1804 1947 1974 2003 altare
2013 1955 2217 2004 sancta;
2259 1949 2454 2005 Crucis
2485 1967 2702 2006 summa
2731 1968 2858 2008 cum
2900 1955 3256 2009 veneratione
3296 1954 3413 2009 de-.

1780 2047 2062 2106 portant;
2121 2040 2371 2095 consulte
2423 2041 2651 2108 scilicet,
2705 2051 2764 2098 ut
2803 2059 2904 2113 par
2949 2045 3091 2114 pari,
3141 2045 3397 2100 sacerdos

1805 2127 2072 2182 sacerdoti
2115 2128 2470 2200 jungeretur,
2535 2133 2739 2202 illoque
2787 2133 3144 2194 adventantes
3191 2135 3410 2205 duplici.

1803 2220 2113 2290 patrocinio
2132 2221 2540 2278 solatiarentur.
2573 2222 2671 2278 His
2708 2223 2928 2279 additur
2955 2241 3024 2280 ex
3049 2225 3216 2280 Pario
3243 2241 3402 2280 mare

1804 2327 1958 2367 more
2003 2312 2211 2378 tabula,
2261 2312 2331 2367 ad
2377 2322 2678 2368 extremam
2721 2323 2947 2369 manum
3003 2316 3218 2370 decoris
3259 2315 3408 2370 mira.

1804 2403 2098 2473 sculptoris
2147 2411 2266 2459 arte
2311 2403 2594 2474 perducta,
2635 2421 2760 2476 quae
2809 2415 3032 2475 propter
3085 2405 3399 2475 sepulcrum

1803 2493 1922 2562 ejus
1954 2503 2191 2563 reperta,
2215 2493 2412 2562 sepulti
2439 2510 2638 2550 nomen
2664 2504 2719 2550 et
2749 2496 3007 2551 meritum
3053 2494 3410 2564 praeferebat,

1803 2584 1906 2639 hac
1928 2585 2068 2640 serie
2101 2592 2324 2642 exarata
2352 2602 2366 2638 :
2392 2583 2532 2654 :Hoc
2561 2594 2638 2638 est
2664 2587 3035 2638 sanetuarium
3075 2585 3187 2640 Deo
3216 2585 3400 2639 dilecti

1807 2673 2146 2728 Treverorum
2177 2674 2559 2744 archiepiscopi
2607 2674 2905 2740 Modoaldi,
2955 2675 3106 2744 cujus
3157 2675 3400 2736 rexDa-
3474 2740 3478 2744 .

1803 2767 2045 2836 gobertus
2082 2767 2442 2832 sanctitatem,
2475 2765 2636 2820 sicuti
2663 2766 2718 2820 in
2742 2766 2855 2835 ejus
2885 2774 3144 2836 preecepto
3179 2765 3244 2820 de
3269 2763 3400 2826 Tre-

1803 2855 1910 2908 veri
1936 2855 2254 2918 continetur,
2300 2855 2443 2910 intra
2473 2853 2708 2923 Ligerim
2761 2862 2809 2907 et
2841 2853 3080 2908 Rhenum
3115 2854 3400 2924 magniﬁce

1801 2945 1993 3002 extulit
2009 2954 2067 3018 et
2095 2943 2344 3002 dilatavit
2369 2945 2540 3016 (576).
2572 2943 2729 3010 Quod
2756 2944 2920 2999 etiam
2943 2944 2997 2999 in
3021 2945 3403 3016 superioribus

1805 3049 2165 3097 memoratum
2187 3049 2292 3096 est.

140 3143 228 3186 suo
246 3129 592 3197 possidebant
613 3139 862 3200 patrono,
888 3134 1063 3202 ipsius
1084 3135 1428 3205 exigentibus
1450 3136 1702 3206 reliquiis
1727 3131 1770 3189 C
1872 3134 1924 3187 5.
1977 3131 2148 3202 Igitur
2181 3132 2357 3187 sancti
2404 3130 2616 3186 Paulini
2655 3131 2886 3196 ecclesia
2939 3145 3082 3185 novo
3121 3129 3404 3208 ,illustrata

139 3233 345 3289 corpora
398 3223 450 3276 in
497 3223 694 3277 eodem
753 3223 1114 3278 humarentur
1162 3227 1314 3292 loco;
1363 3227 1458 3282 ubi
1489 3228 1706 3298 [florent

139 3312 391 3369 orationes
418 3331 634 3382 earum,
663 3324 718 3371 et
747 3317 1049 3372 exuberant
1069 3318 1162 3373 Dei
1191 3318 1451 3374 beneficia
1481 3320 1546 3374 ad
1589 3335 1704 3374 me-

139 3401 348 3457 moriam
374 3403 652 3474 virginum
679 3420 748 3463 ex
794 3413 926 3462 tunc
964 3418 1018 3463 et
1045 3407 1208 3462 modo
1237 3416 1292 3464 et
1325 3423 1500 3477 usque
1526 3407 1581 3462 in
1611 3422 1701 3464 se-

139 3494 322 3549 culum.
1025 3567 1027 3570 1
1568 3517 1570 3520 ·
1689 3552 1692 3554 ,

197 3585 245 3641 2.
284 3585 415 3642 Cum
455 3589 629 3659 igitur
673 3589 918 3660 ejusdem
949 3592 1290 3660 tempestatis
1338 3591 1520 3648 adhuc
1560 3592 1702 3648 resi-

137 3675 309 3731 derent
337 3679 570 3750 vestigia
607 3679 882 3750 longaque
909 3681 1148 3736 solitudo
1183 3681 1442 3751 pleraque
1481 3690 1702 3736 sancto-

138 3781 246 3820 rum
278 3769 556 3825 cohiberet
583 3771 725 3836 loca,
756 3771 920 3826 fiebat
966 3772 1252 3838 nimirum,
1283 3782 1345 3825 ut
1383 3772 1488 3826 illae
1529 3773 1702 3827 sancti

141 3855 406 3916 familiaris
430 3862 666 3933 angulus
694 3878 794 3933 pro
822 3863 909 3918 sui
949 3865 1170 3934 quidem
1205 3863 1469 3935 dignitate
1505 3880 1702 3935 parum

141 3947 388 4006 obtineret
436 3955 775 4019 reverentia),
827 3955 1075 4024 neglectu
1123 3971 1253 4011 vero
1299 3955 1500 4010 civium
1552 3955 1703 4010 omni

141 4043 368 4100 custodia
406 4044 700 4102 destitutus
749 4046 916 4101 etiam
956 4055 1163 4116 pateret
1213 4047 1445 4115 injuriae.
1494 4047 1610 4101 Sed.
1639 4061 1702 4100 ea

142 4135 432 4189 mortalium
473 4137 686 4191 incuria
732 4145 920 4191 nostro
954 4137 1196 4206 pontifici
1235 4137 1706 4207 auctiorisgloria:

142 4219 268 4278 facta
289 4235 372 4280 est
392 4227 641 4282 materia.
675 4225 908 4292 Quidam
939 4228 1086 4282 enim
1108 4229 1234 4294 viri,
1263 4244 1457 4298 genere
1485 4226 1704 4291 Franci,

141 4325 242 4366 suae
268 4316 440 4384 gentis
463 4317 608 4372 haud
644 4316 931 4387 ignobiles,
978 4318 1167 4374 animo
1204 4327 1258 4373 et
1291 4333 1520 4388 corpore
1539 4333 1704 4387 quam

143 4404 361 4461 maxime
398 4409 661 4473 valentes,
707 4419 909 4463 sanctae
944 4410 1248 4465 devotionis
1296 4410 1466 4480 gratia
1517 4408 1703 4462 urbem

1805 3224 2040 3294 hospite,
2084 3223 2138 3278 in
2167 3231 2434 3292 quantum
2473 3221 2625 3277 brevi
2663 3221 3042 3298 claritudinem
3072 3219 3403 3290 pervenerit,

1804 3323 2012 3384 quanto
2029 3313 2270 3368 fidelium
2295 3313 2477 3368 studio
2495 3313 2732 3382 priorem
2753 3313 3054 3384 neglectum
3075 3307 3402 3376 correxerit,

1803 3405 1934 3460 dum
1955 3418 2164 3472 pauper
2189 3418 2316 3457 cum
2345 3402 2512 3456 divite
2531 3417 2598 3456 eo
2635 3417 2766 3456 suas
2812 3397 3246 3476 necessitudines
3275 3411 3414 3458 ma-,.

1803 3502 1954 3550 turat
1986 3493 2290 3562 deplorare,
2317 3499 2733 3548 memora-tuest
2753 3488 3089 3544 incredibile.
3121 3484 3230 3556 Sed.
3260 3495 3406 3556 poste

1803 3601 1970 3656 quam
1983 3585 2242 3640 diuturna
2267 3583 2426 3654 quies
2447 3582 2644 3648 otium,
2673 3581 2769 3635 otii
2785 3596 2914 3635 vero
2927 3579 3195 3634 securitas
3217 3569 3408 3638 corrue

1805 3686 1931 3746 ptos
1945 3694 2127 3733 mores
2141 3682 2444 3746 pepererat,
2465 3682 2744 3742 totamque
2772 3671 2921 3726 urbis
2937 3670 3128 3726 faciem
3147 3670 3278 3724 imm
3289 3679 3408 3724 uta-

1811 3778 1924 3822 tam
1953 3785 2050 3838 pro
2079 3768 2340 3837 religione
2358 3765 2668 3821 divinorum
2687 3771 3034 3832 contemptus
3065 3763 3364 3817 incesserat
3390 3779 3403 3814 :

1807 3859 2130 3915 sustinenda
2149 3866 2268 3914 erat
2290 3857 2603 3911 necessario
2624 3870 2876 3924 supernae
2891 3851 3396 3923 correctionisjsel-

1811 3949 2002 4016 tentia,
2031 3966 2154 4020 quer
2188 3949 2452 4018 pollutam
2476 3947 2748 4002 licentiam
2794 3945 2896 3999 sub
2927 3944 3080 3998 freno
3103 3943 3404 3998 districtio-

1807 4042 1894 4096 nis
1949 4049 2244 4096 cocrcerct.
2295 4039 2480 4108 Itaque
2503 4039 2661 4108 juxta
2709 4035 3037 4114 sententiam
3085 4034 3402 4102 prophetae:

1806 4133 1848 4186 Α
1875 4133 2182 4187 sanctuario
2212 4148 2323 4185 utea
2349 4130 2565 4200 incipite
2591 4127 2812 4202 (Ezech.
2851 4143 2934 4192 Ix,
2963 4125 3041 4195 6),
3069 4125 3407 4193 intempesta:

1811 4225 1990 4281 noctis
2035 4223 2252 4284 silentio
2298 4222 2440 4277 idem
2477 4220 2774 4274 oratorium
2825 4217 3008 4273 subito
3055 4213 3408 4285 conﬂagravit

1808 4316 2256 4386 ismendio(577),
2309 4315 2360 4369 id
2407 4313 2615 4368 scilicet
2674 4319 2866 4380 agente
2916 4307 3100 4364 divina
3148 4321 3404 4388 censura,

1809 4420 1920 4475 quo
1943 4421 2010 4459 ne
2037 4421 2135 4475 per
2167 4403 2312 4458 diem
2352 4416 2644 4457 accensum
2674 4398 2820 4453 facili
2846 4394 3288 4453 concurrentium
3314 4409 3402 4448 rc—

144 4488 378 4550 Treveris
405 4505 785 4564 accesserant;
811 4515 975 4568 quam
1003 4515 1228 4554 suorum
1261 4507 1590 4554 sanctorum-
1603 4515 1706 4552 nu-
1740 4497 1782 4552 D
1809 4497 2181 4566 stingueretur
2227 4493 2517 4548 industria.
2573 4490 2913 4545 Ferebantur
2976 4485 3218 4555 undique
3259 4483 3404 4554 globi

143 4593 282 4635 mero
325 4587 637 4654 superbam,
672 4596 786 4640 tmn
827 4589 1114 4644 vetustatis
1163 4589 1423 4658 dignitate
1465 4590 1706 4644 celebra—

142 4679 263 4736 tam,
290 4677 433 4730 omni
467 4677 639 4732 Gallia
673 4679 847 4750 magis
887 4681 1095 4734 clarere
1133 4689 1532 4749 compererant.
1575 4679 1707 4750 Eius

143 4757 460 4830 al'quamdiu
509 4768 716 4822 laribus
781 4768 1089 4833 obversati,
1128 4769 1389 4840 religione
1434 4769 1704 4837 delectati,

144 4864 286 4907 sacra
329 4858 578 4914 terebant
615 4859 826 4924 limina,
871 4875 936 4913 ex
987 4861 1185 4930 ignotis
1231 4877 1368 4930 pene
1399 4861 1705 4924 notissimi;

143 4953 257 4994 cum
287 4942 488 4999 interea
519 4947 664 5001 viros
687 4957 882 5002 natura
913 4963 1135 5018 sagaces
1162 4951 1379 5004 ﬂamma
1405 4950 1574 5006 subiit
1595 4951 1710 5020 pul-

144 5027 384 5087 cherrimi
428 5035 714 5103 facinoris,
755 5046 815 5092 ut
857 5053 1204 5109 quocumque
1244 5039 1410 5093 modo
1457 5041 1709 5110 precibus

145 5126 231 5171 aut
257 5124 426 5190 pretio
468 5133 546 5183 tot
593 5124 905 5183 Sanctorum
944 5127 1263 5199 pignoribus
1301 5146 1426 5184 cum
1470 5131 1711 5186 maximo

381 5344 500 5426 Lib.
530 5365 570 5426 l_l
598 5364 615 5399 :
655 5318 866 5426 Interea
891 5390 978 5426 _._.
1019 5391 1033 5404 .
1073 5367 1228 5426 super
1260 5352 1426 5426 ripam
1481 5350 1716 5426 Mosella!

146 5418 426 5492 Valerium
453 5418 510 5470 in
538 5418 731 5492 [tenore
761 5419 900 5492 beati
930 5418 1320 5492 Sympltoriani
1341 5423 1594 5489 martyris
1625 5437 1716 5492 ea;-

149 5486 326 5573 f’v‘ﬁfit,
348 5499 498 5566 opere
526 5488 734 5573 quidem
757 5486 1004 5560 exiguum
1039 5486 1407 5573 tit-artiﬁciosi
1433 5486 1715 5545 schematis

146 5546 319 5632 decore
343 5546 514 5611 minus
535 5546 877 5632 ambitiosum
921 5599 933 5613 .
953 5576 956 5578 ·
980 5599 993 5612 .
1038 5600 1052 5612 .
1093 5560 1177 5614 Ibi
1205 5546 1392 5631 q'uippe
1428 5577 1715 5632 congrega-

151 5624 330 5684 tionem
358 5635 664 5680 sanctarum
697 5629 956 5684 circinum
989 5670 1001 5682 .
1036 5670 1050 5682 .
1092 5671 1106 5684 .
1149 5671 1162 5684 .
1201 5624 1228 5684 .’
1250 5624 1482 5684 instituit

151 5682 339 5746 Quibus
361 5695 519 5747 etiam
551 5697 620 5752 ad
647 5682 900 5766 regufaris
930 5682 1158 5769 rigorem
1178 5682 1716 5770 servan-

1813 4585 2020 4658 ignium
2042 4585 2219 4640 ventis
2245 4583 2586 4655 urgentibus,
2611 4581 2849 4650 totisque
2888 4577 3118 4633 habenis
3145 4574 3406 4647 regnabat

1813 4677 2155 4732 flammarum
2190 4675 2464 4746 impetus;
2505 4689 2630 4728 cum
2676 4671 2882 4726 interea
2911 4665 3270 4739 expcrgcfacti
3310 4680 3407 4720 cu-

1815 4767 1996 4823 stodes
2045 4767 2230 4820 vident
2271 4780 2360 4820 res
2396 4779 2525 4819 suas
2575 4763 2642 4817 in-
2682 4770 2927 4816 extremo
2971 4759 3126 4823 sitas,
3177 4771 3308 4826 opes
3337 4754 3404 4808 ad

1815 4858 2246 4915 subveniendum
2306 4856 2484 4912 ubivis
2525 4855 2843 4926 imparatas.
2906 4851 3094 4921 itaque
3151 4849 3297 4919 quod
3337 4847 3402 4900 'iu

1815 4959 1967 5006 tanto
1989 4948 2300 5006 constrictis
2339 4948 2536 5003 licebat
2572 4946 2824 5010 articulo,
2867 4941 3147 5007 festinare,
3180 4953 3407 5010 concurg-

1816 5058 1956 5108 rere,
2007 5041 2210 5112 ingenti
2259 5047 2403 5095 metu
2448 5038 2739 5108 trepidare,
2788 5049 2889 5090 nec
2931 5040 3122 5087 contra
3161 5029 3258 5084 niti
3305 5043 3404 5118 nec

1817 5147 1978 5188 nosse
2023 5130 2326 5202 quiescere,
2376 5136 2655 5200 postremo
2705 5130 2988 5180 manerent
3032 5137 3100 5176 an
3159 5118 3406 5190 fugerent

1643 5261 1875 5318 NOTA‘Z.

1820 5351 1949 5403 "dum
1993 5367 2226 5404 sororem
2270 5365 2423 5402 suam
2469 5345 2704 5416 prmfecit
2767 5343 2974 5398 nomine
3003 5335 3265 5397 Seuerum.
3317 5336 3401 5393 Cf.
3492 5379 3501 5387 .

1823 5419 2336 5570 ᾳῗέὲἒὶᾷὸὲἔρωἱρ
2358 5496 2568 5570 partem
2601 5485 2832 5540 ablaturi
2863 5463 3134 5570 sanguine
3161 5479 3282 5570 fuso
3310 5478 3402 5532 dc-

1827 5557 2108 5632 teguntur.
2131 5557 2266 5614 Hist.
2301 5557 2434 5629 |,'p.
2475 5557 2560 5632 755.
3077 5567 3082 5572 ·
3162 5568 3164 5571 '

2078 5631 2198 5710 Quo
2225 5626 2466 5710 tempore
2491 5626 2694 5710 factum
2718 5641 2826 5678 non
2857 5632 3086 5710 constat;
3119 5690 3152 5710 Α

1899 5693 2046 5758 (3577i
2078 5693 2137 5754 Ψ.
2174 5693 2370 5756 falsum
2408 5699 2510 5752 hoc
2537 5695 2775 5765 diploma
2807 5711 2890 5764 ap.
2925 5693 3233 5746 ilonthcim.
