3838 6296
61 278 215 352 1285‘

652 276 882 349 'cES'rA
922 273 1342 348 Taevsnf:
1374 289 1666 346 sereno.
1707 290 1794 346 ex
1833 290 1970 350 INV.
2012 294 2100 349 ET
2140 293 2282 350 inn.
2321 295 2381 351 s.
2413 294 2722 352 unum.

3161 307 3314 362 ’1286

50 421 224 478 .quam
269 402 550 484 fraudare,
593 404 685 458 sed
721 404 1048 474 cooperculo
1098 404 1448 474 sepulchrum
1490 405 1644 458 citis-
1674 407 1716 461 A
1744 421 1839 474 pra
1866 407 2126 473 diximus,
2150 418 2516 478 opportunum
2545 410 2855 479 judicarent
2901 427 3023 469 esse
3068 430 3326 474 amoven-

71 501 198 553 sime
229 496 478 551 claudere
506 496 958 550 delibet-avertunt.
1000 495 1076 549 lbi
1117 494 1484 550 Theodericus
1517 493 1642 548 Vir-

69 589 318 644 dunensis
343 589 633 657 episcopus
665 588 1063 642 extremitatem
1087 603 1290 657 cappaz,
1319 603 1425 657 qna
1460 601 1526 640 eo
1552 587 1640 640 die

67 677 374 734 solemniter
423 685 542 730 erat
601 677 855 742 indutus,
903 678 1113 744 amisit;
1167 678 1296 747 quia
1347 679 1477 732 dum
1525 678 1642 746 ipse

65 765 274 820 sanctis
305 763 554 833 reliquiis
597 765 871 818 curiosius
919 764 1178 830 intendit,
1227 773 1307 830 ut,
1349 765 1396 818 si
1434 775 1638 834 posset,

64 854 261 924 aliquid
289 869 358 908 ex
401 853 480 908 eis
515 855 839 923 subriperet,
866 854 1056 908 clauso
1095 870 1220 908 cum
1248 855 1522 908 celeritate
1550 870 1639 909 se-

62 945 306 1014 pulchro,
340 951 549 1012 partem
586 959 770 1013 cappae
795 945 942 999 intus
966 945 1146 1000 claudi
1175 945 1424 1014 contigit,
1449 960 1638 1014 quam,

59 1051 122 1089 eo
154 1036 323 1088 invito
351 1045 403 1090 et
434 1035 722 1100 renitente,
752 1036 936 1090 statim
982 1035 1126 1090 ferro
1167 1036 1332 1090 incidi
1377 1037 1637 1106 cportuit.

61 1123 397 1178 Venerabilis
439 1139 566 1178 vero
607 1125 909 1194 presbyter,
957 1126 1052 1194 qui
1095 1141 1220 1180 ossa
1250 1127 1483 1195 apostoli
1525 1135 1640 1180 tra-

55 1224 204 1267 ctare
232 1213 452 1278 meruit,
480 1214 570 1267 tali
615 1214 930 1268 testimonio
958 1215 1106 1268 omni
1140 1215 1352 1284 reliquo
1378 1216 1498 1270 vita:
1527 1231 1642 1270 suae

57 1315 302 1374 tempore
327 1305 543 1370 claruit,
573 1313 652 1372 ut,
690 1304 1148 1376 quotiescumque
1179 1321 1304 1361 cum
1337 1307 1521 1376 aliquo
1548 1322 1641 1360 ea-

27 1397 286 1452 .rundem
328 1399 685 1468 reliquiarum
732 1400 1062 1456 mentionem
1110 1399 1412 1466 habuisset,
1455 1400 1639 1454 statim

49 1487 258 1540 mirum
293 1487 348 1541 in
391 1489 613 1543 modum
642 1489 795 1559 digiti
840 1504 1038 1544 manus
1077 1482 1198 1558 éjus
1221 1489 1476 1550 dexterae,
1513 1503 1642 1542 san-

46 1587 268 1633 ctorum
319 1580 531 1634 ossium
576 1588 725 1634 tactu
771 1589 1019 1647 sacratae,
1071 1580 1231 1650 quasi
1282 1581 1402 1636 oleo
1445 1580 1640 1635 imbuti

47 1667 258 1740 stillare
289 1669 583 1738 cwpissent
621 1669 793 1739 (601).
831 1669 1004 1725 Porro
1031 1670 1417 1740 praedictorum
1443 1686 1640 1740 corpo-

45 1773 168 1811 rum
229 1759 508 1828 totiusque
547 1760 793 1814 ecclesiae
839 1761 1095 1829 petitione
1140 1770 1303 1830 atque
1351 1762 1634 1825 consultu,

43 1848 188 1902 beati
221 1848 442 1903 Matbite
471 1851 701 1920 apostoli
754 1866 882 1906 ossa
927 1853 1296 1907 sacratissima
1347 1867 1454 1906 non
1483 1852 1637 1906 dein-

45 1954 172 2008 ceps
219 1949 352 1993 sunt
393 1950 551 1996 terra:
586 1941 815 2008 infossa,
858 1943 952 1997 sed
1005 1944 1240 2012 desuper
1287 1953 1508 2008 terram,
1540 1957 1635 1997 ve-

40 2039 380 2097 rumtamen,
415 2049 483 2086 ne
513 2031 654 2088 forte
696 2033 844 2088 furto
879 2035 1304 2103 surriperentur,
1331 2035 1384 2087 in
1415 2034 1638 2103 parieti-

43 2123 144 2176 bus
166 2122 255 2176 vel
299 2122 354 2176 in
378 2122 588 2177 altariis
625 2133 754 2176 sunt
779 2123 1078 2188 recondita,
1107 2123 1193 2176 vel
1224 2121 1365 2176 infra
1391 2122 1634 2191 ejusdem

46 2213 290 2267 basilicae
331 2223 504 2283 septa,
538 2213 628 2268 ubi
660 2229 690 2267 a
723 2213 973 2269 ﬁdelibus
1005 2213 1112 2268 illis
1155 2211 1498 2268 deferrentur
1535 2211 1637 2280 pi.e

40 2303 357 2359 devotionis
395 2305 680 2375 obsequia,
723 2320 822 2360 nec
858 2313 1038 2359 tamen
1072 2305 1274 2359 auferri
1310 2304 1469 2359 facile
1507 2320 1637 2374 pos-

15 2404 166 2449 .sent
193 2390 525 2466 cujusquam
553 2412 798 2465 personae
833 2397 1108 2462 violentia,
1150 2397 1338 2466 sicque
1378 2397 1549 2460 ﬁeret,
1577 2405 1637 2449 ut

39 2485 257 2551 civitas,
289 2485 397 2540 hoc
435 2487 645 2540 munita
674 2495 926 2556 patrono,
966 2495 1226 2556 perpetuo
1247 2485 1367 2554 ejus
1401 2501 1511 2540 non
1542 2486 1636 2539 de-

42 2573 396 2629 fraudaretur
439 2574 722 2628 beneficio.
762 2573 866 2628 Ubi
902 2591 1031 2629 vero
1077 2591 1234 2630 sacra
1270 2575 1360 2629 illa
1407 2576 1634 2646 pignora

39 2673 171 2719 tunc
220 2665 434 2720 fuerint
476 2666 760 2735 deposita,
812 2667 1036 2720 senibus
1081 2666 1297 2736 populis
1348 2666 1415 2720 de
1454 2667 1636 2721 medio

40 2754 217 2821 factis,
239 2757 668 2811 succedentibus
689 2757 814 2811 tiliis
841 2755 1175 2826 incognitum
1198 2756 1300 2810 fuit
1329 2756 1558 2825 (συιδ).

104 2845 159 2898 5.
205 2843 418 2899 Verum
447 2844 695 2900 decursis
730 2845 930 2899 abhinc
972 2844 1086 2899 fere
1133 2845 1407 2914 octoginta
1451 2845 1632 2911 annis,

36 2936 242 3003 placuit
262 2937 497 2991 domino
519 2936 853 3002 Eberhardo,
883 2936 1149 3004 ejusdem,
1191 2946 1508 2991 sanctorum
1554 2936 1635 2989 vi-

1742 497 1988 552 dum.....
2018 499 2094 556 lbi
2119 501 2441 561 invenerunt
2465 503 2612 572 (606)
2640 503 2894 558 locellum
2914 506 2968 560 in
2991 510 3211 564 modum
3237 527 3326 566 ar-

1742 602 1820 640 ca:
1844 589 2111 656 plumbea:
2139 591 2347 659 majora
2385 594 2631 660 corporis
2665 609 2793 648 ossa
2840 594 3056 652 Mathizc
3093 603 3326 670 apostoli

1741 679 2134 744 continentem,
2160 682 2252 736 sed
2275 690 2328 734 et
2370 698 2610 736 marmor
2665 685 2835 738 latum
2866 686 2933 740 ad
2964 689 3186 744 modum
3215 693 3328 761 pal-

1742 769 1838 828 mi.
1891 769 1946 822 in
2001 787 2111 839 quo
2162 781 2480 826 caraxatum
2510 774 2651 827 fuit:
2687 773 2744 828 S.
2772 775 3005 830 Mathias
3033 783 3322 847 apostolus,

1741 860 1904 912 simul
1931 876 2054 914 cum
2080 863 2324 932 reliquiis
2348 864 2680 919 intrinsecus
2721 867 2982 934 positum.
3028 868 3168 934 Quid
3212 872 3325 940 pln-

1742 949 2125 1006 ra?Nimirum
2162 955 2304 1008 aades
2341 955 2430 1008 illa
2457 971 2565 1008 una
2596 957 2840 1010 omnium
2885 959 3219 1015 exultatione
3270 972 3324 1016 et

1740 1041 2080 1095 laudantium
2114 1042 2404 1098 Dominum
2432 1061 2567 1100 voce
2611 1048 2913 1115 personuit.
2959 1050 3096 1104 Area
3139 1061 3321 1107 autem

1741 1147 1928 1187 sacras
1957 1132 2162 1186 habens
2186 1136 2444 1204 reliquias
2479 1137 2534 1190 in
2569 1138 2748 1190 medio
2785 1140 2990 1206 delata;
3049 1141 3203 1196 theca
3253 1142 3321 1194 li-

1740 1238 1875 1291 gnea
1908 1238 2006 1291 pro
2033 1232 2274 1293 tempore
2303 1219 2593 1294 apparata,
2634 1228 2778 1282 ferro
2813 1231 3126 1286 ﬁrmissime
3171 1247 3322 1287 com-

1739 1319 1916 1380 pacta,
1941 1312 2176 1381 aliaque,
2202 1322 2422 1381 propter
2449 1317 2593 1384 quod
2619 1333 2781 1387 supra
2830 1318 3019 1386 paucis
3044 1319 3321 1374 intimavi-

1739 1418 1884 1469 mus,
1905 1403 2226 1457 cautissima
2268 1405 2514 1458 custodia
2549 1408 2862 1461 obseratum
2899 1423 3021 1464 esse
3057 1409 3172 1475 Μ’,
3224 1410 3322 1462 do-

1740 1509 1859 1558 nec,
1890 1493 2152 1562 perfecto,
2176 1495 2322 1563 quod
2351 1510 2463 1564 prze
2497 1497 2752 1552 manibus
2789 1508 2926 1563 erat,
2953 1514 3117 1568 opere
3157 1513 3322 1562 novo,

1739 1583 2017 1638 communi
2043 1584 2437 1638 deliberaretur
2459 1585 2708 1650 consilio,
2735 1587 2828 1639 ubi
2849 1587 3165 1642 condecenti
3192 1587 3322 1640 mit-

1741 1681 1945 1726 teretur
1970 1672 2023 1725 in
2058 1673 2198 1726 loco.
2222 1672 2417 1726 Paucis
2443 1669 2639 1726 deinde
2660 1674 2952 1728 transactis
2977 1675 3192 1740 diebus,
3211 1689 3324 1727 ρατ-

1667 1737 1713 1797 B
1742 1771 1939 1832 perunt
1968 1763 2124 1816 multi
2149 1762 2345 1816 infirmi
2368 1762 2663 1827 confluere,
2711 1772 2765 1817 et
2796 1763 3048 1832 precibus
3091 1737 3323 1833 apostoli

1737 1856 2032 1910 subsecuta
2057 1863 2142 1908 est
2165 1854 2338 1924 gratia
2366 1853 2603 1907 Demini.
2643 1853 2926 1908 Benedixit
2955 1855 3101 1908 enim
3137 1853 3322 1908 Domi-

1741 1961 1845 2000 nus
1869 1956 2068 2000 terram
2091 1960 2270 2010 suam,
2313 1944 2510 1998 avertit
2547 1944 2916 2012 captivitatem
2953 1943 3153 2010 Jacoh;
3196 1944 3324 2012 quia

1739 2047 1862 2105 post
1889 2039 2082 2106 longos
2105 2053 2280 2092 annos
2311 2037 2614 2092 sterilitatis
2642 2037 2834 2091 inedia:
2885 2047 2937 2090 et
2985 2035 3146 2091 famis
3181 2046 3325 2090 terra

1737 2126 1887 2181 dedit
1923 2127 2162 2181 fructum
2193 2143 2377 2192 suum,
2402 2138 2456 2180 et
2485 2127 2752 2182 Dominus
2792 2127 3120 2196 praeparavit
3165 2143 3325 2182 men-

1739 2233 1854 2272 sam
1882 2217 2082 2288 populo
2118 2232 2250 2282 suo;
2278 2227 2332 2271 et
2386 2217 2614 2286 depulsa
2657 2217 2918 2271 violentia
2966 2226 3327 2288 tyrannorum

1737 2318 1790 2363 et
1813 2310 2152 2378 praedonum,
2180 2309 2424 2377 jucunda
2449 2318 2696 2378 tempora
2720 2309 2874 2378 pacis
2894 2317 2950 2361 et
2979 2307 3180 2377 quietis
3203 2321 3330 2363 suc-

1737 2405 2042 2462 cesserunt,
2075 2407 2134 2450 ut
2163 2413 2290 2451 vere
2315 2399 2495 2451 dicere
2523 2399 2832 2452 exultantes
2870 2396 3146 2465 possimus
3175 2413 3189 2449 :
3221 2395 3326 2448 Be-

1739 2490 1976 2543 nedictus
1996 2489 2241 2542 dominus
2259 2488 2398 2542 Deus
2430 2488 2622 2554 Israel,
2662 2489 2787 2557 quia
2814 2487 3048 2540 visitavi!
3098 2495 3149 2538 et
3201 2486 3328 2554 fecit

1737 2578 2143 2648 redemptionem
2178 2577 2344 2647 plebis
2372 2593 2484 2631 suae
2538 2576 2691 2646 (Luc.
2720 2593 2757 2642 ι,
2802 2574 2915 2643 68).
2957 2575 3198 2645 Contigit
3227 2590 3328 2628 an-

1738 2677 1848 2724 tem
1875 2669 1990 2723 hzec
2018 2667 2258 2722 inventio
2289 2683 2435 2722 anno
2462 2667 2752 2722 dominicae
2781 2664 3176 2721 incarnationis
3197 2663 3326 2718 mil-

1737 2755 1930 2811 lesimo
1955 2757 2257 2811 centesimo
2280 2755 2541 2810 vicesimo
2564 2755 2816 2824 septimo,
2847 2753 3144 2808 indictione
3165 2753 3327 2824 quin-

1737 2851 1812 2908 ta,
1839 2853 2101 2913 regnante
2135 2844 2486 2898 serenissimo
2514 2854 2568 2898 et
2591 2844 2686 2897 Dei
2711 2845 2919 2898 cultore
2939 2843 3198 2899 Lotbario
3221 2842 3325 2896 Sa-

1738 2949 1898 3001 xone,
1955 2935 2058 2990 sub
2108 2935 2426 3004 pontiﬁcatu
2461 2935 2718 3006 martyris
2768 2934 2974 2989 Christi
3030 2933 3326 3004 Meginberi

35 3025 228 3080 delicet
260 3025 650 3080 confessorum
678 3025 932 3080 Encharii
967 3041 1032 3080 ac
1053 3026 1351 3092 sociorum,
1400 3025 1631 3080 caenohii
1663 3063 1709 3124 ο
1738 3026 2000 3095 episcopi,
2045 3026 2134 3080 die
2195 3025 2312 3081 Kal.
2366 3025 2701 3096 Septembris
2757 3028 2870 3095 (an.
2923 3025 3103 3096 1127),
3152 3026 3325 3096 prima

36 3115 194 3182 patri,
222 3124 509 3186 quatenus
537 3123 746 3170 veteres
777 3116 1095 3170 monasterii
1121 3131 1311 3170 muros
1332 3115 1637 3170 destrueret

34 3215 84 3260 et
137 3222 319 3262 novos
374 3206 666 3261 aediﬁcaret
695 3206 864 3277 (601).
927 3205 1286 3276 Quacumque
1346 3207 1636 3261 occasione

34 3312 172 3365 opus
196 3297 357 3356 istud
384 3298 660 3367 inceptum
687 3298 780 3362 sit,
802 3297 1007 3351 factum
1039 3312 1148 3352 non
1180 3306 1267 3352 est
1303 3297 1510 3367 absque
1553 3298 1634 3352 di-

35 3389 631 3460 vinadispensatione,
656 3390 894 3444 maxime
915 3404 1040 3445 cum
1061 3389 1208 3442 nulla
1237 3398 1482 3444 veterum
1507 3388 1637 3443 mdi-

32 3479 288 3535 ﬁciorum
324 3490 557 3552 urgente
577 3482 734 3536 ruina
763 3481 869 3536 tale
889 3481 962 3536 sit
981 3495 1120 3551 opus
1165 3496 1446 3548 exorsum,
1490 3480 1636 3550 quod

32 3581 142 3626 tam
192 3585 595 3642 sumptuosum
657 3581 877 3641 tamque
919 3573 1297 3628 inaestimabile
1349 3574 1638 3643 postularit

30 3663 386 3732 impendium
422 3663 688 3732 (605).....
725 3678 885 3716 secus
913 3663 1088 3716 altare
1115 3664 1260 3732 quod
1305 3663 1409 3716 fuit
1437 3663 1511 3717 ibi
1546 3678 1635 3718 se-

26 3769 220 3809 orsum
255 3763 462 3810 eontra
486 3755 650 3824 pedes
671 3753 1078 3819 confessorum,
1102 3754 1157 3806 in
1183 3754 1393 3809 honore
1436 3763 1639 3808 sanctae

31 3844 121 3899 Dei
157 3845 462 3915 genitricis
496 3842 678 3898 Maria:
723 3851 1224 3898 consecratum.....
1258 3841 1468 3898 Interea
1515 3859 1638 3899 (σι-θη

29 3939 224 3992 scebat
277 3937 378 3992 illa
404 3951 546 3991 nova
593 3943 869 3992 structura
913 3933 1150 3999 aadilicii,
1179 3943 1234 3989 et
1273 3934 1638 3990 deducebatur

27 4045 235 4100 magna
264 4028 574 4084 admodum
605 4043 731 4082 cum
761 4026 1132 4092 festinatione,
1180 4026 1349 4096 priori
1386 4027 1638 4082 taberna-

28 4122 156 4175 culo
179 4121 380 4176 adhuc
404 4119 641 4174 habente
671 4127 895 4174 statum.
920 4118 1163 4188 Contigit
1215 4119 1397 4188 itaque
1450 4127 1638 4172 testate

26 4223 283 4282 peracta,
325 4221 599 4268 autumno
623 4211 937 4278 inchoante,
967 4219 1028 4264 ut
1049 4212 1203 4266 altari
1252 4212 1520 4281 majorum
1551 4229 1640 4265 ar-

27 4319 223 4372 cuum,
280 4303 387 4374 qui
422 4301 632 4357 suntin
662 4309 956 4370 conspectu
1003 4301 1322 4367 sanctuarii,
1355 4302 1636 4358 machinas

1739 3115 1875 3169 hora
1903 3114 2031 3181 diei,
2056 3114 2124 3170 ad
2154 3115 2369 3170 laudem
2400 3124 2455 3171 et
2475 3115 2705 3186 gloriam
2727 3115 2954 3170 Christi.

1808 3207 1861 3260 4.
1902 3205 2008 3260 Sed
2043 3205 2187 3261 sicut
2208 3206 2373 3261 nullis
2393 3207 2822 3278 praecedentibus
2845 3207 3058 3262 meritis
3090 3221 3318 3276 operum

1739 3297 2028 3365 bonorum,
2055 3299 2150 3352 sed
2177 3299 2411 3368 gratuita
2433 3297 2614 3367 potius
2639 3296 2731 3351 Dei
2756 3298 3109 3352 miseratione
3130 3297 3199 3352 de
3219 3296 3325 3350 hu-

1733 3390 1826 3460 jus
1839 3389 2174 3445 sanctissimi
2206 3389 2436 3458 apostoli
2468 3389 2745 3458 insperata
2775 3388 3088 3443 inventione
3115 3388 3328 3458 magni-

1737 3480 1839 3535 ﬁce
1873 3481 2037 3536 laetati
2066 3479 2307 3550 provecti
2328 3488 2384 3534 et
2407 3479 2673 3534 consolati
2699 3494 2913 3546 sumus,
2962 3477 3037 3535 ita
3090 3478 3328 3547 peccatis

1738 3572 1944 3628 nostris
1971 3572 2329 3637 merentibus,
2349 3572 2643 3642 causisque
2662 3586 2802 3641 quas
2845 3587 3010 3641 supra
3053 3585 3326 3626 memora-

1738 3663 1920 3718 vimus
1953 3661 2047 3694 m‘
2074 3663 2498 3732 impellentibus,
2527 3662 2761 3733 graviter
2783 3671 2905 3732 post
2950 3662 3066 3716 haec
3117 3663 3326 3716 contri-

1738 3754 1865 3810 stati
1891 3763 1947 3808 et
1990 3754 2280 3824 periclitati
2334 3770 2546 3809 sumus.
2627 3753 2790 3808 Anno
2839 3753 3076 3823 denique
3127 3753 3328 3808 abhinc

1736 3847 1950 3916 quinto,
1977 3844 2073 3914 qui
2123 3854 2208 3900 est
2246 3845 2537 3900 dominica:
2568 3845 2965 3900 incarnationis
3001 3845 3328 3900 millesimus

1737 3935 2070 3992 centesimus
2092 3935 2402 3990 tricesimus
2423 3935 2656 4005 primas,
2685 3951 2810 3990 cum
2829 3936 2945 4004 jam
2968 3937 3170 3992 veteris
3196 3953 3324 3992 san-

1739 4027 1811 4083 cti
1840 4025 2097 4080 Eucharii
2125 4034 2401 4080 structura
2422 4025 2740 4078 monasterii
2787 4025 2839 4077 in
2882 4016 3085 4078 novum
3119 4023 3327 4078 studio-

1738 4119 1957 4174 sissime
1979 4128 2326 4189 repararetur
2352 4127 2580 4182 statum,
2603 4131 2834 4188 quaeque
2876 4131 2944 4171 ex
2995 4124 3149 4186 parte
3196 4131 3326 4170 san-

1704 4277 1708 4282 ,
1739 4211 1935 4266 ctuarii
1966 4210 2200 4281 perfecta
2222 4210 2488 4265 stabiliter
2507 4217 2764 4278 cooperta
2795 4207 3046 4263 trabibus
3093 4207 3324 4279 tegulis-

1740 4319 1846 4373 que
1875 4303 2089 4368 fuisset,
2121 4301 2188 4356 18
2231 4300 2327 4334 ⁵⁰²⁵
2359 4300 2584 4357 Kalend.
2614 4298 2784 4365 Junii,
2812 4313 2938 4354 cum
2963 4297 3181 4366 fratres,
3206 4313 3324 4354 me-

26 4405 464 4465 pmstruentes,
492 4395 662 4450 altare
687 4403 887 4449 sanctae
907 4393 1004 4449 Dei
1033 4394 1337 4466 genitricis,
1365 4395 1510 4464 quod
1537 4411 1634 4451 sn-
1668 4392 1712 4446 D
1739 4397 1948 4450 ridiana
1998 4403 2270 4449 transacta
2325 4395 2460 4448 hora
2482 4435 2499 4461 ,
2552 4393 2666 4463 jam
2712 4406 2914 4447 nonam
2956 4406 3110 4446 more
3162 4389 3328 4446 solito

1358 4526 1593 4582 ἺΑΒΙᾸΞ
1631 4527 1921 4584 LECTION
1930 4529 2034 4583 ES.

79 4619 182 4652 ““
207 4619 374 4673 locus
405 4627 674 4689 correptus
697 4633 808 4689 esse
826 4616 1049 4689 videtur.
1125 4615 1221 4648 ⁸⁰¹δ
1250 4619 1841 4689 supermemoravimus
1859 4620 1943 4674 ed.
2017 4619 2112 4652 ‘m
2138 4621 2192 4673 in
2220 4635 2434 4673 numero
2454 4628 2547 4672 aut
2583 4635 2756 4674 mense
2781 4620 3005 4689 fortasse
3031 4617 3216 4672 vitium
3229 4613 3325 4669 ila-

26 4700 137 4754 tet;
171 4707 313 4744 nam
355 4689 414 4743 d.
448 4688 514 4742 18
539 4686 668 4742 Kal.
697 4686 828 4741 Jun.
861 4686 1001 4740 idem
1021 4695 1153 4740 esset
1171 4687 1262 4758 qui
1284 4686 1417 4742 Idus
1443 4687 1576 4743 Mai.

1579 4801 1814 4868 NOTAE.

97 4897 261 4967 (601)
307 4889 642 4950 Lambertus
665 4894 814 4967 addit
842 4910 866 4967 :_
886 4889 1142 4967 Narravit
1169 4893 1299 4946 mihi
1324 4893 1539 4967 quidam
1571 4911 1646 4947 se-

23 4952 127 5022 riei:
163 4952 624 5038 religiosuscum
655 4964 916 5038 lacrimis,
940 4964 1071 5038 se_in
1101 4952 1518 5038 compres'bgtero
1544 4981 1641 5018 suo

21 5040 230 5108 saepius
255 5033 368 5094 Ιῐοο
395 5037 594 5108 uidisse
615 5051 733 5108 cum
758 5034 1112 5108 admiratione
1137 5033 1442 5108 multorum.

96 5102 329 5185 (602:5)
377 5105 547 5185 {\litcr
569 5105 606 5158 l.
641 5106 676 5158 l.
715 5123 744 5185 :_
777 5102 880 5156 Hic
905 5104 1344 5185 (p.rc.sb)'ter)......
1379 5103 1640 5185 Mat/riam

1745 4897 1896 4962 latio,
1922 4898 2013 4952 ubi
2046 4898 2208 4955 etiam
2241 4902 2354 4955 luce.
2375 4899 2668 4967 leguntur:
2703 4893 2832 4948 Post
2861 4893 3081 4967 [acacia
3115 4895 3324 4967 episco-

1743 4978 1871 5042 patu
1899 4968 2191 5042 Tungreusi
2226 4962 2490 5042 quonda'm
2530 4982 2667 5019 nunc
2692 4982 2809 5018 vero
2848 4964 3125 5042 Leodiensi
3174 4962 3323 5042 locus

1775 5039 1958 5093 uidam
1985 5034 2063 5092 est
2095 5034 2300 5096 Sustris
2336 5040 2564 5102 nomine,
2588 5053 2683 5106 pro
2705 5053 2764 5089 eo
2784 5035 2922 5105 quod
2946 5034 3324 5106 sanctimonia-

1762 5103 1976 5183 eum;
1998 5109 2210 5180 degunt,
2233 5128 2362 5183 quas
2399 5103 3034 5183 vulgo‘s’orores‘tiocant.
3089 5103 3224 5183 Erat
3267 5103 3323 5155 it

20 5174 352 5248 apostolum
382 5176 437 5228 in
472 5185 574 5228 tres
604 5175 868 5243 portiones
910 5174 1113 5248 dipisit,
1151 5174 1417 5248 tribusque
1447 5174 1642 5248 altari-
1739 5179 1916 5231 eodem
1940 5174 2256 5234 loco'mater'
2277 5174 2583 5234 monasterii
2623 5177 2864 5246 religioni
2904 5191 3133 5248 cperam
3165 5175 3319 5228 dans.

21 5244 122 5302 bus
145 5247 459 5317 diligenter
475 5255 526 5299 et
562 5244 1054 5317 secretereposuit,‘
1076 5245 1412 5317 paucissimis
1466 5244 1639 5317 ﬁdeli-

11 5319 122 5377 bus
143 5314 424 5380 consciis,
447 5332 509 5368 ne
531 5315 862 5386 postmodum
887 5314 1118 5386 alicujus
1159 5314 1407 5368 violentia
1450 5314 1638 5368 civitas

23 5388 332 5442 Treverica
358 5387 576 5454 proprio
595 5385 894 5454 privaretur
914 5395 1156 5453 patrono.
1324 5395 1328 5399 ’
1417 5390 1423 5397 ’
1467 5417 1493 5439 ,ο

97 5458 266 5526 (604)
313 5453 444 5521 Qua
461 5453 534 5510 ’de
556 5453 614 5510 re
639 5455 956 5508 conferatur
975 5455 1120 5523 quod
1144 5454 1208 5526 in
1228 5453 1403 5526 altera
1445 5453 1639 5510 Gesto—

20 5523 150 5584 rum
177 5523 636 5589 continuatione,
669 5532 856 5593 postea
887 5526 1114 5589 edenda,
1137 5523 1353 5594 legitur.

95 5599 264 5671 (605)
307 5594 517 5649 Narrat
536 5594 812 5671 quomodo
840 5595 1164 5671 pluribnsin
1189 5593 1398 5671 somnis
1433 5593 1502 5671 S.
1526 5595 1637 5650 Ma-

19 5663 156 5725 thi'ae
180 5663 413 5738 corpus
435 5663 724 5720 revelatum
754 5663 842 5718 sit.
882 5665 998 5720 Alia
1029 5667 1186 5720 habet
1234 5663 1504 5720 Lambcrti
1554 5682 1637 5719 re-

1738 5265 1875 5318 quw,
1908 5250 2068 5303 sicuti
2101 5253 2260 5304 moris
2281 5267 2392 5304 esse
2417 5247 2572 5313 solet,
2602 5255 2741 5300 sorte
2776 5246 3116 5318 caudelaru_m
3159 5259 3323 5318 unum

1743 5313 1808 5374 ea:
1833 5313 2086 5389 apostolis
2114 5323 2217 5375 sibi
2244 5332 2526 5390 patronum
2553 5317 2742 5388 eligere
2764 5317 3014 5390 decrevit.
3042 5313 3324 5390 Inscripsit

1743 5383 1908 5460 igitur
1930 5391 2202 5444 duodecim
2223 5383 2254 5444 ὁ
2271 5391 2458 5446 εηιίειίε
2484 5383 2698 5442 nomina
2737 5386 3014 5440 duodecim
3059 5383 3325 5454 apostolo-

1744 5477 1865 5534 rum
1880 5461 2146 5534 altarique
2176 5476 2528 5534 super-ponens
2546 5502 2559 5524 ,
2581 5469 2686 5512 etc.
2711 5529 2722 5534 _
2812 5527 2833 5534 Α
2865 5528 2876 5534 _
3284 5523 3295 5534 ,

1815 5531 1963 5601 (606)
2002 5527 2286 5598 Quomodo
2314 5527 2418 5587 hoc.
2449 5530 2651 5584 factum
2680 5529 2770 5593 sit,
2809 5527 3053 5583 fabulose
3099 5527 3324 5592 exponit

1743 5600 2085 5658 Lambertus.

1937 5809 1941 5814 ,
1956 5800 1996 5811 ..ν
