3902 6286
608 306 748 365 ιω

1209 296 1437 356 casm
1471 292 1773 350 runvsa.
1813 320 1885 331 --
1921 281 2213 345 sprnas.
2259 281 2351 337 nx
2386 281 2525 337 INV.
2569 281 2657 336 nr
2693 281 2839 337 una.
2882 282 2942 337 s.
2985 281 3290 339 uarum.

607 367 980 482 inchoassent,
1011 413 1191 469 subito
1217 418 1273 466 et
1299 410 1574 478 insperate
1596 407 1651 460 in
1673 402 1902 460 aedilicio
1943 399 2191 461 sacrarii,
2223 397 2270 453 A
2294 396 2670 462 conabantur;
2696 396 2792 451 sed
2818 410 2927 466 qua
2953 396 3257 451 intentione
3286 396 3339 452 id
3363 396 3587 468 facerent,
3603 407 3754 465 θήάως

607 512 758 584 quod
783 523 977 567 versus
1007 503 1316 574 aquilonem
1337 499 1517 554 eidem
1570 494 1927 584 monasterio?
1954 490 2197 584 adhaere-

608 581 723 669 bat,
779 598 1052 656 maximus
1104 591 1248 663 ignis
1293 602 1581 652 accensus,
1616 587 1861 641 minaces
1916 583 1972 636 in
2025 581 2195 636 altum

608 693 860 749 ﬂammas
880 684 1093 748 extulit,
1121 692 1177 738 et
1196 688 1448 749 correpto
1475 676 1639 733 cilius
1685 683 1827 729 tecto
1876 669 2196 734 sanctuarii,

611 776 884 836 exitialem
914 772 1171 828 omnibus
1194 769 1507 825 minabatur
1551 764 1852 819 interitum.
1900 759 2021 816 Mox
2051 758 2198 813 dicto

610 870 775 925 citius
827 865 1085 920 universa
1108 862 1305 917 civitas
1331 866 1606 915 commota
1627 856 1901 924 simulque
1925 853 1981 907 in
2026 866 2197 906 unum

610 956 954 1029 conglobata,
986 953 1054 1007 ad
1077 951 1378 1008 sedandum
1407 955 1705 1004 occurrunt
1737 946 1952 1016 ignem;
2002 943 2092 998 cui
2140 958 2201 998 se

612 1049 856 1117 undique
891 1058 1122 1101 ascenso
1158 1042 1279 1112 ipso
1322 1039 1553 1095 aediﬁcio
1601 1043 1958 1106 opponentes,
2009 1033 2199 1088 incen-

612 1139 767 1196 dium
788 1138 995 1202 divina,
1020 1144 1080 1190 ut
1106 1133 1457 1204 postmodum
1483 1129 1563 1185 rei
1582 1129 1763 1184 exitus
1781 1126 1989 1192 docuit,
2000 1125 2199 1180 volun-

594 1241 728 1288 tate
755 1230 986 1285 saeviens
1008 1226 1215 1280 frustra
1237 1223 1579 1279 conabantur
1599 1220 1936 1291 extinguere.
1955 1216 2083 1288 Igne
2103 1233 2203 1272 au-

614 1331 726 1377 tem
750 1334 916 1390 super
946 1317 1125 1387 capita
1153 1316 1372 1370 illorum
1418 1312 1645 1368 cadente
1673 1341 1746 1351 -—
1769 1323 1871 1364 nec
1917 1308 2064 1362 enim
2110 1321 2203 1359 ar-

615 1410 801 1467 dentia
826 1418 1078 1480 poterant
1098 1407 1365 1463 scandere
1406 1413 1548 1458 tecta
1612 1430 1645 1441 -
1676 1402 2056 1471 ingressuque,
2108 1412 2206 1467 per

614 1502 766 1572 quod
788 1503 1149 1564 intraverant,
1170 1498 1285 1566 jam
1311 1511 1480 1565 prope
1505 1495 1806 1559 obstructo,
1833 1506 1961 1547 cum
1990 1488 2205 1545 evasio-

617 1594 706 1648 nis
730 1593 917 1647 nullus
945 1596 1156 1660 pateret
1174 1603 1433 1659 egressus
1451 1594 1507 1641 et
1527 1601 1594 1640 ex
1619 1582 1927 1638 imminenti
1962 1580 2204 1651 periculo

616 1685 860 1754 undique
891 1688 1271 1737 coantarentur
1297 1695 1310 1730 :
1349 1679 1477 1733 licet
1502 1677 1679 1739 inviti,
1704 1674 2055 1731 saevientibus
2080 1688 2200 1729 ces-

2298 485 2376 540 rei
2429 485 2728 542 declaravit
2776 495 3029 541 eventus.
3078 484 3215 541 Nam
3254 497 3460 543 centum
3490 498 3757 567 eteo]:qu
3823 492 3826 495 ’

2297 592 2445 631 nunc
2465 577 2728 644 brachiis,
2759 593 2907 633 nunc
2940 576 3179 634 fustibus
3221 577 3566 650 impingentes,
3599 586 3651 642 de
3680 590 3759 646 loco

2298 667 2388 722 vix
2409 683 2627 724 movere
2652 677 2970 738 potuerunt,
2992 669 3171 724 donec
3187 670 3452 727 venientes
3473 676 3758 735 samothrac-

2300 757 2409 813 silii
2446 768 2500 813 et
2534 759 2764 828 majoris
2797 760 3142 815 auctoritatis
3198 760 3324 828 viri,
3355 763 3614 821 adnihilato
3634 783 3760 825 eam

2299 850 2552 916 consilio,
2587 851 2669 906 sic
2704 852 2926 906 tandem
2952 867 3080 906 cum
3122 852 3324 924 ingenti
3356 855 3524 911 labore
3564 856 3675 914 foras
3699 877 3761 915 u-

2301 948 2537 997 tractum
2565 953 2695 998 ante
2722 943 2898 1013 ipsius
2920 943 3067 1000 fores
3114 946 3324 1000 oraculi
3364 959 3634 1016 posueram.
3664 952 3765 1018 Qud

2298 1039 2483 1088 tamen
2509 1035 2860 1103 postmodum
2885 1036 3042 1095 ﬁnito
3095 1036 3348 1091 incendio
3392 1038 3443 1091 in
3480 1040 3627 1094 locum
3646 1044 3768 1111 pristi-

2302 1139 2437 1178 num
2456 1124 2774 1191 referentes,
2806 1128 3066 1183 levissimi
3104 1128 3384 1183 inventum
3426 1139 3502 1184 est
3531 1133 3684 1197 oneris,
3716 1144 3767 1201 ut,

2303 1216 2450 1285 quod
2470 1217 2655 1285 paullo
2680 1226 2807 1273 ante
2833 1234 2867 1272 a
2899 1227 3119 1273 centum
3144 1220 3282 1275 viris
3304 1235 3411 1274 non
3430 1222 3582 1290 potuit
3617 1227 3770 1293 moveri,

2278 1322 2453 1361 nunc
2480 1323 2513 1362 a
2539 1308 2828 1363 duodecim
2853 1308 3111 1365 facillime
3138 1311 3449 1367 referretur.

2375 1398 2429 1453 6.
2468 1398 2547 1454 Ex
2567 1415 2677 1471 qua
2702 1409 2887 1499 autem
2909 1417 3078 1458 causa
3103 1412 3288 1458 ortum
3310 1404 3383 1459 sit
3399 1406 3479 1459 vel
3503 1409 3771 1475 wrpemisc-

2304 1491 2378 1546 rit
2392 1491 2539 1548 Deus
2556 1493 2661 1549 hoc
2682 1491 3038 1564 praevaluisse
3057 1496 3395 1563 incendium,
3420 1498 3546 1554 scire
3563 1500 3772 1555 valentius

2304 1597 2406 1653 pro
2426 1597 2591 1652 posse
2621 1584 2961 1653 pandamus;
2998 1601 3125 1640 nam
3151 1586 3376 1642 silentio
3398 1603 3481 1643 res
3499 1589 3772 1657 supprimenda
3836 1640 3837 1649 χ

2306 1686 2418 1726 non
2446 1680 2551 1737 est,
2606 1673 2737 1742 quia
2783 1688 2952 1731 causa
2995 1674 3233 1730 incendii
3262 1676 3439 1746 major
3472 1677 3575 1746 ipso
3610 1677 3775 1732 incendit)
3836 1704 3837 1707 η

618 1789 741 1828 sere
771 1744 1027 1836 llammis,
1061 1779 1117 1826 et
1143 1770 1311 1840 aliqui
1336 1785 1431 1839 per
1457 1768 1726 1823 fenestras
1754 1782 1921 1837 super
1946 1765 2205 1820 inferiora
2237 1744 2282 1804 Β
2313 1761 2434 1816 fuit.
2472 1762 2604 1817 Erat
2632 1764 2705 1817 ibi
2738 1765 2963 1834 quidam
2987 1768 3318 1833 monachus,
3356 1744 3434 1822 es
3466 1744 3646 1822 aliunde
3675 1769 3776 1822 sdu-
3836 1824 3837 1839 χ

618 1864 871 1934 proxima
901 1862 1110 1933 delapsi
1135 1869 1296 1926 tecta,
1318 1860 1492 1929 aliqui
1525 1873 1657 1913 vero
1677 1873 1775 1928 per
1798 1856 1959 1911 funes
1980 1870 2040 1911 se
2061 1870 2210 1911 sum-

620 1955 887 2009 mittendo
912 1953 1003 2007 vix
1035 1951 1341 2006 incolumes
1365 1958 1679 2004 evaserunt.
1712 1948 1925 2003 Rursus
1958 1947 2209 2003 certatim

617 2053 1009 2101 concurrentes
1041 2051 1183 2098 tecta
1235 2041 1544 2096 dormitorii
1560 2049 1616 2096 et
1671 2039 1900 2094 claustri
1946 2038 2212 2094 citissime

616 2136 932 2203 destruunt,
968 2151 1039 2190 ne
1064 2134 1209 2205 ignis
1230 2134 1299 2188 de
1327 2133 1664 2188 monasterio
1691 2131 1968 2197 decidens,
2031 2132 2211 2186 locum

619 2226 849 2280 omnino
876 2223 1289 2278 inhabitabilem
1312 2221 1582 2275 redderet.
1609 2220 1766 2286 Quod
1793 2219 1982 2288 utique
2006 2218 2213 2274 factum

621 2322 789 2380 esset,
821 2313 929 2367 nisi
960 2313 1202 2367 clemens
1222 2309 1504 2367 miseratio
1537 2308 1633 2363 Dei
1680 2308 1944 2365 affuisset.
1974 2306 2113 2363 Nam
2145 2323 2214 2363 ex

622 2403 818 2458 oborto
865 2401 1120 2457 incendio
1148 2400 1467 2456 monasterii
1508 2399 1826 2471 longissime
1868 2400 1924 2454 in
1958 2399 2216 2455 extremi-

621 2501 735 2550 tate
760 2494 905 2549 villae
932 2493 1130 2549 domus
1157 2492 1383 2549 incensa
1407 2500 1509 2558 est,
1534 2500 1743 2561 quanto
1763 2479 1940 2563 inagis
1965 2492 2215 2562 proxima

622 2585 855 2647 aedilicio
889 2592 1051 2649 tecta,
1080 2583 1189 2640 nisi
1208 2582 1303 2638 Dei
1326 2584 1592 2653 protectio
1617 2583 1866 2639 affuisset
1882 2624 1897 2648 ,
1923 2598 2062 2653 pene
2084 2598 2218 2638 cou-

623 2686 845 2746 sumpta
895 2674 1147 2731 fuissent.
1205 2672 1362 2730 Unde
1394 2675 1593 2729 merito
1639 2675 1979 2744 proclamare
2020 2689 2218 2744 possu-

622 2783 792 2827 mus:
827 2766 952 2820 Nisi
996 2765 1258 2821 Dominus
1304 2766 1593 2835 adfecisset
1623 2807 1639 2832 ,
1690 2766 1922 2835 forsitan
2001 2765 2217 2820 obortas

622 2861 769 2929 ignis
792 2860 935 2913 vivos
955 2875 1049 2913 nos
1073 2858 1452 2913 absorbuisset.
1480 2857 1759 2925 Quantum
1790 2857 1926 2912 inibi
1956 2858 2217 2913 lacrima-

624 2972 749 3011 rum
778 2956 964 3012 fu‘sum
987 2956 1080 3020 sit,
1106 2954 1299 3026 quanti
1327 2954 1508 3023 ﬂetus,
1537 2963 1745 3025 quanta
1781 2954 2018 3024 suspiria
2036 2995 2052 3019 ,
2090 2955 2218 3023 quis

596 3083 601 3088 ε
624 3047 788 3118 digne
810 3047 987 3103 valeat
1010 3060 1291 3110 enarrare,
1321 3060 1449 3100 cum
1470 3045 1913 3100 amantissimum
1943 3051 2089 3099 certe
2133 3045 2218 3099 lo-

626 3114 754 3191 cum
783 3134 841 3190 in
871 3143 985 3190 toto
1010 3150 1202 3206 regno,
1233 3148 1331 3203 per
1353 3134 1584 3205 gratiam
1631 3132 1727 3188 Dei
1785 3149 1854 3190 ex
1906 3133 2220 3188 inventione
2245 3114 2293 3175 (ἶ

627 3234 685 3282 et
708 3241 779 3282 ex
799 3225 1080 3281 miraculis
1102 3225 1247 3280 beati
1266 3223 1485 3280 Mathiaa
1510 3224 2034 3291 nominatissimum,
2059 3233 2220 3294 puta-

627 3326 752 3372 rent
780 3317 851 3371 ab
904 3317 1219 3371 exitialibus
1269 3315 1507 3370 ﬂammis
1563 3315 2060 3370 exterminandum.
2113 3314 2221 3372 Sed

631 3406 766 3476 quid
793 3405 1060 3459 Dominus
1099 3405 1488 3460 misericordia:
1510 3413 1566 3459 et
1596 3405 1992 3460 consolationis
2036 3414 2222 3462 osten-

617 3498 762 3553 dere
784 3496 1042 3567 dignatus
1068 3497 1160 3563 sit,
1207 3495 1514 3566 justissime
1546 3496 1758 3550 videtur
1807 3497 2217 3552 insinuandum.

600 3610 607 3615 η
701 3589 755 3643 5.
796 3587 1041 3642 Primum
1074 3596 1198 3643 ante
1226 3588 1413 3641 omnia
1439 3587 1790 3642 incumbebat
1815 3589 1977 3644 nobis
2016 3589 2223 3645 sollici-

634 3679 768 3734 tudo
788 3680 856 3734 de
884 3678 1132 3748 reliquiis
1182 3686 1518 3745 sanctorum,
1543 3687 1597 3733 et
1616 3680 1855 3735 maxime
1881 3679 1948 3735 de
1975 3680 2222 3757 pignori-

634 3769 740 3823 bus
774 3767 948 3823 sancti
970 3767 1191 3824 Mathiae
1216 3770 1469 3839 apostoli,
1493 3771 1696 3840 quibus
1728 3770 1995 3828 Dominus
2039 3773 2223 3828 locum

632 3859 910 3915 illustrare
927 3860 1183 3932 dignatus
1206 3870 1309 3927 est,
1334 3877 1403 3916 ne
1431 3863 1710 3918 malevola:
1735 3864 1935 3920 mentis
1970 3865 2224 3923 homines
2276 3872 2279 3875 ’

632 3948 815 4018 aliqua
853 3950 1218 4037 machinando
1240 3948 1701 4024 consiliarent,ex
1731 3954 1933 4024 quibus
1956 3950 2109 4012 locus
2137 3973 2225 4013 es—

626 4049 718 4095 set
747 4040 983 4096 ludibrio
1011 4042 1270 4112 deinceps
1299 4052 1354 4097 et
1381 4044 1661 4114 despectui
1697 4047 2033 4104 snbdendus.
2065 4049 2223 4115 Quod

540 4128 545 4131 “
632 4132 707 4186 ita
736 4132 899 4186 etiam
931 4148 1026 4202 per
1056 4134 1241 4188 omnia
1287 4136 1579 4201 evenisset,
1619 4137 1747 4204 nisi,
1778 4146 1837 4191 ut
1870 4140 2053 4208 paullo
2098 4149 2224 4195 ante

604 4219 904 4287 dixeram,
928 4221 1211 4278 miseratio
1234 4222 1328 4279 Dei
1359 4225 1623 4280 affuisset.
1647 4225 1786 4282 Cum
1810 4230 2010 4283 etenim
2058 4230 2221 4302 ignis,
2256 4254 2259 4257 λ

632 4320 697 4365 ut
727 4312 1110 4381 prredixlmus,
1157 4315 1412 4386 contigua
1461 4317 1890 4389 circumquaque
1936 4320 2224 4376 lambendo

624 4412 1001 4469 consumeret,
1033 4413 1090 4458 et
1108 4405 1371 4473 aediculae,
1398 4423 1507 4478 qua
1536 4410 1715 4478 majus
1741 4410 1911 4466 altare
1949 4427 2074 4466 cum
2104 4427 2224 4467 sar-

632 4495 883 4565 cophago
904 4497 1082 4551 sancti
1113 4498 1515 4567 continebatur,
1547 4500 1692 4572 ignis
1723 4501 1839 4571 jam
1890 4503 2219 4571 immineret,

633 4587 860 4659 quidam
884 4589 1137 4660 malignae
1164 4593 1364 4646 mentis
1382 4592 1438 4646 in
1483 4609 1653 4647 unum
1683 4596 2043 4666 congregati,
2071 4613 2225 4652 com-

633 4680 788 4734 muni
815 4680 1123 4735 tractabant
1145 4683 1395 4749 consilio,
1425 4685 1660 4754 qualiter
1705 4672 1848 4741 idem
1885 4689 2224 4759 sarcOphago

634 4769 785 4827 foras
806 4780 1111 4827 extractum
1138 4781 1254 4828 arte
1275 4790 1381 4844 qua
1408 4784 1630 4845 possent
1652 4777 1962 4833 laborarent
2012 4787 2074 4833 ut
2101 4780 2227 4835 inde

632 4863 979 4919 subtractum
1004 4864 1125 4919 urbi
1156 4864 1452 4933 inferrent;
1489 4867 1731 4923 dicentes
1751 4910 1766 4935 ,
1792 4869 2100 4925 manifestis
2142 4870 2227 4925 in-

634 4955 795 5017 diciis
831 4956 1158 5020 declarasse,
1186 4972 1297 5010 non
1336 4959 1650 5028 esseipsius
1674 4961 1971 5016 voluntatis
1996 4962 2231 5031 amplius

635 5044 715 5099 ibi
732 5047 1083 5112 commorari,
1116 5046 1279 5117 cujus
1303 5049 1658 5118 protectionis
1679 5049 2011 5106 omnimodis
2037 5065 2231 5104 mona-

635 5132 732 5185 chi
758 5134 963 5207 indigni
990 5135 1227 5191 fuissent
1250 5136 1419 5209 (607).
1445 5137 1856 5195 Circumdatum
1885 5155 2015 5212 ergo
2040 5152 2229 5196 sarco-

638 5221 878 5295 pbagum
902 5227 1222 5298 longissimo
1248 5227 1380 5285 fune
1401 5230 1468 5286 ad
1492 5232 1817 5287 exteriorem
1863 5241 2079 5303 portam
2128 5249 2227 5289 us-

636 5329 753 5384 que
778 5317 1048 5386 tendente,
1098 5321 1251 5375 omni
1285 5322 1575 5378 conamine
1601 5323 1670 5378 de
1733 5323 1983 5379 incendio
2035 5338 2228 5379 eruere

2255 4470 2298 4525 D

2280 1884 2281 1887 η
2312 1853 2471 1909 niens
2495 1854 2664 1924 (608),
2698 1854 2774 1910 ibi
2790 1855 2904 1925 jam
2940 1871 3010 1911 ex
3057 1857 3234 1912 multo
3299 1866 3531 1928 tempore
3569 1866 3775 1927 suscqitrs,

2312 1945 2408 2014 qui
2432 1960 2543 1999 non
2569 1945 2644 2000 ibi
2693 1948 2996 2002 secundum
3035 1949 3285 2019 regulam
3326 1950 3588 2019 promissa:
3611 1950 3777 2004 Meto

2313 2037 2422 2103 tite,
2453 2037 2548 2092 sed
2580 2038 2788 2109 absque
2815 2039 3154 2110 subjectione
3189 2041 3523 2108 morabatur,
3564 2051 3607 2096 et
3646 2051 3777 2095 natu

2286 2125 2625 2185 .falsissimte
2642 2129 2830 2199 utique
2858 2129 3135 2184 fidelitatis
3157 2130 3367 2200 ubique
3391 2131 3779 2194 demonstratam

2316 2232 2425 2275 non
2454 2220 2631 2274 solum
2660 2221 2711 2275 ei
2741 2219 2967 2276 minima
2992 2236 3226 2292 quaeque
3263 2223 3693 2287 committerentur,
3723 2235 3778 2274 u-

2284 2340 2291 2341 ί
2316 2327 2438 2366 rum
2468 2311 2635 2366 etiam
2661 2313 2865 2367 cellarii
2907 2313 3128 2383 indigne
3156 2313 3529 2388 injungeretur
3560 2312 3778 2368 obediutit

2315 2402 2436 2469 Qua
2459 2404 2704 2471 tandem,
2735 2405 2862 2461 licet
2898 2405 3123 2470 invitus,
3157 2405 3397 2470 amissa,
3429 2405 3545 2475 quia
3591 2401 3781 2475 inquid!-

2282 2518 2286 2522 θ
2316 2493 2472 2548 sima
2490 2495 2617 2549 vitae
2646 2494 2844 2560 fuerat,
2872 2495 3116 2566 maligno
3134 2495 3335 2565 utique
3362 2496 3601 2550 suadente
3628 2494 3780 2555 (iam.

2316 2600 2538 2642 rursum
2567 2587 2814 2641 custodis
2841 2587 3071 2657 arripuit
3102 2602 3211 2640 non
3245 2587 3438 2656 jussus
3480 2585 3686 2649 omcium,
3720 2598 3783 2653 qm

2317 2684 2372 2731 et
2392 2680 2696 2746 spontaneo
2716 2677 2864 2748 quod
2887 2679 3164 2748 praebebat
3192 2678 3468 2748 adjutorio
3489 2678 3548 2732 ad
3568 2678 3675 2731 hanc
3704 2688 3783 2744 qua

2318 2783 2426 2837 que
2447 2768 2813 2824 obedientiam
2838 2777 2998 2839 aptus
3021 2785 3146 2825 esse
3167 2770 3527 2840 judicaretur.
3541 2767 3654 2834 Quid
3671 2766 3784 2835 plan?

2320 2858 2391 2913 Ut
2408 2875 2525 2916 suae
2550 2862 2846 2916 voluntatis
2870 2870 3007 2927 erat,
3029 2861 3279 2917 custodis
3334 2861 3542 2931 adiutor
3578 2860 3783 2928 deputata.

2286 2970 2293 2973 δ
2318 2948 2607 3004 confestim
2632 2959 2824 3005 contra
2850 2951 3186 3005 voluntatem
3214 2949 3455 3006 fratrum
3477 2958 3529 3005 et
3546 2949 3675 3002 etiam
3704 2959 3783 3012 sapt

2320 3044 2811 3099 coutradicentium
2834 3044 2890 3098 in
2910 3043 3252 3099 monasterio
3281 3043 3389 3098 sibi
3422 3042 3647 3097 lectulum
3689 3038 3784 3093 colt

2321 3135 2498 3199 cabat,
2523 3150 2635 3205 quo
2668 3136 2850 3204 aptius
2870 3135 3213 3205 perﬁciendae
3234 3152 3356 3191 sua:
3397 3135 3649 3190 dementia!
3680 3132 3783 3185 bal

2320 3225 2608 3280 inveniret.
2634 3224 2815 3281 Inerat
2852 3234 3037 3283 autem
3091 3227 3142 3283 ei
3191 3227 3505 3283 discedendi
3547 3225 3784 3283 desideria.

2319 3318 2392 3373 ob
2411 3318 2559 3387 quod
2582 3318 2917 3374 omnimodis
2950 3320 3253 3390 satagebat,
3282 3319 3415 3375 licet
3443 3318 3630 3381 furtive,
3655 3321 3785 3369 sam

2321 3422 2445 3461 rum
2464 3406 2725 3477 reliquias
2750 3408 3056 3477 acquirere,
3079 3424 3203 3463 cum
3226 3408 3505 3479 quibusin
3528 3407 3662 3462 alium
3680 3405 3785 3459 lam

2322 3500 2547 3554 veniens
2576 3499 2951 3555 honorabilius
2978 3500 3371 3569 susciperetur.
3408 3499 3703 3553 Remansertt
3735 3508 3787 3543 tr

2324 3595 2433 3643 tem
2464 3586 2539 3641 ibi
2563 3588 2631 3642 de
2656 3588 2857 3643 veteris
2872 3588 3189 3643 monasterii
3213 3596 3494 3642 structura
3522 3581 3786 3641 turrium-

2323 3679 2456 3734 dum
2482 3693 2700 3749 magna,
2726 3680 3162 3750 ingredientibus
3207 3680 3491 3750 templum“
3530 3676 3718 3748 pandens
3746 3672 3788 3723 it

2325 3768 2574 3834 troitum,
2598 3767 3005 3825 studiosissime
3045 3768 3332 3839 quondam
3380 3785 3411 3823 a
3446 3764 3691 3824 venenbii
3714 3759 3788 3813 litt-

2323 3857 2463 3914 tulfo
2508 3858 2705 3915 abbate
2745 3868 3095 3928 constructa;
3147 3860 3202 3914 in
3255 3861 3421 3930 cujus
3464 3871 3659 3914 ascensa
3686 3852 3789 3905 illi”

2298 3959 2610 4019 statuerat,
2637 3953 2781 4023 quod
2802 3954 2947 4020 licet,
2982 3969 3050 4008 ex
3071 3967 3141 4008 eo
3159 3953 3311 4022 quod
3340 3967 3513 4023 nuper
3534 3950 3595 4005 ab
3625 3947 3688 4002 bis
3711 3955 3790 4013 φῦ

2324 4059 2491 4114 supra
2519 4045 2829 4099 notavimus
2860 4044 3009 4115 (609)
3030 4044 3296 4099 violatum
3322 4053 3381 4099 et
3408 4041 3629 4112 reliquiis
3644 4039 3789 4092 bss!-

2324 4133 2515 4188 mitate
2540 4134 2625 4189 sui
2653 4132 2835 4189 fuerat
2852 4143 3167 4205 vacuatum,
3194 4133 3572 4206 negligeretur,
3596 4138 3740 4189 tanti.
3757 4132 3788 4173 τί

2324 4225 2673 4293 postmodum
2697 4226 2890 4295 patuit,
2920 4242 2987 4282 ex
3038 4227 3261 4283 ossibus
3309 4236 3367 4282 et
3403 4225 3648 4282 cineribus
3684 4214 3788 4274 studi

2326 4316 2532 4387 Agricii
2558 4317 2944 4373 Antiochensis
2970 4319 3301 4389 patriarchae
3326 4328 3385 4374 et
3418 4317 3708 4374 Trevirum
3739 4320 3789 4360 3"

2326 4407 2659 4479 cbiepiscopi
2679 4409 3062 4479 copiosissime
3089 4409 3269 4466 fuerat
3286 4411 3610 4482 insignitum.
3624 4404 3702 4471 an'
3718 4401 3787 4453 δαί

2324 4514 2421 4569 per
2439 4507 2518 4555 tot
2539 4508 2783 4570 tempora
2806 4502 2956 4557 nullo
2976 4503 3184 4557 sciente
3210 4502 3347 4557 inibi
3368 4507 3661 4561 servaretur,
3680 4500 3786 4547 ω

2324 4591 2432 4648 hoc
2453 4609 2485 4648 a
2531 4593 2841 4651 senioribus
2920 4596 3200 4669 memoria:
3266 4593 3523 4649 traditum

2324 4683 2473 4752 quod
2493 4683 2784 4752 praedictus
2806 4685 3135 4740 venerabilis
3162 4685 3337 4740 abbas
3366 4683 3616 4739 interdum
3632 4668 3787 4733 ὼε*

2325 4790 2555 4831 ascensa
2577 4776 2696 4846 ipsa
2722 4786 2894 4842 turre,
2930 4778 3172 4832 orationi
3200 4776 3278 4832 ibi
3323 4793 3424 4847 per
3473 4782 3625 4830 totum
3655 4767 3788 4819 παπ

2327 4865 2496 4934 diem,
2512 4866 2822 4936 saepissime
2841 4866 3009 4922 etiam
3034 4865 3351 4937 pervigilem
3373 4872 3499 4920 ante
3539 4858 3785 4916 Μ

2324 4955 2496 5010 altare
2524 4965 2829 5026 prostratus
2878 4958 3098 5012 duxerit
3128 4965 3368 5012 noctem.
3416 4954 3568 5009 Forte
3604 4949 3723 5015 initi!
3743 4938 3785 4993 ἀ

2316 5048 2508 5121 pperis
2529 5048 2672 5102 ratio
2691 5048 3081 5117 postulaverat,
3118 5055 3178 5102 ut
3224 5046 3419 5102 eadem
3449 5041 3600 5098 turris

2323 5147 2497 5205 retur,
2522 5147 2794 5208 quatenus
2816 5139 2971 5194 locus
2990 5154 3145 5193 nova:
3164 5138 3391 5194 daretur
3408 5141 3672 5192 structura.

2323 5247 2432 5301 (lue
2458 5231 2686 5288 aediﬁcia
2712 5232 2832 5301 ejus
2853 5240 2909 5290 et
2928 5232 3207 5301 laquearia
3222 5230 3341 5300 jam
3366 5242 3501 5298 pene
3538 5221 3679 5279 ausu
3708 5212 3785 5265 ne

2325 5333 2468 5392 sent,
2508 5325 2801 5396 pradictus
2853 5324 3178 5391 monachus,
3229 5322 3421 5378 nescio
3457 5332 3559 5390 quo
3597 5307 3784 5366 institi“

2150 5433 2385 5493 NOTAE.

716 5515 865 5589 (607)
902 5516 1191 5589 ΜοκαοΙροε
1210 5523 1349 5587 sicut
1374 5531 1509 5577 veste
1532 5523 1611 5577 ita
1650 5525 1819 5589 etiam
1863 5527 2095 5582 moribus
2134 5530 2223 5583 ni-

640 5604 785 5662 gros,
818 5587 1061 5662 indignos
1087 5607 1198 5662 esse
1221 5592 1448 5657 Mat/ria,
1481 5587 1822 5649 Lamliertus.
1846 5649 1854 5656 ,

715 5658 864 5731 (608)
902 5658 1133 5725 Quidam
1160 5659 1359 5716 Saevus
1382 5664 1657 5733 hypocrita
1703 5665 1757 5719 in
1784 5665 2057 5723 Lamberti
2086 5669 2225 5725 dici-

2329 5536 2421 5582 tur
2443 5524 2726 5580 relatione.
2764 5498 2765 5501 Ἴ

2404 5576 2721 5667 {669mm
2742 5593 2807 5667 in_
2818 5591 2985 5667 editis
3012 5607 3121 5645 non
3149 5590 3431 5660 leguntur;
3456 5582 3521 5638 ad
3538 5576 3685 5635 cede!
3710 5578 3779 5619 πω

2332 5685 2382 5723 c.
2415 5663 2449 5721 5
2471 5666 2738 5736 respicere
2759 5663 2991 5718 videtur.
