3902 6286
503 211 530 219 ν

117 256 244 316 1289

703 252 932 314 GESTA
963 254 1265 312 TllEVER.
1299 285 1369 299 -
1403 252 1697 315 APPEND.
1737 251 1830 316 EX
1869 258 2006 318 lNV.
2045 260 2135 318 ET
2172 261 2318 319 MIR.
2365 264 2421 321 S.
2460 263 2772 323 MATHUE.

3236 273 3255 325 -l
3269 274 3375 330 190

109 373 314 445 spiritu,
351 385 476 427 cum
501 369 616 442 jam
642 373 895 428 caenandi
919 373 1109 429 horam
1133 370 1506 444 praeteriisset,
1555 389 1685 445 ope-
1715 377 1764 436 A
1787 375 2008 444 bantur,
2036 377 2141 432 hoc
2172 380 2448 448 evenisse;
2477 382 2625 451 quod
2655 381 2970 438 incredibile
2989 382 3223 452 videtur,
3247 387 3375 456 quia

107 465 258 520 rariis
285 464 354 519 ab
382 479 545 534 opere
596 479 697 519 suo
739 465 964 520 domum
994 465 1418 531 discedentibus,
1467 473 1682 536 arrepto

105 559 447 625 ferramento,
473 559 791 628 praedictum
822 559 995 616 altare
1023 559 1371 630 confringere
1393 575 1683 632 aggressus

103 659 199 707 est.
226 648 290 704 Et
315 665 440 706 cum
465 649 808 720 aliquantum
835 652 890 706 in
922 650 1222 724 frangendo
1245 651 1573 718 laborasset,
1599 651 1684 706 in-

100 742 239 797 venit
260 741 523 798 scrinium
549 743 960 813 diligentissime
989 743 1168 814 sigillo
1205 744 1552 814 superposito
1597 758 1682 798 re-

101 835 402 903 conditum;
434 835 580 906 quod
604 835 864 908 sigillum,
899 836 1030 907 quia
1065 837 1275 892 litteras
1298 852 1408 890 non
1434 844 1678 902 noverat,

99 927 251 998 cujus
273 936 437 995 esset,
464 928 606 984 scire
631 944 740 983 non
782 938 1015 1000 poterat,
1068 930 1161 984 sed
1205 929 1437 999 primam
1467 935 1678 983 tantum

97 1020 326 1077 litteram
353 1036 413 1076 se
437 1021 756 1093 cognovisse
781 1022 938 1078 nobis
961 1022 1163 1087 retulit,
1188 1038 1310 1092 quae
1355 1030 1441 1076 est
1485 1021 1540 1075 in
1586 1037 1680 1076 ca-

94 1115 200 1185 pite
221 1113 518 1185 supradicti
551 1115 764 1170 abbatis
793 1113 1038 1179 Bertulti,
1065 1125 1118 1169 et
1140 1114 1260 1169 ideo
1290 1114 1462 1185 ipsius
1511 1113 1682 1169 fuisse

91 1207 382 1279 iudicatur,
417 1208 509 1278 qui
534 1208 796 1263 aedificata
824 1209 940 1279 ipsa
968 1218 1118 1264 turre
1146 1209 1314 1263 altare
1335 1208 1536 1278 pariter
1570 1217 1681 1262 sta-

92 1309 284 1355 tuerat.
313 1299 484 1355 Foras
500 1316 628 1372 ergo
651 1301 922 1370 prolatum
947 1301 1233 1366 scrinium,
1257 1299 1460 1370 rejecto
1479 1298 1678 1370 sigillo,
1728 1345 1733 1349 .

89 1393 379 1448 temeraria
407 1409 514 1447 non
544 1393 835 1448 verebatur
864 1395 1077 1464 aperire
1106 1409 1304 1459 manu;
1354 1393 1681 1463 brevemque

85 1485 306 1540 titulum
336 1486 598 1540 marmori
621 1485 943 1556 inscriptum
974 1486 1107 1556 ipsis
1129 1556 1134 1561 1
1155 1484 1376 1541 ossibus
1425 1500 1682 1556 superpo-

83 1576 248 1632 situm
277 1577 554 1645 auferens,
595 1578 723 1648 quia
763 1589 947 1648 aperte
981 1587 1100 1632 erat
1151 1577 1409 1648 scriptus,
1459 1585 1673 1632 utcum-

81 1687 185 1742 que
212 1671 395 1741 potuit
425 1672 652 1742 legendo
677 1671 933 1742 cognovit
953 1671 1124 1742 (6l0),
1155 1670 1382 1724 Sanctus
1427 1670 1675 1741 Agricius

79 1737 508 1832 archiepiscopus
540 1737 804 1833 scriptum
838 1737 978 1818 esse.
1024 1737 1206 1818 Laetus
1254 1778 1385 1835 ergo
1425 1737 1672 1828 ellectus,
1708 1737 1750 1792 Β

80 1851 351 1907 scrinium
379 1853 715 1908 descendens
747 1868 933 1909 secum
975 1853 1196 1921 detulit;
1261 1862 1315 1908 et
1367 1852 1493 1924 quia
1542 1850 1676 1906 illud

78 1957 273 2000 secure
296 1945 550 1999 servandi
574 1945 756 2000 locum
787 1960 896 2000 non
917 1945 1129 2011 habuit,
1156 1945 1212 1998 in
1239 1944 1510 1999 cimiterio
1533 1944 1676 1999 inter

80 2051 201 2092 ossa
224 2044 575 2091 mortuorum
607 2035 662 2090 in
694 2035 867 2105 cripta
911 2037 1176 2106 reposuit,
1235 2035 1409 2090 donec
1459 2036 1676 2090 tandem

79 2138 265 2199 aptum
295 2127 401 2182 sibi
431 2127 614 2182 locum
640 2127 971 2197 provideret,
1002 2142 1114 2197 quo
1137 2125 1269 2181 illud
1293 2125 1410 2180 sine
1458 2124 1674 2189 timore,

81 2222 227 2276 nullo
256 2219 363 2275 sibi
386 2219 629 2286 conscio,
674 2235 892 2275 servare
923 2228 1128 2290 posset.
1179 2217 1337 2285 Quod
1385 2225 1440 2272 et
1497 2215 1677 2272 triduo

78 2313 152 2367 ibi
204 2312 591 2368 absconditum
650 2311 830 2379 latuit,
883 2311 1247 2382 quoadusque
1304 2311 1358 2364 in
1412 2307 1675 2375 sacrario,

77 2403 226 2473 quia,
261 2415 320 2457 ut
349 2403 612 2470 diximus,
639 2403 887 2458 custodis
911 2402 1129 2472 adjutor
1175 2409 1315 2468 erat,
1349 2401 1531 2456 locum
1582 2415 1679 2470 ap-

78 2503 190 2548 tum
213 2494 616 2549 servandarum
667 2493 1024 2565 reliquiarum
1062 2492 1384 2548 cautissime
1427 2492 1681 2563 provide:

74 2594 172 2642 ret.
201 2584 302 2642 Est
327 2594 516 2641 autem
543 2586 772 2642 sacrarii
791 2589 989 2641 domus
1035 2585 1262 2641 inferior
1290 2585 1561 2655 lapidibus
1583 2600 1677 2639 ca-

73 2687 303 2745 merata,
339 2678 596 2749 superior
619 2688 804 2734 autem
826 2678 1299 2750 lignis'adoperta,
1325 2678 1395 2733 ad
1422 2693 1588 2748 quam
1611 2679 1680 2734 de

71 2771 319 2829 infcriori
342 2788 448 2843 per
475 2772 755 2828 cochleam
789 2771 1125 2828 ascenditur.
1165 2771 1224 2825 ln
1269 2771 1373 2825 hac
1407 2785 1537 2840 ergo
1585 2787 1680 2826 su-

68 2865 269 2938 periori
301 2865 495 2922 locum
519 2864 661 2920 inter
684 2865 867 2920 trabes
886 2874 941 2920 et
971 2873 1175 2920 tectum
1199 2862 1544 2934 praeparavit,
1576 2862 1680 2917 ibi-

68 2974 171 3029 que
199 2973 367 3014 sacra
401 2974 526 3014 ossa
551 2957 619 3013 de
642 2967 818 3029 crtpta
841 2966 1120 3027 reportata
1141 2956 1362 3022 locavit,
1385 2970 1665 3026 magnam-

64 3065 168 3121 que
195 3060 418 3106 struem
447 3051 720 3121 lignorum
762 3050 962 3105 veteris
1001 3049 1213 3105 aedificii
1254 3047 1669 3118 circumposuit,
1699 3089 1747 3152 ρ

63 3145 392 3215 saepiusque
415 3143 524 3200 illic
551 3144 754 3211 eundo,
780 3143 1055 3199 interdum
1079 3143 1246 3198 etiam
1276 3142 1353 3197 ibi
1388 3141 1672 3197 dormien-

62 3237 150 3304 do,
193 3238 398 3294 locum
449 3236 801 3308 frequentare
860 3251 970 3291 non
1032 3235 1257 3290 destitit.
1306 3233 1518 3289 Interea
1573 3235 1675 3288 iter

58 3345 220 3387 suum
271 3329 513 3388 licentia
563 3329 834 3400 acquisita
888 3335 1066 3399 parat,
1111 3326 1484 3396 nunciumque
1531 3323 1676 3379 lideli

57 3438 156 3478 suo
184 3423 428 3480 cuidam
464 3421 644 3478 amico
679 3421 896 3489 direxit,
933 3435 1136 3492 rogans
1180 3435 1306 3475 eum
1358 3417 1557 3474 obnixe
1607 3417 1676 3473 ad

59 3531 117 3571 se
143 3513 365 3584 venire,
405 3515 651 3571 adiciens
696 3513 845 3585 quod
891 3512 972 3568 rei
1010 3528 1174 3584 quam
1219 3511 1381 3566 vellet
1409 3526 1535 3566 cum
1584 3509 1677 3565 illo

65 3618 304 3667 tractare
335 3609 559 3665 nullum
581 3607 808 3663 omnino
830 3606 997 3661 alium
1038 3605 1201 3660 vellet
1241 3605 1524 3659 interesse.
1569 3602 1678 3658 Re-

61 3700 371 3770 liquiarum
404 3698 576 3771 igitur
599 3701 754 3767 parte
792 3696 859 3750 de
898 3693 1102 3750 scrinio
1123 3692 1322 3763 pannis
1363 3707 1502 3762 quos
1545 3708 1680 3761 prae-

64 3798 364 3861 paraverat
388 3788 675 3860 imposita,
717 3785 1125 3843 studiosissime
1163 3783 1446 3854 satagebat
1483 3790 1676 3852 quate-

62 3898 165 3938 nus
184 3883 267 3938 nil
294 3899 420 3938 suae
471 3881 720 3936 obstaret
766 3877 1114 3950 profectioni,
1171 3884 1233 3930 ut
1278 3875 1534 3930 omnibus
1575 3875 1677 3929 rite

60 3974 418 4045 praeparatis,
441 3985 794 4043 quacumque
822 3969 910 4024 die
938 3967 1042 4024 sibi
1063 3967 1324 4038 placeret,
1369 3965 1506 4020 liber
1555 3979 1680 4034 pos-

57 4067 510 4124 set‘discedere.
569 4063 723 4118 Talia
767 4063 955 4129 miser,
1001 4060 1244 4116 divinam
1310 4075 1421 4115 non
1476 4057 1679 4128 recogi-

57 4164 182 4214 tans
214 4157 789 4223 animadversionem,
821 4162 1186 4221 tractaverat;
1215 4151 1311 4208 sed
1357 4151 1501 4207 Deus
1553 4166 1674 4205 om-

57 4250 342 4321 nipotens,
376 4249 483 4322 qui
530 4257 780 4305 sanctum
825 4247 1108 4318 Agricium
1156 4245 1334 4301 noluit
1363 4259 1614 4315 separare
1643 4259 1676 4299 a

56 4345 433 4402 sanctissimo
461 4357 564 4399 suo
593 4341 874 4412 apostolo,
895 4339 1054 4410 cujus
1089 4339 1363 4410 quondam
1396 4353 1493 4409 per
1524 4344 1676 4391 tanta

53 4444 338 4492 terrarum
363 4433 548 4504 spatia
570 4441 756 4487 vector
777 4432 1080 4494 exstiterat,
1107 4430 1329 4501 impiam
1352 4429 1472 4499 ejus
1492 4428 1676 4498 dispo-

52 4529 321 4585 sitionem
353 4522 740 4581 manifestavit
763 4530 820 4578 et
847 4522 1103 4576 cassavit.
1155 4520 1294 4573 Cum
1341 4519 1563 4584 etenim,
1612 4528 1674 4572 ut

49 4622 456 4693 praediximus,
505 4616 688 4671 locum
721 4614 954 4672 eundem
991 4610 1309 4682 aliquandiu
1327 4610 1444 4682 jugi
1469 4609 1672 4665 sollici-

51 4713 242 4768 tudine
266 4703 716 4783 l'requentasset,
738 4706 825 4761 die
849 4712 975 4760 ante
999 4702 1256 4774 praedicta
1292 4701 1416 4757 inde
1441 4701 1671 4757 descen-

51 4802 182 4860 dens
219 4817 394 4860 more
445 4799 553 4856 sibi
580 4797 761 4864 solito,
785 4796 922 4851 alias
953 4794 1137 4849 nescio
1158 4807 1270 4864 quo
1297 4793 1378 4848 ire
1424 4793 1670 4863 paravit;

51 4910 176 4952 cum
203 4895 410 4953 subito
435 4893 558 4963 ipsa
577 4890 797 4957 domus,
822 4889 1090 4944 incertum
1112 4886 1257 4941 unde
1282 4893 1474 4940 exorto
1494 4886 1674 4941 incen-

53 4987 158 5058 dio,
197 5004 339 5045 cum
379 4984 641 5056 reliquiis
677 4991 732 5038 et
777 4979 1114 5037 monasterio
1150 4977 1436 5034 combusta
1461 4985 1572 5045 est;
1603 4978 1672 5032 li-

53 5090 130 5137 cet
172 5079 365 5153 aliqui
407 5075 489 5133 ad
518 5075 784 5132 honorem
813 5072 1170 5144 reliquiarum
1211 5085 1339 5124 eum
1371 5069 1556 5124 lumen
1599 5069 1674 5125 ibi

53 5173 320 5232 habuisse
354 5169 664 5234 aﬂirment,
695 5165 842 5238 quod
881 5165 998 5236 ipse
1029 5179 1098 5219 ex
1144 5170 1261 5218 toto
1299 5161 1548 5234 negavit;
1589 5161 1676 5217 vel

53 5281 278 5324 rursum
307 5262 419 5322 alii
457 5260 666 5327 dicant,
696 5258 767 5314 ab
806 5258 950 5328 igne,
976 5271 1087 5328 quo
1116 5255 1354 5313 candelae
1396 5255 1472 5311 ibi
1513 5269 1674 5326 para-

1788 479 1913 546 ante
1952 470 2193 526 triduum
2227 473 2366 544 ignis
2394 489 2461 529 ex
2485 483 2600 529 toto
2653 475 2727 530 ibi
2759 477 3057 544 defecerat;
3105 494 3164 534 re
3193 489 3377 536 autem

1785 575 1912 615 vera
1940 561 2122 616 divina
2148 562 2425 618 voluntate
2447 564 2552 619 hoc
2578 565 2854 620 decretum
2885 566 3082 623 fuerat.
3124 567 3251 640 igne
3279 585 3377 625 au-

1786 658 1894 705 tem
1925 652 2175 708 ﬂammas
2218 654 2272 708 in
2311 655 2480 710 altum
2500 655 2756 726 jaciente,
2787 657 2878 713 ille
2905 659 3251 716 miserrimus
3276 677 3376 717 an-

1785 743 1908 799 xius
1932 744 1998 799 de
2023 745 2290 816 reliquiis,
2313 745 2548 803 festinus
2577 763 2893 817 accurrens,
2922 750 3148 806 domum
3180 769 3374 808 ascen-

1783 833 1882 901 dit,
1916 851 2158 905 pannum
2190 854 2316 892 eum
2361 839 2606 910 reliquiis
2627 841 2742 911 jam
2783 842 3035 898 incendio
3062 845 3374 913 proximum

1784 927 2162 998 apprehendit,
2203 947 2367 1000 quem
2398 947 2586 987 secum
2616 935 2833 990 trahere
2865 934 3112 1005 cupiens,
3145 935 3374 990 omnino

1783 1034 1894 1074 non
1933 1021 2144 1089 potuit;
2185 1039 2286 1079 nec
2330 1024 2475 1079 ultra
2530 1025 2736 1096 iniquis
2780 1027 3036 1082 manibus
3086 1028 3375 1084 tractanda

1783 1113 1971 1178 cessit,
2004 1114 2098 1168 sed
2126 1116 2307 1184 potius
2329 1117 2922 1174 ibidem-comburenda
2945 1120 3228 1174 remansit.
3265 1118 3373 1186 Qui

1782 1217 1906 1258 cum
1939 1204 1995 1258 in
2031 1205 2294 1261 trahendo
2326 1208 2529 1264 frustra
2578 1211 2670 1265 diu
2710 1211 3033 1277 laborasset,
3071 1213 3373 1282 desperans

1783 1296 2049 1352 scrinium
2081 1299 2314 1368 aperuit,
2347 1309 2406 1355 ut
2433 1302 2624 1356 saltem
2651 1303 2872 1373 aliquod
2904 1304 3212 1358 membrum
3245 1303 3372 1358 inde

1781 1389 2070 1460 acciperet,
2101 1392 2246 1462 quod
2281 1408 2396 1447 suae
2423 1394 2684 1448 voluntati
2716 1395 3122 1451 incombustum
3153 1408 3373 1448 servare

1781 1491 1986 1552 posset.
2033 1484 2104 1538 At
2149 1500 2276 1540 cum
2317 1485 2752 1555 introspexisset,
2792 1488 2973 1542 subito
3003 1488 3166 1558 ignis,
3210 1485 3374 1556 quasi

1781 1574 1962 1646 fulgor
1986 1576 2052 1631 de
2077 1578 2248 1634 sacris
2277 1578 2498 1633 ossibus
2537 1577 2862 1648 jacuiatum,
2899 1581 2974 1634 ita
3020 1579 3216 1634 faciem
3251 1577 3372 1647 ejus

1781 1668 2160 1736 inflammavit,
2185 1680 2243 1724 ut
2266 1671 2558 1740 resupinus
2585 1687 2848 1727 corruens
2870 1687 3006 1741 pene
3028 1670 3374 1726 exanimatus

1776 1772 1940 1819 esset.
1978 1763 2084 1819 Sed
2115 1779 2215 1819 nec
2242 1772 2374 1818 tunc
2403 1765 2624 1833 quidem
2653 1781 2718 1820 os
2747 1765 2979 1836 aperuit,
3021 1774 3082 1820 ut
3112 1763 3278 1818 alicui
3304 1777 3375 1819 ex

1777 1856 2191 1912 accurrentibus
2228 1871 2355 1910 cum
2394 1856 2566 1910 armis
2612 1865 2667 1910 et
2715 1872 2860 1927 aqua
2907 1873 3024 1912 rem
3079 1856 3370 1927 panderet;

1777 1949 1920 2018 quod
1948 1947 1994 2004 si
2030 1946 2267 2013 fecisset,
2295 1947 2411 2017 jam
2464 1948 2647 2003 illaesa:
2693 1947 2948 2003 incendio
2977 1949 3222 2018 reliquiae
3251 1961 3374 2002 cre-

1777 2047 1884 2108 ptaz
1931 2038 2182 2094 fuissent.
2225 2038 2302 2093 lta
2347 2039 2459 2095 Deo
2503 2041 2846 2110 disponente,
2891 2039 3097 2112 Agricii
3146 2054 3274 2094 ossa
3319 2045 3377 2093 et

1776 2130 1956 2200 pulvis
1991 2130 2046 2184 in
2081 2130 2203 2186 loco
2243 2141 2686 2201 permanserunt,
2730 2149 2853 2202 quae
2901 2133 3087 2202 inique
3138 2130 3377 2186 furanda

1777 2223 1844 2278 de
1881 2223 2004 2278 loco
2041 2223 2400 2294 requietionis
2441 2222 2657 2278 sublata
2701 2222 2937 2278 fuerant.
3000 2223 3135 2288 Quae
3183 2232 3376 2292 postea

1777 2315 2093 2370 minutatim
2123 2316 2264 2371 inter
2306 2316 2576 2371 carbones
2621 2314 3036 2386 diligentissime
3088 2315 3376 2384 requisita,

1779 2424 1977 2479 magna
2014 2425 2081 2463 ex
2116 2417 2271 2478 parte
2311 2408 2532 2462 inventa
2581 2416 2730 2473 sunt,
2784 2416 2848 2461 ut
2890 2407 3157 2476 majorem
3200 2407 3378 2478 ipsius

1772 2496 2025 2567 corporis
2070 2504 2278 2566 partem
2312 2509 2412 2550 nos
2441 2509 2552 2550 non
2581 2495 2895 2550 dubitemus
2923 2496 3144 2550 habere.
3186 2493 3376 2551 Pulvis

1777 2604 1908 2644 vero
1933 2603 2059 2643 cum
2081 2587 2358 2643 cineribus
2386 2587 2705 2642 cautissime
2737 2587 2920 2642 cribro
2943 2595 3228 2658 purgatus,
3265 2585 3373 2640 ibi-

1777 2681 1901 2735 dem
1927 2681 1980 2734 in
2009 2695 2178 2735 unum
2203 2680 2384 2734 locum
2429 2678 2731 2734 servandus
2769 2677 3044 2748 repositus
3093 2686 3196 2745 est,
3244 2677 3376 2748 quia

1778 2772 2008 2827 busdam
2038 2771 2395 2826 suadentibus
2432 2779 2492 2825 ut
2519 2771 2577 2825 in
2606 2769 2873 2824 honorem
2905 2769 3153 2840 ejusdem
3196 2769 3376 2826 sancti

1779 2863 1986 2934 Agricii
2015 2863 2185 2918 altare
2204 2863 2279 2917 ibi
2303 2869 2655 2929 statueretur,
2678 2870 2732 2917 et
2753 2862 3097 2918 dedicaretur
3117 2863 3371 2918 ecclesia.

1775 2957 1882 3015 Per
1905 2959 2091 3013 omnia
2119 2958 2442 3014 benedictus
2471 2955 2638 3026 Deus,
2665 2957 2761 3024 qui
2790 2972 2914 3024 nos,
2939 2957 3066 3013 licet
3096 2957 3373 3028 indignos,

1775 3051 1950 3108 noluit
1968 3051 2183 3121 privare
2204 3059 2436 3121 patrono
2457 3049 2582 3116 tali,
2613 3050 2772 3120 cujus
2802 3065 2903 3105 nos
2929 3049 3133 3104 auxilio
3169 3049 3379 3119 ubique

1776 3142 2077 3214 gaudemus
2111 3141 2349 3213 perfrui!
2377 3141 2678 3211 Postquam
2710 3152 2893 3198 autem
2924 3143 3040 3198 haec
3076 3150 3196 3197 acta
3221 3149 3372 3207 sunt,

1773 3235 1966 3290 videns
2001 3244 2192 3290 auctor
2214 3235 2381 3306 hujus
2411 3235 2633 3291 sceleris
2675 3250 2787 3290 non
2829 3251 2991 3306 posse
3021 3236 3189 3292 celari
3225 3234 3379 3306 quod

1776 3326 1922 3382 Deus
1965 3327 2139 3382 voluit
2189 3326 2552 3394 manifestari,
2604 3337 2800 3383 cuncta
2849 3344 2972 3398 qua:
3012 3336 3258 3399 gesserat
3287 3326 3376 3380 vel

1775 3421 2109 3493 cogitaverat
2148 3420 2377 3492 protulit
2403 3420 2459 3474 in
2493 3419 2763 3486 medium;
2795 3419 3124 3474 monstravit
3154 3431 3377 3488 quoque

1776 3514 1960 3570 locum
1990 3513 2084 3568 ubi
2111 3513 2373 3584 reliquias
2411 3513 2795 3568 collocaverat.
2836 3510 3010 3578 Quem
3057 3510 3255 3565 fratres
3290 3509 3376 3563 di-

1775 3606 2005 3679 ligenter
2034 3615 2461 3676 perscrutantes,
2505 3605 2649 3661 sicut
2669 3601 2785 3676 ja'm
2815 3604 3078 3670 diximus,
3107 3609 3377 3674 quantum

1776 3707 2094 3769 potuerunt,
2127 3698 2393 3754 semiusta
2415 3712 2543 3754 ossa
2571 3697 3040 3763 coadunaverunt,
3074 3703 3130 3751 et
3152 3693 3379 3749 honori-

1777 3791 1878 3846 tice
1903 3791 1959 3845 in
1981 3791 2254 3860 reliquum
2275 3789 2524 3844 habenda
2550 3800 3033 3846 conservaverunt.
3075 3788 3168 3844 llle
3191 3796 3376 3843 autem

1778 3882 1966 3949 miser,
2023 3882 2262 3937 dictante
2318 3881 2568 3936 omnium
2611 3881 2904 3946 sententia,
2967 3897 3089 3934 cum
3154 3880 3377 3935 licentia

1777 3974 2048 4042 discessit,
2080 3975 2210 4045 quia
2240 3989 2433 4044 nempe
2459 3973 2565 4030 sibi
2592 3990 2694 4030 nec
2715 3974 2836 4028 loco
2858 3972 2987 4027 huic
3017 3971 3264 4029 habitare
3289 3972 3376 4026 ul-

1779 4066 1950 4122 terius
1977 4066 2330 4122 commodum
2362 4065 2521 4122 nobis
2556 4064 2735 4120 visum
2771 4063 2988 4120 fuit.....

1851 4181 1903 4237 7.
1947 4223 1962 4237 .
2007 4223 2022 4238 .
2067 4224 2080 4236 .
2125 4223 2140 4238 .
2185 4224 2198 4237 .
2245 4225 2258 4237 .
2301 4223 2316 4235 .
2363 4223 2376 4236 .
2415 4179 2547 4235 Mihi
2582 4181 2688 4236 hoc
2725 4178 2861 4235 satis
2897 4177 3100 4232 mirum
3136 4176 3375 4244 videtur,

1779 4277 1927 4348 quod
1977 4276 2032 4331 in
2073 4283 2226 4331 tanto
2265 4274 2509 4346 periculo
2537 4273 2679 4344 ignis
2713 4281 2769 4328 et
2809 4271 3070 4340 incendii,
3119 4270 3176 4325 in
3219 4279 3376 4326 tanto
3471 4277 3477 4284 '

1781 4385 2055 4424 concursu
2109 4377 2162 4422 et
2216 4366 2564 4421 multitudine
2615 4365 2905 4435 utriusque
2961 4379 3127 4420 sexus
3187 4361 3376 4432 populi

1708 4459 1752 4513 D
1779 4474 1941 4514 nemo
1976 4475 2203 4530 prorsus
2234 4457 2359 4512 vitae
2401 4457 2483 4512 vel
2519 4441 2714 4512 salutis
2747 4472 2864 4512 suae
2906 4455 3238 4510 debilitatem
3288 4453 3377 4508 in-

1779 4549 1971 4614 eurrit,
1997 4550 2181 4602 nullus
2204 4548 2432 4602 omnino
2464 4556 2717 4601 nostrum
2767 4562 2949 4604 rerum
3002 4561 3231 4603 suarum
3275 4545 3376 4600 ali-

1780 4641 1913 4712 quid
1946 4640 2196 4713 perdidit.

1852 4754 1979 4812 Haac
2004 4764 2302 4826 utcumque
2330 4752 2478 4826 dicta
2512 4751 2816 4820 sufﬁciant;
2855 4768 3003 4808 nunc
3041 4751 3224 4823 aliqua
3265 4749 3374 4808 mi-

1779 4848 2094 4903 raculorum
2141 4847 2288 4902 beati
2319 4845 2539 4901 Mathiaa
2571 4845 2840 4912 dicamus,
2870 4861 2995 4915 quae
3025 4853 3153 4900 ante
3179 4844 3375 4899 inven-

1777 4939 1982 4994 tionem
2007 4937 2128 5008 ejus
2156 4936 2454 5009 contigisse
2477 4936 2634 4990 multi
2663 4935 2844 4992 adhuc
2885 4936 2941 4989 in
2986 4949 3217 5006 corpore
3255 4949 3374 4988 ma-

1776 5036 1968 5084 nentes
1996 5027 2233 5100 religiosi
2258 5027 2579 5098 pmdicant,
2606 5042 2639 5081 a
2661 5026 2862 5097 quibus
2883 5042 2986 5083 nos
3011 5026 3128 5083 haec
3147 5024 3375 5098 contigit

1777 5119 2019 5178 audisse.
2066 5161 2080 5175 .
2127 5161 2141 5175 .
2185 5160 2200 5176 .
2246 5161 2261 5175 .
2309 5161 2323 5176 .
2363 5161 2379 5174 .
2426 5159 2440 5176 .

2055 5255 2186 5313 Htec
2228 5256 2494 5313 miracula
2528 5257 2586 5312 in
2619 5257 2848 5314 editione
2889 5257 3096 5312 desunt.

1593 5417 1827 5477 ΝΟΤιΕ.

113 5543 270 5619 (610)
313 5541 467 5620 nec
499 5537 835 5620 laetabertns
851 5535 1124 5620 explicare
1145 5533 1335 5620 volens
1360 5533 1432 5591 ita
1485 5533 1618 5592 dicit
1649 5553 1662 5590 :

57 5613 175 5675 Irim
201 5613 320 5674 non
359 5613 695 5686 intelligeret
717 5613 923 5686 penitus
952 5613 1123 5686 ipsum
1147 5613 1496 5686 scripturam,
1513 5625 1668 5686 serit-

58 5693 146 5748 ‘ari
178 5690 351 5764 capit
372 5688 428 5743 si
459 5680 594 5756 quid
616 5680 826 5754 uspiam
846 5682 1020 5739 simile
1048 5682 1314 5754 reperiret.
1342 5680 1496 5748 Quod
1516 5689 1565 5736 et
1591 5680 1672 5751 {e-

385 5803 684 5869 Pnnon.
717 5795 924 5863 CLIV.

1776 5535 1867 5592 cit.
1906 5531 2052 5588 Nam
2089 5534 2265 5590 simile
2310 5534 2437 5606 quid
2470 5534 2528 5589 in
2573 5534 2753 5590 codice
2785 5531 2922 5589 Vitae
2954 5534 3068 5605 ejus
3119 5536 3369 5607 scriplmr

1777 5607 2063 5692 inpertias,
2093 5607 2278 5692 crebra
2307 5607 2654 5681 inquisitione
2676 5607 2748 5689 tul
2795 5607 3046 5664 notitiam
3093 5607 3250 5679 hujus
3279 5623 3364 5662 ιρο⁴

1779 5691 1940 5735 nume
1992 5691 2234 5738 060688“.

3012 5795 3091 5861 Μ
