3902 6286
364 284 404 327 ΞΣ
423 221 561 281 H95

995 214 1223 276 essu
1266 212 1569 271 rnavsn.
1611 242 1682 255 -
1714 209 2008 270 APPEND.
2049 211 2142 269 EX
2181 206 2317 269 INV.
2360 212 2450 271 ET
2489 208 2633 270 nm.
2674 213 2735 271 s.
2773 197 3093 273 nummi

3553 219 3694 279 ωε

419 352 506 400 cta
531 339 886 401 confessione
907 339 1166 403 surrexit,
1210 336 1462 402 accessit,
1505 333 1633 389 tulit
1675 341 1730 389 et
1774 332 1923 404 legit,
1959 338 2015 387 et
2042 334 2089 392 Α
2114 340 2275 402 aptus
2307 340 2362 387 et
2387 341 2685 389 strennuus
2723 342 2841 389 erat
2861 343 2917 390 et
2936 334 3007 389 ad
3029 332 3291 391 collectas
3334 330 3616 393 faciendas
3648 347 3703 393 et

366 434 630 503 fromen
673 434 877 490 Matllie
923 431 1154 502 apostoli
1199 427 1423 499 gloriosi
1473 426 1741 496 scriptum
1786 425 2009 480 invenit.

423 533 593 587 Stans
618 538 801 585 autem
821 524 1102 587 attonitus,
1131 529 1186 575 et
1207 530 1439 591 utraque
1471 535 1638 575 manu
1666 528 1859 575 tenens
1886 519 2014 574 bre-

423 623 684 688 viculam,
718 621 773 674 in
804 632 912 688 qua
938 615 1027 647 “3‘
1052 629 1252 689 nomen
1290 620 1543 669 sanctum
1576 613 1751 667 sancti
1782 611 2016 682 apostoli

427 716 692 786 scriptum
726 717 861 775 erat,
895 715 1010 763 toto
1036 706 1200 762 cerde
1229 715 1284 761 et
1312 706 1498 761 animo
1533 720 1593 760 se
1629 712 1805 760 totum
1848 704 2015 759 devo-

424 823 559 863 vens
588 802 853 875 apostolo,
886 809 1045 872 rogat
1069 808 1124 855 et
1151 800 1400 871 deposcit
1425 798 1528 854 sibi
1553 796 1808 853 auxiliari
1835 802 1892 852 et
1917 795 2015 851 ad-

420 898 661 968 jutorem
696 891 925 950 celerem
972 892 1028 947 in
1066 900 1214 946 tanta
1256 881 1616 945 tribulacione
1661 889 1800 944 ﬁeri.
1850 888 2019 944 Adest

410 989 611 1045 subito
642 984 1023 1056 benignissimi
1049 984 1358 1055 benignitas
1387 983 1641 1052 apostoli,
1671 990 1725 1038 et
1764 982 1907 1039 facta
1936 988 2019 1037 est

421 1089 645 1151 repente
672 1079 914 1135 mutacio
942 1078 1161 1133 dextere
1188 1076 1422 1131 Excelsi.
1443 1074 1528 1130 lra
1548 1075 1696 1131 enim
1722 1076 1889 1147 regis,
1911 1088 2019 1144 quc

425 1172 604 1228 fuerat
632 1173 868 1228 nuncius
890 1170 1106 1237 mortis,
1132 1170 1380 1240 apostolo
1410 1179 1598 1226 sancto
1626 1170 2020 1227 interveniente

408 1273 482 1329 ,et
499 1273 827 1335 protegente.
841 1279 1110 1319 conversa
1137 1272 1224 1318 est
1265 1263 1321 1317 iu
1356 1261 1747 1329 clemenciam,
1777 1262 1930 1317 furor
1962 1264 2019 1319 in

423 1356 882 1422 misericordiam,
925 1363 1224 1425 tempestas
1246 1370 1444 1426 magna
1475 1355 1531 1408 in
1566 1354 2017 1425 tranquillitatem

423 1446 744 1502 maximam.
777 1446 1083 1503 Confestim
1121 1462 1252 1518 ergo
1286 1446 1637 1500 immutatum
1675 1454 1758 1500 est
1789 1460 1885 1500 eor
1932 1460 2019 1500 re-

424 1540 529 1611 gis,
563 1549 620 1594 et
664 1556 794 1595 eum
844 1540 930 1596 sui
960 1539 1197 1611 penituit
1238 1538 1479 1594 sceleris.
1526 1536 1786 1593 Festinus
1833 1536 2020 1607 itaque

421 1637 479 1684 et
502 1646 628 1685 cum
656 1631 861 1703 ingenti
888 1631 1127 1685 tumultu
1142 1629 1378 1684 militum
1401 1644 1460 1684 se
1477 1627 2017 1698 circumstipancium

414 1723 682 1790 accurrit,
714 1732 776 1778 ut
818 1723 961 1777 idem
988 1722 1313 1777 Cuonradus
1350 1731 1561 1776 terrore
1599 1720 1772 1774 nimio
1812 1719 2017 1775 tumul-
2044 1702 2091 1763 Β

422 1815 632 1871 tuantis
658 1816 817 1870 turbe
842 1816 1093 1871 turbatus
1116 1815 1313 1871 iterum
1340 1830 1397 1870 se
1427 1815 1495 1870 ad
1516 1823 1749 1881 mortem
1774 1812 2016 1885 pertrahi

421 1916 710 1963 metueret.
765 1906 1006 1963 Veniens
1050 1915 1233 1963 autem
1279 1923 1398 1973 rex,
1443 1907 1512 1962 ad
1556 1908 1721 1977 pedes
1769 1904 2015 1978 magistri

423 1999 703 2057 Cuonradi
737 2001 955 2068 cecidit,
991 2010 1046 2056 et
1077 2008 1192 2057 toto
1226 2016 1455 2071 corpore
1482 2002 1537 2056 in
1569 2003 1795 2057 modum
1833 2001 2016 2059 crucis

422 2091 479 2145 in
509 2100 712 2146 terram
742 2099 1072 2162 prostratus,
1101 2092 1503 2163 indulgenciam
1523 2092 1623 2148 sibi
1654 2092 1770 2147 dari
1810 2092 2013 2147 humil-

420 2182 553 2239 lime
594 2192 648 2239 et
681 2184 1035 2240 devotissime
1078 2184 1334 2253 expeciit.
1378 2184 1706 2239 Cuonradus
1749 2199 1879 2239 vero
1918 2183 2015 2239 ad-

422 2274 635 2329 mirans
663 2275 894 2345 gratiam
919 2275 1013 2331 Dei
1044 2285 1099 2330 et
1127 2275 1393 2329 auxilium
1419 2276 1835 2330 celeberrimum
1869 2275 2016 2330 beati

422 2362 625 2419 Mathie
667 2366 921 2436 apostoli,
962 2366 1138 2422 factus
1172 2374 1259 2421 est
1297 2366 1455 2438 quasi
1498 2366 1553 2420 in
1593 2366 1809 2422 exthasi
1848 2366 1904 2420 in
1948 2381 2015 2422 eo

423 2456 572 2528 quod
596 2458 899 2530 contigerat
928 2460 1051 2515 sibi.
1087 2459 1288 2532 Regem
1313 2467 1646 2531 prostratum
1673 2460 1739 2515 de
1770 2468 1915 2515 terra
1938 2459 2016 2515 le-

422 2556 535 2615 vat,
571 2555 626 2603 et
654 2548 941 2620 indulgens
986 2550 1091 2606 sibi
1129 2551 1318 2617 vitam,
1344 2559 1556 2606 reatum
1586 2551 1834 2607 criminis
1874 2553 2015 2608 lctus

420 2642 653 2698 relaxat.
685 2641 846 2698 Venit
881 2652 935 2698 et
964 2644 1054 2699 ille
1088 2644 1373 2715 gladiator,
1418 2644 1669 2700 notarius
1695 2644 1902 2701 scilicet
1929 2646 2047 2701 re-‘

423 2735 529 2805 gis,
555 2735 764 2806 pallens
788 2745 843 2791 et
868 2744 1131 2804 tremens,
1155 2744 1210 2791 et
1230 2735 1357 2792 facti
1391 2738 1476 2793 sui
1502 2738 1771 2808 penitens,
1798 2739 2013 2794 veniam

422 2826 592 2896 peciit
617 2836 674 2882 et
708 2829 935 2899 accepit.
972 2826 1301 2884 Cuonradus
1331 2830 1593 2884 continuo
1634 2846 1665 2884 a
1708 2846 2015 2911 regeassu-

423 2919 615 2986 mitur,
640 2926 893 2988 presente
920 2934 1048 2990 rege
1071 2927 1127 2974 et
1149 2920 1300 2974 omni
1325 2919 1676 2976 multitudine
1702 2921 1756 2975 in
1781 2922 1891 2976 alto
1911 2929 2018 2977 sta-

424 3011 620 3078 tuitur,
644 3019 700 3066 et
727 3020 788 3066 ut
813 3011 1042 3068 verbum
1088 3010 1186 3067 Dei
1223 3013 1529 3083 predicaret
1557 3028 1588 3068 a
1619 3028 1745 3084 rege
1765 3014 2010 3085 jubetur.

423 3103 598 3159 Erant
624 3102 720 3160 illo
759 3103 848 3160 die
890 3104 1136 3160 nundine
1165 3113 1221 3160 et
1266 3104 1446 3161 forum
1484 3121 1671 3161 rerum
1718 3107 2017 3175 venalium,

424 3215 538 3270 quo
565 3216 597 3254 c
621 3199 855 3257 diversis
897 3200 1034 3256 locis
1081 3201 1360 3257 mercandi
1391 3202 1566 3273 gratia
1605 3204 1896 3261 convenire
1924 3219 2020 3261 so-

425 3291 540 3347 lent
569 3292 897 3362 populorum
948 3292 1223 3349 examina.
1276 3293 1397 3364 lpsa
1443 3295 1533 3350 die
1562 3294 1675 3351 Deo
1711 3295 1927 3352 favente
1968 3306 2023 3352 et

425 3399 555 3454 rege
585 3385 854 3454 gaudente
892 3386 1133 3440 maxima
1167 3386 1477 3458 principum
1503 3396 1559 3441 et
1587 3388 1824 3444 militum
1852 3398 1907 3444 et
1933 3389 2020 3444 di-

424 3488 585 3529 verse
606 3475 767 3530 etatis
783 3486 839 3530 et
860 3491 1024 3531 sexus
1049 3474 1337 3531 hominum
1358 3478 1573 3549 signata
1600 3484 1687 3534 est
1707 3480 2019 3549 multitudo,

425 3574 482 3622 et
524 3565 669 3622 facta
710 3576 798 3624 est
839 3568 1019 3623 leticia
1049 3582 1250 3639 magna
1292 3568 1349 3623 in
1394 3570 1597 3640 populo
1637 3611 1652 3626 .
1693 3612 1706 3625 .
1749 3612 1764 3627 .
1805 3613 1818 3626 .
1866 3613 1879 3628 .
1915 3572 2022 3630 Iste

426 3659 571 3714 idem
598 3658 925 3715 Cuonradus
975 3659 1284 3730 predicator
1326 3660 1607 3717 Treverim
1645 3663 1816 3733 venit,
1857 3674 1914 3720 et
1963 3666 2021 3721 in

424 3749 659 3806 ecclesia
682 3752 858 3807 sancti
887 3750 1147 3807 Eucharii
1176 3751 1300 3821 fuit,
1332 3762 1388 3809 et
1405 3756 1462 3809 in
1482 3755 1751 3812 cimiterio
1773 3757 2021 3826 ejusdem
2058 3806 2061 3809 .

425 3844 658 3900 ecclesie
683 3846 988 3916 predicavit
1009 3861 1197 3903 coram
1223 3850 1413 3904 tumba
1444 3849 1589 3905 beati
1615 3852 1875 3921 apostoli;
1906 3840 2019 3910 Deo

424 3943 483 3993 et
510 3937 671 3994 beato
726 3939 976 4021 apostolo
1020 3940 1301 3998 liberatori
1349 3958 1452 3998 suo
1478 3943 1761 4002 inmensas
1811 3947 2019 4018 gratias

424 4029 679 4097 reddidit,
708 4039 763 4087 et
804 4032 907 4087 hec
934 4034 1118 4090 omnia
1164 4049 1271 4105 que
1305 4034 1361 4090 in
1398 4050 1465 4091 eo
1505 4035 1649 4092 facta
1681 4046 1811 4093 sunt
1852 4055 2018 4096 enar-

425 4139 581 4191 raus,
626 4124 694 4180 ad
739 4125 969 4197 gloriam
1002 4125 1100 4182 Dei
1133 4134 1188 4182 et
1234 4127 1381 4183 beati
1431 4129 1667 4199 apostoli
1716 4145 1778 4184 ea
1819 4128 2020 4188 litteris

423 4216 677 4272 mandari
702 4218 933 4290 rogavit.
978 4219 1112 4275 Acta
1135 4227 1267 4274 sunt
1301 4219 1402 4275 llec
1428 4220 1485 4274 in
1512 4220 1731 4277 civitate
1765 4238 1873 4293 que
1903 4222 2018 4279 Cu-

426 4308 576 4365 bitus
606 4311 909 4380 appellatur
935 4312 1039 4367 sita
1070 4312 1129 4366 in
1168 4312 1488 4383 episcopatu
1520 4312 1783 4385 Pragensi
1805 4316 1874 4371 ad
1916 4316 2019 4372 ho-

2094 425 2431 481 -ohlaciones
2454 425 2787 496 colligendas
2811 426 3045 499 diligens
3084 436 3142 483 et
3182 426 3478 495 sollicitus,
3517 431 3612 484 sed
3636 431 3703 487 ad

2094 516 2427 589 .dirigendas
2465 527 2520 573 ct
2565 520 3011 576 transmittendas
3036 521 3351 577 oblaciones
3382 521 3548 577 homo
3574 537 3706 593 apo-

2119 612 2261 665 stolo
2285 610 2563 682 negligens
2587 620 2639 666 et
2665 612 2929 667 remissus
2957 652 2971 666 .
3015 652 3031 669 .
3076 652 3091 666 .
3133 652 3148 667 .
3192 653 3208 667 .

2188 704 2241 757 5.
2278 701 2477 758 Comes
2510 702 2798 773 palatinus
2838 702 3106 761 Henricus
3147 703 3377 760 nomine
3420 720 3455 760 a
3502 705 3713 762 duobus

2118 796 2236 851 suis
2259 795 2475 850 clericis
2516 788 2717 865 spiritu
2743 796 2983 868 maligno
3017 797 3241 868 repletis
3282 798 3714 863 circumventus,

2119 888 2187 943 ad
2218 888 2323 943 hoc
2347 887 2605 943 inductus
2643 897 2730 944 est
2772 897 2831 943 ut
2863 889 3049 944 villam
3076 890 3359 961 quandam
3387 888 3603 944 Vilmar
3632 889 3719 945 di-

2119 987 2263 1034 ctam
2293 993 2457 1048 super
2486 977 2764 1050 Logenam
2794 979 3019 1036 ﬂuvium
3046 981 3232 1048 sitam,
3280 996 3453 1053 quam
3481 981 3569 1053 pie
3598 996 3721 1037 me-

2120 1071 2294 1126 morie
2322 1069 2590 1127 Henricus
2617 1072 2918 1142 imperator
2939 1090 3065 1130 cum
3086 1075 3350 1132 omnibus
3378 1075 3725 1147 appendiciis

2095 1165 2236 1220 suis
2276 1180 2376 1235 pro
2403 1164 2645 1220 remedio
2671 1166 2855 1222 anime
2883 1184 2979 1223 sue
3017 1167 3182 1224 beato
3210 1168 3417 1224 Mathie
3469 1169 3727 1240 apostolo

2118 1256 2175 1312 et
2203 1266 2395 1313 sancto
2420 1257 2695 1314 Euchario
2726 1260 3101 1329 sollempniter
3130 1259 3440 1316 donaverat
3464 1260 3644 1332 (620),
3667 1262 3725 1315 in

2118 1351 2506 1420 proprietatem
2546 1351 2632 1408 sui
2675 1351 2819 1422 juris
2868 1359 3164 1408 conaretur
3199 1353 3516 1409 adtrahere.
3574 1352 3729 1408 Idem

2120 1442 2265 1497 enim
2318 1443 2427 1498 duo
2459 1431 2664 1511 clerici,
2703 1452 2766 1498 ut
2800 1443 3044 1500 favorem
3075 1445 3252 1515 ipsius
3275 1445 3502 1501 comitis
3544 1445 3731 1518 magis

2119 1533 2406 1604 magisque
2427 1533 2533 1589 sibi
2555 1524 2934 1602 conciliarent,
2962 1533 3360 1606 promittebant
3391 1536 3446 1592 ei
3496 1536 3731 1606 privile-

2102 1625 2207 1696 .gia
2256 1633 2312 1679 ct
2340 1626 2516 1697 sigilla
2562 1626 2657 1682 tali
2690 1636 2807 1682 arte
2840 1626 3105 1695 facturos,
3145 1628 3352 1699 quibus
3381 1627 3733 1684 intuentium

2117 1717 2264 1773 oculi
2310 1717 2700 1774 deluderentur
2734 1726 2791 1773 et
2824 1720 2984 1789 quasi
3016 1726 3143 1774 ante
3189 1720 3496 1776 multorum
3552 1735 3735 1775 anno-

2118 1825 2241 1864 rum
2266 1808 2543 1865 curricula
2572 1809 2715 1866 facta
2735 1819 2949 1867 vetusta
2971 1820 3027 1866 et
3057 1812 3449 1884 antiquissima
3470 1812 3732 1868 videren-

2118 1910 2226 1956 tur.
2274 1899 2372 1957 His
2407 1902 2548 1958 dolis
2586 1910 2641 1957 et
2673 1902 2942 1959 versuciis
2986 1904 3316 1960 clericorum
3361 1905 3606 1961 animus
3636 1919 3733 1960 co-

2118 1994 2269 2050 mitis
2291 1994 2603 2051 abstractus
2654 2005 2710 2050 et
2739 1995 2973 2063 illectus,
3007 1996 3137 2068 quia
3154 1982 3248 2051 ’νίν
3288 1997 3499 2053 nobilis
3537 2008 3601 2053 et
3633 2013 3733 2068 po-

2117 2095 2240 2142 tens
2266 2095 2384 2142 erat
2411 2103 2512 2143 nec
2540 2087 2591 2143 ei
2609 2088 2841 2144 ecclesia
2864 2076 3386 2160 resistere'poterat,
3416 2090 3736 2160 prcdicta-

2116 2178 2305 2233 villam
2335 2194 2492 2234 suam
2519 2195 2644 2237 esse
2687 2179 2921 2236 dicebat.
2965 2179 3135 2236 Fama
3173 2182 3277 2238 hec
3307 2181 3377 2237 ad
3420 2196 3604 2237 aures
3650 2196 3739 2237 ec-

2117 2271 2291 2327 clesie
2312 2271 2561 2342 pervenit
2606 2280 2663 2327 et
2708 2282 2992 2344 tamquam
3020 2274 3206 2329 sonitu
3255 2274 3447 2346 magni
3492 2274 3738 2330 tonitrui

2115 2379 2310 2420 omnes
2336 2364 2484 2420 illius
2507 2365 2739 2421 ecclesie
2770 2364 2968 2422 fratres
3000 2367 3174 2422 nimio
3211 2376 3427 2424 terrore
3464 2368 3738 2439 paculit.

2117 2455 2300 2513 Abbas
2339 2468 2670 2514 conventum
2726 2459 3010 2531 ingressus
3046 2468 3103 2515 et
3161 2461 3459 2517 universos
3500 2462 3742 2519 intuens

2118 2550 2303 2605 animo
2356 2551 2514 2606 valde
2562 2559 2970 2620 consternatos,
3010 2554 3330 2610 consolatus
3372 2562 3465 2610 est
3523 2570 3636 2611 eos
3684 2557 3742 2613 in

2117 2643 2353 2701 Domino
2380 2646 2608 2703 dicens:
2648 2646 2791 2712 Quia
2828 2647 3221 2718 prepositorum
3255 2648 3521 2703 dominus
3550 2659 3742 2720 potens

2117 2745 2268 2792 est/et
2307 2738 2552 2793 comitem
2592 2734 2969 2793 adtrectare’et
2997 2738 3141 2793 vobis
3166 2740 3391 2809 propria
3421 2742 3742 2797 restituere.

2118 2826 2325 2884 Fidelis
2349 2840 2448 2898 est,
2473 2831 2672 2901 inquit,
2701 2830 2843 2886 Deus
2864 2852 2889 2899 ν,
2922 2832 3013 2902 qui
3038 2848 3144 2885 non
3185 2833 3432 2902 patietur
3456 2850 3563 2888 eos
3610 2844 3745 2888 tell:-

2117 2924 2261 2992 ptari
2292 2939 2455 2993 supra
2477 2924 2534 2976 id
2561 2924 2701 2994 quod
2729 2924 2972 2994 potestis,
3004 2924 3098 2978 sed
3128 2924 3292 2993 faciet
3327 2941 3457 2979 cum
3506 2934 3748 2996 tempta-

2121 3014 2263 3068 tione
2309 3022 2616 3085 proventum
2662 3023 2721 3068 ut
2766 3015 2983 3086 possitis
3028 3016 3311 3070 sustinere.
3372 3013 3497 3072 Hec
3552 3016 3749 3073 dicens

2119 3105 2376 3160 comitem
2425 3104 2582 3172 adiit,
2613 3113 2669 3160 et
2696 3106 2898 3162 accidit
2920 3114 2982 3161 ut
3010 3098 3456 3177 apprehenderet
3513 3123 3657 3164 eum
3690 3110 3746 3164 in

2119 3210 2265 3267 equo
2306 3196 2588 3252 sedentem
2607 3205 2662 3252 et
2691 3213 2820 3253 cum
2866 3213 3068 3271 magno
3108 3199 3391 3255 comitatu
3420 3200 3543 3257 iter
3586 3217 3747 3274 aga-

2122 3296 2250 3343 tem.
2284 3286 2467 3344 Abbas
2514 3288 2701 3345 comiti
2739 3290 3209 3361 appropinquans,
3245 3307 3492 3349 causam
3538 3303 3602 3350 et
3645 3310 3740 3351 ne-

2122 3382 2434 3438 cessitatem
2486 3381 2715 3438 ecclesie
2776 3384 3081 3453 apperuit,
3108 3399 3211 3455 pro
3246 3384 3500 3443 ecclesia
3550 3403 3742 3458 preces

2123 3474 2662 3546 supplicationesque
2698 3475 2919 3544 obtulit,
2948 3491 3116 3532 orans
3145 3485 3201 3533 et
3243 3478 3573 3535 obsecrans
3607 3496 3741 3551 qua-

2120 3561 2273 3623 tinus
2300 3568 2505 3623 intuitu
2540 3566 2636 3624 Dei
2671 3576 2726 3623 et
2755 3569 2901 3624 beati
2944 3568 3147 3626 Mathie
3181 3572 3425 3642 apostoli
3467 3581 3532 3628 et
3565 3573 3741 3629 sancti

2108 3656 2404 3727 tEucharii,
2435 3675 2673 3731 quorum
2716 3661 2968 3732 reliquiis
2992 3670 3048 3717 et
3093 3662 3383 3720 miraculis
3414 3665 3619 3721 eadem
3646 3665 3741 3697 ⁸⁸³³

2121 3753 2356 3810 ecclesia
2382 3753 2615 3826 insignis
2645 3753 2962 3823 haberetur,
2982 3770 3072 3812 res
3094 3756 3440 3812 ecelesie“"
3460 3772 3740 3829 usurpare

2121 3862 2231 3903 non
2266 3857 2628 3919 presumeret,
2657 3850 2788 3921 quia
2829 3850 2970 3906 iram
3010 3849 3107 3907 Dei
3138 3860 3194 3907 et
3228 3860 3566 3909 sanctorum
3592 3854 3736 3924 eius,

2108 3941 2216 4011 qui
2239 3938 2389 3996 illius
2416 3941 2523 3998 loci
2552 3950 2682 3997 sunt
2706 3943 2918 3999 domini
2947 3953 3002 3999 et
3021 3953 3366 4014 protectores
3395 3945 3733 4013 ﬁdelissimi,

2110 4032 2360 4104 effugere
2383 4034 2702 4092 nullatenus
2722 4043 2930 4108 posset.
2970 4035 3171 4093 Comes
3188 4037 3383 4108 itaque
3407 4037 3562 4095 fastu
3589 4048 3734 4095 ten-

2120 4127 2327 4198 poralis
2366 4129 2540 4199 glorie
2574 4129 2773 4198 elatus,
2805 4144 2994 4201 preces
3022 4132 3238 4187 abbatis
3276 4132 3493 4203 sprevit
3529 4142 3587 4189 et
3635 4131 3734 4187 ab-

2110 4218 2261 4286 nuit,
2287 4219 2590 4275 secundum
2616 4220 2781 4276 illud:
2806 4219 3146 4291 Simplicitas
3160 4222 3303 4292 justi
3332 4224 3501 4293 anui
3523 4223 3734 4292 lampas

2122 4318 2419 4380 contempta
2455 4320 2578 4367 ante
2620 4312 2809 4381 fatiem
2832 4314 3128 4383 peccatoris
3176 4322 3377 4383 parata
3414 4323 3501 4369 est
3528 4324 3731 4383 tempus

424 4416 618 4457 norem
660 4403 885 4473 gloriosi
929 4405 1162 4475 apostoli
1196 4414 1250 4460 et
1298 4407 1529 4478 gloriam
1578 4408 1786 4463 domini
1843 4400 2017 4466 nostri

2123 4410 2384 4456 statutum
2434 4401 2558 4474 (Job
2590 4398 2688 4472 xtl,
2714 4404 2793 4474 4).
2824 4403 2893 4460 Et
2921 4398 3094 4461 abbas
3115 4405 3342 4475 quidem
3363 4421 3472 4477 pro
3497 4407 3727 4463 ecclesia

426 4488 595 4548 Jhesu
628 4490 853 4549 Christi.

495 4585 552 4639 2.
587 4584 648 4641 ln
674 4586 994 4658 episcopatu
1024 4587 1272 4659 Spirensi
1301 4598 1386 4646 est
1422 4591 1617 4647 civitas
1650 4592 1885 4664 quedam
1916 4593 2019 4650 do-

423 4677 563 4732 mini
594 4676 761 4749 regis,
786 4695 895 4750 que
938 4688 1168 4735 vocatur
1209 4679 1526 4754 Grueninge
1561 4683 1733 4755 (619),
1763 4693 2019 4756 spectans

425 4769 496 4824 ad
537 4769 843 4847 inperium;
877 4772 933 4827 in
961 4787 1068 4843 qua
1102 4772 1341 4829 civitatis
1360 4774 1697 4833 habitatores
1717 4775 1810 4808 m’
1836 4775 1893 4831 in
1918 4774 2021 4832 fra-

425 4859 683 4916 ternitate
725 4861 871 4917 beati
917 4861 1119 4919 Mathie
1168 4863 1402 4934 apostoli
1442 4880 1509 4920 cx
1560 4865 1788 4936 antiquo
1822 4865 2020 4922 fratres

427 4951 727 5023 conscripti
747 4961 804 5008 et
837 4954 1097 5011 associati
1129 4963 1259 5011 sunt
1296 4996 1310 5010 .
1356 4996 1370 5010 .
1416 4997 1430 5010 .
1473 4996 1488 5010 .
1533 4995 1547 5011 .
1590 4954 1843 5012 Universi
1888 4972 2019 5028 ergo

426 5041 711 5112 elegerunt
746 5046 1075 5118 magistrum
1117 5044 1475 5103 fraternitatis
1509 5046 1800 5102 scultetum
1845 5046 2020 5116 ipsius

424 5134 688 5202 civitatis,
710 5136 1066 5196 Godcfridum
1112 5142 1355 5209 nomine,
1395 5142 1577 5196 virum
1611 5149 1933 5197 strennuum
1965 5149 2021 5197 et

424 5227 784 5295 industrium.
813 5236 908 5305 qui
951 5236 1173 5307 quidem
1202 5236 1272 5291 ad
1302 5249 1469 5306 opera
1514 5242 1570 5291 et
1609 5234 1835 5307 negocia
1874 5234 2020 5307 regis

2122 4492 2394 4563 legatione
2422 4490 2752 4569 fungebatur
2783 4503 2839 4549 et
2865 4494 3391 4566 contempnebatur;
3414 4497 3605 4551 oratio
3635 4510 3727 4549 al-

2121 4592 2234 4640 tem
2263 4583 2357 4616 ⁸⁸³³³
2387 4584 2551 4641 ﬁebat
2576 4599 2679 4655 pro
2703 4600 2771 4643 eo
2798 4585 2919 4642 sine
2941 4586 3359 4645 intermissione
3398 4587 3475 4644 ab
3499 4586 3723 4645 ecclesia

2124 4676 2194 4733 ad
2223 4676 2416 4734 Deum.
2449 4677 2516 4734 Et
2538 4677 2704 4747 Deus,
2731 4680 2828 4752 qui
2855 4675 3109 4752 superbis
3147 4681 3381 4749 resistit,
3424 4681 3722 4739 humilihs

2125 4776 2311 4825 autem
2341 4769 2436 4825 dat
2457 4771 2714 4843 gratiam,
2750 4773 2819 4827 de
2842 4773 3063 4830 excelso
3108 4782 3302 4831 sancto
3332 4789 3457 4831 suo
3486 4772 3719 4846 respexit

2114 4864 2182 4919 in
2220 4864 2529 4920 orationem
2565 4864 2881 4934 humilium,
2912 4877 2969 4922 et
3012 4880 3127 4922 non
3157 4868 3365 4937 sprevit
3390 4882 3587 4939 preces
3632 4864 3717 4898 ⁸⁸³⁵

2121 4972 2338 5011 eorum.
2397 4955 2536 5012 Nam
2565 4973 2693 5013 cum
2733 4958 2802 5013 ad
2838 4952 3059 5030 primas
3087 4971 3281 5030 preces
3326 4973 3517 5015 comes
3554 4958 3715 5013 abho-

2112 5058 2234 5105 vtem
2263 5060 2564 5121 sperneret,
2612 5068 2840 5108 manum
2880 5051 2979 5110 Dei
3009 5053 3185 5124 super?
3206 5069 3267 5110 se
3292 5053 3585 5125 paululum
3627 5051 3709 5106 ad-

2123 5150 2405 5213 gravatam
2435 5159 2622 5203 comes
2652 5146 2864 5214 sensit;
2911 5152 3090 5216 equus
3111 5144 3207 5178 “"
3233 5146 3384 5202 enim
3426 5138 3552 5218 eius
3573 5154 3706 5200 tota

2126 5237 2460 5292 contremuit
2498 5230 2770 5296 et'casum
2815 5238 3057 5296 minatus
3081 5238 3488 5309 aliquantulum
3506 5236 3702 5294 timoris

1721 5327 1810 5382 VA
1820 5326 1957 5383 8le
1991 5326 2392 5384 LECTIONES.

500 5418 595 5498 “ff
622 5432 736 5490 quo
766 5420 857 5498 θεν
884 5419 1018 5498 ..⁸⁸⁸⁸
1047 5422 1327 5498 habitores
1354 5422 1473 5477 cod.
1552 5419 1646 5455 "m
1679 5421 1759 5477 bis
1784 5423 2042 5493 scriptum
2063 5437 2111 5475 c.
2188 5420 2284 5454 “3"
2311 5424 2390 5479 bis
2416 5427 2676 5498 scriptum
2726 5445 2753 5481 ε
2851 5414 2947 5461 ⁸⁸³⁸
2976 5414 3073 5483 ait:
3091 5443 3142 5485 ::
3181 5444 3249 5482 σν

431 5506 477 5544 ε,
503 5490 595 5549 ubi
617 5497 770 5562 spete
793 5491 852 5546 in
875 5490 1060 5547 litura.
1126 5494 1233 5527 “’7
1258 5510 1396 5567 equs
1426 5511 1471 5549 c.

3317 5424 3574 5480 θυιδαμ

1945 5588 2171 5647 NOTIE.
2218 5550 2225 5553 ’

505 5676 630 5745 (619
668 5675 1005 5749 Gruningen.

2200 5681 2348 5753 (620)
2390 5677 2457 5735 ν.
2489 5694 2653 5752 supra
2676 5677 2862 5735 Gesta.
2887 5692 2938 5736 c.
2969 5678 3065 5737 32¢
