3902 6286
178 374 308 435 1297

804 373 1032 432 GESTA
1071 373 1370 431 TREVER.
1412 403 1482 415 ——
1517 374 1806 432 APPEND.
1847 378 2073 434 GESTA
2111 378 2500 437 ALBERONIS
2533 383 2737 441 ARCH.

3287 392 3425 448 1293

177 489 632 558 comitiincussit;
660 489 754 546 sed
776 489 950 561 ipsam
971 491 1147 547 lenem
1167 492 1599 563 castigationem,
1623 492 1751 562 quia
1781 504 1828 562 Α
1856 510 1987 551 num
2012 505 2107 552 aut
2136 498 2347 569 mitigat
2372 509 2466 555 aut
2496 510 2798 572 exasperat.
2830 501 3015 574 Itaque
3048 518 3233 562 comes
3266 514 3431 565 casti~

177 599 207 639 a
234 583 357 638 'Deo
405 581 578 649 fieret,
634 597 796 638 nemo
845 598 1037 638 eorum
1064 585 1159 655 qui
1198 585 1424 640 aderant
1471 584 1754 640 advertere

173 675 366 747 potuit.
411 673 623 729 Comite
670 674 853 746 itaque
896 676 1296 747 progrediente,
1338 676 1537 732 iterum
1586 677 1754 734 abbas

174 767 358 824 comiti
404 765 743 839 adjungitur,
778 777 833 823 et
872 766 1060 838 preces
1117 770 1370 839 precibus
1413 753 1638 838 addens,
1694 778 1757 825 ut

176 868 298 914 ante
349 859 771 929 contempnitur.
817 858 884 915 Et
929 875 1104 931 equus
1135 861 1227 893 ⁸⁰³⁷
1259 862 1476 918 comitis
1517 863 1753 920 secunda

174 948 292 1005 vice
324 950 519 1021 majori
560 957 771 1005 terrore
800 965 1104 1007 concussus
1138 952 1205 1007 ad
1244 968 1420 1024 genua
1457 954 1665 1009 corruit
1701 963 1757 1010 et

174 1060 447 1104 sessorem
473 1060 636 1102 suum
661 1045 813 1117 gravi
840 1045 1038 1101 timore
1065 1047 1387 1102 conterruit.
1418 1046 1572 1103 Tunc
1592 1048 1754 1104 amici

171 1134 411 1190 comitis.
454 1175 468 1189 .
509 1173 527 1191 .
569 1175 584 1190 .
627 1175 641 1190 .
687 1176 702 1191 .
743 1176 757 1190 .
782 1145 866 1191 tes
896 1135 993 1168 ⁸⁰³⁸
1020 1145 1075 1192 et
1103 1137 1354 1194 timentes
1384 1155 1452 1194 ne
1484 1138 1625 1195 forte
1655 1140 1757 1196 hec

171 1220 416 1281 visitatio
470 1225 564 1281 Dei
607 1235 662 1282 et
709 1235 1025 1283 sanctorum
1064 1229 1184 1299 ejus
1234 1238 1381 1286 esset
1432 1230 1753 1303 indignatio,

169 1325 433 1387 ceperunt
472 1319 805 1375 unanimiter
835 1320 1091 1375 comitem
1117 1336 1368 1389 exorare,
1403 1329 1465 1377 ut
1493 1325 1562 1379 ab
1607 1323 1756 1394 inju-

169 1408 329 1464 sticia
361 1424 461 1465 sua
485 1407 802 1479 dignaretur
828 1409 1111 1479 desistere,
1143 1411 1272 1482 quia
1301 1411 1379 1469 ire
1408 1411 1506 1468 Dei
1546 1421 1600 1469 et
1630 1429 1757 1469 san-

167 1507 385 1556 ctorum
407 1501 526 1572 ejus
562 1516 673 1556 non
700 1512 887 1573 posset
916 1504 1191 1560 resistere.
1216 1504 1413 1561 Comes
1440 1521 1571 1578 ergo
1590 1506 1756 1564 corde

166 1591 441 1649 obdurato
470 1609 660 1666 preces
690 1596 936 1650 omnium
965 1604 1019 1652 et
1039 1596 1266 1652 consilia
1308 1598 1531 1668 sprevit,
1573 1608 1629 1655 et
1672 1600 1756 1655 id-

166 1683 321 1741 circo
352 1686 534 1742 acrius
561 1687 818 1758 castigari
853 1688 1071 1756 meruit,
1110 1689 1503 1745 correctionem
1551 1691 1759 1747 habens

164 1789 271 1832 sue
315 1778 557 1845 vesania,
593 1778 719 1850 quia
755 1781 1136 1837 tantummodo
1185 1783 1301 1837 sola
1332 1783 1549 1838 vexatio
1600 1783 1758 1838 intel-

1853 596 2014 659 gatus
2042 596 2097 643 et
2123 589 2467 659 humiliatus,
2497 608 2654 648 versa
2677 592 2796 649 vice
2823 593 3074 651 abbatem
3103 597 3238 668 petit
3259 611 3311 654 et
3333 601 3432 655 ob-

1855 688 2033 735 sccrat
2085 690 2146 735 ut
2166 683 2338 738 errori
2364 699 2465 738 suo
2489 684 2783 740 clementer
2809 685 3104 757 indulgeat,
3126 689 3436 747 libertatem

1855 770 1979 826 ville
2007 788 2171 842 quam
2207 774 2407 846 injuste
2453 792 2643 847 rapere
2688 778 3117 849 adtemptaverat
3156 781 3327 838 libere
3378 791 3433 843 ct

1855 864 2101 920 absolute
2143 882 2269 922 cum
2319 869 2574 925 omnibus
2619 871 3067 941 appendiciisw”
3097 872 3212 928 suis
3254 874 3433 944 possi-

1855 956 1999 1024 deat,
2031 965 2084 1011 et
2108 974 2232 1015 cum
2267 959 2529 1019 fratribus
2557 963 2788 1019 ecclesie
2826 973 2886 1019 ut
2911 979 3013 1035 pro
3043 979 3111 1020 eo
3135 975 3292 1020 orent
3324 966 3432 1020 hu-

1818 1112 1825 1119 .
1856 1047 2056 1104 militer
2099 1061 2307 1113 exorat.
2360 1052 2553 1110 Grates
2600 1070 2819 1126 quoque
2846 1064 2901 1110 et
2935 1057 3137 1127 gratias
3168 1057 3432 1128 plurimas

1857 1139 1969 1196 Deo
1998 1150 2053 1197 ct
2081 1144 2288 1199 sanctis
2312 1145 2432 1216 ejus
2458 1146 2585 1217 egit,
2613 1146 2871 1217 quod'sic
2897 1146 2985 1217 pie
3013 1147 3271 1217 castigari
3319 1162 3435 1202 me-

1857 1234 1988 1301 ruit,
2020 1248 2122 1290 nec
2153 1250 2280 1291 eum
2306 1248 2619 1294 sanctorum
2644 1239 2819 1309 pietas
2846 1238 3007 1293 morti
3048 1238 3289 1308 presenti
3319 1247 3435 1292 tra‘

1858 1323 2074 1379 diderit.
2108 1324 2361 1381 Preterea
2390 1326 2499 1381 duo
2522 1328 2599 1382 illi
2642 1343 2743 1383 nec
2786 1326 3105 1382 nominandi
3143 1325 3325 1381 clerici
3352 1324 3436 1380 fa-

1858 1416 2159 1474 bricatores
2183 1418 2466 1485 mendatii,
2491 1421 2585 1490 qui
2613 1420 2873 1475 adversus
2896 1420 3240 1474 innocentem
3262 1417 3435 1487 eccle-

1860 1510 2001 1565 siam
2029 1509 2187 1566 dolos
2210 1520 2323 1566 tam
2353 1509 2617 1566 nefandos
2637 1512 3088 1566 continuaverant
3104 1519 3159 1565 et
3179 1509 3434 1564 comitem

1813 1677 1817 1680 ξ
1861 1598 1929 1653 ad
1964 1600 2107 1655 hanc
2148 1601 2494 1672 iniquitatem
2537 1600 2876 1656 adduxerant
2895 1602 3009 1667 ιω,
3040 1600 3437 1656 tesaurizantes

1862 1691 2022 1757 iram,
2061 1691 2116 1745 in
2163 1691 2250 1747 die
2278 1691 2357 1746 ire
2386 1692 2523 1745 iram
2559 1690 2654 1746 Dei
2708 1698 2762 1746 et
2805 1699 3121 1745 sanctorum
3169 1687 3441 1744 horrende

1862 1782 2066 1853 experti
2102 1792 2250 1850 sunt,
2277 1790 2332 1837 et
2360 1782 2521 1836 ambo
2547 1782 2709 1837 simul
2736 1783 3022 1838 subitanea
3044 1790 3217 1837 morte
3237 1776 3440 1833 mortui

162 1864 374 1920 lectum
427 1867 558 1923 dare
604 1869 742 1924 solet
790 1870 1020 1925 auditui.
1057 1869 1241 1925 Tertia
1270 1872 1388 1927 vice
1433 1887 1559 1927 cum
1616 1872 1757 1927 idem
1791 1859 1835 1914 Β
1861 1880 1991 1929 sunt
2030 1913 2044 1927 .
2085 1912 2100 1928 .
2145 1913 2159 1928 .
2201 1913 2216 1927 .
2257 1912 2273 1929 .
2317 1912 2331 1928 .

165 1958 364 2025 abbas,
397 1975 561 2030 quem
589 1961 902 2016 sollicitudo
926 1963 1105 2033 major
1130 1963 1446 2020 stimulabat
1475 1973 1529 2019 et
1551 1963 1758 2019 sollici-

1933 1965 1987 2019 4.
2025 1962 2291 2019 Dominus
2318 1963 2486 2020 castri
2514 1963 2581 2019 de
2605 1962 2977 2030 Merenberch,
3008 1960 3324 2019 Hardradus
3343 1974 3444 2015 no-

164 2049 342 2117 tabat,
355 2051 609 2105 comitem
632 2051 1002 2122 interpellaret
1020 2062 1078 2108 et
1099 2055 1325 2108 multam
1343 2056 1557 2124 patiens
1579 2055 1761 2125 repul—
1864 2055 2033 2121 mine,
2058 2056 2300 2126 quodam
2319 2065 2560 2127 tempore
2582 2055 2651 2110 ab
2672 2053 3001 2110 adversariis
3025 2054 3141 2109 suis
3164 2053 3447 2122 impugna-

166 2155 289 2197 sam
313 2140 409 2207 ξ⁰³⁹
438 2142 607 2197 nichil
638 2143 926 2213 proficeret
951 2162 964 2196 :
991 2160 1119 2200 ecce
1135 2154 1358 2216 repente
1378 2146 1433 2199 in
1463 2155 1761 2216 conspectu
1862 2145 2044 2212 batur,
2069 2154 2124 2201 et
2144 2146 2442 2202 adversarii
2466 2147 2586 2216 ejus
2609 2147 3037 2216 circumquaque
3076 2145 3446 2200 discurrentes

168 2232 418 2288 omnium
448 2231 739 2289 manifeste
764 2233 983 2305 dignam
1011 2250 1111 2305 pro
1138 2235 1348 2291 meritis
1390 2236 1530 2291 iram
1564 2234 1662 2291 Dei
1709 2244 1765 2292 et
1865 2244 2059 2294 cuncta
2084 2252 2191 2308 que
2227 2237 2312 2292 sui
2340 2238 2482 2307 juris
2523 2247 2681 2292 erant
2703 2247 2863 2307 prout
2891 2245 3141 2306 poterant
3157 2234 3366 2304 rapinis
3393 2240 3450 2288 et

170 2332 490 2381 sanctorum
519 2325 639 2396 ejus
667 2341 853 2382 comes
880 2337 1136 2398 expertus
1160 2336 1273 2396 est,
1300 2337 1356 2383 et
1375 2329 1519 2385 sicut
1548 2330 1764 2386 locusta
1865 2331 2133 2387 incendiis
2159 2331 2535 2387 devastahant.
2571 2329 2853 2385 Venerunt
2897 2344 3027 2400 ergo
3071 2327 3138 2383 ad
3172 2326 3448 2398 quandam

165 2416 438 2472 violenter
470 2432 535 2471 ex
566 2432 709 2488 equo
749 2434 1041 2487 excussus,
1085 2436 1211 2476 cum
1259 2436 1402 2492 equo
1446 2421 1659 2488 cecidit,
1711 2431 1765 2477 et
1863 2425 2050 2479 villam
2079 2440 2185 2495 que
2212 2423 2443 2479 Duorlar
2472 2423 2674 2478 dicitur
2702 2438 2809 2477 non
2833 2422 2992 2491 longe
3019 2414 3323 2490 a‘prcdicto
3356 2432 3451 2473 ca-

168 2508 320 2581 gravi
354 2509 605 2565 allisione
635 2511 884 2582 corporis
915 2512 1168 2580 adtritus,
1212 2522 1561 2584 premortuus
1599 2523 1652 2569 et
1697 2529 1761 2569 ex
1866 2526 1983 2573 stro
2006 2516 2263 2586 positam,
2293 2525 2347 2571 et
2381 2516 2448 2570 ad
2488 2514 2720 2570 eundem
2765 2511 3108 2567 Hardradum
3164 2509 3450 2564 dominum

170 2616 341 2657 sensu
389 2602 760 2674 factus'quasi
799 2620 990 2662 amens
1020 2605 1073 2660 in
1099 2614 1240 2661 terra
1265 2615 1548 2678 porrectus
1567 2606 1760 2676 jacuit.
1867 2609 2032 2664 castri
2054 2608 2436 2679 pertinentem,
2471 2608 2659 2663 eadem
2690 2604 2887 2660 facturi
2924 2618 3030 2673 que
3058 2602 3113 2656 in
3157 2601 3278 2656 aliis
3311 2600 3449 2655 locis

170 2692 485 2752 Tandema
512 2704 673 2754 terra
720 2699 935 2756 levatus
989 2709 1044 2755 et
1086 2700 1222 2755 alias
1250 2700 1481 2766 delatus,
1531 2715 1656 2755 cum
1697 2699 1766 2755 ad

169 2800 232 2841 se
261 2785 526 2854 redisset,
554 2787 861 2860 intelligens
891 2790 1078 2862 plagas
1119 2805 1259 2861 quas
1297 2789 1442 2845 circa
1469 2804 1593 2865 cum
1623 2787 1767 2844 Deus

161 2886 217 2934 et
243 2879 432 2934 sancti
473 2880 595 2950 ejus
644 2896 772 2937 ecce
796 2881 913 2952 jam
942 2883 1113 2939 tercio
1154 2882 1417 2950 fecerant,
1457 2882 1655 2937 timens
1698 2896 1767 2937 ne

162 2969 357 3039 pejora
408 2970 684 3040 prioribus
726 2980 1026 3042 pateretur,
1085 2974 1392 3029 amicorum
1450 2989 1670 3045 quoque
1712 2981 1768 3031 et

160 3064 447 3120 nobilium
482 3064 679 3120 blanda
710 3067 1102 3123 ammonitione
1121 3068 1477 3135 ammonitus,
1501 3077 1766 3138 protesta-
1796 3106 1827 3111 τι

1867 2700 2159 2756 faciebant.
2187 2700 2318 2755 Erat
2338 2708 2519 2755 autem
2549 2699 2602 2752 in
2632 2697 2821 2757 eadem
2862 2695 2989 2750 villa
3019 2690 3451 2764 curtis‘qucdam

1866 2801 1922 2849 et
1950 2794 2211 2863 horreum
2240 2792 2512 2847 frumento
2536 2792 2778 2861 plenum,
2803 2789 3091 2844 collectum
3116 2793 3171 2841 et
3188 2798 3452 2857 aggrega—

1868 2893 1983 2939 tum
2023 2883 2091 2938 de
2117 2883 2353 2953 quadam
2380 2883 2572 2937 arabili
2604 2891 2768 2947 terra,
2800 2894 2966 2949 quam
2994 2876 3176 2933 senior
3210 2873 3455 2930 Hardra-

1868 2977 1994 3045 dus,
2023 2991 2158 3034 avus
2200 2975 2451 3031 videlicet
2489 2974 2651 3031 istius
2691 2972 2925 3046 junioris
2955 2969 3242 3036 Hardradi,
3291 2967 3454 3022 beato

1867 3068 2069 3125 Matbie
2099 3067 2349 3139 apostolo
2385 3068 2439 3123 in
2471 3066 2825 3123 elemosinam
2867 3079 2966 3135 pro
2993 3060 3237 3119 remedio
3271 3059 3456 3116 animo

158 3163 263 3213 tus‘
301 3168 399 3214 est
447 3159 661 3230 publice
691 3175 877 3215 coram
908 3160 1105 3216 abbate
1132 3169 1187 3215 ct
1228 3161 1353 3215 aliis
1396 3177 1560 3231 quam
1590 3162 1764 3231 pluri-
1794 3204 1836 3261 C
1869 3179 1967 3218 sue
1995 3163 2286 3234 legaverat,
2324 3176 2490 3231 quam
2520 3160 2577 3215 in
2607 3160 2794 3214 eadem
2825 3157 2953 3211 villa
2974 3156 3204 3212 colonus
3228 3151 3455 3224 quidam

158 3249 269 3305 mis
292 3248 425 3317 ‘°"°,
444 3249 646 3319 injuste
670 3266 757 3305 res
791 3251 1019 3307 ecclesie
1040 3268 1308 3323 usurpare
1331 3252 1434 3306 sibi
1455 3251 1696 3308 voluisse
1712 3261 1769 3308 et
1797 3248 1836 3261 “”
1872 3254 2202 3329 Ludovvicus
2234 3254 2459 3311 nomine
2495 3261 2756 3308 strennue
2795 3249 3078 3305 excolebat
3125 3255 3182 3302 et
3225 3257 3455 3302 censum
3504 3266 3511 3273 ο

157 3341 337 3397 nichil
397 3341 541 3411 juris
567 3342 622 3396 in
667 3343 833 3398 rebus
874 3344 1103 3400 ecclesie
1144 3360 1203 3401 se
1234 3345 1434 3400 habere
1459 3344 1767 3413 confessus,
1874 3364 2117 3404 annuum
2151 3347 2217 3403 de
2245 3347 2435 3402 eadem
2476 3344 2776 3401 elemosina
2808 3341 3036 3398 ecclesie
3070 3339 3214 3394 beati
3255 3335 3457 3392 Mathie

155 3432 226 3487 ad
255 3432 621 3503 iniquitatem
651 3435 1095 3504 prosequendam
1129 3436 1439 3505 periculose
1484 3436 1768 3492 inductum
1876 3442 2136 3498 solvebat.
2180 3439 2351 3512 Igitur
2378 3440 2567 3495 hostes
2590 3447 2644 3493 et
2685 3434 2982 3493 adversarii
3021 3433 3249 3489 eandem
3270 3431 3455 3485 villam

160 3525 363 3583 fuisse.
405 3524 518 3582 llec
546 3527 788 3583 mutacio
815 3527 1035 3582 dextere
1062 3526 1297 3594 Excelsi,
1323 3529 1417 3598 qui
1457 3528 1772 3584 dominatur
1876 3534 2127 3605 ingressi,
2161 3540 2425 3603 ceperunt
2468 3530 2663 3603 prodas
2703 3544 2883 3602 agere,
2935 3527 3114 3599 ignem
3151 3524 3355 3581 inicere
3399 3527 3458 3581 et

159 3618 545 3689 potestati"ou
570 3619 984 3686 maris,motum
1008 3629 1189 3675 autem
1218 3620 1484 3677 ﬂuctuum
1504 3622 1624 3692 ejus
1648 3622 1766 3692 (Ps.
1870 3624 2056 3679 villam
2091 3638 2340 3679 exurere.
2382 3664 2397 3678 .
2439 3663 2453 3676 .
2498 3663 2513 3677 .
2557 3663 2570 3677 .

162 3724 451 3777 Lxxxvtn,
476 3709 586 3781 ,10)
617 3726 717 3781 pro
746 3711 1026 3773 voluntate
1071 3727 1169 3767 sua
1212 3719 1268 3768 et
1301 3713 1565 3783 qualitate
1591 3713 1773 3767 homi-

1422 3825 1658 3881 VARl/E
1698 3821 2100 3881 LECTIONES.

236 3916 717 3990 f°”7:::::gntes
757 3935 806 3977 c.
881 3918 979 3952 ⁸⁰³⁹
1010 3917 1180 3975 multa
1224 3933 1281 3989 ι).
1334 3933 1595 3990 repusam
1624 3934 1671 3972 c.
1747 3914 1843 3949 ⁸⁸⁸⁸
1884 3914 2058 3986 pluris
2085 3918 2197 3986 ::j.:
2224 3931 2238 3968 :
2262 3930 2310 3969 ε.
2388 3913 2483 3947 ιθδί
2507 3915 2792 3984 potestatis
2815 3930 2861 3968 c.
2940 3912 3037 3945 ⁸⁰⁵⁸
3065 3909 3346 3983 appenciis
3390 3924 3453 3965 ιε.

162 3984 263 4020 ⁶⁰⁸³
287 3984 604 4045 aduxeraﬁt
626 4007 673 4045 c.

543 4193 1001 4309 GESTA
1082 4194 1873 4312 ALBERONIS
1956 4189 3087 4324 ARC’HIEPlSCOPI.

236 4393 398 4471 Cum_
420 4391 940 4471 archiepiscoporum
970 4392 1363 4471 Trev‘erensium
1387 4395 1615 4471 historia
1640 4392 1917 4471 Gestorum
1943 4393 2339 4448 continuatione
2364 4407 2527 4460 usque
2545 4390 2615 4471 ad
2649 4386 3164 4471 bieginheriobitum
3192 4387 3459 4457 descripta

158 4474 329 4536 esset,
358 4459 643 4536 Alberonis
666 4459 768 4516 viri
790 4463 1043 4536 illustris,
1079 4465 1234 4534 fortis
1263 4476 1418 4536 atque
1442 4467 1700 4536 ingeniosi
1724 4475 1959 4536 tempora
1983 4472 2162 4518 secuta
2184 4473 2329 4536 sunt,
2346 4459 2465 4532 quis
2483 4459 2753 4536 ecclesiam
2772 4460 2993 4536 penuria
3006 4459 3302 4536 depressam
3325 4475 3460 4513 nova

195 4527 348 4610 loria
379 4533 708 4610 extulerunt,
736 4543 784 4587 et
827 4527 1225 4610 Treverensibus
1263 4527 1482 4610 magnas
1500 4527 1572 4610 "in
1598 4527 2006 4610 rebus~publicis
2031 4534 2240 4610 imperii
2268 4527 2569 4610 Qéimanici
2609 4527 2845 4610 gerendis
2885 4538 3061 4610 partes
3104 4527 3457 4610 contulerunt.

195 4552 348 4590 toria
379 4552 708 4599 extulerunt,
736 4552 784 4587 et
829 4552 1225 4588 ireverensinus
1263 4553 1482 4606 magnas
1518 4554 1572 4590 in
1598 4552 2006 4604 rebus'puaucis
2031 4552 2239 4604 imperii
2268 4552 2569 4587 uertnama
2609 4552 2845 4601 gerenais
2885 4552 3061 4600 partes
3104 4552 3457 4591 CUIttuwTuut.

155 4552 303 4662 gdeo
330 4606 537 4659 mirum
566 4620 677 4658 esse
712 4606 908 4675 nequit,
936 4605 1074 4675 quod
1098 4604 1272 4675 plures
1302 4607 1358 4659 in
1391 4607 1505 4675 ejus
1534 4607 1692 4661 laude
1731 4605 1969 4660 canenda
1995 4615 2046 4660 et
2067 4604 2346 4659 scribenda
2376 4602 2569 4657 rersati
2611 4609 2752 4675 sunt,
2783 4601 2921 4675 alter
2946 4600 3187 4675 episcopo
3214 4599 3315 4651 nisi
3349 4599 3460 4675 fat:

224 4098 3375 4127 Μ

154 4677 248 4751 lor
265 4677 432 4751 give,
448 4675 587 4751 alter
608 4668 1242 4751 sub_lIillino'Alberon_is
1265 4668 1560 4751 successore
1578 4677 1747 4751 (62D.
1764 4676 1983 4751 Primus
2020 4676 2253 4751 curatius
2278 4668 2984 4751 hexaiiutroarchiepiscopi
3021 4670 3191 4751 Vitam
3217 4684 3377 4738 usque
3389 4668 3460 4722 ad

153 4748 228 4802 A.
254 4745 326 4802 C.
368 4745 514 4799 M45
547 4746 846 4816 descripsit,
878 4760 1001 4798 mox
1026 4747 1288 4811 strictius,
1324 4763 1445 4799 mox
1467 4741 1678 4800 uberius
1704 4743 1767 4800 de
1801 4747 1949 4800 rebus
1977 4746 2203 4816 publicis
2229 4754 2276 4798 et
2307 4745 2679 4816 ecclesiasticis
2701 4741 2931 4816 locutus,
2953 4741 3043 4795 sed
3071 4741 3262 4816 ubique
3282 4755 3462 4793 eorum

153 4822 287 4889 quae
310 4815 598 4897 narranda
625 4811 780 4897 ducit
810 4815 933 4897 bene
957 4832 1174 4885 gnarus,
1199 4817 1387 4897 quippe
1414 4811 2070 4897 quiinurbe‘reverensi
2099 4816 2291 4869 vixisse
2314 4824 2362 4897 et
2385 4813 2632 4897 pleraque
2651 4814 2767 4897 suis
2791 4812 2959 4896 oculis
2984 4811 3260 4897 auribusve
3279 4825 3460 4880 perce—

154 4883 312 4956 pisse
341 4885 612 4939 videatur.
653 4884 833 4967 Etiam
859 4883 1074 4939 chartas
1100 4883 1359 4955 quasdam
1391 4883 1633 4940 adhibuit
1663 4886 1811 4958 (622)
1837 4896 2104 4956 totamque
2129 4883 2491 4939 narrationem
2516 4883 2689 4939 Gestis
2713 4884 2947 4955 antiquis
2974 4883 3127 4953 quasi
3154 4883 3300 4935 breve
3328 4897 3458 4952 sup-

154 4956 508 5009 plementum
539 4955 750 5009 addidit
789 4954 957 5009 (625).

192 4956 508 5012 lememum
539 4955 750 5009 addidit
789 4955 957 5012 (625).

151 4955 508 5029 plementum
539 4955 750 5009 addidit
789 4955 957 5025 (625).
1792 4955 1799 4958 ’
2020 4955 2026 4956 “

233 5026 439 5080 Altius
461 5023 776 5097 Baldericus
807 5042 914 5079 rem
949 5041 1225 5095 aggressus
1250 5034 1351 5097 est,
1379 5043 1501 5097 cum
1531 5026 1734 5097 aliquot
1765 5036 1879 5096 post
1920 5026 2200 5097 Alberonis
2229 5034 2461 5097 mortem
2492 5025 2647 5078 annis
2692 5024 2849 5094 hujus
2895 5022 3075 5077 litum
3122 5038 3453 5097 narrandam

156 5099 498 5166 susciperet.
519 5093 650 5166 [pse
676 5104 799 5148 tunc
831 5091 1081 5166 magis't_er
1114 5103 1230 5148 erat
1252 5096 1579 5159 scholarum,
1620 5091 1683 5150 ab
1720 5091 1833 5166 ipso
1858 5096 2119 5150 Alberone
2140 5113 2194 5149 a.
2220 5094 2360 5148 “47
2394 5096 2452 5148 in
2473 5099 2568 5149 hoc
2600 5091 2787 5166 manus
2818 5103 3082 5148 evocatus.
3124 5091 3300 5166 Natus
3317 5095 3463 5166 enim
3526 5112 3533 5135 ί

154 5168 219 5222 in
243 5162 805 5237 diiecesiLeodiensi,
829 5162 960 5218 uilla
993 5163 1325 5237 Florinensi,
1352 5166 1425 5219 ad
1454 5184 1607 5236 pupw
1637 5162 1866 5237 [ingenii
1895 5168 2104 5220 curiam
2129 5182 2184 5219 se
2208 5166 2560 5235 applicuerat.
2594 5164 2760 5230 Quem
2789 5181 2929 5231 cum,
2962 5180 3099 5237 papa
3123 5164 3187 5237 in
3226 5162 3464 5237 Galliam

156 5237 449 5308 profecto,
483 5236 541 5288 in
563 5238 689 5308 urbe
718 5234 1027 5308 Parisieusi
1053 5254 1072 5287 ι
1102 5252 1294 5308 causas
1325 5234 1580 5308 dicentem
1619 5246 1668 5308 et
1695 5234 1832 5308 saepe
1858 5238 2099 5308 apposite
2132 5234 2530 5308 perorantem»,
2560 5245 2623 5308 _ut
2645 5238 2776 5308 ipse
2806 5245 3016 5308 narrat,
3065 5234 3259 5288 Albero
3302 5234 3463 5308 audi-

157 5254 449 5308 prolecw,
483 5254 541 5288 m
563 5254 689 5289 uroe
718 5254 1015 5289 rarisieusi
1053 5254 1072 5287 ‹
1102 5254 1294 5290 causas
1325 5254 1580 5299 uirentem
1619 5254 1668 5290 et
1695 5254 1832 5308 saepe
1858 5255 1893 5291 a
1929 5254 2099 5307 posite
2132 5254 2530 5306 perorantem»,
2567 5254 2623 5288 ut
2666 5254 2776 5305 ipse
2806 5254 3016 5299 narrat,
3065 5254 3259 5288 macro
3302 5254 3463 5287 auai-

157 5309 359 5375 visset,
396 5322 577 5376 secum
618 5305 878 5359 Treverim
924 5306 1170 5370 adduxit,
1214 5316 1264 5360 et
1291 5306 1487 5360 schola:
1527 5305 1763 5361 ecclesiw
1794 5306 1853 5362 S.
1885 5254 2037 5360 βου-ἱ
2070 5306 2308 5376 priefecit
2342 5306 2513 5376 (624).
2550 5304 2682 5359 Inde
2718 5306 2782 5359 ab
2809 5306 2906 5376 hoc
2942 5314 3169 5376 tempore
3198 5304 3463 5371 archiepi-

157 5374 349 5449 scopo
372 5375 682 5449 familiaris
697 5376 800 5449 fuit
819 5392 1038 5447 eumque
1063 5378 1119 5430 in
1143 5378 1425 5449 itineribus
1452 5393 1826 5449 nonnunquam
1849 5374 2155 5449 comitatus
2186 5374 2263 5430 est
2296 5374 2479 5447 (6223),
2517 5376 2597 5429 ita
2638 5385 2697 5428 ut
2720 5392 2799 5428 res
2846 5374 2909 5429 ab
2945 5374 3039 5428 illo
3072 5382 3255 5449 postea
3285 5384 3460 5446 gestas

159 5445 302 5503 bene
324 5454 638 5517 perspectas
660 5445 893 5517 haberet,
917 5445 967 5499 et
997 5455 1105 5517 tam
1130 5448 1372 5517 veritatis
1402 5449 1578 5499 studio
1602 5445 1763 5517 quam
1789 5447 2064 5517 Alberonis
2092 5463 2272 5501 amore
2304 5445 2363 5500 ut
2404 5445 2495 5500 eas
2540 5455 2867 5517 posterorum
2894 5446 3158 5517 memoria:
3198 5445 3463 5517 conmen-

157 5514 334 5576 darel
362 5515 557 5571 induci
602 5523 791 5587 posset.
835 5514 982 5572 Vixit
1024 5516 1265 5586 pluribus
1304 5518 1458 5572 annis
1499 5514 1623 5588 post
1660 5516 1753 5571 sub
1784 5516 1995 5575 Hillino
2031 5518 2447 5589 archiepiscopo,
2473 5514 2549 5586 et,
2574 5516 2652 5572 vel
2682 5518 2848 5587 ipsius
2879 5516 2956 5572 vel
2986 5515 3215 5571 aliorum
3236 5514 3458 5579 chartis,

263 5699 381 5772 62!
393 5697 415 5772 )
433 5695 500 5753 V.
528 5696 679 5772 Balli.
699 5714 757 5772 7c_.
778 5698 864 5772 All
881 5768 940 5772 Μ
1736 5602 2136 5757 Νοτῖξιζὶῖθειίε
2165 5702 2521 5768 continuatis,
2547 5716 2657 5757 non
2682 5701 2739 5756 in
2764 5699 2884 5772 ipso
2908 5700 3149 5756 carmine
3177 5698 3452 5771 leguntur.

263 5701 417 5838 621)
435 5701 500 5753 V.
529 5701 679 5754 Bald.
709 5714 757 5754 c.
776 5701 817 5786 ,1
830 5701 852 5751 λι
1876 5701 1933 5755 ἰη
1957 5701 2136 5757 Gestis
2165 5703 2305 5758 conti

237 5701 427 5903 ἓξὲξ)
451 5768 1109 5903 δηξὲἶιὲαῗξύἑξξᾱίςω
1136 5853 1257 5898 esse
1281 5848 1468 5898 monet
1490 5855 1540 5896 v.
1569 5840 1657 5903 t9,
1682 5839 1772 5903 82.

272 5836 427 5898 625)
458 5836 590 5903 Quae
609 5841 751 5897 enim
775 5855 941 5901 supra
967 5839 1109 5898 dicta
1136 5853 1257 5898 esse
1281 5848 1468 5898 monet
1490 5855 1540 5896 v.
1569 5840 1657 5911 t9,
1682 5839 1772 5910 82,
1953 5836 2101 5915 (625)
2135 5858 2183 5898 c.
2213 5842 2302 5905 26,
