3902 6286
504 255 647 314 1505

501 371 570 430 At
599 371 702 430 sibi
730 371 992 442 subjectis
1017 369 1154 425 vicis
1179 370 1297 438 ejus
1323 368 1450 438 jura
1473 367 1673 423 licebat

502 465 670 522 Ocius
700 465 941 534 implere,
976 460 1078 517 sibi
1107 460 1192 514 lex
1222 459 1266 513 si
1294 459 1474 529 prisca
1504 459 1749 530 favisset,
2028 459 2051 536 ξ,

500 557 678 626 Quam
707 556 869 612 modo
895 551 1098 608 divitiis
1125 551 1339 606 calcant
1371 551 1625 620 fastuque
1649 549 1916 615 moderni,
2029 543 2052 626 ξ

501 624 594 716 Iit,
623 650 752 722 quia
784 644 1073 717 pauperior
1097 652 1180 698 est
1219 643 1323 698 hec
1351 642 1508 698 sedes
1530 641 1903 707 Treberensis,

499 738 788 810 Propterea
821 736 891 790 sit
941 741 997 788 et
1024 732 1251 788 inferior
1279 733 1637 804 locupletibus
1665 732 1790 786 illis.

498 829 611 886 Hec
633 827 795 884 modo
819 825 1108 882 sulIiciant.
1132 827 1330 881 Albero
1358 835 1541 880 tamen
1571 824 1851 895 satagebat

497 918 662 989 Regis
687 917 757 972 ad
787 916 1114 986 obsequium
1144 931 1239 986 pre
1271 917 1485 971 cunctis
1511 931 1634 970 esse
1663 923 1884 985 paratus

498 1008 613 1067 Rex
663 1024 880 1081 quoque
919 1024 1015 1079 pre
1058 1007 1284 1080 reliquis
1315 1008 1464 1063 hunc
1491 1022 1708 1079 semper
1748 1007 1957 1062 honore
1983 1018 2087 1058 co—

1169 1124 1176 1131 -
1823 1097 2012 1170 [lebat,

2019 435 2039 462 Ἵ

500 1193 634 1266 Ejus
661 1195 906 1251 consiliis
933 1195 1125 1250 crebro
1156 1193 1386 1250 feliciter
1406 1209 1561 1260 usus,

499 1284 766 1357 Precipue
793 1285 1014 1356 quando
1045 1286 1290 1341 Saxones
1316 1301 1466 1340 arma
1492 1283 1759 1340 movendo

499 1374 724 1432 Viribus
758 1376 1022 1432 inmensis
1053 1377 1200 1432 hunc
1228 1375 1490 1431 infestare
1528 1375 1816 1444 parabant.

498 1468 622 1535 Quo
651 1478 871 1539 sumptu
896 1484 1096 1540 magno
1120 1469 1344 1524 veniens
1373 1477 1427 1522 et
1453 1467 1625 1521 milite
1661 1467 1853 1531 multo,

497 1558 747 1615 Obtinuit
773 1561 949 1616 laudis
977 1561 1324 1630 palmamque
1351 1575 1463 1615 suae
1490 1557 1794 1628 probitatis.

498 1649 617 1708 Hoc
638 1653 911 1708 mediante
937 1661 1121 1708 tamen
1149 1667 1248 1722 per
1266 1652 1419 1722 pacis
1441 1650 1818 1705 condicionem

499 1741 781 1800 Omissum
807 1745 1031 1812 bellum,
1057 1745 1402 1814 populusque
1431 1742 1657 1797 domum
1687 1739 1972 1796 remeavit.

572 1836 680 1892 Pro
701 1837 904 1907 quibus
923 1853 987 1891 ac
1008 1837 1130 1891 aliis
1150 1836 1218 1890 ab
1239 1836 1428 1890 eodem
1451 1844 1561 1889 tam
1592 1835 1730 1888 bene
1759 1833 1951 1904 gestis,

497 1924 570 1982 Et
588 1928 719 1999 quia
749 1944 859 1983 non
876 1929 1024 1997 juste
1046 1928 1320 1982 subtracta
1348 1926 1453 1983 fuit
1475 1925 1794 1982 Treberensi

499 2017 777 2086 Ecclesiae,
804 2020 1082 2089 quondam
1103 2019 1169 2075 de
1191 2019 1350 2090 cujus
1369 2020 1700 2091 proprietate

498 2109 568 2164 Et
596 2109 764 2166 fundo
788 2126 915 2167 vere
943 2113 1141 2184 legitur
1165 2120 1479 2168 constructa
1508 2111 1678 2167 fuisse
1694 2152 1709 2177 ,

499 2199 573 2256 Ut
601 2211 924 2258 testamenta
955 2203 1103 2273 (649)
1131 2202 1377 2258 referunt
1406 2202 1508 2258 sub
1539 2203 1760 2257 nomine
1783 2215 1976 2272 regum

499 2290 606 2358 Qui
636 2290 977 2362 Dagobertus
1011 2291 1238 2362 Pipinus
1265 2291 1610 2364 Karolusque
1649 2292 1906 2359 fuerunt,

500 2380 655 2439 Hanc
680 2383 956 2438 abbatiam
986 2383 1269 2439 Maximini
1292 2385 1513 2440 nomine
1539 2385 1740 2440 dictam

497 2472 619 2530 Rex
642 2474 748 2530 sibi
774 2475 1034 2542 restituit,
1062 2474 1225 2531 Petro
1252 2492 1347 2546 per
1370 2490 1607 2546 eumque
1633 2477 1792 2531 beato
1817 2475 1987 2548 (650).

504 2565 611 2620 Sed
640 2568 919 2635 monachi,
943 2569 1100 2638 pulso
1124 2569 1316 2640 paucis
1337 2569 1532 2624 abbate
1557 2567 1839 2624 Gerhardo

500 2657 641 2713 Ante
669 2659 885 2726 diebus,
909 2659 958 2715 ei
990 2676 1115 2716 mox
1147 2661 1420 2731 quendam
1449 2662 1871 2728 substituerunt,

500 2749 754 2822 Ignotum
779 2769 1007 2824 prorsus
1034 2770 1289 2824 persona,
1316 2755 1606 2826 religione;

503 2842 662 2900 llunc
685 2854 736 2900 et
759 2846 1023 2902 distracto
1050 2847 1235 2918 templi
1271 2848 1473 2904 duxere
1501 2847 1721 2903 metallo

504 2934 765 2994 Vestibus
797 2947 962 3009 atque
992 2941 1187 3006 sacris,
1213 2939 1479 2995 Romanis
1510 2941 1705 3010 hisque
1733 2937 2018 3009 coemptis,

504 3026 665 3084 Hunc
685 3031 753 3086 ab
779 3032 1080 3101 apostolico
1101 3033 1446 3088 mercedibus
1475 3033 1829 3088 obtinuerunt

503 3121 769 3178 Abbatem
797 3123 912 3178 fieri
935 3124 1002 3179 de
1025 3140 1178 3180 more
1201 3124 1414 3195 sibique
1436 3126 1662 3180 sacrari.

505 3212 575 3269 Et
603 3215 988 3272 confirmatum
1019 3217 1202 3273 banno
1231 3217 1635 3288 metropolitani

507 3307 835 3380 Exemptum
861 3311 972 3380 juri
1001 3313 1419 3382 libertatemque
1444 3313 1608 3378 tueri,
1638 3363 1643 3367 .

507 3400 724 3456 Acriter
751 3412 1056 3471 exposcunt
1085 3403 1257 3474 (65l),
1285 3405 1701 3471 exultantesque
1726 3402 2026 3466 reducunt,

507 3491 777 3565 Huncque
802 3509 916 3550 suae
943 3493 1057 3550 sedi
1088 3494 1568 3564 superimposuere
1603 3494 1853 3548 latenter.

507 3591 607 3650 His
633 3593 1026 3650 certaminibus
1063 3592 1380 3662 pertransiit
1403 3592 1612 3661 integer
1639 3607 1836 3644 annus.

583 3683 705 3752 Quo
740 3685 964 3757 grandis
994 3685 1137 3740 facto
1162 3685 1332 3740 crevit
1360 3683 1778 3753 metropolitano

513 3776 680 3845 Cura,
706 3777 854 3848 quod
873 3777 972 3834 hec
993 3786 1142 3833 tanta
1163 3777 1275 3845 sibi
1300 3777 1384 3833 vis
1413 3777 1561 3831 illata
1585 3775 1780 3831 fuisset

510 3864 980 3939 Contemptusque
1010 3870 1192 3941 gravis
1214 3870 1282 3924 ab
1303 3868 1385 3924 eis
1409 3884 1549 3939 quos
1587 3883 1802 3937 semper
1824 3868 2029 3922 amavit

510 3957 799 4028 Romanis,
826 3977 1060 4034 quorum
1088 3977 1210 4018 sese
1237 3962 1437 4017 virtute
1459 3961 1668 4031 putavit

509 4050 716 4110 Omnes
745 4054 840 4124 qui
863 4055 1062 4110 vellent
1091 4070 1150 4110 se
1179 4055 1359 4110 ledere
1377 4056 1596 4109 vincere
1617 4067 1796 4122 posse.

512 4144 622 4202 Sed
649 4147 782 4217 quid
811 4147 880 4201 ad
908 4147 1010 4202 hec
1043 4148 1258 4219 ageret?
1276 4145 1355 4202 Ne
1377 4155 1622 4202 castrum
1644 4150 1922 4213 rumperet
1942 4141 2096 4208 illud,

511 4237 646 4306 Quae
667 4238 772 4294 sibi
805 4239 1115 4296 detulerant
1144 4255 1298 4310 papae
1326 4238 1582 4294 mandata
1619 4237 1906 4300 vetabant;

511 4330 887 4404 lntroitusque
910 4333 1135 4404 suisque
1160 4331 1266 4388 sibi
1289 4346 1399 4386 non
1419 4331 1544 4401 jure
1565 4339 1812 4401 negatus.

511 4423 635 4496 Ipse
657 4433 843 4482 tamen
872 4425 1018 4481 cives
1043 4426 1110 4480 ad
1132 4425 1264 4479 talia
1296 4424 1436 4478 bella
1466 4421 1709 4476 furentes

513 4517 722 4573 Crebro
755 4519 921 4574 minis
947 4519 1313 4588 precibusque
1340 4516 1455 4572 suis
1477 4515 1545 4570 ab
1571 4515 1652 4570 eis
1673 4511 1970 4569 revocavit.

513 4608 696 4668 Motus
722 4619 970 4682 pretcrea
993 4625 1092 4666 sua
1127 4609 1276 4682 quod
1300 4608 1498 4680 legatio
1532 4615 1712 4676 spreta

516 4700 675 4759 Esset
695 4703 766 4758 ab
787 4701 1034 4758 ecclesiis
1057 4701 1147 4756 hic
1168 4700 1589 4771 presulibusque
1606 4698 1956 4768 quibusdam,

517 4793 785 4851 Omnibus
815 4793 1078 4866 impensis
1100 4792 1332 4848 Romam
1357 4791 1592 4847 festinus
1615 4790 1803 4856 adivit,

516 4885 903 4958 Expositisque
923 4888 1026 4942 viae
1046 4887 1251 4953 causis,
1275 4899 1524 4956 papaque
1555 4882 1788 4948 favente,

518 4976 766 5036 Obtinuit
792 4997 916 5052 quae
944 4989 1078 5038 tunc
1099 4979 1292 5047 voluit,
1318 4978 1604 5048 victorque
1635 4974 1849 5032 redivit.

587 5069 744 5130 Vere.
770 5074 892 5132 155.

1138 249 1366 311 GESTA
1403 250 1706 334 TREVER.
1745 278 1817 292 -
1849 236 2161 306 APPEND.‘
2194 245 2426 305 GESTA
2458 245 2852 306 ALBERONIS
2887 246 3098 308 ΑΒΟῆ

3589 261 3689 320 15οι

2112 369 2170 429 Δ
2193 364 2370 434 Atque
2401 364 2486 420 sui
2508 365 2622 418 voti
2649 379 2877 435 compos
2901 363 3146 427 effectus.
3174 375 3236 421 ut
3261 365 3389 422 illud

2190 455 2497 511 Cenobium
2528 472 2744 527 semper
2783 457 2888 515 sibi
2910 459 3321 515 successoribus
3353 471 3500 532 atque

2193 547 2356 604 Esset
2375 548 2704 619 subjectum,
2739 566 2836 620 per
2867 551 3336 621 apostolicumque
3359 554 3567 624 sigillum

2191 638 2308 696 Hac
2334 656 2394 695 re
2419 641 2691 696 firmatam
2723 641 2967 698 referens
2992 658 3091 712 pro
3111 659 3336 698 munere
3365 655 3550 700 cartam
3569 648 3690 718 (652).

2267 729 2371 785 Sed
2396 732 2646 801 graviora
2672 731 2834 786 malis
2861 741 2990 786 sunt
3013 743 3130 787 orta
3157 733 3429 802 prioribus
3462 736 3585 790 exin.

2189 820 2328 876 Nam
2360 821 2647 877 monachis
2673 820 2879 877 factum
2902 821 3079 878 fuerat
3098 823 3441 894 presentibus
3459 823 3595 881 istud.

2192 913 2290 970 His
2316 923 2372 969 et
2396 913 2730 984 apostolicus
2758 915 2925 985 jussit
2944 916 3351 985 metropolitani

2192 1005 2364 1061 Dictis
2386 1023 2599 1077 parere,
2631 1007 2799 1062 simul
2824 1008 3008 1063 abbati
3035 1023 3132 1078 per
3165 1008 3389 1062 eosdem

2193 1098 2449 1156 Ecclesiae
2479 1100 2683 1155 donum
2722 1101 3057 1157 demandans
3085 1102 3486 1172 suscipiendum

2191 1193 2338 1249 Nutu
2370 1193 2646 1264 pontificis
2672 1194 2928 1264 sedisque
2955 1209 3122 1248 manu
3154 1193 3515 1249 Treberensis.

2198 1285 2304 1342 Sed
2327 1302 2453 1341 eum
2482 1287 2704 1341 decreto
2736 1285 2987 1340 Romano
3019 1286 3241 1356 presule
3263 1295 3462 1356 spreto,

2194 1375 2436 1432 Rursum
2459 1378 2780 1448 conspirant
2799 1378 2932 1432 huic
2959 1377 3361 1448 introitumque
3382 1376 3635 1448 negabant;

2195 1467 2278 1528 Ob
2303 1470 2461 1540 cujus
2490 1470 2671 1525 meriti
2696 1486 2810 1526 rem
2833 1479 2965 1526 sunt
2984 1470 3451 1525 anathematizati.

2197 1561 2312 1626 Sed.
2331 1577 2570 1633 querens
2595 1563 2809 1618 veniam
2846 1563 2913 1618 de
2942 1563 3124 1618 hanno
3153 1563 3390 1618 solvitur
3414 1562 3580 1617 abbas.

2195 1653 2267 1708 At
2287 1653 2543 1708 monachi
2565 1668 2825 1724 magnum
2854 1669 3018 1724 super
3039 1662 3146 1709 hoc
3168 1653 3351 1708 fecere
3387 1654 3658 1722 tumultum,

2121 1725 2168 1780 Β
2195 1745 2263 1800 Et
2281 1745 2536 1801 comitem
2565 1746 2733 1801 castri
2771 1745 3188 1801 Lucelenburhc
3209 1754 3377 1801 antea
3402 1746 3538 1812 dicti,

2195 1839 2300 1906 Qui
2328 1837 2632 1894 defensoris
2653 1853 2854 1895 nomen
2883 1847 3199 1909 susceperat
3225 1840 3426 1894 horum

2192 1928 2555 1999 Pontiﬁcique
2577 1928 2741 1983 fidem
2770 1929 3052 1999 juraverat
3085 1931 3483 2000 auxiliumque,

2192 2020 2332 2076 Cum
2360 2020 2719 2092 septingentis
2752 2030 3071 2091 corruptum
3095 2037 3240 2092 pene
3259 2021 3494 2086 talentis,

2193 2113 2409 2170 Fraude
2439 2112 2675 2183 doloque
2695 2113 2801 2168 fide
2833 2114 3009 2184 prima
3033 2114 3117 2169 vel
3145 2113 3335 2170 federe
3357 2122 3524 2184 rupto,

2196 2207 2452 2263 Eliiciunt
2477 2216 2752 2280 promtum
2784 2222 2894 2276 quo
2922 2206 3064 2261 bella
3098 2215 3352 2262 moveret
3385 2216 3438 2262 et
3461 2221 3589 2262 arma

2196 2297 2303 2365 Qui
2327 2299 2495 2354 veluti
2517 2299 2694 2354 nostis
2715 2307 2774 2352 ut
2795 2297 3214 2353 crudelissimus
3238 2298 3438 2363 hostis,

2197 2389 2434 2446 Cedibus
2461 2407 2526 2446 ac
2549 2390 2731 2460 predis
2763 2389 3006 2460 capturis
3033 2389 3293 2459 pluribus
3319 2388 3475 2455 actis,

2200 2481 2368 2538 Sacra
2390 2482 2720 2553 profanavit,
2752 2481 2908 2537 villas
2933 2497 2997 2537 ac
3032 2481 3235 2552 templa
3267 2480 3536 2536 cremavit.

2198 2573 2315 2629 Heu
2339 2573 2506 2643 pudet
2533 2583 2776 2629 armatas
2805 2573 2952 2628 acies
2974 2573 3306 2642 hostemque
3331 2571 3598 2642 superbum

2197 2665 2280 2719 Ad
2306 2673 2523 2734 portam
2549 2663 2738 2718 Martis
2771 2663 3056 2732 sanctique
3077 2661 3226 2717 fores
3250 2660 3532 2733 Symeonis

2197 2755 2482 2826 Clavigero
2508 2755 2607 2811 celi
2637 2754 2913 2811 contraria
2935 2753 3087 2825 signa
3113 2753 3343 2808 tulisse!

2196 2847 2318 2904 Non
2339 2849 2494 2904 locus
2516 2849 2607 2904 hic
2634 2863 2795 2903 muro
2821 2847 3043 2903 sed-vili
3071 2847 3245 2916 prelia
3269 2845 3434 2910 vallo,

2199 2940 2574 3011 Hostilemque
2599 2956 2825 2995 manum
2849 2939 3106 3010 perpauci
3130 2938 3464 2993 sustinuere.

2124 3075 2170 3135 Ο
2201 3031 2320 3087 Non
2347 3042 2531 3087 tamen
2557 3033 2800 3087 inmunis
2828 3032 2895 3086 de
2921 3031 3073 3086 clade
3095 3029 3375 3099 superfuit
3404 3027 3576 3092 hostis,

2205 3123 2312 3179 Sea
2338 3124 2547 3195 majore
2572 3125 2660 3179 sui
2685 3124 2923 3193 dampno
2949 3122 3213 3176 multatus
3237 3120 3427 3176 adivit.

2201 3216 2455 3272 Vidimus
2480 3217 2547 3272 ad
2572 3224 2794 3286 pontem
2825 3215 3012 3271 vesani
3037 3214 3278 3285 presulis
3309 3227 3497 3284 agmen

2199 3308 2330 3381 Igne
2357 3309 2566 3376 furens,
2599 3309 2653 3363 in
2680 3316 2824 3363 tecta
2846 3323 3034 3373 ruens,
3059 3315 3112 3361 et
3132 3305 3263 3360 fana
3291 3303 3586 3376 profanans.

2201 3404 2340 3457 Aula
2373 3402 2470 3458 Dei
2498 3402 2713 3468 matris,
2743 3417 2910 3472 quam
2941 3399 3221 3470 quondam
3246 3399 3658 3469 rex'Dagobertus

2201 3495 2477 3562 Condidit,
2506 3495 2718 3564 irrupta
2751 3493 3097 3562 ﬂammisque
3122 3492 3420 3548 voracibus
3441 3499 3568 3555 usta,

2205 3587 2532 3643 Sanctorum
2556 3588 2765 3652 thecas,
2793 3601 2933 3657 quas
2960 3585 3164 3654 reperit
3193 3585 3286 3640 hic
3323 3599 3484 3654 super
3502 3581 3584 3615 ⁸⁸⁵⁸
3606 3592 3713 3641 aras,

2201 3680 2462 3739 Districto
2488 3681 2670 3752 gladio
2701 3680 2860 3735 miles
2887 3678 3088 3733 occidit
3113 3692 3348 3743 avarus,

2201 3773 2310 3828 Par
2335 3774 2634 3843 habuitque
2659 3773 2838 3828 solum
2865 3770 3129 3826 factorem
3159 3769 3543 3839 reliquiasque.

2206 3863 2459 3918 Vidimus
2488 3863 2699 3934 impleri
2721 3863 2868 3933 quod
2891 3862 2960 3916 ab
2979 3857 3263 3915 Ezechiele
3285 3859 3532 3925 refertur,

2203 3955 2363 4024 Quod
2399 3957 2704 4011 violaturus
2746 3955 2850 4009 hoc
2898 3952 3220 4008 emissarius
3257 3961 3405 4007 esset

2202 4049 2522 4104 Archanum
2559 4047 2775 4104 Domini
2819 4044 3036 4117 (Ezech.
3083 4060 3195 4108 vn,
3222 4043 3340 4114 2‘2).
3385 4040 3486 4096 Sed
3526 4053 3614 4093 non
3640 4049 3710 4087 un-

3303 4134 3472 4207 [pune
3506 4137 3711 4202 patratum

2204 4231 2321 4288 Hoc
2366 4231 2567 4288 scelus.
2607 4231 2678 4287 Ut
2706 4231 2863 4285 villas
2907 4229 3218 4300 aliquantas
3263 4211 3606 4293 ecclesiasque

2207 4324 2396 4382 Hostis
2421 4325 2728 4382 combussit
2756 4331 2812 4379 et
2844 4323 3028 4394 plures
3058 4336 3218 4376 urere
3239 4320 3436 4390 jussit,
3525 4379 3531 4386 ,

2126 4437 2182 4496 ι)
2208 4417 2403 4474 Prcsul
2426 4435 2553 4474 eum
2575 4433 2699 4472 cum
2731 4416 3079 4486 milicia-post
3108 4422 3260 4485 terga
3295 4419 3510 4466 secutus

2207 4509 2470 4581 Occupat,
2497 4520 2551 4566 et
2580 4509 2767 4565 multis
2792 4524 2859 4562 ex
2881 4509 3002 4578 ejus
3025 4507 3241 4577 agmine
3263 4505 3456 4574 captis,

2205 4603 2465 4658 Pluribus
2491 4603 2710 4667 occisis,
2749 4600 3044 4671 aliquantis
3069 4599 3396 4663 debilitatis,

2206 4697 2525 4752 Accelerare
2553 4695 2738 4765 fugam
2763 4693 2995 4749 Domino
3021 4692 3318 4746 miserante
3338 4688 3504 4760 coegit
3522 4682 3653 4757 (655i.

2208 4788 2328 4844 Jam
2354 4787 2530 4843 fuerat
2557 4787 2782 4858 quintus
2801 4786 2968 4855 hujus
2987 4784 3303 4840 certaminis
3322 4796 3509 4842 annus,

2209 4879 2543 4950 Expulsique
2573 4879 2694 4933 loco
2720 4884 2849 4932 sunt
2870 4876 2947 4930 illi
2977 4874 3204 4930 maximi
3237 4874 3409 4943 juste,

2217 4971 2549 5042 Sull‘ectique
2576 4971 2682 5026 sibi
2707 4968 2967 5026 monachi
2996 4975 3128 5024 sunt
3148 4966 3414 5037 religiosi;

2279 5062 2434 5121 Vors.
2462 5062 2590 5121 205.

1809 5203 2042 5299 YARIA‘J
2053 5256 2065 5269 .
2077 5203 2478 5262 LECTIONES.

590 5310 688 5346 ““
722 5324 889 5381 supra
922 5311 1006 5366 c.?

2032 5387 2268 5445 NOTA'J.

593 5490 852 5570 ((5491):.
883 5491 1104 5570 chartas
1155 5504 1344 5570 regum
1369 5502 1490 5570 .ap;
1512 5483 1824 5570 ‘Hoontheim
1865 5479 2004 5537 Hist.
2044 5479 2104 5554 ,1,

525 5582 584 5640 p.
600 5555 861 5640 75,129,
888 5562 1013 5640 152,
1036 5555 1242 5640 omnes
1255 5555 1443 5640 dubiai
1459 5555 1604 5640 ﬁdei:

598 5627 748 5776 $630)
786 5627 857 5692 νζ
887 5627 1034 5704 regis
1058 5631 1298 5713 diploma
1327 5629 1399 5682 ib.
1423 5669 1437 5692 ,
1460 5643 1515 5710 ρ.
1542 5627 1666 5682 5M.

627 5709 752 5776 651)
788 5705 852 5762 ν.
878 5700 1184 5765 Innocentii
1204 5701 1450 5760 chartam
1476 5697 1552 5754 ib.
1570 5737 1586 5765 ,
1614 5711 1666 5770 ι).

627 5694 752 5778 651’)
788 5705 852 5762 v.
878 5694 1184 5765 Innocentii
1204 5701 1450 5760 chartam
1464 5694 1586 5765 'ib.,
1614 5711 1672 5770 ι).
1697 5694 1823 5750 545.

2287 5478 2436 5602 (6522
2480 5476 2541 5532 V.
2594 5471 2896 5529 Innocentii
2951 5470 3156 5527 bullam
3215 5470 3432 5526 alteram
3484 5479 3558 5536 ap.
3599 5454 3698 5512 Hon-

2287 5552 2384 5602 eim
2448 5591 2462 5602 .
2494 5565 2546 5602 ι).
2575 5546 2697 5600 547.

2215 5546 2462 5636 than.»
2483 5565 2551 5636 ,ρι
2575 5546 2748 5636 δέη.-
2787 5613 2799 5626 .

2293 5610 2459 5677 ¹655Υ
2481 5610 2564 5675 Cf.
2592 5613 2930 5671 Baldericum
2961 5627 3010 5670 c.
3035 5610 3125 5668 ΞΟ.

2712 5760 2742 5772 ια
