  <div class='ocr_page' id='page_1' title='image "/cluster/home/n/w/nwhite01/storage/ocr_20150623/154/hvd.32044015473820/658.png"; bbox 0 0 3956 6288; ppageno 0'>
   <div class='ocr_carea' id='block_1_1' title="bbox 103 333 3344 447">
    <p class='ocr_par' dir='ltr' id='par_1_1' title="bbox 103 333 3344 447">
     <span class='ocr_line' id='line_1_1' title="bbox 103 333 3344 447; baseline -0.003 -16"><span class='ocrx_word' id='word_1_1' title='bbox 103 374 226 432; x_wconf 69' lang='lat'><strong>4305</strong></span> <span class='ocrx_word' id='word_1_2' title='bbox 752 365 978 424; x_wconf 87' lang='lat' dir='ltr'><strong>GESTA</strong></span> <span class='ocrx_word' id='word_1_3' title='bbox 1015 362 1316 423; x_wconf 80' lang='lat' dir='ltr'><strong>TREVER.</strong></span> <span class='ocrx_word' id='word_1_4' title='bbox 1353 392 1423 405; x_wconf 89' lang='grc'><strong><em>-</em></strong></span> <span class='ocrx_word' id='word_1_5' title='bbox 1461 361 1754 422; x_wconf 82' lang='lat' dir='ltr'><strong>APPEND.</strong></span> <span class='ocrx_word' id='word_1_6' title='bbox 1793 364 2016 422; x_wconf 68' lang='lat' dir='ltr'><strong>casn</strong></span> <span class='ocrx_word' id='word_1_7' title='bbox 2054 333 2442 443; x_wconf 50' lang='lat' dir='ltr'><strong>“annonis</strong></span> <span class='ocrx_word' id='word_1_8' title='bbox 2473 369 2682 447; x_wconf 58' lang='lat' dir='ltr'><strong>sucu.</strong></span> <span class='ocrx_word' id='word_1_9' title='bbox 3208 384 3344 437; x_wconf 61' lang='lat'><strong>{306</strong></span> 
     </span>
    </p>
   </div>
   <div class='ocr_carea' id='block_1_2' title="bbox 100 476 3182 564">
    <p class='ocr_par' dir='ltr' id='par_1_2' title="bbox 100 476 3182 564">
     <span class='ocr_line' id='line_1_2' title="bbox 100 476 3182 564; baseline 0.002 -22"><span class='ocrx_word' id='word_1_10' title='bbox 100 490 223 559; x_wconf 84' lang='lat' dir='ltr'><strong>Quis</strong></span> <span class='ocrx_word' id='word_1_11' title='bbox 251 502 281 541; x_wconf 89' lang='lat' dir='ltr'><strong>a</strong></span> <span class='ocrx_word' id='word_1_12' title='bbox 306 486 564 557; x_wconf 85' lang='lat' dir='ltr'><strong>pontifice</strong></span> <span class='ocrx_word' id='word_1_13' title='bbox 592 481 1078 556; x_wconf 51' lang='lat' dir='ltr'><strong>preponitur&#39;abba</strong></span> <span class='ocrx_word' id='word_1_14' title='bbox 1109 479 1333 551; x_wconf 87' lang='lat' dir='ltr'><strong>Sigerus</strong></span> <span class='ocrx_word' id='word_1_15' title='bbox 1365 477 1513 548; x_wconf 67' lang='grc'>(654)</span> <span class='ocrx_word' id='word_1_16' title='bbox 1682 480 1736 539; x_wconf 78' lang='grc' dir='ltr'>Α</span> <span class='ocrx_word' id='word_1_17' title='bbox 1761 476 2010 535; x_wconf 86' lang='lat' dir='ltr'><strong>Preterea</strong></span> <span class='ocrx_word' id='word_1_18' title='bbox 2039 485 2298 554; x_wconf 88' lang='lat' dir='ltr'><strong>quicquid</strong></span> <span class='ocrx_word' id='word_1_19' title='bbox 2325 495 2456 540; x_wconf 89' lang='lat' dir='ltr'><strong>tunc</strong></span> <span class='ocrx_word' id='word_1_20' title='bbox 2483 487 2682 556; x_wconf 89' lang='lat' dir='ltr'><strong>reperit</strong></span> <span class='ocrx_word' id='word_1_21' title='bbox 2709 487 2765 542; x_wconf 91' lang='lat' dir='ltr'><strong>in</strong></span> <span class='ocrx_word' id='word_1_22' title='bbox 2795 503 2958 545; x_wconf 85' lang='lat' dir='ltr'><strong>cruce</strong></span> <span class='ocrx_word' id='word_1_23' title='bbox 2985 506 3182 564; x_wconf 85' lang='lat' dir='ltr'><strong>magna</strong></span> 
     </span>
    </p>
   </div>
   <div class='ocr_carea' id='block_1_3' title="bbox 100 570 3342 658">
    <p class='ocr_par' dir='ltr' id='par_1_3' title="bbox 100 570 3342 658">
     <span class='ocr_line' id='line_1_3' title="bbox 100 570 3342 658; baseline 0.002 -24"><span class='ocrx_word' id='word_1_24' title='bbox 100 583 194 650; x_wconf 84' lang='lat' dir='ltr'><strong>Qui</strong></span> <span class='ocrx_word' id='word_1_25' title='bbox 214 579 365 650; x_wconf 87' lang='lat' dir='ltr'><strong>prius</strong></span> <span class='ocrx_word' id='word_1_26' title='bbox 393 579 602 634; x_wconf 89' lang='lat' dir='ltr'><strong>electus</strong></span> <span class='ocrx_word' id='word_1_27' title='bbox 635 576 702 630; x_wconf 93' lang='lat' dir='ltr'><strong>ab</strong></span> <span class='ocrx_word' id='word_1_28' title='bbox 729 574 1135 644; x_wconf 88' lang='lat' dir='ltr'><strong>apostolicoquc</strong></span> <span class='ocrx_word' id='word_1_29' title='bbox 1161 579 1430 636; x_wconf 87' lang='lat' dir='ltr'><strong>sacratus,</strong></span> <span class='ocrx_word' id='word_1_30' title='bbox 1762 570 1933 638; x_wconf 90' lang='lat' dir='ltr'><strong>Quam</strong></span> <span class='ocrx_word' id='word_1_31' title='bbox 1959 578 2232 644; x_wconf 87' lang='lat' dir='ltr'><strong>quondam</strong></span> <span class='ocrx_word' id='word_1_32' title='bbox 2266 574 2396 634; x_wconf 72' lang='lat' dir='ltr'><strong>felix</strong></span> <span class='ocrx_word' id='word_1_33' title='bbox 2426 579 2728 637; x_wconf 87' lang='lat' dir='ltr'><strong>Ekebertus</strong></span> <span class='ocrx_word' id='word_1_34' title='bbox 2755 583 2984 638; x_wconf 75' lang='lat' dir='ltr'><strong>contulit</strong></span> <span class='ocrx_word' id='word_1_35' title='bbox 3022 585 3131 642; x_wconf 90' lang='lat' dir='ltr'><strong>illic</strong></span> <span class='ocrx_word' id='word_1_36' title='bbox 3171 587 3342 658; x_wconf 88' lang='lat'><strong>(658),</strong></span> 
     </span>
    </p>
   </div>
   <div class='ocr_carea' id='block_1_4' title="bbox 97 661 3053 735">
    <p class='ocr_par' dir='ltr' id='par_1_4' title="bbox 97 661 3053 735">
     <span class='ocr_line' id='line_1_4' title="bbox 97 661 3053 735; baseline 0.001 -10"><span class='ocrx_word' id='word_1_37' title='bbox 97 673 220 726; x_wconf 89' lang='lat' dir='ltr'><strong>Post</strong></span> <span class='ocrx_word' id='word_1_38' title='bbox 247 668 698 722; x_wconf 87' lang='lat' dir='ltr'><strong>anatematizatus</strong></span> <span class='ocrx_word' id='word_1_39' title='bbox 726 674 916 735; x_wconf 81' lang='lat' dir='ltr'><strong>estque</strong></span> <span class='ocrx_word' id='word_1_40' title='bbox 947 662 1348 718; x_wconf 83' lang='lat' dir='ltr'><strong>reconciliatus.</strong></span> <span class='ocrx_word' id='word_1_41' title='bbox 1761 661 1996 720; x_wconf 80' lang='lat' dir='ltr'><strong>Rursum</strong></span> <span class='ocrx_word' id='word_1_42' title='bbox 2023 666 2325 725; x_wconf 88' lang='lat' dir='ltr'><strong>Butolicum</strong></span> <span class='ocrx_word' id='word_1_43' title='bbox 2351 678 2468 725; x_wconf 89' lang='lat' dir='ltr'><strong>toto</strong></span> <span class='ocrx_word' id='word_1_44' title='bbox 2489 671 2774 726; x_wconf 89' lang='lat' dir='ltr'><strong>conamine</strong></span> <span class='ocrx_word' id='word_1_45' title='bbox 2811 682 3053 728; x_wconf 87' lang='lat' dir='ltr'><strong>castrum</strong></span> 
     </span>
    </p>
   </div>
   <div class='ocr_carea' id='block_1_5' title="bbox 97 751 2988 832">
    <p class='ocr_par' dir='ltr' id='par_1_5' title="bbox 97 751 2988 832">
     <span class='ocr_line' id='line_1_5' title="bbox 97 751 2988 832; baseline 0.001 -16"><span class='ocrx_word' id='word_1_46' title='bbox 97 763 197 818; x_wconf 87' lang='lat' dir='ltr'><strong>Ista</strong></span> <span class='ocrx_word' id='word_1_47' title='bbox 223 760 322 814; x_wconf 87' lang='lat' dir='ltr'><strong>sub</strong></span> <span class='ocrx_word' id='word_1_48' title='bbox 348 767 649 828; x_wconf 90' lang='lat' dir='ltr'><strong>autumpno</strong></span> <span class='ocrx_word' id='word_1_49' title='bbox 672 765 800 812; x_wconf 91' lang='lat' dir='ltr'><strong>sunt</strong></span> <span class='ocrx_word' id='word_1_50' title='bbox 827 755 996 827; x_wconf 89' lang='lat' dir='ltr'><strong>prelia</strong></span> <span class='ocrx_word' id='word_1_51' title='bbox 1019 766 1171 826; x_wconf 91' lang='lat' dir='ltr'><strong>gesta</strong></span> <span class='ocrx_word' id='word_1_52' title='bbox 1190 751 1408 820; x_wconf 84' lang='lat' dir='ltr'><strong>bienni;</strong></span> <span class='ocrx_word' id='word_1_53' title='bbox 1757 756 2112 826; x_wconf 83' lang='lat' dir='ltr'><strong>Aggreditur;</strong></span> <span class='ocrx_word' id='word_1_54' title='bbox 2144 762 2236 816; x_wconf 87' lang='lat' dir='ltr'><strong>sed</strong></span> <span class='ocrx_word' id='word_1_55' title='bbox 2269 761 2485 817; x_wconf 76' lang='lat' dir='ltr'><strong>difﬁcile</strong></span> <span class='ocrx_word' id='word_1_56' title='bbox 2511 763 2655 832; x_wconf 91' lang='lat' dir='ltr'><strong>cepit</strong></span> <span class='ocrx_word' id='word_1_57' title='bbox 2683 755 2810 819; x_wconf 82' lang='lat' dir='ltr'><strong>lieet</strong></span> <span class='ocrx_word' id='word_1_58' title='bbox 2833 763 2988 831; x_wconf 88' lang='lat' dir='ltr'><strong>illud,</strong></span> 
     </span>
    </p>
   </div>
   <div class='ocr_carea' id='block_1_6' title="bbox 95 844 3090 926">
    <p class='ocr_par' dir='ltr' id='par_1_6' title="bbox 95 844 3090 926">
     <span class='ocr_line' id='line_1_6' title="bbox 95 844 3090 926; baseline 0.001 -18"><span class='ocrx_word' id='word_1_59' title='bbox 95 853 235 919; x_wconf 91' lang='lat' dir='ltr'><strong>Quos</strong></span> <span class='ocrx_word' id='word_1_60' title='bbox 260 849 467 904; x_wconf 89' lang='lat' dir='ltr'><strong>hiemes</strong></span> <span class='ocrx_word' id='word_1_61' title='bbox 492 849 658 904; x_wconf 82' lang='lat' dir='ltr'><strong>validi</strong></span> <span class='ocrx_word' id='word_1_62' title='bbox 684 848 831 903; x_wconf 90' lang='lat' dir='ltr'><strong>venti</strong></span> <span class='ocrx_word' id='word_1_63' title='bbox 859 847 1161 918; x_wconf 67' lang='lat' dir='ltr'><strong>pluviaeque</strong></span> <span class='ocrx_word' id='word_1_64' title='bbox 1185 844 1334 900; x_wconf 90' lang='lat' dir='ltr'><strong>fuere</strong></span> <span class='ocrx_word' id='word_1_65' title='bbox 1757 845 1912 912; x_wconf 86' lang='lat' dir='ltr'><strong>Quod</strong></span> <span class='ocrx_word' id='word_1_66' title='bbox 1939 863 2049 904; x_wconf 88' lang='lat' dir='ltr'><strong>non</strong></span> <span class='ocrx_word' id='word_1_67' title='bbox 2073 851 2178 905; x_wconf 83' lang='lat' dir='ltr'><strong>ﬁda</strong></span> <span class='ocrx_word' id='word_1_68' title='bbox 2205 853 2309 908; x_wconf 85' lang='lat' dir='ltr'><strong>sibi</strong></span> <span class='ocrx_word' id='word_1_69' title='bbox 2347 854 2626 909; x_wconf 88' lang='lat' dir='ltr'><strong>sociorum</strong></span> <span class='ocrx_word' id='word_1_70' title='bbox 2660 863 2879 924; x_wconf 80' lang='lat' dir='ltr'><strong>pectora</strong></span> <span class='ocrx_word' id='word_1_71' title='bbox 2901 857 3090 926; x_wconf 79' lang='lat' dir='ltr'><strong>sensit,</strong></span> 
     </span>
    </p>
   </div>
   <div class='ocr_carea' id='block_1_7' title="bbox 95 935 3031 1018">
    <p class='ocr_par' dir='ltr' id='par_1_7' title="bbox 95 935 3031 1018">
     <span class='ocr_line' id='line_1_7' title="bbox 95 935 3031 1018; baseline 0.001 -18"><span class='ocrx_word' id='word_1_72' title='bbox 95 945 222 1000; x_wconf 89' lang='lat' dir='ltr'><strong>Cum</strong></span> <span class='ocrx_word' id='word_1_73' title='bbox 247 957 446 1013; x_wconf 87' lang='lat' dir='ltr'><strong>magno</strong></span> <span class='ocrx_word' id='word_1_74' title='bbox 468 941 640 1010; x_wconf 81' lang='lat' dir='ltr'><strong>plebis</strong></span> <span class='ocrx_word' id='word_1_75' title='bbox 665 941 902 1012; x_wconf 90' lang='lat' dir='ltr'><strong>dampno</strong></span> <span class='ocrx_word' id='word_1_76' title='bbox 932 940 1243 1011; x_wconf 81' lang='lat' dir='ltr'><strong>gemituque</strong></span> <span class='ocrx_word' id='word_1_77' title='bbox 1271 935 1476 1003; x_wconf 87' lang='lat' dir='ltr'><strong>secuti;</strong></span> <span class='ocrx_word' id='word_1_78' title='bbox 1755 936 1859 1004; x_wconf 87' lang='lat' dir='ltr'><strong>Qui</strong></span> <span class='ocrx_word' id='word_1_79' title='bbox 1897 941 2236 1010; x_wconf 84' lang='lat' dir='ltr'><strong>castellanos,</strong></span> <span class='ocrx_word' id='word_1_80' title='bbox 2260 945 2372 1014; x_wconf 87' lang='lat' dir='ltr'><strong>jam</strong></span> <span class='ocrx_word' id='word_1_81' title='bbox 2395 961 2535 1016; x_wconf 90' lang='lat' dir='ltr'><strong>quos</strong></span> <span class='ocrx_word' id='word_1_82' title='bbox 2562 947 2811 1017; x_wconf 82' lang='lat' dir='ltr'><strong>angustia</strong></span> <span class='ocrx_word' id='word_1_83' title='bbox 2837 948 2992 1018; x_wconf 89' lang='lat' dir='ltr'><strong>panis</strong></span> <span class='ocrx_word' id='word_1_84' title='bbox 3026 960 3031 964; x_wconf 73' lang='lat'><strong>‘</strong></span> 
     </span>
    </p>
   </div>
   <div class='ocr_carea' id='block_1_8' title="bbox 91 1028 3101 1108">
    <p class='ocr_par' dir='ltr' id='par_1_8' title="bbox 91 1028 3101 1108">
     <span class='ocr_line' id='line_1_8' title="bbox 91 1028 3101 1108; baseline 0.001 -17"><span class='ocrx_word' id='word_1_85' title='bbox 91 1036 306 1104; x_wconf 83' lang='lat' dir='ltr'><strong>Jamque</strong></span> <span class='ocrx_word' id='word_1_86' title='bbox 332 1033 632 1103; x_wconf 87' lang='lat' dir='ltr'><strong>putabatur</strong></span> <span class='ocrx_word' id='word_1_87' title='bbox 657 1049 760 1104; x_wconf 84' lang='lat' dir='ltr'><strong>pax</strong></span> <span class='ocrx_word' id='word_1_88' title='bbox 788 1041 940 1102; x_wconf 90' lang='lat' dir='ltr'><strong>parta</strong></span> <span class='ocrx_word' id='word_1_89' title='bbox 969 1031 1232 1102; x_wconf 87' lang='lat' dir='ltr'><strong>quiesque</strong></span> <span class='ocrx_word' id='word_1_90' title='bbox 1258 1028 1460 1084; x_wconf 83' lang='lat' dir='ltr'><strong>futura.</strong></span> <span class='ocrx_word' id='word_1_91' title='bbox 1563 1095 1573 1108; x_wconf 37' lang='grc' dir='ltr'>ι</span> <span class='ocrx_word' id='word_1_92' title='bbox 1754 1029 1961 1086; x_wconf 85' lang='lat' dir='ltr'><strong>Dedere</strong></span> <span class='ocrx_word' id='word_1_93' title='bbox 1988 1033 2232 1102; x_wconf 82' lang='lat' dir='ltr'><strong>cogehat,</strong></span> <span class='ocrx_word' id='word_1_94' title='bbox 2259 1037 2398 1092; x_wconf 89' lang='lat' dir='ltr'><strong>clam</strong></span> <span class='ocrx_word' id='word_1_95' title='bbox 2423 1054 2563 1107; x_wconf 90' lang='lat' dir='ltr'><strong>pane</strong></span> <span class='ocrx_word' id='word_1_96' title='bbox 2599 1037 2727 1093; x_wconf 89' lang='lat' dir='ltr'><strong>dato</strong></span> <span class='ocrx_word' id='word_1_97' title='bbox 2761 1039 3101 1108; x_wconf 84' lang='lat' dir='ltr'><strong>retinebant;</strong></span> 
     </span>
    </p>
   </div>
   <div class='ocr_carea' id='block_1_9' title="bbox 153 1095 3058 1202">
    <p class='ocr_par' dir='ltr' id='par_1_9' title="bbox 153 1095 3058 1202">
     <span class='ocr_line' id='line_1_9' title="bbox 153 1095 3058 1202; baseline 0.001 -20"><span class='ocrx_word' id='word_1_98' title='bbox 153 1126 257 1182; x_wconf 87' lang='lat' dir='ltr'><strong>Sed</strong></span> <span class='ocrx_word' id='word_1_99' title='bbox 298 1139 458 1182; x_wconf 89' lang='lat' dir='ltr'><strong>secus</strong></span> <span class='ocrx_word' id='word_1_100' title='bbox 504 1125 612 1182; x_wconf 90' lang='lat' dir='ltr'><strong>hoc</strong></span> <span class='ocrx_word' id='word_1_101' title='bbox 653 1125 851 1192; x_wconf 88' lang='lat' dir='ltr'><strong>cessit,</strong></span> <span class='ocrx_word' id='word_1_102' title='bbox 896 1125 1025 1197; x_wconf 89' lang='lat' dir='ltr'><strong>quia</strong></span> <span class='ocrx_word' id='word_1_103' title='bbox 1081 1133 1324 1180; x_wconf 90' lang='lat' dir='ltr'><strong>castrum</strong></span> <span class='ocrx_word' id='word_1_104' title='bbox 1377 1121 1517 1177; x_wconf 76' lang='lat' dir='ltr'><strong>forte</strong></span> <span class='ocrx_word' id='word_1_105' title='bbox 1559 1095 1652 1175; x_wconf 73' lang='lat' dir='ltr'><strong>re-</strong></span> <span class='ocrx_word' id='word_1_106' title='bbox 1753 1121 1820 1177; x_wconf 88' lang='lat' dir='ltr'><strong>Et</strong></span> <span class='ocrx_word' id='word_1_107' title='bbox 1843 1124 1930 1178; x_wconf 91' lang='lat' dir='ltr'><strong>cui</strong></span> <span class='ocrx_word' id='word_1_108' title='bbox 1955 1125 2208 1179; x_wconf 84' lang='lat' dir='ltr'><strong>tormenti</strong></span> <span class='ocrx_word' id='word_1_109' title='bbox 2243 1129 2388 1197; x_wconf 85' lang='lat' dir='ltr'><strong>quod</strong></span> <span class='ocrx_word' id='word_1_110' title='bbox 2419 1095 2577 1200; x_wconf 69' lang='lat' dir='ltr'><strong>vulgo</strong></span> <span class='ocrx_word' id='word_1_111' title='bbox 2606 1146 2805 1202; x_wconf 87' lang='lat' dir='ltr'><strong>manga</strong></span> <span class='ocrx_word' id='word_1_112' title='bbox 2831 1139 3058 1186; x_wconf 84' lang='lat' dir='ltr'><strong>vocatur</strong></span> 
     </span>
    </p>
   </div>
   <div class='ocr_carea' id='block_1_10' title="bbox 1426 1213 2992 1291">
    <p class='ocr_par' dir='ltr' id='par_1_10' title="bbox 1426 1213 2992 1291">
     <span class='ocr_line' id='line_1_10' title="bbox 1426 1213 2992 1291; baseline 0.008 -24"><span class='ocrx_word' id='word_1_113' title='bbox 1426 1213 1653 1288; x_wconf 88' lang='lat' dir='ltr'><strong>[mansit</strong></span> <span class='ocrx_word' id='word_1_114' title='bbox 1751 1214 1966 1271; x_wconf 88' lang='lat' dir='ltr'><strong>Credita</strong></span> <span class='ocrx_word' id='word_1_115' title='bbox 1995 1232 2125 1272; x_wconf 85' lang='lat' dir='ltr'><strong>cura</strong></span> <span class='ocrx_word' id='word_1_116' title='bbox 2150 1216 2271 1284; x_wconf 87' lang='lat' dir='ltr'><strong>fuit,</strong></span> <span class='ocrx_word' id='word_1_117' title='bbox 2295 1219 2531 1288; x_wconf 84' lang='lat' dir='ltr'><strong>jaciendi</strong></span> <span class='ocrx_word' id='word_1_118' title='bbox 2561 1224 2727 1278; x_wconf 90' lang='lat' dir='ltr'><strong>cessit</strong></span> <span class='ocrx_word' id='word_1_119' title='bbox 2761 1224 2830 1278; x_wconf 90' lang='lat' dir='ltr'><strong>ab</strong></span> <span class='ocrx_word' id='word_1_120' title='bbox 2857 1232 2992 1291; x_wconf 86' lang='lat' dir='ltr'><strong>arte,</strong></span> 
     </span>
    </p>
   </div>
   <div class='ocr_carea' id='block_1_11' title="bbox 87 1303 3050 1382">
    <p class='ocr_par' dir='ltr' id='par_1_11' title="bbox 87 1303 3050 1382">
     <span class='ocr_line' id='line_1_11' title="bbox 87 1303 3050 1382; baseline 0 -15"><span class='ocrx_word' id='word_1_121' title='bbox 87 1308 310 1367; x_wconf 89' lang='lat' dir='ltr'><strong>Predicti</strong></span> <span class='ocrx_word' id='word_1_122' title='bbox 343 1309 597 1376; x_wconf 88' lang='lat' dir='ltr'><strong>comitis,</strong></span> <span class='ocrx_word' id='word_1_123' title='bbox 637 1309 784 1380; x_wconf 87' lang='lat' dir='ltr'><strong>quod</strong></span> <span class='ocrx_word' id='word_1_124' title='bbox 824 1310 980 1366; x_wconf 88' lang='lat' dir='ltr'><strong>abest</strong></span> <span class='ocrx_word' id='word_1_125' title='bbox 1017 1309 1120 1364; x_wconf 88' lang='lat' dir='ltr'><strong>tria</strong></span> <span class='ocrx_word' id='word_1_126' title='bbox 1163 1309 1313 1364; x_wconf 91' lang='lat' dir='ltr'><strong>milia</strong></span> <span class='ocrx_word' id='word_1_127' title='bbox 1355 1307 1546 1374; x_wconf 87' lang='lat' dir='ltr'><strong>nobis,</strong></span> <span class='ocrx_word' id='word_1_128' title='bbox 1751 1303 1907 1372; x_wconf 87' lang='lat' dir='ltr'><strong>Quod</strong></span> <span class='ocrx_word' id='word_1_129' title='bbox 1927 1305 2180 1361; x_wconf 91' lang='lat' dir='ltr'><strong>seductus</strong></span> <span class='ocrx_word' id='word_1_130' title='bbox 2201 1315 2317 1361; x_wconf 91' lang='lat' dir='ltr'><strong>erat</strong></span> <span class='ocrx_word' id='word_1_131' title='bbox 2342 1311 2680 1366; x_wconf 87' lang='lat' dir='ltr'><strong>mercedibus</strong></span> <span class='ocrx_word' id='word_1_132' title='bbox 2705 1313 3050 1382; x_wconf 88' lang='lat' dir='ltr'><strong>accipiendis.</strong></span> 
     </span>
    </p>
   </div>
   <div class='ocr_carea' id='block_1_12' title="bbox 86 1395 3123 1473">
    <p class='ocr_par' dir='ltr' id='par_1_12' title="bbox 86 1395 3123 1473">
     <span class='ocr_line' id='line_1_12' title="bbox 86 1395 3123 1473; baseline 0 -15"><span class='ocrx_word' id='word_1_133' title='bbox 86 1401 304 1458; x_wconf 86' lang='lat' dir='ltr'><strong>Nomine</strong></span> <span class='ocrx_word' id='word_1_134' title='bbox 324 1401 632 1458; x_wconf 86' lang='lat' dir='ltr'><strong>Butolicum</strong></span> <span class='ocrx_word' id='word_1_135' title='bbox 658 1402 750 1434; x_wconf 69' lang='grc'><strong>⁵⁸⁸⁷</strong></span> <span class='ocrx_word' id='word_1_136' title='bbox 777 1400 948 1473; x_wconf 61' lang='lat'><strong>(655‘.</strong></span> <span class='ocrx_word' id='word_1_137' title='bbox 989 1401 1136 1473; x_wconf 92' lang='lat' dir='ltr'><strong>quod</strong></span> <span class='ocrx_word' id='word_1_138' title='bbox 1165 1400 1398 1472; x_wconf 90' lang='lat' dir='ltr'><strong>presulis</strong></span> <span class='ocrx_word' id='word_1_139' title='bbox 1435 1398 1650 1471; x_wconf 81' lang='lat' dir='ltr'><strong>agmine</strong></span> <span class='ocrx_word' id='word_1_140' title='bbox 1751 1395 1992 1453; x_wconf 88' lang='lat' dir='ltr'><strong>Tandem</strong></span> <span class='ocrx_word' id='word_1_141' title='bbox 2015 1414 2139 1453; x_wconf 92' lang='lat' dir='ltr'><strong>cum</strong></span> <span class='ocrx_word' id='word_1_142' title='bbox 2163 1415 2316 1463; x_wconf 85' lang='lat' dir='ltr'><strong>cura,</strong></span> <span class='ocrx_word' id='word_1_143' title='bbox 2347 1415 2474 1454; x_wconf 91' lang='lat' dir='ltr'><strong>cum</strong></span> <span class='ocrx_word' id='word_1_144' title='bbox 2501 1403 2862 1460; x_wconf 89' lang='lat' dir='ltr'><strong>sollicitudine</strong></span> <span class='ocrx_word' id='word_1_145' title='bbox 2888 1421 3123 1471; x_wconf 89' lang='lat' dir='ltr'><strong>summa,</strong></span> 
     </span>
    </p>
   </div>
   <div class='ocr_carea' id='block_1_13' title="bbox 1417 1487 3226 1566">
    <p class='ocr_par' dir='ltr' id='par_1_13' title="bbox 1417 1487 3226 1566">
     <span class='ocr_line' id='line_1_13' title="bbox 1417 1487 3226 1566; baseline 0.003 -20"><span class='ocrx_word' id='word_1_146' title='bbox 1417 1491 1647 1565; x_wconf 89' lang='lat' dir='ltr'><strong>[dudum</strong></span> <span class='ocrx_word' id='word_1_147' title='bbox 1747 1487 1878 1545; x_wconf 91' lang='lat' dir='ltr'><strong>Post</strong></span> <span class='ocrx_word' id='word_1_148' title='bbox 1915 1499 2120 1544; x_wconf 87' lang='lat' dir='ltr'><strong>mortes</strong></span> <span class='ocrx_word' id='word_1_149' title='bbox 2147 1491 2434 1546; x_wconf 88' lang='lat' dir='ltr'><strong>hominum</strong></span> <span class='ocrx_word' id='word_1_150' title='bbox 2460 1493 2660 1547; x_wconf 89' lang='lat' dir='ltr'><strong>multas</strong></span> <span class='ocrx_word' id='word_1_151' title='bbox 2689 1493 2950 1566; x_wconf 89' lang='lat' dir='ltr'><strong>fusosque</strong></span> <span class='ocrx_word' id='word_1_152' title='bbox 2981 1512 3226 1564; x_wconf 88' lang='lat' dir='ltr'><strong>cruores,</strong></span> 
     </span>
    </p>
   </div>
   <div class='ocr_carea' id='block_1_14' title="bbox 83 1579 2980 1656">
    <p class='ocr_par' dir='ltr' id='par_1_14' title="bbox 83 1579 2980 1656">
     <span class='ocr_line' id='line_1_14' title="bbox 83 1579 2980 1656; baseline 0.001 -18"><span class='ocrx_word' id='word_1_153' title='bbox 83 1582 369 1640; x_wconf 83' lang='lat' dir='ltr'><strong>Obsessum</strong></span> <span class='ocrx_word' id='word_1_154' title='bbox 411 1583 616 1652; x_wconf 80' lang='lat' dir='ltr'><strong>fuerat,</strong></span> <span class='ocrx_word' id='word_1_155' title='bbox 650 1585 743 1640; x_wconf 92' lang='lat' dir='ltr'><strong>sed</strong></span> <span class='ocrx_word' id='word_1_156' title='bbox 773 1585 842 1640; x_wconf 89' lang='lat' dir='ltr'><strong>ab</strong></span> <span class='ocrx_word' id='word_1_157' title='bbox 882 1584 1166 1640; x_wconf 86' lang='lat' dir='ltr'><strong>obsidione</strong></span> <span class='ocrx_word' id='word_1_158' title='bbox 1196 1585 1433 1640; x_wconf 91' lang='lat' dir='ltr'><strong>solutum</strong></span> <span class='ocrx_word' id='word_1_159' title='bbox 1454 1626 1469 1652; x_wconf 91' lang='lat'><strong>,</strong></span> <span class='ocrx_word' id='word_1_160' title='bbox 1748 1579 1999 1652; x_wconf 90' lang='lat' dir='ltr'><strong>Undique</strong></span> <span class='ocrx_word' id='word_1_161' title='bbox 2017 1583 2279 1649; x_wconf 89' lang='lat' dir='ltr'><strong>conclusi,</strong></span> <span class='ocrx_word' id='word_1_162' title='bbox 2304 1583 2454 1638; x_wconf 77' lang='lat' dir='ltr'><strong>vetiti</strong></span> <span class='ocrx_word' id='word_1_163' title='bbox 2475 1584 2670 1639; x_wconf 91' lang='lat' dir='ltr'><strong>dandis</strong></span> <span class='ocrx_word' id='word_1_164' title='bbox 2692 1585 2980 1656; x_wconf 84' lang='lat' dir='ltr'><strong>alimentis,</strong></span> 
     </span>
    </p>
   </div>
   <div class='ocr_carea' id='block_1_15' title="bbox 81 1672 2932 1752">
    <p class='ocr_par' dir='ltr' id='par_1_15' title="bbox 81 1672 2932 1752">
     <span class='ocr_line' id='line_1_15' title="bbox 81 1672 2932 1752; baseline -0 -20"><span class='ocrx_word' id='word_1_165' title='bbox 81 1677 208 1732; x_wconf 91' lang='lat' dir='ltr'><strong>Cum</strong></span> <span class='ocrx_word' id='word_1_166' title='bbox 232 1677 418 1747; x_wconf 89' lang='lat' dir='ltr'><strong>presul</strong></span> <span class='ocrx_word' id='word_1_167' title='bbox 441 1677 655 1733; x_wconf 88' lang='lat' dir='ltr'><strong>comitis</strong></span> <span class='ocrx_word' id='word_1_168' title='bbox 675 1687 947 1749; x_wconf 88' lang='lat' dir='ltr'><strong>premeret</strong></span> <span class='ocrx_word' id='word_1_169' title='bbox 963 1687 1174 1749; x_wconf 83' lang='lat' dir='ltr'><strong>tergum</strong></span> <span class='ocrx_word' id='word_1_170' title='bbox 1201 1677 1641 1752; x_wconf 84' lang='lat' dir='ltr'><strong>fugientis(656).</strong></span> <span class='ocrx_word' id='word_1_171' title='bbox 1745 1672 1864 1729; x_wconf 73' lang='lat' dir='ltr'><strong>1am</strong></span> <span class='ocrx_word' id='word_1_172' title='bbox 1896 1675 2168 1746; x_wconf 87' lang='lat' dir='ltr'><strong>desperati</strong></span> <span class='ocrx_word' id='word_1_173' title='bbox 2205 1675 2537 1730; x_wconf 88' lang='lat' dir='ltr'><strong>meditantur</strong></span> <span class='ocrx_word' id='word_1_174' title='bbox 2567 1676 2932 1744; x_wconf 89' lang='lat' dir='ltr'><strong>deditionem,</strong></span> 
     </span>
    </p>
   </div>
   <div class='ocr_carea' id='block_1_16' title="bbox 81 1767 3093 1841">
    <p class='ocr_par' dir='ltr' id='par_1_16' title="bbox 81 1767 3093 1841">
     <span class='ocr_line' id='line_1_16' title="bbox 81 1767 3093 1841; baseline -0.001 -17"><span class='ocrx_word' id='word_1_175' title='bbox 81 1769 176 1825; x_wconf 88' lang='lat' dir='ltr'><strong>Sed</strong></span> <span class='ocrx_word' id='word_1_176' title='bbox 203 1769 484 1825; x_wconf 86' lang='lat' dir='ltr'><strong>castellani</strong></span> <span class='ocrx_word' id='word_1_177' title='bbox 513 1771 774 1828; x_wconf 86' lang='lat' dir='ltr'><strong>dederant</strong></span> <span class='ocrx_word' id='word_1_178' title='bbox 802 1788 862 1828; x_wconf 91' lang='lat' dir='ltr'><strong>se</strong></span> <span class='ocrx_word' id='word_1_179' title='bbox 891 1771 976 1826; x_wconf 85' lang='lat' dir='ltr'><strong>vel</strong></span> <span class='ocrx_word' id='word_1_180' title='bbox 997 1787 1096 1826; x_wconf 88' lang='lat' dir='ltr'><strong>sua</strong></span> <span class='ocrx_word' id='word_1_181' title='bbox 1124 1772 1278 1841; x_wconf 90' lang='lat' dir='ltr'><strong>paci;</strong></span> <span class='ocrx_word' id='word_1_182' title='bbox 1673 1822 1721 1841; x_wconf 67' lang='lat'>_</span> <span class='ocrx_word' id='word_1_183' title='bbox 1748 1767 2152 1840; x_wconf 87' lang='lat' dir='ltr'><strong>Egressumque</strong></span> <span class='ocrx_word' id='word_1_184' title='bbox 2172 1775 2364 1839; x_wconf 89' lang='lat' dir='ltr'><strong>petunt</strong></span> <span class='ocrx_word' id='word_1_185' title='bbox 2385 1784 2510 1822; x_wconf 90' lang='lat' dir='ltr'><strong>cum</strong></span> <span class='ocrx_word' id='word_1_186' title='bbox 2532 1769 2698 1824; x_wconf 87' lang='lat' dir='ltr'><strong>rebus</strong></span> <span class='ocrx_word' id='word_1_187' title='bbox 2724 1769 2928 1839; x_wconf 88' lang='lat' dir='ltr'><strong>sospite</strong></span> <span class='ocrx_word' id='word_1_188' title='bbox 2961 1770 3093 1824; x_wconf 87' lang='lat' dir='ltr'><strong>vita.</strong></span> 
     </span>
    </p>
   </div>
   <div class='ocr_carea' id='block_1_17' title="bbox 78 1822 3055 1933">
    <p class='ocr_par' dir='ltr' id='par_1_17' title="bbox 78 1822 3055 1933">
     <span class='ocr_line' id='line_1_17' title="bbox 78 1822 3055 1933; baseline 0 -17"><span class='ocrx_word' id='word_1_189' title='bbox 78 1822 1426 1933; x_wconf 46' lang='lat' dir='ltr'><strong>iisiiss“;essetin.augeas...</strong></span> <span class='ocrx_word' id='word_1_190' title='bbox 1672 1822 1722 1882; x_wconf 78' lang='grc' dir='ltr'><strong>Β</strong></span> <span class='ocrx_word' id='word_1_191' title='bbox 1748 1822 1955 1916; x_wconf 47' lang='lat' dir='ltr'><strong>nisi</strong></span> <span class='ocrx_word' id='word_1_192' title='bbox 1978 1822 2278 1932; x_wconf 42' lang='lat' dir='ltr'><strong>hisjpresul</strong></span> <span class='ocrx_word' id='word_1_193' title='bbox 2307 1869 2361 1916; x_wconf 90' lang='lat' dir='ltr'><strong>et</strong></span> <span class='ocrx_word' id='word_1_194' title='bbox 2383 1822 2894 1917; x_wconf 49' lang='lat' dir='ltr'><strong>emisisse.</strong></span> <span class='ocrx_word' id='word_1_195' title='bbox 2910 1822 3055 1918; x_wconf 22' lang='lat' dir='ltr'><strong>villis.</strong></span> 
     </span>
    </p>
   </div>
   <div class='ocr_carea' id='block_1_18' title="bbox 77 1952 3229 2030">
    <p class='ocr_par' dir='ltr' id='par_1_18' title="bbox 77 1952 3229 2030">
     <span class='ocr_line' id='line_1_18' title="bbox 77 1952 3229 2030; baseline 0.001 -23"><span class='ocrx_word' id='word_1_196' title='bbox 77 1952 140 2008; x_wconf 90' lang='lat' dir='ltr'><strong>Ut</strong></span> <span class='ocrx_word' id='word_1_197' title='bbox 167 1967 295 2008; x_wconf 87' lang='lat' dir='ltr'><strong>vero</strong></span> <span class='ocrx_word' id='word_1_198' title='bbox 321 1953 496 2024; x_wconf 89' lang='lat' dir='ltr'><strong>patuit</strong></span> <span class='ocrx_word' id='word_1_199' title='bbox 527 1954 690 2024; x_wconf 90' lang='lat' dir='ltr'><strong>paulo</strong></span> <span class='ocrx_word' id='word_1_200' title='bbox 715 1962 842 2025; x_wconf 90' lang='lat' dir='ltr'><strong>post</strong></span> <span class='ocrx_word' id='word_1_201' title='bbox 868 1953 1058 2010; x_wconf 77' lang='lat' dir='ltr'><strong>fraude</strong></span> <span class='ocrx_word' id='word_1_202' title='bbox 1090 1955 1329 2026; x_wconf 90' lang='lat' dir='ltr'><strong>doloque</strong></span> <span class='ocrx_word' id='word_1_203' title='bbox 1595 2024 1602 2030; x_wconf 27' lang='grc' dir='ltr'><strong><em>ν</em></strong></span> <span class='ocrx_word' id='word_1_204' title='bbox 1819 1953 1958 2009; x_wconf 90' lang='lat' dir='ltr'><strong>Tum</strong></span> <span class='ocrx_word' id='word_1_205' title='bbox 1988 1969 2120 2009; x_wconf 89' lang='lat' dir='ltr'><strong>vero</strong></span> <span class='ocrx_word' id='word_1_206' title='bbox 2147 1954 2370 2025; x_wconf 90' lang='lat' dir='ltr'><strong>quidam</strong></span> <span class='ocrx_word' id='word_1_207' title='bbox 2395 1954 2461 2010; x_wconf 88' lang='lat' dir='ltr'><strong>de</strong></span> <span class='ocrx_word' id='word_1_208' title='bbox 2489 1955 2825 2025; x_wconf 88' lang='lat' dir='ltr'><strong>principibus</strong></span> <span class='ocrx_word' id='word_1_209' title='bbox 2863 1954 3229 2022; x_wconf 87' lang='lat' dir='ltr'><strong>Trevirorum,</strong></span> 
     </span>
    </p>
   </div>
   <div class='ocr_carea' id='block_1_19' title="bbox 75 2041 3095 2118">
    <p class='ocr_par' dir='ltr' id='par_1_19' title="bbox 75 2041 3095 2118">
     <span class='ocr_line' id='line_1_19' title="bbox 75 2041 3095 2118; baseline 0.001 -20"><span class='ocrx_word' id='word_1_210' title='bbox 75 2041 246 2114; x_wconf 88' lang='lat' dir='ltr'><strong>Rupit,</strong></span> <span class='ocrx_word' id='word_1_211' title='bbox 271 2059 504 2117; x_wconf 88' lang='lat' dir='ltr'><strong>eamque</strong></span> <span class='ocrx_word' id='word_1_212' title='bbox 533 2045 617 2102; x_wconf 91' lang='lat' dir='ltr'><strong>sui</strong></span> <span class='ocrx_word' id='word_1_213' title='bbox 644 2047 917 2102; x_wconf 89' lang='lat' dir='ltr'><strong>violarunt</strong></span> <span class='ocrx_word' id='word_1_214' title='bbox 941 2047 1184 2115; x_wconf 84' lang='lat' dir='ltr'><strong>cedibus,</strong></span> <span class='ocrx_word' id='word_1_215' title='bbox 1211 2047 1340 2118; x_wconf 82' lang='lat' dir='ltr'><strong>igni.</strong></span> <span class='ocrx_word' id='word_1_216' title='bbox 1748 2045 1852 2114; x_wconf 90' lang='lat' dir='ltr'><strong>Qui</strong></span> <span class='ocrx_word' id='word_1_217' title='bbox 1887 2046 2114 2101; x_wconf 62' lang='lat' dir='ltr'><strong>modicae</strong></span> <span class='ocrx_word' id='word_1_218' title='bbox 2137 2047 2260 2100; x_wconf 89' lang='lat' dir='ltr'><strong>fidei</strong></span> <span class='ocrx_word' id='word_1_219' title='bbox 2293 2046 2526 2101; x_wconf 89' lang='lat' dir='ltr'><strong>multum</strong></span> <span class='ocrx_word' id='word_1_220' title='bbox 2545 2047 2698 2116; x_wconf 90' lang='lat' dir='ltr'><strong>prius</strong></span> <span class='ocrx_word' id='word_1_221' title='bbox 2730 2047 3095 2118; x_wconf 87' lang='lat' dir='ltr'><strong>impediebant</strong></span> 
     </span>
    </p>
   </div>
   <div class='ocr_carea' id='block_1_20' title="bbox 77 2135 3130 2212">
    <p class='ocr_par' dir='ltr' id='par_1_20' title="bbox 77 2135 3130 2212">
     <span class='ocr_line' id='line_1_20' title="bbox 77 2135 3130 2212; baseline 0 -21"><span class='ocrx_word' id='word_1_222' title='bbox 77 2135 156 2192; x_wconf 92' lang='lat' dir='ltr'><strong>Sic</strong></span> <span class='ocrx_word' id='word_1_223' title='bbox 183 2135 375 2208; x_wconf 85' lang='lat' dir='ltr'><strong>vulgus</strong></span> <span class='ocrx_word' id='word_1_224' title='bbox 406 2138 668 2194; x_wconf 87' lang='lat' dir='ltr'><strong>miserum</strong></span> <span class='ocrx_word' id='word_1_225' title='bbox 697 2139 874 2210; x_wconf 90' lang='lat' dir='ltr'><strong>patrio</strong></span> <span class='ocrx_word' id='word_1_226' title='bbox 907 2140 974 2195; x_wconf 90' lang='lat' dir='ltr'><strong>de</strong></span> <span class='ocrx_word' id='word_1_227' title='bbox 1003 2139 1173 2194; x_wconf 90' lang='lat' dir='ltr'><strong>limite</strong></span> <span class='ocrx_word' id='word_1_228' title='bbox 1204 2141 1443 2212; x_wconf 88' lang='lat' dir='ltr'><strong>pulsum,</strong></span> <span class='ocrx_word' id='word_1_229' title='bbox 1746 2135 2085 2202; x_wconf 82' lang='lat' dir='ltr'><strong>Pontificem,</strong></span> <span class='ocrx_word' id='word_1_230' title='bbox 2113 2136 2206 2192; x_wconf 90' lang='lat' dir='ltr'><strong>sed</strong></span> <span class='ocrx_word' id='word_1_231' title='bbox 2229 2139 2368 2192; x_wconf 90' lang='lat' dir='ltr'><strong>clam</strong></span> <span class='ocrx_word' id='word_1_232' title='bbox 2395 2138 2825 2209; x_wconf 90' lang='lat' dir='ltr'><strong>castellanosque</strong></span> <span class='ocrx_word' id='word_1_233' title='bbox 2847 2140 3130 2208; x_wconf 77' lang='lat' dir='ltr'><strong>iuvabant,</strong></span> 
     </span>
    </p>
   </div>
   <div class='ocr_carea' id='block_1_21' title="bbox 71 2227 3042 2304">
    <p class='ocr_par' dir='ltr' id='par_1_21' title="bbox 71 2227 3042 2304">
     <span class='ocr_line' id='line_1_21' title="bbox 71 2227 3042 2304; baseline 0 -21"><span class='ocrx_word' id='word_1_234' title='bbox 71 2227 330 2301; x_wconf 89' lang='lat' dir='ltr'><strong>Profugus</strong></span> <span class='ocrx_word' id='word_1_235' title='bbox 359 2237 525 2301; x_wconf 88' lang='lat' dir='ltr'><strong>atque</strong></span> <span class='ocrx_word' id='word_1_236' title='bbox 550 2248 720 2303; x_wconf 86' lang='lat' dir='ltr'><strong>vagus</strong></span> <span class='ocrx_word' id='word_1_237' title='bbox 745 2233 887 2304; x_wconf 89' lang='lat' dir='ltr'><strong>perit</strong></span> <span class='ocrx_word' id='word_1_238' title='bbox 917 2233 973 2288; x_wconf 91' lang='lat' dir='ltr'><strong>in</strong></span> <span class='ocrx_word' id='word_1_239' title='bbox 999 2233 1214 2289; x_wconf 89' lang='lat' dir='ltr'><strong>diversa</strong></span> <span class='ocrx_word' id='word_1_240' title='bbox 1243 2241 1455 2290; x_wconf 88' lang='lat' dir='ltr'><strong>rotatus</strong></span> <span class='ocrx_word' id='word_1_241' title='bbox 1487 2251 1502 2301; x_wconf 88' lang='lat'><strong>;</strong></span> <span class='ocrx_word' id='word_1_242' title='bbox 1749 2229 1920 2286; x_wconf 89' lang='lat' dir='ltr'><strong>Orant</strong></span> <span class='ocrx_word' id='word_1_243' title='bbox 1943 2238 2005 2284; x_wconf 90' lang='lat' dir='ltr'><strong>ut</strong></span> <span class='ocrx_word' id='word_1_244' title='bbox 2038 2229 2250 2284; x_wconf 90' lang='lat' dir='ltr'><strong>salvum</strong></span> <span class='ocrx_word' id='word_1_245' title='bbox 2275 2229 2509 2284; x_wconf 91' lang='lat' dir='ltr'><strong>donetur</strong></span> <span class='ocrx_word' id='word_1_246' title='bbox 2529 2229 2634 2284; x_wconf 87' lang='lat' dir='ltr'><strong>hoc</strong></span> <span class='ocrx_word' id='word_1_247' title='bbox 2655 2230 2758 2284; x_wconf 90' lang='lat' dir='ltr'><strong>sibi</strong></span> <span class='ocrx_word' id='word_1_248' title='bbox 2780 2240 3042 2284; x_wconf 89' lang='lat' dir='ltr'><strong>castrum.</strong></span> 
     </span>
    </p>
   </div>
   <div class='ocr_carea' id='block_1_22' title="bbox 72 2319 3338 2395">
    <p class='ocr_par' dir='ltr' id='par_1_22' title="bbox 72 2319 3338 2395">
     <span class='ocr_line' id='line_1_22' title="bbox 72 2319 3338 2395; baseline -0.001 -19"><span class='ocrx_word' id='word_1_249' title='bbox 72 2321 270 2393; x_wconf 87' lang='lat' dir='ltr'><strong>Quique</strong></span> <span class='ocrx_word' id='word_1_250' title='bbox 293 2333 679 2380; x_wconf 90' lang='lat' dir='ltr'><strong>remanserunt</strong></span> <span class='ocrx_word' id='word_1_251' title='bbox 711 2326 861 2395; x_wconf 91' lang='lat' dir='ltr'><strong>operi</strong></span> <span class='ocrx_word' id='word_1_252' title='bbox 885 2325 1036 2380; x_wconf 90' lang='lat' dir='ltr'><strong>nullo</strong></span> <span class='ocrx_word' id='word_1_253' title='bbox 1067 2326 1430 2392; x_wconf 89' lang='lat' dir='ltr'><strong>studuerunt;</strong></span> <span class='ocrx_word' id='word_1_254' title='bbox 1747 2323 1995 2394; x_wconf 88' lang='lat' dir='ltr'><strong>Cumque</strong></span> <span class='ocrx_word' id='word_1_255' title='bbox 2030 2331 2220 2377; x_wconf 90' lang='lat' dir='ltr'><strong>notum</strong></span> <span class='ocrx_word' id='word_1_256' title='bbox 2257 2320 2496 2377; x_wconf 88' lang='lat' dir='ltr'><strong>Treviris</strong></span> <span class='ocrx_word' id='word_1_257' title='bbox 2524 2320 2664 2376; x_wconf 87' lang='lat' dir='ltr'><strong>foret</strong></span> <span class='ocrx_word' id='word_1_258' title='bbox 2689 2321 2793 2376; x_wconf 88' lang='lat' dir='ltr'><strong>hoc</strong></span> <span class='ocrx_word' id='word_1_259' title='bbox 2823 2321 3168 2377; x_wconf 85' lang='lat' dir='ltr'><strong>sermonibus</strong></span> <span class='ocrx_word' id='word_1_260' title='bbox 3197 2319 3338 2387; x_wconf 82' lang='lat' dir='ltr'><strong>istis,</strong></span> 
     </span>
    </p>
   </div>
   <div class='ocr_carea' id='block_1_23' title="bbox 71 2411 2952 2483">
    <p class='ocr_par' dir='ltr' id='par_1_23' title="bbox 71 2411 2952 2483">
     <span class='ocr_line' id='line_1_23' title="bbox 71 2411 2952 2483; baseline -0.001 -13"><span class='ocrx_word' id='word_1_261' title='bbox 71 2414 292 2470; x_wconf 77' lang='lat' dir='ltr'><strong>Tantum</strong></span> <span class='ocrx_word' id='word_1_262' title='bbox 317 2432 451 2473; x_wconf 92' lang='lat' dir='ltr'><strong>cura</strong></span> <span class='ocrx_word' id='word_1_263' title='bbox 482 2415 583 2472; x_wconf 89' lang='lat' dir='ltr'><strong>fuit</strong></span> <span class='ocrx_word' id='word_1_264' title='bbox 605 2418 712 2474; x_wconf 83' lang='lat' dir='ltr'><strong>illis</strong></span> <span class='ocrx_word' id='word_1_265' title='bbox 750 2425 810 2474; x_wconf 91' lang='lat' dir='ltr'><strong>ut</strong></span> <span class='ocrx_word' id='word_1_266' title='bbox 839 2418 907 2473; x_wconf 91' lang='lat' dir='ltr'><strong>ab</strong></span> <span class='ocrx_word' id='word_1_267' title='bbox 935 2419 1089 2474; x_wconf 84' lang='lat' dir='ltr'><strong>hoste</strong></span> <span class='ocrx_word' id='word_1_268' title='bbox 1116 2419 1363 2474; x_wconf 89' lang='lat' dir='ltr'><strong>laterent.</strong></span> <span class='ocrx_word' id='word_1_269' title='bbox 1747 2413 2080 2470; x_wconf 88' lang='lat' dir='ltr'><strong>lnfrcmuere</strong></span> <span class='ocrx_word' id='word_1_270' title='bbox 2102 2413 2285 2480; x_wconf 89' lang='lat' dir='ltr'><strong>nimis,</strong></span> <span class='ocrx_word' id='word_1_271' title='bbox 2309 2421 2362 2468; x_wconf 88' lang='lat' dir='ltr'><strong>et</strong></span> <span class='ocrx_word' id='word_1_272' title='bbox 2382 2411 2702 2468; x_wconf 83' lang='lat' dir='ltr'><strong>vociferatio</strong></span> <span class='ocrx_word' id='word_1_273' title='bbox 2732 2413 2952 2483; x_wconf 81' lang='lat' dir='ltr'><strong>grandis</strong></span> 
     </span>
    </p>
   </div>
   <div class='ocr_carea' id='block_1_24' title="bbox 68 2503 3144 2582">
    <p class='ocr_par' dir='ltr' id='par_1_24' title="bbox 68 2503 3144 2582">
     <span class='ocr_line' id='line_1_24' title="bbox 68 2503 3144 2582; baseline -0.001 -20"><span class='ocrx_word' id='word_1_274' title='bbox 68 2506 176 2562; x_wconf 86' lang='lat' dir='ltr'><strong>Jam</strong></span> <span class='ocrx_word' id='word_1_275' title='bbox 203 2522 371 2578; x_wconf 91' lang='lat' dir='ltr'><strong>pecus</strong></span> <span class='ocrx_word' id='word_1_276' title='bbox 398 2509 694 2564; x_wconf 90' lang='lat' dir='ltr'><strong>abductum</strong></span> <span class='ocrx_word' id='word_1_277' title='bbox 722 2511 871 2582; x_wconf 84' lang='lat' dir='ltr'><strong>regio</strong></span> <span class='ocrx_word' id='word_1_278' title='bbox 910 2519 1234 2582; x_wconf 87' lang='lat' dir='ltr'><strong>vastataque</strong></span> <span class='ocrx_word' id='word_1_279' title='bbox 1261 2503 1489 2580; x_wconf 88' lang='lat' dir='ltr'><strong>circum,</strong></span> <span class='ocrx_word' id='word_1_280' title='bbox 1747 2505 1806 2561; x_wconf 87' lang='lat' dir='ltr'><strong>In</strong></span> <span class='ocrx_word' id='word_1_281' title='bbox 1830 2506 2024 2562; x_wconf 90' lang='lat' dir='ltr'><strong>castris</strong></span> <span class='ocrx_word' id='word_1_282' title='bbox 2053 2505 2227 2560; x_wconf 89' lang='lat' dir='ltr'><strong>oritur</strong></span> <span class='ocrx_word' id='word_1_283' title='bbox 2255 2505 2456 2574; x_wconf 88' lang='lat' dir='ltr'><strong>passim</strong></span> <span class='ocrx_word' id='word_1_284' title='bbox 2491 2519 2832 2575; x_wconf 89' lang='lat' dir='ltr'><strong>magnusque</strong></span> <span class='ocrx_word' id='word_1_285' title='bbox 2858 2504 3144 2569; x_wconf 88' lang='lat' dir='ltr'><strong>tumultus,</strong></span> 
     </span>
    </p>
   </div>
   <div class='ocr_carea' id='block_1_25' title="bbox 67 2594 3266 2673">
    <p class='ocr_par' dir='ltr' id='par_1_25' title="bbox 67 2594 3266 2673">
     <span class='ocr_line' id='line_1_25' title="bbox 67 2594 3266 2673; baseline -0.001 -19"><span class='ocrx_word' id='word_1_286' title='bbox 67 2600 318 2672; x_wconf 67' lang='lat' dir='ltr'><strong>Agricolae</strong></span> <span class='ocrx_word' id='word_1_287' title='bbox 344 2601 516 2672; x_wconf 88' lang='lat' dir='ltr'><strong>raptis</strong></span> <span class='ocrx_word' id='word_1_288' title='bbox 543 2617 748 2657; x_wconf 90' lang='lat' dir='ltr'><strong>annum</strong></span> <span class='ocrx_word' id='word_1_289' title='bbox 778 2602 973 2658; x_wconf 86' lang='lat' dir='ltr'><strong>ﬂevere</strong></span> <span class='ocrx_word' id='word_1_290' title='bbox 1001 2603 1289 2673; x_wconf 77' lang='lat' dir='ltr'><strong>iuvencis;</strong></span> <span class='ocrx_word' id='word_1_291' title='bbox 1743 2596 2022 2667; x_wconf 81' lang='lat' dir='ltr'><strong>Armaque</strong></span> <span class='ocrx_word' id='word_1_292' title='bbox 2045 2595 2326 2666; x_wconf 91' lang='lat' dir='ltr'><strong>diripiunt.</strong></span> <span class='ocrx_word' id='word_1_293' title='bbox 2360 2594 2476 2650; x_wconf 86' lang='lat' dir='ltr'><strong>Hoc</strong></span> <span class='ocrx_word' id='word_1_294' title='bbox 2505 2597 2552 2648; x_wconf 89' lang='lat' dir='ltr'><strong>si</strong></span> <span class='ocrx_word' id='word_1_295' title='bbox 2579 2603 2832 2661; x_wconf 87' lang='lat' dir='ltr'><strong>castrum,</strong></span> <span class='ocrx_word' id='word_1_296' title='bbox 2867 2596 3032 2650; x_wconf 87' lang='lat' dir='ltr'><strong>modo</strong></span> <span class='ocrx_word' id='word_1_297' title='bbox 3059 2594 3266 2662; x_wconf 88' lang='lat' dir='ltr'><strong>dicunt,</strong></span> 
     </span>
    </p>
   </div>
   <div class='ocr_carea' id='block_1_26' title="bbox 67 2686 3131 2767">
    <p class='ocr_par' dir='ltr' id='par_1_26' title="bbox 67 2686 3131 2767">
     <span class='ocr_line' id='line_1_26' title="bbox 67 2686 3131 2767; baseline -0.001 -20"><span class='ocrx_word' id='word_1_298' title='bbox 67 2691 233 2748; x_wconf 82' lang='lat' dir='ltr'><strong>Cessit</strong></span> <span class='ocrx_word' id='word_1_299' title='bbox 265 2693 481 2748; x_wconf 87' lang='lat' dir='ltr'><strong>cultura</strong></span> <span class='ocrx_word' id='word_1_300' title='bbox 510 2704 668 2749; x_wconf 71' lang='lat' dir='ltr'><strong>terra:</strong></span> <span class='ocrx_word' id='word_1_301' title='bbox 693 2711 789 2766; x_wconf 81' lang='lat' dir='ltr'><strong>per</strong></span> <span class='ocrx_word' id='word_1_302' title='bbox 811 2694 1023 2767; x_wconf 79' lang='lat' dir='ltr'><strong>Belgica</strong></span> <span class='ocrx_word' id='word_1_303' title='bbox 1049 2712 1198 2752; x_wconf 83' lang='lat' dir='ltr'><strong>rura.</strong></span> <span class='ocrx_word' id='word_1_304' title='bbox 1752 2687 2064 2744; x_wconf 84' lang='lat' dir='ltr'><strong>Permaneat</strong></span> <span class='ocrx_word' id='word_1_305' title='bbox 2095 2687 2320 2755; x_wconf 77' lang='lat' dir='ltr'><strong>salvum,</strong></span> <span class='ocrx_word' id='word_1_306' title='bbox 2357 2705 2452 2742; x_wconf 91' lang='lat' dir='ltr'><strong>cur</strong></span> <span class='ocrx_word' id='word_1_307' title='bbox 2488 2703 2579 2741; x_wconf 87' lang='lat' dir='ltr'><strong>nos</strong></span> <span class='ocrx_word' id='word_1_308' title='bbox 2613 2686 2908 2742; x_wconf 87' lang='lat' dir='ltr'><strong>obsedimus</strong></span> <span class='ocrx_word' id='word_1_309' title='bbox 2942 2686 3080 2741; x_wconf 88' lang='lat' dir='ltr'><strong>illud</strong></span> <span class='ocrx_word' id='word_1_310' title='bbox 3106 2689 3131 2744; x_wconf 66' lang='lat' dir='ltr'><strong>il</strong></span> 
     </span>
    </p>
   </div>
   <div class='ocr_carea' id='block_1_27' title="bbox 65 2779 3056 2861">
    <p class='ocr_par' dir='ltr' id='par_1_27' title="bbox 65 2779 3056 2861">
     <span class='ocr_line' id='line_1_27' title="bbox 65 2779 3056 2861; baseline -0.003 -19"><span class='ocrx_word' id='word_1_311' title='bbox 65 2783 219 2841; x_wconf 79' lang='lat' dir='ltr'><strong>Hoste</strong></span> <span class='ocrx_word' id='word_1_312' title='bbox 243 2785 451 2841; x_wconf 86' lang='lat' dir='ltr'><strong>malum</strong></span> <span class='ocrx_word' id='word_1_313' title='bbox 477 2784 726 2854; x_wconf 80' lang='lat' dir='ltr'><strong>faciente,</strong></span> <span class='ocrx_word' id='word_1_314' title='bbox 761 2787 944 2844; x_wconf 90' lang='lat' dir='ltr'><strong>minus</strong></span> <span class='ocrx_word' id='word_1_315' title='bbox 970 2787 1112 2846; x_wconf 89' lang='lat' dir='ltr'><strong>Deus</strong></span> <span class='ocrx_word' id='word_1_316' title='bbox 1137 2798 1220 2845; x_wconf 85' lang='lat' dir='ltr'><strong>est</strong></span> <span class='ocrx_word' id='word_1_317' title='bbox 1240 2801 1495 2861; x_wconf 70' lang='lat' dir='ltr'><strong>operatus</strong></span> <span class='ocrx_word' id='word_1_318' title='bbox 1518 2811 1534 2860; x_wconf 82' lang='grc'>;</span> <span class='ocrx_word' id='word_1_319' title='bbox 1747 2781 1858 2840; x_wconf 88' lang='lat' dir='ltr'><strong>Cur</strong></span> <span class='ocrx_word' id='word_1_320' title='bbox 1886 2784 2045 2837; x_wconf 85' lang='lat' dir='ltr'><strong>tocies</strong></span> <span class='ocrx_word' id='word_1_321' title='bbox 2077 2781 2320 2835; x_wconf 88' lang='lat' dir='ltr'><strong>domibus</strong></span> <span class='ocrx_word' id='word_1_322' title='bbox 2356 2781 2550 2835; x_wconf 79' lang='lat' dir='ltr'><strong>nostris</strong></span> <span class='ocrx_word' id='word_1_323' title='bbox 2583 2781 2826 2851; x_wconf 80' lang='lat' dir='ltr'><strong>natisque</strong></span> <span class='ocrx_word' id='word_1_324' title='bbox 2857 2779 3056 2834; x_wconf 77' lang='lat' dir='ltr'><strong>relictis</strong></span> 
     </span>
    </p>
   </div>
   <div class='ocr_carea' id='block_1_28' title="bbox 63 2871 3096 2952">
    <p class='ocr_par' dir='ltr' id='par_1_28' title="bbox 63 2871 3096 2952">
     <span class='ocr_line' id='line_1_28' title="bbox 63 2871 3096 2952; baseline -0.003 -20"><span class='ocrx_word' id='word_1_325' title='bbox 63 2877 296 2948; x_wconf 87' lang='lat' dir='ltr'><strong>Namque</strong></span> <span class='ocrx_word' id='word_1_326' title='bbox 323 2895 512 2950; x_wconf 90' lang='lat' dir='ltr'><strong>pecus,</strong></span> <span class='ocrx_word' id='word_1_327' title='bbox 535 2881 680 2952; x_wconf 90' lang='lat' dir='ltr'><strong>quod</strong></span> <span class='ocrx_word' id='word_1_328' title='bbox 709 2882 778 2935; x_wconf 89' lang='lat' dir='ltr'><strong>ab</strong></span> <span class='ocrx_word' id='word_1_329' title='bbox 815 2881 972 2936; x_wconf 89' lang='lat' dir='ltr'><strong>hoste</strong></span> <span class='ocrx_word' id='word_1_330' title='bbox 1013 2892 1192 2939; x_wconf 85' lang='lat' dir='ltr'><strong>metus</strong></span> <span class='ocrx_word' id='word_1_331' title='bbox 1218 2885 1303 2938; x_wconf 86' lang='lat' dir='ltr'><strong>vel</strong></span> <span class='ocrx_word' id='word_1_332' title='bbox 1329 2891 1504 2941; x_wconf 80' lang='lat' dir='ltr'><strong>terror</strong></span> <span class='ocrx_word' id='word_1_333' title='bbox 1549 2887 1646 2941; x_wconf 69' lang='lat' dir='ltr'><strong>ali.</strong></span> <span class='ocrx_word' id='word_1_334' title='bbox 1749 2875 1916 2932; x_wconf 87' lang='lat' dir='ltr'><strong>Nocte</strong></span> <span class='ocrx_word' id='word_1_335' title='bbox 1939 2875 2124 2946; x_wconf 84' lang='lat' dir='ltr'><strong>dieque</strong></span> <span class='ocrx_word' id='word_1_336' title='bbox 2145 2875 2259 2928; x_wconf 78' lang='lat' dir='ltr'><strong>vias</strong></span> <span class='ocrx_word' id='word_1_337' title='bbox 2284 2873 2624 2927; x_wconf 82' lang='lat' dir='ltr'><strong>transivimus</strong></span> <span class='ocrx_word' id='word_1_338' title='bbox 2648 2879 2804 2942; x_wconf 88' lang='lat' dir='ltr'><strong>atque</strong></span> <span class='ocrx_word' id='word_1_339' title='bbox 2831 2871 3042 2925; x_wconf 90' lang='lat' dir='ltr'><strong>timores</strong></span> <span class='ocrx_word' id='word_1_340' title='bbox 3069 2871 3096 2925; x_wconf 81' lang='lat'><strong><em>?</em></strong></span> 
     </span>
    </p>
   </div>
   <div class='ocr_carea' id='block_1_29' title="bbox 62 2963 1624 3054">
    <p class='ocr_par' dir='ltr' id='par_1_29' title="bbox 62 2970 1620 3054">
     <span class='ocr_line' id='line_1_29' title="bbox 62 2970 1620 3054; baseline 0.006 -28"><span class='ocrx_word' id='word_1_341' title='bbox 62 2970 219 3028; x_wconf 88' lang='lat' dir='ltr'><strong>Nocte</strong></span> <span class='ocrx_word' id='word_1_342' title='bbox 245 2972 409 3043; x_wconf 91' lang='lat' dir='ltr'><strong>lupus</strong></span> <span class='ocrx_word' id='word_1_343' title='bbox 438 2973 694 3030; x_wconf 88' lang='lat' dir='ltr'><strong>laniando</strong></span> <span class='ocrx_word' id='word_1_344' title='bbox 732 2972 883 3029; x_wconf 76' lang='lat' dir='ltr'><strong>ferus</strong></span> <span class='ocrx_word' id='word_1_345' title='bbox 915 2983 1157 3031; x_wconf 89' lang='lat' dir='ltr'><strong>vastator</strong></span> <span class='ocrx_word' id='word_1_346' title='bbox 1194 2975 1414 3032; x_wconf 89' lang='lat' dir='ltr'><strong>ademit.</strong></span> <span class='ocrx_word' id='word_1_347' title='bbox 1489 2980 1620 3054; x_wconf 86' lang='lat' dir='ltr'><strong>[egit</strong></span> 
     </span>
    </p>
   </div>
   <div class='ocr_carea' id='block_1_30' title="bbox 1465 2963 3027 3054">
    <p class='ocr_par' dir='ltr' id='par_1_30' title="bbox 1489 2963 3027 3054">
     <span class='ocr_line' id='line_1_30' title="bbox 1489 2963 3027 3054; baseline -0.007 -28"><span class='ocrx_word' id='word_1_348' title='bbox 1489 2980 1642 3054; x_wconf 54' lang='grc' dir='ltr'><strong>[δεξί’</strong></span> <span class='ocrx_word' id='word_1_349' title='bbox 1747 2967 2112 3038; x_wconf 84' lang='lat' dir='ltr'><strong>Esuriemquc,</strong></span> <span class='ocrx_word' id='word_1_350' title='bbox 2138 2965 2304 3031; x_wconf 81' lang='lat' dir='ltr'><strong>sitim,</strong></span> <span class='ocrx_word' id='word_1_351' title='bbox 2327 2964 2532 3035; x_wconf 87' lang='lat' dir='ltr'><strong>pluvias</strong></span> <span class='ocrx_word' id='word_1_352' title='bbox 2557 2963 2785 3035; x_wconf 86' lang='lat' dir='ltr'><strong>solisque</strong></span> <span class='ocrx_word' id='word_1_353' title='bbox 2806 2963 3027 3030; x_wconf 87' lang='lat' dir='ltr'><strong>calores,</strong></span> 
     </span>
    </p>
   </div>
   <div class='ocr_carea' id='block_1_31' title="bbox 63 3056 3002 3140">
    <p class='ocr_par' dir='ltr' id='par_1_31' title="bbox 63 3056 3002 3140">
     <span class='ocr_line' id='line_1_31' title="bbox 63 3056 3002 3140; baseline -0.004 -19"><span class='ocrx_word' id='word_1_354' title='bbox 63 3063 157 3133; x_wconf 87' lang='lat' dir='ltr'><strong>Qui</strong></span> <span class='ocrx_word' id='word_1_355' title='bbox 184 3081 355 3137; x_wconf 81' lang='lat' dir='ltr'><strong>prope</strong></span> <span class='ocrx_word' id='word_1_356' title='bbox 409 3080 512 3121; x_wconf 89' lang='lat' dir='ltr'><strong>nos</strong></span> <span class='ocrx_word' id='word_1_357' title='bbox 557 3065 756 3122; x_wconf 79' lang='lat' dir='ltr'><strong>ﬂuvius</strong></span> <span class='ocrx_word' id='word_1_358' title='bbox 775 3074 859 3122; x_wconf 90' lang='lat' dir='ltr'><strong>est</strong></span> <span class='ocrx_word' id='word_1_359' title='bbox 895 3065 1048 3140; x_wconf 86' lang='lat' dir='ltr'><strong>Kylia</strong></span> <span class='ocrx_word' id='word_1_360' title='bbox 1079 3067 1230 3140; x_wconf 78' lang='lat'><strong>(657)</strong></span> <span class='ocrx_word' id='word_1_361' title='bbox 1270 3071 1491 3127; x_wconf 81' lang='lat' dir='ltr'><strong>nomine</strong></span> <span class='ocrx_word' id='word_1_362' title='bbox 1554 3074 1641 3128; x_wconf 77' lang='lat' dir='ltr'><strong>di-</strong></span> <span class='ocrx_word' id='word_1_363' title='bbox 1758 3060 2010 3127; x_wconf 82' lang='lat' dir='ltr'><strong>Vulnera,</strong></span> <span class='ocrx_word' id='word_1_364' title='bbox 2034 3058 2244 3123; x_wconf 86' lang='lat' dir='ltr'><strong>livores,</strong></span> <span class='ocrx_word' id='word_1_365' title='bbox 2265 3066 2314 3113; x_wconf 91' lang='lat' dir='ltr'><strong>et</strong></span> <span class='ocrx_word' id='word_1_366' title='bbox 2339 3057 2484 3111; x_wconf 89' lang='lat' dir='ltr'><strong>mille</strong></span> <span class='ocrx_word' id='word_1_367' title='bbox 2503 3056 2762 3127; x_wconf 89' lang='lat' dir='ltr'><strong>pericula,</strong></span> <span class='ocrx_word' id='word_1_368' title='bbox 2787 3064 3002 3122; x_wconf 83' lang='lat' dir='ltr'><strong>mortes,</strong></span> 
     </span>
    </p>
   </div>
   <div class='ocr_carea' id='block_1_32' title="bbox 1506 3147 3028 3238">
    <p class='ocr_par' dir='ltr' id='par_1_32' title="bbox 1506 3147 3028 3238">
     <span class='ocr_line' id='line_1_32' title="bbox 1506 3147 3028 3238; baseline -0.005 -30"><span class='ocrx_word' id='word_1_369' title='bbox 1506 3164 1649 3237; x_wconf 66' lang='lat' dir='ltr'><strong>[eius</strong></span> <span class='ocrx_word' id='word_1_370' title='bbox 1675 3171 1724 3238; x_wconf 69' lang='grc' dir='ltr'>α</span> <span class='ocrx_word' id='word_1_371' title='bbox 1755 3153 2051 3224; x_wconf 86' lang='lat' dir='ltr'><strong>Impensas,</strong></span> <span class='ocrx_word' id='word_1_372' title='bbox 2073 3150 2330 3217; x_wconf 83' lang='lat' dir='ltr'><strong>studium,</strong></span> <span class='ocrx_word' id='word_1_373' title='bbox 2353 3166 2510 3203; x_wconf 86' lang='lat' dir='ltr'><strong>curas</strong></span> <span class='ocrx_word' id='word_1_374' title='bbox 2531 3156 2771 3219; x_wconf 75' lang='lat' dir='ltr'><strong>estusque</strong></span> <span class='ocrx_word' id='word_1_375' title='bbox 2789 3147 3028 3202; x_wconf 90' lang='lat' dir='ltr'><strong>laborum</strong></span> 
     </span>
    </p>
   </div>
   <div class='ocr_carea' id='block_1_33' title="bbox 61 3239 3159 3328">
    <p class='ocr_par' dir='ltr' id='par_1_33' title="bbox 61 3239 3159 3328">
     <span class='ocr_line' id='line_1_33' title="bbox 61 3239 3159 3328; baseline -0.003 -26"><span class='ocrx_word' id='word_1_376' title='bbox 61 3247 233 3320; x_wconf 88' lang='lat' dir='ltr'><strong>Teque</strong></span> <span class='ocrx_word' id='word_1_377' title='bbox 285 3249 510 3306; x_wconf 85' lang='lat' dir='ltr'><strong>Mosella</strong></span> <span class='ocrx_word' id='word_1_378' title='bbox 560 3250 728 3321; x_wconf 90' lang='lat' dir='ltr'><strong>petit,</strong></span> <span class='ocrx_word' id='word_1_379' title='bbox 775 3253 1037 3308; x_wconf 90' lang='lat' dir='ltr'><strong>momenti</strong></span> <span class='ocrx_word' id='word_1_380' title='bbox 1074 3260 1319 3324; x_wconf 85' lang='lat' dir='ltr'><strong>tempore</strong></span> <span class='ocrx_word' id='word_1_381' title='bbox 1364 3257 1570 3328; x_wconf 78' lang='lat' dir='ltr'><strong>crevit,</strong></span> <span class='ocrx_word' id='word_1_382' title='bbox 1745 3247 2028 3306; x_wconf 82' lang='lat' dir='ltr'><strong>Incassum</strong></span> <span class='ocrx_word' id='word_1_383' title='bbox 2051 3242 2291 3308; x_wconf 85' lang='lat' dir='ltr'><strong>tulimus,</strong></span> <span class='ocrx_word' id='word_1_384' title='bbox 2319 3241 2483 3296; x_wconf 79' lang='lat' dir='ltr'><strong>nichil</strong></span> <span class='ocrx_word' id='word_1_385' title='bbox 2514 3241 2613 3295; x_wconf 83' lang='lat' dir='ltr'><strong>hac</strong></span> <span class='ocrx_word' id='word_1_386' title='bbox 2632 3241 2678 3294; x_wconf 88' lang='lat' dir='ltr'><strong>si</strong></span> <span class='ocrx_word' id='word_1_387' title='bbox 2700 3249 2848 3311; x_wconf 78' lang='lat' dir='ltr'><strong>parte</strong></span> <span class='ocrx_word' id='word_1_388' title='bbox 2869 3239 3159 3294; x_wconf 88' lang='lat' dir='ltr'><strong>lucramur.</strong></span> 
     </span>
    </p>
   </div>
   <div class='ocr_carea' id='block_1_34' title="bbox 58 3331 3098 3415">
    <p class='ocr_par' dir='ltr' id='par_1_34' title="bbox 58 3331 3098 3415">
     <span class='ocr_line' id='line_1_34' title="bbox 58 3331 3098 3415; baseline -0.003 -20"><span class='ocrx_word' id='word_1_389' title='bbox 58 3339 322 3399; x_wconf 84' lang='lat' dir='ltr'><strong>Imbribus</strong></span> <span class='ocrx_word' id='word_1_390' title='bbox 349 3343 538 3398; x_wconf 75' lang='lat' dir='ltr'><strong>effusis</strong></span> <span class='ocrx_word' id='word_1_391' title='bbox 562 3344 718 3399; x_wconf 87' lang='lat' dir='ltr'><strong>tectis</strong></span> <span class='ocrx_word' id='word_1_392' title='bbox 745 3343 1107 3415; x_wconf 91' lang='lat' dir='ltr'><strong>domibusque</strong></span> <span class='ocrx_word' id='word_1_393' title='bbox 1128 3347 1344 3414; x_wconf 86' lang='lat' dir='ltr'><strong>solutis,</strong></span> <span class='ocrx_word' id='word_1_394' title='bbox 1745 3339 1862 3394; x_wconf 88' lang='lat' dir='ltr'><strong>Hoc</strong></span> <span class='ocrx_word' id='word_1_395' title='bbox 1885 3344 2059 3390; x_wconf 86' lang='lat' dir='ltr'><strong>manet</strong></span> <span class='ocrx_word' id='word_1_396' title='bbox 2081 3335 2335 3406; x_wconf 75' lang='lat' dir='ltr'><strong>effugium</strong></span> <span class='ocrx_word' id='word_1_397' title='bbox 2358 3333 2524 3388; x_wconf 86' lang='lat' dir='ltr'><strong>cuivis</strong></span> <span class='ocrx_word' id='word_1_398' title='bbox 2547 3333 2611 3387; x_wconf 90' lang='lat' dir='ltr'><strong>de</strong></span> <span class='ocrx_word' id='word_1_399' title='bbox 2635 3341 2783 3404; x_wconf 87' lang='lat' dir='ltr'><strong>gente</strong></span> <span class='ocrx_word' id='word_1_400' title='bbox 2809 3331 3098 3386; x_wconf 61' lang='lat' dir='ltr'><strong>latronumc</strong></span> 
     </span>
    </p>
   </div>
   <div class='ocr_carea' id='block_1_35' title="bbox 56 3424 3021 3510">
    <p class='ocr_par' dir='ltr' id='par_1_35' title="bbox 56 3424 3021 3510">
     <span class='ocr_line' id='line_1_35' title="bbox 56 3424 3021 3510; baseline 0 -22"><span class='ocrx_word' id='word_1_401' title='bbox 56 3431 220 3490; x_wconf 90' lang='lat' dir='ltr'><strong>Omne</strong></span> <span class='ocrx_word' id='word_1_402' title='bbox 249 3452 425 3506; x_wconf 85' lang='lat' dir='ltr'><strong>genus</strong></span> <span class='ocrx_word' id='word_1_403' title='bbox 458 3437 671 3505; x_wconf 86' lang='lat' dir='ltr'><strong>pecoris</strong></span> <span class='ocrx_word' id='word_1_404' title='bbox 699 3436 782 3490; x_wconf 87' lang='lat' dir='ltr'><strong>vel</strong></span> <span class='ocrx_word' id='word_1_405' title='bbox 811 3436 956 3492; x_wconf 82' lang='lat' dir='ltr'><strong>alitis</strong></span> <span class='ocrx_word' id='word_1_406' title='bbox 989 3437 1132 3494; x_wconf 88' lang='lat' dir='ltr'><strong>intro</strong></span> <span class='ocrx_word' id='word_1_407' title='bbox 1154 3449 1430 3510; x_wconf 90' lang='lat' dir='ltr'><strong>repertum</strong></span> <span class='ocrx_word' id='word_1_408' title='bbox 1743 3428 1948 3484; x_wconf 66' lang='lat' dir='ltr'><strong>Exulat</strong></span> <span class='ocrx_word' id='word_1_409' title='bbox 1974 3428 2058 3481; x_wconf 74' lang='lat' dir='ltr'><strong>hic</strong></span> <span class='ocrx_word' id='word_1_410' title='bbox 2091 3434 2237 3480; x_wconf 72' lang='lat' dir='ltr'><strong>tutus</strong></span> <span class='ocrx_word' id='word_1_411' title='bbox 2265 3426 2357 3497; x_wconf 79' lang='lat' dir='ltr'><strong>qui</strong></span> <span class='ocrx_word' id='word_1_412' title='bbox 2387 3434 2660 3496; x_wconf 74' lang='lat' dir='ltr'><strong>grassator</strong></span> <span class='ocrx_word' id='word_1_413' title='bbox 2685 3424 3021 3495; x_wconf 73' lang='lat' dir='ltr'><strong>populorum.</strong></span> 
     </span>
    </p>
   </div>
   <div class='ocr_carea' id='block_1_36' title="bbox 55 3516 1617 3602">
    <p class='ocr_par' dir='ltr' id='par_1_36' title="bbox 55 3524 1419 3602">
     <span class='ocr_line' id='line_1_36' title="bbox 55 3524 1419 3602; baseline 0.007 -22"><span class='ocrx_word' id='word_1_414' title='bbox 55 3524 297 3598; x_wconf 88' lang='lat' dir='ltr'><strong>Cumque</strong></span> <span class='ocrx_word' id='word_1_415' title='bbox 327 3527 463 3584; x_wconf 84' lang='lat' dir='ltr'><strong>viris</strong></span> <span class='ocrx_word' id='word_1_416' title='bbox 491 3543 693 3598; x_wconf 90' lang='lat' dir='ltr'><strong>pueros</strong></span> <span class='ocrx_word' id='word_1_417' title='bbox 723 3530 979 3586; x_wconf 86' lang='lat' dir='ltr'><strong>mulieres</strong></span> <span class='ocrx_word' id='word_1_418' title='bbox 1018 3540 1181 3602; x_wconf 90' lang='lat' dir='ltr'><strong>atque</strong></span> <span class='ocrx_word' id='word_1_419' title='bbox 1208 3533 1419 3602; x_wconf 91' lang='lat' dir='ltr'><strong>puellas</strong></span> 
     </span>
    </p>
   </div>
   <div class='ocr_carea' id='block_1_37' title="bbox 1561 3516 3123 3602">
    <p class='ocr_par' dir='ltr' id='par_1_37' title="bbox 1746 3516 3123 3589">
     <span class='ocr_line' id='line_1_37' title="bbox 1746 3516 3123 3589; baseline -0.005 -13"><span class='ocrx_word' id='word_1_420' title='bbox 1746 3520 1863 3576; x_wconf 84' lang='lat' dir='ltr'><strong>Hoc</strong></span> <span class='ocrx_word' id='word_1_421' title='bbox 1888 3520 2008 3575; x_wconf 85' lang='lat' dir='ltr'><strong>urbi</strong></span> <span class='ocrx_word' id='word_1_422' title='bbox 2047 3527 2242 3574; x_wconf 70' lang='lat' dir='ltr'><strong>nostra:</strong></span> <span class='ocrx_word' id='word_1_423' title='bbox 2277 3519 2403 3589; x_wconf 82' lang='lat' dir='ltr'><strong>fuit,</strong></span> <span class='ocrx_word' id='word_1_424' title='bbox 2433 3517 2530 3571; x_wconf 84' lang='lat' dir='ltr'><strong>hoc</strong></span> <span class='ocrx_word' id='word_1_425' title='bbox 2553 3517 2796 3587; x_wconf 84' lang='lat' dir='ltr'><strong>patribus</strong></span> <span class='ocrx_word' id='word_1_426' title='bbox 2825 3516 3123 3583; x_wconf 87' lang='lat' dir='ltr'><strong>inimicum,</strong></span> 
     </span>
    </p>
   </div>
   <div class='ocr_carea' id='block_1_38' title="bbox 54 3610 3140 3690">
    <p class='ocr_par' dir='ltr' id='par_1_38' title="bbox 54 3610 3140 3690">
     <span class='ocr_line' id='line_1_38' title="bbox 54 3610 3140 3690; baseline -0.003 -18"><span class='ocrx_word' id='word_1_427' title='bbox 54 3615 296 3686; x_wconf 88' lang='lat' dir='ltr'><strong>Pertulit,</strong></span> <span class='ocrx_word' id='word_1_428' title='bbox 323 3618 612 3688; x_wconf 86' lang='lat' dir='ltr'><strong>absorptos</strong></span> <span class='ocrx_word' id='word_1_429' title='bbox 638 3618 799 3674; x_wconf 65' lang='lat' dir='ltr'><strong>fama:</strong></span> <span class='ocrx_word' id='word_1_430' title='bbox 833 3619 1058 3690; x_wconf 82' lang='lat' dir='ltr'><strong>majoris</strong></span> <span class='ocrx_word' id='word_1_431' title='bbox 1083 3621 1138 3674; x_wconf 87' lang='lat' dir='ltr'><strong>in</strong></span> <span class='ocrx_word' id='word_1_432' title='bbox 1169 3637 1405 3678; x_wconf 76' lang='lat' dir='ltr'><strong>amnem,</strong></span> <span class='ocrx_word' id='word_1_433' title='bbox 1745 3612 1862 3666; x_wconf 83' lang='lat' dir='ltr'><strong>Hoc</strong></span> <span class='ocrx_word' id='word_1_434' title='bbox 1891 3613 2153 3682; x_wconf 82' lang='lat' dir='ltr'><strong>vetuitque</strong></span> <span class='ocrx_word' id='word_1_435' title='bbox 2173 3611 2312 3664; x_wconf 84' lang='lat' dir='ltr'><strong>viam</strong></span> <span class='ocrx_word' id='word_1_436' title='bbox 2338 3619 2447 3664; x_wconf 89' lang='lat' dir='ltr'><strong>tam</strong></span> <span class='ocrx_word' id='word_1_437' title='bbox 2472 3610 2620 3664; x_wconf 87' lang='lat' dir='ltr'><strong>nobis</strong></span> <span class='ocrx_word' id='word_1_438' title='bbox 2640 3626 2800 3682; x_wconf 89' lang='lat' dir='ltr'><strong>quam</strong></span> <span class='ocrx_word' id='word_1_439' title='bbox 2831 3610 3140 3681; x_wconf 75' lang='lat' dir='ltr'><strong>peregrinis.</strong></span> 
     </span>
    </p>
   </div>
   <div class='ocr_carea' id='block_1_39' title="bbox 52 3702 3105 3782">
    <p class='ocr_par' dir='ltr' id='par_1_39' title="bbox 52 3702 3105 3782">
     <span class='ocr_line' id='line_1_39' title="bbox 52 3702 3105 3782; baseline -0.002 -21"><span class='ocrx_word' id='word_1_440' title='bbox 52 3704 258 3764; x_wconf 83' lang='lat' dir='ltr'><strong>Interea</strong></span> <span class='ocrx_word' id='word_1_441' title='bbox 278 3707 503 3765; x_wconf 87' lang='lat' dir='ltr'><strong>Treveri</strong></span> <span class='ocrx_word' id='word_1_442' title='bbox 528 3725 784 3764; x_wconf 85' lang='lat' dir='ltr'><strong>curarum</strong></span> <span class='ocrx_word' id='word_1_443' title='bbox 811 3712 1052 3780; x_wconf 83' lang='lat' dir='ltr'><strong>pondere</strong></span> <span class='ocrx_word' id='word_1_444' title='bbox 1087 3727 1285 3782; x_wconf 67' lang='lat' dir='ltr'><strong>pressu,</strong></span> <span class='ocrx_word' id='word_1_445' title='bbox 1747 3702 1853 3758; x_wconf 87' lang='lat' dir='ltr'><strong>Hic</strong></span> <span class='ocrx_word' id='word_1_446' title='bbox 1889 3704 2039 3772; x_wconf 84' lang='lat' dir='ltr'><strong>fusus</strong></span> <span class='ocrx_word' id='word_1_447' title='bbox 2061 3704 2278 3772; x_wconf 83' lang='lat' dir='ltr'><strong>sanguis</strong></span> <span class='ocrx_word' id='word_1_448' title='bbox 2303 3712 2498 3769; x_wconf 88' lang='lat' dir='ltr'><strong>noster,</strong></span> <span class='ocrx_word' id='word_1_449' title='bbox 2533 3704 2802 3774; x_wconf 87' lang='lat' dir='ltr'><strong>nostrique</strong></span> <span class='ocrx_word' id='word_1_450' title='bbox 2824 3703 3105 3774; x_wconf 85' lang='lat' dir='ltr'><strong>propinqui</strong></span> 
     </span>
    </p>
   </div>
   <div class='ocr_carea' id='block_1_40' title="bbox 53 3791 2984 3874">
    <p class='ocr_par' dir='ltr' id='par_1_40' title="bbox 53 3791 2984 3874">
     <span class='ocr_line' id='line_1_40' title="bbox 53 3791 2984 3874; baseline -0.001 -23"><span class='ocrx_word' id='word_1_451' title='bbox 53 3798 272 3857; x_wconf 82' lang='lat' dir='ltr'><strong>Talibus</strong></span> <span class='ocrx_word' id='word_1_452' title='bbox 303 3802 506 3857; x_wconf 80' lang='lat' dir='ltr'><strong>insueti</strong></span> <span class='ocrx_word' id='word_1_453' title='bbox 535 3803 692 3858; x_wconf 83' lang='lat' dir='ltr'><strong>bellis</strong></span> <span class='ocrx_word' id='word_1_454' title='bbox 717 3803 997 3874; x_wconf 70' lang='lat' dir='ltr'><strong>inten.l_ere</strong></span> <span class='ocrx_word' id='word_1_455' title='bbox 1019 3804 1145 3872; x_wconf 62' lang='lat' dir='ltr'><strong>nisi,</strong></span> <span class='ocrx_word' id='word_1_456' title='bbox 1745 3791 1818 3846; x_wconf 86' lang='lat' dir='ltr'><strong>Et</strong></span> <span class='ocrx_word' id='word_1_457' title='bbox 1837 3795 1968 3847; x_wconf 78' lang='lat' dir='ltr'><strong>socii</strong></span> <span class='ocrx_word' id='word_1_458' title='bbox 1994 3801 2197 3862; x_wconf 75' lang='lat' dir='ltr'><strong>pariter</strong></span> <span class='ocrx_word' id='word_1_459' title='bbox 2217 3793 2302 3846; x_wconf 86' lang='lat' dir='ltr'><strong>hic</strong></span> <span class='ocrx_word' id='word_1_460' title='bbox 2333 3793 2589 3847; x_wconf 86' lang='lat' dir='ltr'><strong>mortibus</strong></span> <span class='ocrx_word' id='word_1_461' title='bbox 2611 3795 2984 3848; x_wconf 85' lang='lat' dir='ltr'><strong>occubuerunt.</strong></span> 
     </span>
    </p>
   </div>
   <div class='ocr_carea' id='block_1_41' title="bbox 51 3883 1613 3968">
    <p class='ocr_par' dir='ltr' id='par_1_41' title="bbox 51 3893 1518 3968">
     <span class='ocr_line' id='line_1_41' title="bbox 51 3893 1518 3968; baseline 0.005 -22"><span class='ocrx_word' id='word_1_462' title='bbox 51 3893 458 3965; x_wconf 79' lang='lat' dir='ltr'><strong>Aggrediuntur</strong></span> <span class='ocrx_word' id='word_1_463' title='bbox 481 3911 621 3966; x_wconf 91' lang='lat' dir='ltr'><strong>opus</strong></span> <span class='ocrx_word' id='word_1_464' title='bbox 646 3896 767 3950; x_wconf 91' lang='lat' dir='ltr'><strong>sine</strong></span> <span class='ocrx_word' id='word_1_465' title='bbox 797 3911 976 3951; x_wconf 88' lang='lat' dir='ltr'><strong>muro.</strong></span> <span class='ocrx_word' id='word_1_466' title='bbox 1019 3895 1266 3967; x_wconf 86' lang='lat' dir='ltr'><strong>Namque</strong></span> <span class='ocrx_word' id='word_1_467' title='bbox 1301 3900 1518 3968; x_wconf 88' lang='lat' dir='ltr'><strong>patebat</strong></span> 
     </span>
    </p>
   </div>
   <div class='ocr_carea' id='block_1_42' title="bbox 1491 3883 3053 3968">
    <p class='ocr_par' dir='ltr' id='par_1_42' title="bbox 1491 3883 3053 3956">
     <span class='ocr_line' id='line_1_42' title="bbox 1491 3883 3053 3956; baseline -0.001 -15"><span class='ocrx_word' id='word_1_468' title='bbox 1491 3909 1518 3954; x_wconf 14' lang='grc' dir='ltr'><strong>γι</strong></span> <span class='ocrx_word' id='word_1_469' title='bbox 1745 3883 1850 3940; x_wconf 83' lang='lat' dir='ltr'><strong>Sed</strong></span> <span class='ocrx_word' id='word_1_470' title='bbox 1878 3885 2045 3956; x_wconf 88' lang='lat' dir='ltr'><strong>magis</strong></span> <span class='ocrx_word' id='word_1_471' title='bbox 2080 3885 2152 3938; x_wconf 89' lang='lat' dir='ltr'><strong>ite</strong></span> <span class='ocrx_word' id='word_1_472' title='bbox 2175 3885 2299 3950; x_wconf 84' lang='lat' dir='ltr'><strong>uiri,</strong></span> <span class='ocrx_word' id='word_1_473' title='bbox 2319 3885 2439 3954; x_wconf 88' lang='lat' dir='ltr'><strong>jam</strong></span> <span class='ocrx_word' id='word_1_474' title='bbox 2462 3885 2648 3939; x_wconf 86' lang='lat' dir='ltr'><strong>solvite</strong></span> <span class='ocrx_word' id='word_1_475' title='bbox 2674 3885 2887 3939; x_wconf 81' lang='lat' dir='ltr'><strong>uincula</strong></span> <span class='ocrx_word' id='word_1_476' title='bbox 2907 3885 3053 3952; x_wconf 87' lang='lat' dir='ltr'><strong>colli,</strong></span> 
     </span>
    </p>
   </div>
   <div class='ocr_carea' id='block_1_43' title="bbox 1744 3975 3091 4046">
    <p class='ocr_par' dir='ltr' id='par_1_43' title="bbox 1744 3975 3091 4046">
     <span class='ocr_line' id='line_1_43' title="bbox 1744 3975 3091 4046; baseline -0.002 -16"><span class='ocrx_word' id='word_1_477' title='bbox 1744 3975 1888 4030; x_wconf 86' lang='lat' dir='ltr'><strong>Dum</strong></span> <span class='ocrx_word' id='word_1_478' title='bbox 1912 3985 2085 4041; x_wconf 81' lang='lat' dir='ltr'><strong>uacat,</strong></span> <span class='ocrx_word' id='word_1_479' title='bbox 2111 3992 2144 4030; x_wconf 88' lang='lat' dir='ltr'><strong>a</strong></span> <span class='ocrx_word' id='word_1_480' title='bbox 2172 3976 2368 4030; x_wconf 82' lang='lat' dir='ltr'><strong>cervice</strong></span> <span class='ocrx_word' id='word_1_481' title='bbox 2380 3975 2572 4046; x_wconf 87' lang='lat' dir='ltr'><strong>jugnm</strong></span> <span class='ocrx_word' id='word_1_482' title='bbox 2592 3975 2832 4046; x_wconf 85' lang='lat' dir='ltr'><strong>deponite</strong></span> <span class='ocrx_word' id='word_1_483' title='bbox 2853 3976 3046 4030; x_wconf 88' lang='lat' dir='ltr'><strong>durum</strong></span> <span class='ocrx_word' id='word_1_484' title='bbox 3071 3975 3091 4027; x_wconf 83' lang='lat'><strong>.&#39;</strong></span> 
     </span>
    </p>
   </div>
   <div class='ocr_carea' id='block_1_44' title="bbox 49 4065 1611 4150">
    <p class='ocr_par' dir='ltr' id='par_1_44' title="bbox 49 4073 1399 4150">
     <span class='ocr_line' id='line_1_44' title="bbox 49 4073 1399 4150; baseline 0.005 -21"><span class='ocrx_word' id='word_1_485' title='bbox 49 4073 195 4131; x_wconf 86' lang='lat' dir='ltr'><strong>Fecit</strong></span> <span class='ocrx_word' id='word_1_486' title='bbox 215 4077 286 4132; x_wconf 91' lang='lat' dir='ltr'><strong>ad</strong></span> <span class='ocrx_word' id='word_1_487' title='bbox 310 4079 607 4132; x_wconf 91' lang='lat' dir='ltr'><strong>australem</strong></span> <span class='ocrx_word' id='word_1_488' title='bbox 645 4079 808 4150; x_wconf 91' lang='lat' dir='ltr'><strong>longo</strong></span> <span class='ocrx_word' id='word_1_489' title='bbox 835 4079 1137 4134; x_wconf 88' lang='lat' dir='ltr'><strong>munimine</strong></span> <span class='ocrx_word' id='word_1_490' title='bbox 1165 4079 1399 4150; x_wconf 88' lang='lat' dir='ltr'><strong>plagam.</strong></span> 
     </span>
    </p>
   </div>
   <div class='ocr_carea' id='block_1_45' title="bbox 1774 4065 3336 4150">
    <p class='ocr_par' dir='ltr' id='par_1_45' title="bbox 1774 4066 3336 4138">
     <span class='ocr_line' id='line_1_45' title="bbox 1774 4066 3336 4138; baseline -0.001 -17"><span class='ocrx_word' id='word_1_491' title='bbox 1774 4066 1900 4132; x_wconf 61' lang='lat' dir='ltr'><strong>Quod</strong></span> <span class='ocrx_word' id='word_1_492' title='bbox 1935 4076 2191 4138; x_wconf 88' lang='lat' dir='ltr'><strong>quantum</strong></span> <span class='ocrx_word' id='word_1_493' title='bbox 2212 4075 2416 4136; x_wconf 87' lang='lat' dir='ltr'><strong>premat</strong></span> <span class='ocrx_word' id='word_1_494' title='bbox 2445 4068 2704 4137; x_wconf 88' lang='lat' dir='ltr'><strong>ignotum,</strong></span> <span class='ocrx_word' id='word_1_495' title='bbox 2741 4068 2866 4138; x_wconf 87' lang='lat' dir='ltr'><strong>quia</strong></span> <span class='ocrx_word' id='word_1_496' title='bbox 2895 4066 3034 4121; x_wconf 81' lang='lat' dir='ltr'><strong>venit</strong></span> <span class='ocrx_word' id='word_1_497' title='bbox 3060 4066 3116 4120; x_wconf 87' lang='lat' dir='ltr'><strong>in</strong></span> <span class='ocrx_word' id='word_1_498' title='bbox 3139 4080 3336 4132; x_wconf 80' lang='lat' dir='ltr'><strong>usum;</strong></span> 
     </span>
    </p>
   </div>
   <div class='ocr_carea' id='block_1_46' title="bbox 48 4156 3086 4239">
    <p class='ocr_par' dir='ltr' id='par_1_46' title="bbox 48 4156 3086 4239">
     <span class='ocr_line' id='line_1_46' title="bbox 48 4156 3086 4239; baseline -0.004 -16"><span class='ocrx_word' id='word_1_499' title='bbox 48 4162 200 4222; x_wconf 76' lang='lat' dir='ltr'><strong>Vallo</strong></span> <span class='ocrx_word' id='word_1_500' title='bbox 227 4169 580 4234; x_wconf 84' lang='lat' dir='ltr'><strong>circumdant</strong></span> <span class='ocrx_word' id='word_1_501' title='bbox 604 4169 686 4223; x_wconf 90' lang='lat' dir='ltr'><strong>vel</strong></span> <span class='ocrx_word' id='word_1_502' title='bbox 716 4184 877 4224; x_wconf 86' lang='lat' dir='ltr'><strong>muro</strong></span> <span class='ocrx_word' id='word_1_503' title='bbox 903 4170 1082 4225; x_wconf 81' lang='lat' dir='ltr'><strong>menia</strong></span> <span class='ocrx_word' id='word_1_504' title='bbox 1117 4169 1356 4239; x_wconf 66' lang='lat' dir='ltr'><strong>firmant,</strong></span> <span class='ocrx_word' id='word_1_505' title='bbox 1745 4156 1850 4214; x_wconf 87' lang='lat' dir='ltr'><strong>Sed</strong></span> <span class='ocrx_word' id='word_1_506' title='bbox 1873 4175 1995 4214; x_wconf 67' lang='lat' dir='ltr'><strong>mox</strong></span> <span class='ocrx_word' id='word_1_507' title='bbox 2015 4159 2310 4229; x_wconf 85' lang='lat' dir='ltr'><strong>depositum</strong></span> <span class='ocrx_word' id='word_1_508' title='bbox 2339 4158 2580 4213; x_wconf 88' lang='lat' dir='ltr'><strong>concedet</strong></span> <span class='ocrx_word' id='word_1_509' title='bbox 2609 4159 2805 4229; x_wconf 87' lang='lat' dir='ltr'><strong>grande</strong></span> <span class='ocrx_word' id='word_1_510' title='bbox 2833 4156 3086 4212; x_wconf 80' lang='lat' dir='ltr'><strong>levamen.</strong></span> 
     </span>
    </p>
   </div>
   <div class='ocr_carea' id='block_1_47' title="bbox 46 4248 3244 4332">
    <p class='ocr_par' dir='ltr' id='par_1_47' title="bbox 46 4248 3244 4332">
     <span class='ocr_line' id='line_1_47' title="bbox 46 4248 3244 4332; baseline -0.004 -19"><span class='ocrx_word' id='word_1_511' title='bbox 46 4254 318 4314; x_wconf 87' lang='lat' dir='ltr'><strong>Custodes</strong></span> <span class='ocrx_word' id='word_1_512' title='bbox 339 4260 647 4332; x_wconf 78' lang='lat' dir='ltr'><strong>vigilesque</strong></span> <span class='ocrx_word' id='word_1_513' title='bbox 665 4261 852 4316; x_wconf 80' lang='lat' dir='ltr'><strong>locant</strong></span> <span class='ocrx_word' id='word_1_514' title='bbox 865 4261 950 4316; x_wconf 87' lang='lat' dir='ltr'><strong>vel</strong></span> <span class='ocrx_word' id='word_1_515' title='bbox 972 4261 1122 4330; x_wconf 80' lang='lat' dir='ltr'><strong>lapsa</strong></span> <span class='ocrx_word' id='word_1_516' title='bbox 1145 4270 1453 4318; x_wconf 58' lang='lat' dir='ltr'><strong>remain-ani</strong></span> <span class='ocrx_word' id='word_1_517' title='bbox 1481 4281 1495 4330; x_wconf 83' lang='grc'><strong>;</strong></span> <span class='ocrx_word' id='word_1_518' title='bbox 1746 4251 1858 4306; x_wconf 89' lang='lat' dir='ltr'><strong>Nec</strong></span> <span class='ocrx_word' id='word_1_519' title='bbox 1891 4251 2017 4322; x_wconf 89' lang='lat' dir='ltr'><strong>quid</strong></span> <span class='ocrx_word' id='word_1_520' title='bbox 2039 4253 2256 4323; x_wconf 83' lang='lat' dir='ltr'><strong>quisque</strong></span> <span class='ocrx_word' id='word_1_521' title='bbox 2277 4267 2446 4305; x_wconf 86' lang='lat' dir='ltr'><strong>comes</strong></span> <span class='ocrx_word' id='word_1_522' title='bbox 2469 4251 2614 4304; x_wconf 87' lang='lat' dir='ltr'><strong>dicat</strong></span> <span class='ocrx_word' id='word_1_523' title='bbox 2636 4250 2713 4304; x_wconf 80' lang='lat' dir='ltr'><strong>vel</strong></span> <span class='ocrx_word' id='word_1_524' title='bbox 2732 4249 2858 4320; x_wconf 80' lang='lat' dir='ltr'><strong>quid</strong></span> <span class='ocrx_word' id='word_1_525' title='bbox 2881 4249 3115 4304; x_wconf 84' lang='lat' dir='ltr'><strong>velitaut</strong></span> <span class='ocrx_word' id='word_1_526' title='bbox 3134 4248 3244 4301; x_wconf 75' lang='lat' dir='ltr'><strong>dua:</strong></span> 
     </span>
    </p>
   </div>
   <div class='ocr_carea' id='block_1_48' title="bbox 42 4339 1604 4427">
    <p class='ocr_par' dir='ltr' id='par_1_48' title="bbox 42 4351 1604 4427">
     <span class='ocr_line' id='line_1_48' title="bbox 42 4351 1604 4427; baseline 0.003 -24"><span class='ocrx_word' id='word_1_527' title='bbox 42 4351 210 4406; x_wconf 84' lang='lat' dir='ltr'><strong>Arma</strong></span> <span class='ocrx_word' id='word_1_528' title='bbox 240 4361 463 4422; x_wconf 86' lang='lat' dir='ltr'><strong>parant,</strong></span> <span class='ocrx_word' id='word_1_529' title='bbox 492 4353 780 4422; x_wconf 89' lang='lat' dir='ltr'><strong>sociosque</strong></span> <span class='ocrx_word' id='word_1_530' title='bbox 803 4361 1020 4420; x_wconf 87' lang='lat' dir='ltr'><strong>vocant,</strong></span> <span class='ocrx_word' id='word_1_531' title='bbox 1051 4353 1373 4424; x_wconf 84' lang='lat' dir='ltr'><strong>hostemque</strong></span> <span class='ocrx_word' id='word_1_532' title='bbox 1393 4354 1604 4427; x_wconf 69' lang='lat' dir='ltr'><strong>fatigant</strong></span> 
     </span>
    </p>
   </div>
   <div class='ocr_carea' id='block_1_49' title="bbox 1487 4339 3049 4427">
    <p class='ocr_par' dir='ltr' id='par_1_49' title="bbox 1491 4339 3049 4427">
     <span class='ocr_line' id='line_1_49' title="bbox 1491 4339 3049 4427; baseline -0.003 -28"><span class='ocrx_word' id='word_1_533' title='bbox 1491 4365 1637 4427; x_wconf 66' lang='lat' dir='ltr'><strong>gain,</strong></span> <span class='ocrx_word' id='word_1_534' title='bbox 1747 4342 1990 4409; x_wconf 85' lang='lat' dir='ltr'><strong>Cernite;</strong></span> <span class='ocrx_word' id='word_1_535' title='bbox 2021 4343 2110 4398; x_wconf 86' lang='lat' dir='ltr'><strong>sed</strong></span> <span class='ocrx_word' id='word_1_536' title='bbox 2131 4352 2314 4398; x_wconf 66' lang='lat' dir='ltr'><strong>vestrae</strong></span> <span class='ocrx_word' id='word_1_537' title='bbox 2336 4343 2528 4413; x_wconf 81' lang='lat' dir='ltr'><strong>faciem</strong></span> <span class='ocrx_word' id='word_1_538' title='bbox 2549 4343 2842 4413; x_wconf 85' lang='lat' dir='ltr'><strong>cognoscite</strong></span> <span class='ocrx_word' id='word_1_539' title='bbox 2865 4339 3049 4395; x_wconf 63' lang='lat' dir='ltr'><strong>turbis.</strong></span> 
     </span>
    </p>
   </div>
   <div class='ocr_carea' id='block_1_50' title="bbox 45 4432 3076 4516">
    <p class='ocr_par' dir='ltr' id='par_1_50' title="bbox 45 4432 3076 4516">
     <span class='ocr_line' id='line_1_50' title="bbox 45 4432 3076 4516; baseline -0.002 -28"><span class='ocrx_word' id='word_1_540' title='bbox 45 4440 145 4507; x_wconf 79' lang='lat' dir='ltr'><strong>Qui</strong></span> <span class='ocrx_word' id='word_1_541' title='bbox 167 4444 342 4501; x_wconf 78' lang='lat' dir='ltr'><strong>nimis</strong></span> <span class='ocrx_word' id='word_1_542' title='bbox 381 4445 558 4500; x_wconf 57' lang='lat' dir='ltr'><strong>elatus</strong></span> <span class='ocrx_word' id='word_1_543' title='bbox 587 4445 776 4514; x_wconf 74' lang='lat' dir='ltr'><strong>spoliis</strong></span> <span class='ocrx_word' id='word_1_544' title='bbox 815 4446 1088 4516; x_wconf 70' lang='lat' dir='ltr'><strong>rebusque</strong></span> <span class='ocrx_word' id='word_1_545' title='bbox 1117 4447 1368 4503; x_wconf 67' lang='lat' dir='ltr'><strong>secundis</strong></span> <span class='ocrx_word' id='word_1_546' title='bbox 1535 4483 1554 4500; x_wconf 88' lang='grc'><em>,</em></span> <span class='ocrx_word' id='word_1_547' title='bbox 1747 4432 1882 4487; x_wconf 87' lang='lat' dir='ltr'><strong>Sunt</strong></span> <span class='ocrx_word' id='word_1_548' title='bbox 1908 4433 2075 4488; x_wconf 88' lang='lat' dir='ltr'><strong>multo</strong></span> <span class='ocrx_word' id='word_1_549' title='bbox 2098 4432 2276 4504; x_wconf 86' lang='lat' dir='ltr'><strong>plures</strong></span> <span class='ocrx_word' id='word_1_550' title='bbox 2298 4434 2389 4504; x_wconf 88' lang='lat' dir='ltr'><strong>qui</strong></span> <span class='ocrx_word' id='word_1_551' title='bbox 2412 4450 2504 4487; x_wconf 87' lang='lat' dir='ltr'><strong>nos</strong></span> <span class='ocrx_word' id='word_1_552' title='bbox 2525 4442 2576 4487; x_wconf 89' lang='lat' dir='ltr'><strong>et</strong></span> <span class='ocrx_word' id='word_1_553' title='bbox 2597 4442 2777 4486; x_wconf 87' lang='lat' dir='ltr'><strong>nostra</strong></span> <span class='ocrx_word' id='word_1_554' title='bbox 2799 4439 3076 4502; x_wconf 85' lang='lat' dir='ltr'><strong>sequentur</strong></span> 
     </span>
    </p>
   </div>
   <div class='ocr_carea' id='block_1_51' title="bbox 41 4517 1603 4609">
    <p class='ocr_par' dir='ltr' id='par_1_51' title="bbox 41 4531 1460 4609">
     <span class='ocr_line' id='line_1_51' title="bbox 41 4531 1460 4609; baseline 0.006 -23"><span class='ocrx_word' id='word_1_555' title='bbox 41 4531 160 4590; x_wconf 84' lang='lat' dir='ltr'><strong>Jam</strong></span> <span class='ocrx_word' id='word_1_556' title='bbox 185 4537 299 4592; x_wconf 91' lang='lat' dir='ltr'><strong>sibi</strong></span> <span class='ocrx_word' id='word_1_557' title='bbox 319 4551 599 4592; x_wconf 86' lang='lat' dir='ltr'><strong>cessuram</strong></span> <span class='ocrx_word' id='word_1_558' title='bbox 626 4546 839 4609; x_wconf 87' lang='lat' dir='ltr'><strong>gentem</strong></span> <span class='ocrx_word' id='word_1_559' title='bbox 871 4546 1185 4608; x_wconf 86' lang='lat' dir='ltr'><strong>speraverat</strong></span> <span class='ocrx_word' id='word_1_560' title='bbox 1222 4555 1460 4595; x_wconf 91' lang='lat' dir='ltr'><strong>omnem.</strong></span> 
     </span>
    </p>
   </div>
   <div class='ocr_carea' id='block_1_52' title="bbox 1521 4517 3083 4609">
    <p class='ocr_par' dir='ltr' id='par_1_52' title="bbox 1665 4517 3083 4596">
     <span class='ocr_line' id='line_1_52' title="bbox 1665 4517 3083 4596; baseline -0.005 -16"><span class='ocrx_word' id='word_1_561' title='bbox 1665 4517 1722 4580; x_wconf 85' lang='lat' dir='ltr'><strong><em>D</em></strong></span> <span class='ocrx_word' id='word_1_562' title='bbox 1748 4522 1934 4596; x_wconf 88' lang='lat' dir='ltr'><strong>Signa,</strong></span> <span class='ocrx_word' id='word_1_563' title='bbox 1959 4525 2037 4580; x_wconf 81' lang='lat' dir='ltr'><strong>vel</strong></span> <span class='ocrx_word' id='word_1_564' title='bbox 2063 4525 2307 4579; x_wconf 87' lang='lat' dir='ltr'><strong>adversos</strong></span> <span class='ocrx_word' id='word_1_565' title='bbox 2330 4525 2419 4596; x_wconf 88' lang='lat' dir='ltr'><strong>qui</strong></span> <span class='ocrx_word' id='word_1_566' title='bbox 2443 4525 2656 4594; x_wconf 79' lang='lat' dir='ltr'><strong>fortiter</strong></span> <span class='ocrx_word' id='word_1_567' title='bbox 2675 4540 2796 4577; x_wconf 87' lang='lat' dir='ltr'><strong>ense</strong></span> <span class='ocrx_word' id='word_1_568' title='bbox 2817 4521 3083 4592; x_wconf 86' lang='lat' dir='ltr'><strong>repellent.</strong></span> 
     </span>
    </p>
   </div>
   <div class='ocr_carea' id='block_1_53' title="bbox 43 4611 1605 4697">
    <p class='ocr_par' dir='ltr' id='par_1_53' title="bbox 43 4611 1357 4697">
     <span class='ocr_line' id='line_1_53' title="bbox 43 4611 1357 4697; baseline 0.003 -16"><span class='ocrx_word' id='word_1_569' title='bbox 43 4622 148 4681; x_wconf 88' lang='lat' dir='ltr'><strong>Sed</strong></span> <span class='ocrx_word' id='word_1_570' title='bbox 175 4626 355 4684; x_wconf 74' lang='lat' dir='ltr'><strong>facies</strong></span> <span class='ocrx_word' id='word_1_571' title='bbox 381 4642 566 4683; x_wconf 88' lang='lat' dir='ltr'><strong>rerum</strong></span> <span class='ocrx_word' id='word_1_572' title='bbox 589 4611 851 4683; x_wconf 81' lang='lat' dir='ltr'><strong>conversa</strong></span> <span class='ocrx_word' id='word_1_573' title='bbox 873 4629 1019 4684; x_wconf 90' lang='lat' dir='ltr'><strong>vices</strong></span> <span class='ocrx_word' id='word_1_574' title='bbox 1044 4628 1190 4684; x_wconf 89' lang='lat' dir='ltr'><strong>dedit</strong></span> <span class='ocrx_word' id='word_1_575' title='bbox 1211 4629 1318 4685; x_wconf 92' lang='lat' dir='ltr'><strong>illis</strong></span> <span class='ocrx_word' id='word_1_576' title='bbox 1343 4648 1357 4697; x_wconf 91' lang='lat'><strong>;</strong></span> 
     </span>
    </p>
   </div>
   <div class='ocr_carea' id='block_1_54' title="bbox 1509 4611 3071 4697">
    <p class='ocr_par' dir='ltr' id='par_1_54' title="bbox 1746 4611 3071 4686">
     <span class='ocr_line' id='line_1_54' title="bbox 1746 4611 3071 4686; baseline -0.004 -18"><span class='ocrx_word' id='word_1_577' title='bbox 1746 4613 1846 4668; x_wconf 86' lang='lat' dir='ltr'><strong>Est</strong></span> <span class='ocrx_word' id='word_1_578' title='bbox 1869 4632 2043 4669; x_wconf 90' lang='lat' dir='ltr'><strong>rerum</strong></span> <span class='ocrx_word' id='word_1_579' title='bbox 2065 4615 2310 4669; x_wconf 86' lang='lat' dir='ltr'><strong>dominus</strong></span> <span class='ocrx_word' id='word_1_580' title='bbox 2330 4617 2528 4685; x_wconf 89' lang='lat' dir='ltr'><strong>presul,</strong></span> <span class='ocrx_word' id='word_1_581' title='bbox 2553 4631 2642 4686; x_wconf 85' lang='lat' dir='ltr'><strong>qut</strong></span> <span class='ocrx_word' id='word_1_582' title='bbox 2666 4619 2849 4668; x_wconf 86' lang='lat' dir='ltr'><strong>nostra</strong></span> <span class='ocrx_word' id='word_1_583' title='bbox 2863 4611 3071 4682; x_wconf 87' lang='lat' dir='ltr'><strong>juvabit</strong></span> 
     </span>
    </p>
   </div>
   <div class='ocr_carea' id='block_1_55' title="bbox 51 3982 1642 4060">
    <p class='ocr_par' dir='ltr' id='par_1_55' title="bbox 51 3982 1642 4060">
     <span class='ocr_line' id='line_1_55' title="bbox 51 3982 1642 4060; baseline 0.005 -20"><span class='ocrx_word' id='word_1_584' title='bbox 51 3982 210 4054; x_wconf 81' lang='lat' dir='ltr'><strong>Urbs,</strong></span> <span class='ocrx_word' id='word_1_585' title='bbox 241 3988 353 4042; x_wconf 90' lang='lat' dir='ltr'><strong>nisi</strong></span> <span class='ocrx_word' id='word_1_586' title='bbox 379 3988 655 4057; x_wconf 86' lang='lat' dir='ltr'><strong>pontificis</strong></span> <span class='ocrx_word' id='word_1_587' title='bbox 689 4005 854 4059; x_wconf 90' lang='lat' dir='ltr'><strong>quam</strong></span> <span class='ocrx_word' id='word_1_588' title='bbox 878 3990 1174 4060; x_wconf 88' lang='lat' dir='ltr'><strong>’quondam</strong></span> <span class='ocrx_word' id='word_1_589' title='bbox 1203 4006 1334 4046; x_wconf 92' lang='lat' dir='ltr'><strong>cura</strong></span> <span class='ocrx_word' id='word_1_590' title='bbox 1367 3991 1642 4049; x_wconf 90' lang='lat' dir='ltr'><strong>Brunonis</strong></span> 
     </span>
    </p>
   </div>
   <div class='ocr_carea' id='block_1_56' title="bbox 39 4705 2861 4790">
    <p class='ocr_par' dir='ltr' id='par_1_56' title="bbox 39 4705 2861 4790">
     <span class='ocr_line' id='line_1_56' title="bbox 39 4705 2861 4790; baseline 0.003 -21"><span class='ocrx_word' id='word_1_591' title='bbox 39 4713 178 4771; x_wconf 91' lang='lat' dir='ltr'><strong>Cum</strong></span> <span class='ocrx_word' id='word_1_592' title='bbox 208 4715 439 4772; x_wconf 86' lang='lat' dir='ltr'><strong>Treveri</strong></span> <span class='ocrx_word' id='word_1_593' title='bbox 465 4717 673 4775; x_wconf 90' lang='lat' dir='ltr'><strong>crebris</strong></span> <span class='ocrx_word' id='word_1_594' title='bbox 704 4719 1026 4774; x_wconf 84' lang='lat' dir='ltr'><strong>excursibus</strong></span> <span class='ocrx_word' id='word_1_595' title='bbox 1051 4720 1155 4774; x_wconf 92' lang='lat' dir='ltr'><strong>hoc</strong></span> <span class='ocrx_word' id='word_1_596' title='bbox 1180 4729 1506 4790; x_wconf 83' lang='lat' dir='ltr'><strong>repetentes,</strong></span> <span class='ocrx_word' id='word_1_597' title='bbox 1757 4705 1891 4762; x_wconf 67' lang='grc' dir='ltr'><strong>νοῑα</strong></span> <span class='ocrx_word' id='word_1_598' title='bbox 1919 4725 2014 4762; x_wconf 74' lang='grc' dir='ltr'><strong>δυο</strong></span> <span class='ocrx_word' id='word_1_599' title='bbox 2038 4717 2190 4775; x_wconf 61' lang='lat' dir='ltr'><strong>&quot;um,</strong></span> <span class='ocrx_word' id='word_1_600' title='bbox 2215 4710 2260 4763; x_wconf 71' lang='grc' dir='ltr'><strong><em>δε</em></strong></span> <span class='ocrx_word' id='word_1_601' title='bbox 2283 4708 2464 4779; x_wconf 57' lang='lat' dir='ltr'><strong>lingua</strong></span> <span class='ocrx_word' id='word_1_602' title='bbox 2494 4708 2629 4778; x_wconf 76' lang='grc' dir='ltr'><strong>Ῑονίε</strong></span> <span class='ocrx_word' id='word_1_603' title='bbox 2651 4706 2861 4761; x_wconf 53' lang='lat' dir='ltr'><strong>tacebit-</strong></span> 
     </span>
    </p>
   </div>
   <div class='ocr_carea' id='block_1_57' title="bbox 35 4805 2913 4884">
    <p class='ocr_par' dir='ltr' id='par_1_57' title="bbox 35 4805 2913 4884">
     <span class='ocr_line' id='line_1_57' title="bbox 35 4805 2913 4884; baseline 0.001 -22"><span class='ocrx_word' id='word_1_604' title='bbox 35 4805 334 4866; x_wconf 86' lang='lat' dir='ltr'><strong>Nobilibus</strong></span> <span class='ocrx_word' id='word_1_605' title='bbox 362 4811 560 4866; x_wconf 90' lang='lat' dir='ltr'><strong>horum</strong></span> <span class='ocrx_word' id='word_1_606' title='bbox 588 4811 761 4882; x_wconf 86' lang='lat' dir='ltr'><strong>captis</strong></span> <span class='ocrx_word' id='word_1_607' title='bbox 791 4812 1076 4883; x_wconf 87' lang='lat' dir='ltr'><strong>gladioque</strong></span> <span class='ocrx_word' id='word_1_608' title='bbox 1102 4814 1416 4884; x_wconf 84' lang='lat' dir='ltr'><strong>peremptis,</strong></span> <span class='ocrx_word' id='word_1_609' title='bbox 1749 4809 1842 4867; x_wconf 91' lang='lat' dir='ltr'><strong>Sic</strong></span> <span class='ocrx_word' id='word_1_610' title='bbox 1871 4812 2144 4867; x_wconf 83' lang='lat' dir='ltr'><strong>exhortati</strong></span> <span class='ocrx_word' id='word_1_611' title='bbox 2165 4812 2434 4866; x_wconf 81' lang='lat' dir='ltr'><strong>scandunt</strong></span> <span class='ocrx_word' id='word_1_612' title='bbox 2467 4811 2682 4883; x_wconf 86' lang='lat' dir='ltr'><strong>fastigia</strong></span> <span class='ocrx_word' id='word_1_613' title='bbox 2712 4809 2913 4865; x_wconf 90' lang='lat' dir='ltr'><strong>montis</strong></span> 
     </span>
    </p>
   </div>
   <div class='ocr_carea' id='block_1_58' title="bbox 35 4900 3121 4985">
    <p class='ocr_par' dir='ltr' id='par_1_58' title="bbox 35 4900 3121 4985">
     <span class='ocr_line' id='line_1_58' title="bbox 35 4900 3121 4985; baseline 0.003 -31"><span class='ocrx_word' id='word_1_614' title='bbox 35 4900 319 4974; x_wconf 76' lang='lat' dir='ltr'><strong>Acceptas</strong></span> <span class='ocrx_word' id='word_1_615' title='bbox 350 4903 532 4960; x_wconf 90' lang='lat' dir='ltr'><strong>clades</strong></span> <span class='ocrx_word' id='word_1_616' title='bbox 569 4905 655 4960; x_wconf 86' lang='lat' dir='ltr'><strong>his</strong></span> <span class='ocrx_word' id='word_1_617' title='bbox 684 4905 930 4962; x_wconf 90' lang='lat' dir='ltr'><strong>cladibus</strong></span> <span class='ocrx_word' id='word_1_618' title='bbox 951 4905 1364 4976; x_wconf 88' lang='lat' dir='ltr'><strong>equiparabant.</strong></span> <span class='ocrx_word' id='word_1_619' title='bbox 1745 4912 1976 4985; x_wconf 82' lang='lat' dir='ltr'><strong>Agmine</strong></span> <span class='ocrx_word' id='word_1_620' title='bbox 2003 4913 2300 4980; x_wconf 89' lang='lat' dir='ltr'><strong>condenso,</strong></span> <span class='ocrx_word' id='word_1_621' title='bbox 2337 4913 2604 4984; x_wconf 86' lang='lat' dir='ltr'><strong>victisque</strong></span> <span class='ocrx_word' id='word_1_622' title='bbox 2632 4913 2775 4968; x_wconf 85' lang='lat' dir='ltr'><strong>viam</strong></span> <span class='ocrx_word' id='word_1_623' title='bbox 2803 4910 3121 4973; x_wconf 83' lang='lat' dir='ltr'><strong>tribuentes,</strong></span> 
     </span>
    </p>
   </div>
   <div class='ocr_carea' id='block_1_59' title="bbox 104 4991 1666 5082">
    <p class='ocr_par' dir='ltr' id='par_1_59' title="bbox 104 4991 1540 5068">
     <span class='ocr_line' id='line_1_59' title="bbox 104 4991 1540 5068; baseline 0.005 -21"><span class='ocrx_word' id='word_1_624' title='bbox 104 4991 241 5050; x_wconf 82' lang='lat' dir='ltr'><strong>Mox</strong></span> <span class='ocrx_word' id='word_1_625' title='bbox 270 4995 370 5051; x_wconf 87' lang='lat' dir='ltr'><strong>ubi</strong></span> <span class='ocrx_word' id='word_1_626' title='bbox 400 4996 659 5066; x_wconf 87' lang='lat' dir='ltr'><strong>temperie</strong></span> <span class='ocrx_word' id='word_1_627' title='bbox 688 4997 978 5068; x_wconf 90' lang='lat' dir='ltr'><strong>prodibant</strong></span> <span class='ocrx_word' id='word_1_628' title='bbox 1005 5013 1229 5068; x_wconf 87' lang='lat' dir='ltr'><strong>gramen</strong></span> <span class='ocrx_word' id='word_1_629' title='bbox 1256 5006 1309 5053; x_wconf 89' lang='lat' dir='ltr'><strong>et</strong></span> <span class='ocrx_word' id='word_1_630' title='bbox 1337 4998 1540 5066; x_wconf 69' lang='lat' dir='ltr'><strong>herbaz,</strong></span> 
     </span>
    </p>
   </div>
   <div class='ocr_carea' id='block_1_60' title="bbox 1627 4991 3189 5082">
    <p class='ocr_par' dir='ltr' id='par_1_60' title="bbox 1749 5014 3189 5082">
     <span class='ocr_line' id='line_1_60' title="bbox 1749 5014 3189 5082; baseline -0.002 -12"><span class='ocrx_word' id='word_1_631' title='bbox 1749 5014 2041 5071; x_wconf 90' lang='lat' dir='ltr'><strong>Portarum</strong></span> <span class='ocrx_word' id='word_1_632' title='bbox 2073 5026 2300 5074; x_wconf 88' lang='lat' dir='ltr'><strong>cunctos</strong></span> <span class='ocrx_word' id='word_1_633' title='bbox 2335 5018 2513 5074; x_wconf 89' lang='lat' dir='ltr'><strong>aditus</strong></span> <span class='ocrx_word' id='word_1_634' title='bbox 2540 5025 2595 5072; x_wconf 88' lang='lat' dir='ltr'><strong>et</strong></span> <span class='ocrx_word' id='word_1_635' title='bbox 2623 5031 2810 5071; x_wconf 88' lang='lat' dir='ltr'><strong>muros</strong></span> <span class='ocrx_word' id='word_1_636' title='bbox 2837 5025 3189 5082; x_wconf 78' lang='lat' dir='ltr'><strong>occupavere.</strong></span> 
     </span>
    </p>
   </div>
   <div class='ocr_carea' id='block_1_61' title="bbox 34 5081 3090 5191">
    <p class='ocr_par' dir='ltr' id='par_1_61' title="bbox 34 5081 3090 5191">
     <span class='ocr_line' id='line_1_61' title="bbox 34 5081 3090 5191; baseline -0.006 -5"><span class='ocrx_word' id='word_1_637' title='bbox 34 5081 262 5191; x_wconf 47' lang='lat' dir='ltr'><strong>nam&quot;</strong></span> <span class='ocrx_word' id='word_1_638' title='bbox 289 5102 519 5191; x_wconf 48' lang='lat' dir='ltr'><strong>cffaso</strong></span> <span class='ocrx_word' id='word_1_639' title='bbox 539 5088 688 5159; x_wconf 63' lang='lat' dir='ltr'><strong>quod</strong></span> <span class='ocrx_word' id='word_1_640' title='bbox 715 5089 770 5145; x_wconf 67' lang='lat' dir='ltr'><strong>in</strong></span> <span class='ocrx_word' id='word_1_641' title='bbox 794 5089 1042 5147; x_wconf 63' lang='grc' dir='ltr'><strong>θθθιθδίίδ</strong></span> <span class='ocrx_word' id='word_1_642' title='bbox 1079 5087 1182 5146; x_wconf 54' lang='lat' dir='ltr'><strong>fuit</strong></span> <span class='ocrx_word' id='word_1_643' title='bbox 1205 5101 1341 5145; x_wconf 65' lang='lat' dir='ltr'><strong>auro</strong></span> <span class='ocrx_word' id='word_1_644' title='bbox 1746 5114 1859 5173; x_wconf 86' lang='lat' dir='ltr'><strong>Nec</strong></span> <span class='ocrx_word' id='word_1_645' title='bbox 1895 5134 2068 5186; x_wconf 88' lang='lat' dir='ltr'><strong>mora,</strong></span> <span class='ocrx_word' id='word_1_646' title='bbox 2101 5119 2347 5191; x_wconf 85' lang='lat' dir='ltr'><strong>subjecto</strong></span> <span class='ocrx_word' id='word_1_647' title='bbox 2373 5121 2512 5177; x_wconf 92' lang='lat' dir='ltr'><strong>clam</strong></span> <span class='ocrx_word' id='word_1_648' title='bbox 2539 5119 2650 5176; x_wconf 89' lang='lat' dir='ltr'><strong>lato</strong></span> <span class='ocrx_word' id='word_1_649' title='bbox 2677 5116 2926 5174; x_wconf 88' lang='lat' dir='ltr'><strong>menibus</strong></span> <span class='ocrx_word' id='word_1_650' title='bbox 2949 5114 3090 5184; x_wconf 90' lang='lat' dir='ltr'><strong>igne,</strong></span> 
     </span>
    </p>
   </div>
   <div class='ocr_carea' id='block_1_62' title="bbox 46 5175 1608 5266">
    <p class='ocr_par' dir='ltr' id='par_1_62' title="bbox 46 5175 434 5237">
     <span class='ocr_line' id='line_1_62' title="bbox 46 5175 434 5237; baseline 0.008 -5"><span class='ocrx_word' id='word_1_651' title='bbox 46 5217 48 5220; x_wconf 53' lang='grc' dir='ltr'>μ</span> <span class='ocrx_word' id='word_1_652' title='bbox 104 5175 278 5237; x_wconf 79' lang='lat' dir='ltr'><strong>Vers.</strong></span> <span class='ocrx_word' id='word_1_653' title='bbox 307 5179 434 5236; x_wconf 72' lang='lat'><strong>251.</strong></span> 
     </span>
    </p>
   </div>
   <div class='ocr_carea' id='block_1_63' title="bbox 559 5175 2121 5266">
    <p class='ocr_par' dir='ltr' id='par_1_63' title="bbox 1817 5175 2121 5266">
     <span class='ocr_line' id='line_1_63' title="bbox 1817 5175 2121 5266; baseline 0.016 -4"><span class='ocrx_word' id='word_1_654' title='bbox 1817 5206 1973 5265; x_wconf 76' lang='lat' dir='ltr'><strong>Vers.</strong></span> <span class='ocrx_word' id='word_1_655' title='bbox 1996 5175 2121 5266; x_wconf 71' lang='lat'><strong>362.</strong></span> 
     </span>
    </p>
   </div>
   <div class='ocr_carea' id='block_1_64' title="bbox 1347 5333 2032 5399">
    <p class='ocr_par' dir='ltr' id='par_1_64' title="bbox 1347 5333 2032 5399">
     <span class='ocr_line' id='line_1_64' title="bbox 1347 5333 2032 5399; baseline 0.012 -9"><span class='ocrx_word' id='word_1_656' title='bbox 1347 5333 1584 5393; x_wconf 66' lang='lat' dir='ltr'><strong>VARIE</strong></span> <span class='ocrx_word' id='word_1_657' title='bbox 1622 5334 2032 5399; x_wconf 44' lang='lat' dir='ltr'><strong>LECTIONES.‘</strong></span> 
     </span>
    </p>
   </div>
   <div class='ocr_carea' id='block_1_65' title="bbox 108 5424 1593 5504">
    <p class='ocr_par' dir='ltr' id='par_1_65' title="bbox 108 5424 1593 5504">
     <span class='ocr_line' id='line_1_65' title="bbox 108 5424 1593 5504; baseline 0.005 -25"><span class='ocrx_word' id='word_1_658' title='bbox 108 5424 212 5461; x_wconf 67' lang='grc'>⁸⁸⁸⁷</span> <span class='ocrx_word' id='word_1_659' title='bbox 252 5427 342 5482; x_wconf 85' lang='lat' dir='ltr'><strong>ita</strong></span> <span class='ocrx_word' id='word_1_660' title='bbox 373 5427 568 5495; x_wconf 68' lang='lat' dir='ltr'><strong>codex;</strong></span> <span class='ocrx_word' id='word_1_661' title='bbox 591 5427 817 5500; x_wconf 78' lang='lat' dir='ltr'><strong>fortasse</strong></span> <span class='ocrx_word' id='word_1_662' title='bbox 845 5427 1158 5488; x_wconf 80' lang='lat' dir='ltr'><strong>Rutolicum</strong></span> <span class='ocrx_word' id='word_1_663' title='bbox 1194 5429 1468 5504; x_wconf 83' lang='lat' dir='ltr'><strong>legendum</strong></span> <span class='ocrx_word' id='word_1_664' title='bbox 1493 5439 1593 5487; x_wconf 86' lang='lat' dir='ltr'><strong>est.</strong></span> 
     </span>
    </p>
   </div>
   <div class='ocr_carea' id='block_1_66' title="bbox 1573 5541 1805 5604">
    <p class='ocr_par' dir='ltr' id='par_1_66' title="bbox 1573 5541 1805 5604">
     <span class='ocr_line' id='line_1_66' title="bbox 1573 5541 1805 5604; baseline 0.022 -5"><span class='ocrx_word' id='word_1_665' title='bbox 1573 5541 1805 5604; x_wconf 68' lang='lat' dir='ltr'><strong>NOTE.</strong></span> 
     </span>
    </p>
   </div>
   <div class='ocr_carea' id='block_1_67' title="bbox 140 5631 2335 5699">
    <p class='ocr_par' dir='ltr' id='par_1_67' title="bbox 140 5631 2335 5699">
     <span class='ocr_line' id='line_1_67' title="bbox 140 5631 2335 5699; baseline 0.003 -10"><span class='ocrx_word' id='word_1_666' title='bbox 140 5631 284 5699; x_wconf 73' lang='grc'><strong>654)</strong></span> <span class='ocrx_word' id='word_1_667' title='bbox 327 5632 430 5688; x_wconf 85' lang='lat' dir='ltr'><strong>An.</strong></span> <span class='ocrx_word' id='word_1_668' title='bbox 475 5633 631 5688; x_wconf 76' lang='grc'><strong>1142.</strong></span> <span class='ocrx_word' id='word_1_669' title='bbox 1745 5639 1839 5696; x_wconf 88' lang='lat' dir='ltr'><strong>ille</strong></span> <span class='ocrx_word' id='word_1_670' title='bbox 1863 5641 2102 5699; x_wconf 84' lang='lat' dir='ltr'><strong>breviter</strong></span> <span class='ocrx_word' id='word_1_671' title='bbox 2124 5649 2335 5698; x_wconf 88' lang='lat' dir='ltr'><strong>narrat.</strong></span> 
     </span>
    </p>
   </div>
   <div class='ocr_carea' id='block_1_68' title="bbox 133 5702 2586 5789">
    <p class='ocr_par' dir='ltr' id='par_1_68' title="bbox 133 5702 2586 5789">
     <span class='ocr_line' id='line_1_68' title="bbox 133 5702 2586 5789; baseline 0.005 -32"><span class='ocrx_word' id='word_1_672' title='bbox 323 5702 468 5789; x_wconf 59' lang='lat' dir='ltr'><strong>idem</strong></span> <span class='ocrx_word' id='word_1_673' title='bbox 519 5719 645 5760; x_wconf 89' lang='lat' dir='ltr'><strong>csse</strong></span> <span class='ocrx_word' id='word_1_674' title='bbox 698 5704 858 5789; x_wconf 68' lang='lat' dir='ltr'><strong>debet</strong></span> <span class='ocrx_word' id='word_1_675' title='bbox 880 5707 1048 5789; x_wconf 48' lang='lat' dir='ltr'><strong>“quod</strong></span> <span class='ocrx_word' id='word_1_676' title='bbox 1101 5707 1243 5789; x_wconf 89' lang='lat' dir='ltr'><strong>apud</strong></span> <span class='ocrx_word' id='word_1_677' title='bbox 1281 5707 1639 5789; x_wconf 61' lang='lat' dir='ltr'><strong>Paldericum</strong></span> <span class='ocrx_word' id='word_1_678' title='bbox 1817 5712 1968 5789; x_wconf 70' lang='lat'><strong>(656)</strong></span> <span class='ocrx_word' id='word_1_679' title='bbox 2009 5713 2448 5789; x_wconf 62' lang='lat' dir='ltr'><strong>_\_l._Baldericum</strong></span> <span class='ocrx_word' id='word_1_680' title='bbox 2477 5714 2514 5771; x_wconf 93' lang='lat' dir='ltr'><strong>l.</strong></span> <span class='ocrx_word' id='word_1_681' title='bbox 2547 5713 2586 5770; x_wconf 89' lang='lat' dir='ltr'><strong>l.</strong></span> 
     </span>
    </p>
   </div>
   <div class='ocr_carea' id='block_1_69' title="bbox 31 5773 2146 5856">
    <p class='ocr_par' dir='ltr' id='par_1_69' title="bbox 31 5773 2146 5856">
     <span class='ocr_line' id='line_1_69' title="bbox 31 5773 2146 5856; baseline 0.004 -27"><span class='ocrx_word' id='word_1_682' title='bbox 31 5787 84 5829; x_wconf 92' lang='lat' dir='ltr'><strong>c.</strong></span> <span class='ocrx_word' id='word_1_683' title='bbox 105 5774 192 5856; x_wconf 58' lang='grc' dir='ltr'><strong>βο</strong></span> <span class='ocrx_word' id='word_1_684' title='bbox 251 5773 470 5856; x_wconf 67' lang='lat' dir='ltr'><strong>Rodolfi</strong></span> <span class='ocrx_word' id='word_1_685' title='bbox 509 5790 690 5856; x_wconf 76' lang='lat' dir='ltr'><strong>mons,</strong></span> <span class='ocrx_word' id='word_1_686' title='bbox 716 5777 844 5832; x_wconf 90' lang='lat' dir='ltr'><strong>alibi</strong></span> <span class='ocrx_word' id='word_1_687' title='bbox 877 5773 1362 5856; x_wconf 75' lang='lat' dir='ltr'><strong>Rbulmorit_audit,</strong></span> <span class='ocrx_word' id='word_1_688' title='bbox 1395 5783 1540 5852; x_wconf 91' lang='lat' dir='ltr'><strong>quod</strong></span> <span class='ocrx_word' id='word_1_689' title='bbox 1572 5783 1641 5838; x_wconf 89' lang='lat' dir='ltr'><strong>ab</strong></span> <span class='ocrx_word' id='word_1_690' title='bbox 1819 5773 1967 5856; x_wconf 69' lang='lat'><strong>(657)</strong></span> <span class='ocrx_word' id='word_1_691' title='bbox 2009 5784 2146 5856; x_wconf 67' lang='lat' dir='ltr'><strong>liyll.</strong></span> 
     </span>
    </p>
   </div>
   <div class='ocr_carea' id='block_1_70' title="bbox 29 5845 2468 5925">
    <p class='ocr_par' dir='ltr' id='par_1_70' title="bbox 29 5845 2468 5925">
     <span class='ocr_line' id='line_1_70' title="bbox 29 5845 2468 5925; baseline 0.006 -25"><span class='ocrx_word' id='word_1_692' title='bbox 29 5845 320 5917; x_wconf 82' lang='lat' dir='ltr'><strong>episcopo</strong></span> <span class='ocrx_word' id='word_1_693' title='bbox 339 5845 426 5902; x_wconf 88' lang='lat' dir='ltr'><strong>bis</strong></span> <span class='ocrx_word' id='word_1_694' title='bbox 447 5860 573 5908; x_wconf 81' lang='lat' dir='ltr'><strong>esse</strong></span> <span class='ocrx_word' id='word_1_695' title='bbox 599 5847 882 5905; x_wconf 80' lang='lat' dir='ltr'><strong>obsessum</strong></span> <span class='ocrx_word' id='word_1_696' title='bbox 909 5856 964 5902; x_wconf 87' lang='lat' dir='ltr'><strong>et</strong></span> <span class='ocrx_word' id='word_1_697' title='bbox 982 5856 1115 5904; x_wconf 91' lang='lat' dir='ltr'><strong>tunc</strong></span> <span class='ocrx_word' id='word_1_698' title='bbox 1153 5845 1370 5906; x_wconf 77' lang='lat' dir='ltr'><strong>domum</strong></span> <span class='ocrx_word' id='word_1_699' title='bbox 1396 5845 1637 5925; x_wconf 40' lang='lat' dir='ltr'><strong>:captum</strong></span> <span class='ocrx_word' id='word_1_700' title='bbox 1818 5845 1966 5910; x_wconf 67' lang='lat' dir='ltr'><strong>’658i</strong></span> <span class='ocrx_word' id='word_1_701' title='bbox 2009 5845 2074 5910; x_wconf 47' lang='lat' dir='ltr'><strong>Vi</strong></span> <span class='ocrx_word' id='word_1_702' title='bbox 2097 5855 2260 5919; x_wconf 65' lang='lat' dir='ltr'><strong>Gesta</strong></span> <span class='ocrx_word' id='word_1_703' title='bbox 2313 5871 2362 5910; x_wconf 71' lang='grc' dir='ltr'><strong>ρ.</strong></span> <span class='ocrx_word' id='word_1_704' title='bbox 2395 5857 2468 5916; x_wconf 71' lang='grc'><strong>29</strong></span> 
     </span>
    </p>
   </div>
  </div>
