3902 6286
572 194 717 260 1319

1240 186 1471 250 casm
1501 186 1805 246 TREVER.
1829 168 1900 227 -'-'-
1923 178 2216 240 APPEND.
2256 178 2485 240 casm
2520 175 2912 238 ALBERONIS
2946 176 3155 243 anan.

3678 188 3783 246 ηερ

477 356 492 401 ί
572 313 722 367 nobis
751 308 963 379 reddas,
986 300 1259 377 uel,'saloa
1280 313 1386 360 tua:
1404 300 1745 375 paternitatis
1766 298 1962 371 gratia,
1985 295 2149 350 aliam
2180 297 2228 356 Α
2258 293 2498 366 0ctob.);
2544 295 2613 351 ad
2643 294 2792 367 quod
2820 295 3115 401 concilium
3143 294 3431 368 predictus
3461 294 3698 359 dominas
3714 308 3783 362 Αι.

576 405 725 461 nobis
751 402 1044 460 necessario
1072 397 1332 454 incumbit
1352 395 1544 468 eligere
1566 408 1867 466 personam,
1898 392 1953 444 in
1981 406 2085 460 qua
2101 399 2152 443 et
2250 387 2383 442 hero
2415 395 2580 457 atque
2607 386 2791 443 clerici
2821 385 3185 443 Treverenses
3215 387 3459 445 diversis
3495 392 3787 450 studiiscoa.
3870 402 3871 405 ‘

576 497 707 552 cleri
730 504 780 551 et
797 492 978 567 populi
1006 498 1127 546 vota
1150 488 1487 544 concordent.
1522 485 1647 541 Non
1670 483 1905 556 equidem
1928 491 2039 535 tam
2061 497 2153 535 nos
2252 487 2549 535 venerunt:
2576 479 2668 535 isti
2687 480 2837 535 enim
2858 487 2923 535 ut
2947 479 3180 536 electum
3201 495 3371 536 suum
3393 481 3787 544 eisreluctamm

577 595 781 643 movent
808 583 954 638 mala
978 597 1097 654 qua:
1114 581 1220 652 ipsi
1241 581 1562 635 sustinemus
1596 577 1678 633 uel
1708 573 2019 631 sustinenda
2059 590 2154 628 ea:-

577 690 891 753 spectamus,
912 692 1074 747 quam
1113 675 1354 747 frequens
1378 673 1608 750 fratrum
1638 678 1958 735 nostrorum,
2001 666 2157 721 cleri-

579 787 778 836 corum,
823 767 1222 834 monachorum,
1261 763 1770 829 sanctimonialium,
1801 760 2157 831 orphanorum

576 872 626 919 et
643 862 926 917 viduarum
949 858 1176 930 ejulatio
1202 865 1254 913 et
1294 856 1645 929 querimonia,
1682 870 1787 926 qua
1820 869 1874 907 se
1915 850 2156 906 omnibus

577 950 829 1023 periculis
871 950 1031 1021 culpa
1072 957 1255 1003 nostra
1290 946 1559 1018 Expositos
1597 945 1785 999 misere
1825 957 2156 1014 conqueran-

584 1050 690 1099 tur.

652 1135 738 1190 11.
778 1132 851 1190 Ut
889 1142 1073 1191 autem
1108 1147 1175 1187 ex
1211 1139 1401 1187 tenore
1444 1128 1609 1200 hujus
1642 1126 1886 1198 epistolae
1921 1138 2157 1195 perpen-

580 1225 709 1283 dere
736 1235 911 1296 potes,
937 1225 1086 1292 laici,
1118 1232 1232 1280 tam
1258 1221 1418 1278 liberi
1438 1235 1603 1292 quam
1629 1216 2014 1274 ministeriales
2038 1215 2156 1282 ⁸⁸⁵⁷⁸,

581 1318 832 1373 clectioni
867 1317 1034 1389 hujus
1064 1331 1314 1388 personte
1338 1330 1397 1371 se
1425 1317 1825 1383 opposuerunt;
1850 1309 1991 1364 inter
2019 1319 2160 1377 quos

582 1408 866 1481 Lodoycus
888 1408 1113 1478 quidam
1136 1404 1480 1478 hurgravius,
1504 1403 1559 1457 id
1579 1408 1664 1457 est
1684 1398 1956 1471 prefectus
1983 1395 2156 1462 urbis,

584 1500 749 1556 homo
777 1500 845 1555 de
869 1498 1077 1554 familia
1102 1497 1381 1563 aecclesiae,
1416 1494 1663 1550 omnium
1698 1490 2045 1555 clericorum,
2064 1487 2162 1559 qui

582 1590 713 1647 huic
736 1590 991 1646 electioni
1011 1588 1386 1644 contradicere
1410 1584 1687 1651 nolebant,
1724 1582 1917 1638 domos
1940 1580 2156 1650 irrupit,

582 1691 639 1737 et
681 1682 868 1736 omnia
909 1681 1055 1736 bona
1098 1695 1289 1735 eorum
1329 1678 1540 1748 rapuit;
1572 1676 1763 1743 immo,
1795 1673 1942 1744 quod
1967 1672 2162 1728 crude-

581 1772 689 1829 lius
717 1780 820 1839 est,
866 1771 1277 1828 excellentiores
1321 1769 1498 1826 tocius
1541 1766 1802 1823 aecclesite
1847 1764 2078 1820 clericos
2106 1771 2164 1819 et

582 1862 873 1918 altioribus
898 1862 1250 1933 dignitatibus
1270 1861 1556 1917 decoratos
1584 1857 1767 1914 Metim
1790 1857 1860 1913 ad
1880 1856 2164 1927 requiren-

582 1952 714 2008 dum
734 1954 965 2009 electum
991 1960 1346 2023 properantes
1357 1951 1501 2023 apud
1521 1958 1745 2021 pontem
1756 1949 1995 2004 Conchls
2012 1945 2162 2019 (682)

581 2059 681 2115 per
713 2045 943 2101 insidias
980 2051 1261 2115 ceperunt,
1291 2052 1346 2099 et
1383 2042 1540 2114 equis
1568 2051 1623 2097 et
1653 2041 1897 2096 vestibus
1943 2038 2161 2106 ablatis,

581 2139 919 2194 horrendum
940 2137 1118 2193 dictu!
1151 2134 1366 2191 nobiles
1394 2147 1657 2204 personas
1680 2132 1847 2187 etiam
1880 2128 2018 2184 diris
2043 2127 2167 2182 icti-

580 2231 685 2287 bus
702 2239 865 2306 atque
890 2227 1339 2301 percussionibus
1361 2226 1833 2297 perturbaverunt.
1861 2222 1967 2279 Sed
1986 2236 2166 2292 neque

580 2320 798 2392 pigrum
825 2328 910 2376 est
952 2319 1176 2374 nomina
1203 2333 1397 2374 eorum
1434 2317 1715 2373 memoriae
1754 2316 2161 2382 commendem,

580 2413 679 2483 qui
704 2428 805 2484 pro
827 2413 1079 2468 libertate
1104 2410 1366 2467 acelesiae
1391 2408 1683 2466 defendere
1701 2408 2029 2465 conantibus
2046 2407 2163 2461 ⁸⁸⁸⁸.

581 2499 670 2557 Hii
695 2511 881 2558 autem
905 2501 1129 2559 fuerunt
1152 2502 1255 2557 viri
1279 2503 1487 2558 strenui
1508 2509 1563 2557 et
1589 2502 1646 2557 in
1674 2500 2021 2556 tribulatione
2037 2513 2169 2570 prc-

581 2597 696 2654 bati
728 2606 785 2653 et
817 2598 875 2652 in
904 2595 1010 2653 ﬁde
1038 2604 1352 2653 constantes
1378 2613 1393 2651 :
1425 2593 1753 2652 Godet‘ridus
1794 2593 2021 2665 majoris
2054 2592 2166 2648 cdo-

583 2709 710 2750 mus
736 2692 1068 2765 prepositus,
1104 2693 1392 2748 Folmarus
1426 2692 1668 2747 decanos
1702 2689 1873 2763 (685),
1900 2686 2167 2743 Arnulfus

581 2786 1028 2854 archidiaconus,
1052 2784 1201 2857 (684)
1223 2783 1618 2855 (Theodericus
1635 2781 1867 2853 etholso
1890 2778 2166 2835 archidia-

583 2876 710 2932 coni
746 2876 863 2943 ⁸⁸⁸⁸,
894 2876 1156 2932 dominus
1182 2889 1403 2945 quoque
1434 2871 1690 2940 Hillinus,
1719 2871 1899 2927 adhuc
1929 2885 1996 2925 eo
2028 2878 2168 2925 tem-

2255 570 2540 625 coactione
2577 568 2789 625 domini
2833 585 2990 641 papae
3017 570 3331 626 obtinerent
3361 570 3685 639 nitebantur;
3724 577 3789 631 ile

2255 674 2385 716 vero
2406 659 2616 716 absolvi
2646 661 2717 716 ab
2738 661 2846 717 hoc
2866 677 3033 718 onere
3070 670 3126 717 et
3151 661 3458 734 dignitates
3487 672 3640 734 atque
3659 667 3788 723 ends

2258 753 2477 809 siastica
2497 753 2781 822 beneﬁcia,
2812 770 2938 825 qua:
2963 762 3185 826 propter
3213 754 3645 810 inobedientiam
3675 773 3788 813 sm

2257 846 2537 912 amiserat,
2563 860 2888 915 recuperare
2908 845 3209 902 laborabat.
3238 845 3543 902 Predictus
3567 847 3694 903 enim
3719 850 3792 906 tio-

2257 936 2443 991 minus
2467 935 2821 991 Innocentius
2843 935 2940 968 ⁸⁸⁸⁸
2965 952 3125 1008 papa,
3166 952 3296 993 cum
3336 944 3475 1007 post
3513 937 3625 1007 ejus
3658 940 3794 1009 sepia

2259 1026 2509 1082 iteratam
2526 1028 2835 1098 jussionem
2858 1028 2963 1084 hoc
2989 1044 3131 1084 onus
3155 1029 3495 1095 declinaret,
3514 1043 3631 1084 cum
3647 1031 3705 1085 ab
3718 1048 3795 1088 ea.

2259 1118 2317 1173 ni
2345 1118 2521 1175 oﬂicio
2543 1129 2598 1175 et
2618 1120 2884 1176 beneficio
2908 1121 3288 1177 ecclesiastico
3320 1122 3626 1191 suspendit.
3654 1122 3702 1177 In
3721 1124 3796 1180 hoc

2260 1214 2445 1284 itaque
2479 1212 2715 1268 concilio
2756 1212 3014 1269 dominus
3054 1228 3195 1283 papa
3234 1213 3370 1283 rapi
3409 1211 3678 1268 sublimem
3702 1229 3796 1269 eam

2260 1303 2522 1376 precepit,
2553 1314 2718 1374 atque
2759 1302 2980 1373 pluviali
3017 1304 3274 1359 indutum
3308 1305 3465 1359 inter
3496 1305 3798 1374 ambiguum-

2260 1411 2362 1466 pos
2393 1395 2671 1463 collocari,
2716 1394 3035 1465 ducensque
3085 1393 3395 1461 Viennam,
3450 1402 3506 1449 et
3547 1395 3697 1450 adhuc
3729 1410 3798 1466 pm

2262 1491 2606 1547 absolutione
2634 1490 2998 1546 laborantem'
3025 1490 3083 1545 in
3129 1491 3617 1561 archiepiscopum
3655 1506 3797 1546 conse-

2264 1584 2457 1640 cravit.
2480 1581 2657 1653 Hujus
2676 1582 2758 1638 rei
2791 1581 2939 1637 fama
2957 1598 3084 1638 cum
3105 1583 3173 1638 ad
3200 1582 3493 1638 Treveros
3514 1582 3796 1653 pervenisset,

2264 1674 2551 1747 Lodoycus
2570 1675 2849 1746 predictus
2876 1674 3205 1747 burgravius
3232 1673 3372 1745 conj
3382 1676 3673 1731 urationem
3688 1674 3794 1733 ierit.

2264 1767 2432 1838 quod,
2464 1768 2513 1823 si
2540 1781 2803 1837 umquam
2829 1766 3084 1822 dominus
3112 1766 3324 1822 Albero
3356 1766 3632 1822 civitatem
3660 1764 3797 1820 τητὶ-

2264 1874 2455 1914 rorum
2489 1858 2740 1925 intraret,
2774 1859 2938 1914 morti
2974 1873 3100 1914 eum
3147 1859 3481 1926 traderent;
3511 1870 3562 1915 et
3599 1875 3691 1929 ipa
3724 1858 3800 1913 LO-

2266 1951 2470 2022 doycus
2496 1950 2812 2022 juramento
2853 1950 2948 2005 tali
2994 1950 3223 2019 addidit,
3276 1951 3444 2021 quod
3492 1952 3599 2022 ipse
3636 1952 3797 2006 laturis

2265 2055 2412 2102 esset
2452 2046 2664 2116 primus
2691 2046 2788 2117 qui
2840 2047 2897 2101 in
2943 2047 3097 2102 illum
3140 2048 3419 2103 irrueret.
3472 2046 3631 2103 Caesa
3664 2056 3797 2102 auten

2265 2148 2487 2209 prOpter
2534 2154 2701 2209 quam
2729 2138 3004 2209 predictus
3032 2138 3340 2211 Lodoycus
3366 2139 3433 2194 in
3458 2148 3652 2195 tantum
3674 2154 3798 2208 seop-

2267 2229 2503 2299 ponebat
2530 2228 2752 2284 domino
2780 2230 3062 2297 Alberoni,
3085 2230 3193 2286 hoc
3218 2240 3358 2285 erat
3385 2248 3401 2284 :
3448 2232 3701 2286 dominum
3722 2230 3795 2284 Go-

2268 2317 2538 2374 defridum
2561 2318 2659 2350 ⁸⁰⁸⁸
2681 2319 3151 2389 archiepiscopum
3177 2320 3307 2376 suis
3334 2321 3555 2376 artibus
3576 2321 3627 2374 in
3647 2328 3796 2374 tanta

2268 2404 2374 2462 sibi
2395 2407 2862 2479 subegerat,un
2884 2408 3098 2464 dicebat
3124 2425 3186 2464 se
3204 2409 3267 2463 in
3293 2411 3572 2466 beneﬁcio
3584 2420 3800 2479 tenerem-

2268 2499 2461 2556 Iatium
2485 2509 2649 2571 atque
2685 2517 2879 2558 omnes
2908 2502 3115 2558 reditus
3140 2503 3508 2575 episcopales
3537 2505 3587 2558 in
3613 2503 3717 2558 illud
3733 2504 3799 2555 de-

2269 2591 2547 2661 ferendos,
2591 2601 2646 2648 et
2672 2593 2820 2664 quod
2862 2594 2979 2664 ipse
3012 2607 3241 2664 pascere
3285 2595 3524 2652 deberet
3560 2596 3798 2668 epistulium

2270 2676 2397 2742 eum
2426 2687 2544 2742 suis
2588 2686 2905 2756 capellanis,
2952 2695 3009 2742 et
3038 2693 3220 2741 cetera
3251 2689 3458 2744 omnia
3502 2688 3570 2744 ad
3594 2688 3801 2758 operosa-

2270 2786 2389 2833 tum
2426 2778 2755 2849 pertinentia
2790 2778 2859 2833 de
2899 2793 3002 2834 suo
3029 2792 3154 2834 esse
3188 2778 3523 2847 beneﬁcio;
3557 2779 3621 2835 ad
3649 2778 3800 2848 miseo-

2268 2887 2400 2942 pum
2430 2879 2613 2926 autem
2638 2869 2853 2926 dicebat
2877 2871 3150 2941 pertinere
3177 2871 3401 2928 missas
3421 2880 3483 2928 et
3506 2872 3800 2927 ordinatius

584 2983 718 3039 pore
744 2968 1117 3025 subdiaconus
1157 2967 1277 3035 ω’,
1326 2967 1422 3038 qui
1469 2965 1721 3038 proximo
1761 2964 1885 3019 loco
1920 2961 2166 3033 predicto
2194 3004 2242 3067 ϐ
2271 2963 2597 3020 clericorum
2621 2972 2677 3019 et
2696 2964 3142 3020 consecrationes
3161 2964 3548 3021 ecclesiarum
3569 2963 3801 3019 celem;

588 3059 815 3115 domino
861 3060 1120 3117 Alberoni
1153 3060 1211 3114 in
1240 3058 1424 3115 sedem
1474 3054 1995 3127 archiepiscopalem
2037 3068 2167 3109 suc-

587 3151 773 3220 cessit,
797 3160 854 3207 et
873 3152 1132 3208 dominus
1157 3150 1362 3218 Bruno,
1390 3158 1521 3206 tunc
1543 3147 1957 3205 Conﬂuentinus
1976 3161 2173 3217 prepo-

590 3241 752 3308 situs,
784 3250 974 3313 postea
1024 3256 1153 3297 vero
1190 3240 1538 3303 Coloniensis
1565 3237 2030 3308 archiepiscopus,
2058 3234 2173 3291 fra-

588 3340 672 3386 ter
694 3333 910 3388 comitis
934 3331 1111 3386 Adolti
1139 3332 1206 3386 de
1234 3330 1438 3398 Monte,
1462 3347 1627 3402 quem
1656 3330 1775 3401 ejus
1803 3328 2171 3384 tribulationis

589 3431 835 3492 tempore
869 3421 1255 3489 Treverenses,
1306 3430 1595 3491 antequam
1630 3421 1911 3477 dominum
1940 3419 2172 3475 Albero-

589 3528 717 3569 nem
741 3512 1207 3578 denominassent,
1239 3512 1295 3566 in
1316 3512 1786 3582 archiepiscopum
1816 3527 2008 3568 omnes
2028 3528 2171 3568 una-

591 3605 813 3660 nimiter
832 3606 1125 3676 elegerant.
1156 3602 1262 3658 Sed
1293 3603 1412 3673 ipse
1448 3604 1620 3660 multo
1661 3604 1847 3660 labore
1874 3620 1904 3660 a
1946 3604 2172 3661 domino

590 3694 911 3751 Innocentio
938 3710 1078 3766 papa
1105 3694 1507 3751 absolutionem
1537 3695 1867 3766 impetravit,
1902 3697 2172 3767 quasdam

591 3787 825 3843 latentes
854 3803 1054 3844 causas
1074 3791 1416 3860 pretendens.
1458 3787 1749 3844 Dicebatur
1792 3796 1975 3844 autem
2024 3788 2178 3861 quod

591 3879 889 3936 ambitione
931 3881 1176 3949 dicioris,
1217 3882 1345 3937 licet
1371 3881 1636 3953 dignitate
1675 3881 1928 3949 minoris,
1962 3880 2173 3951 episco-

588 3978 773 4042 patus,
822 3972 970 4029 hunc
1008 3973 1245 4030 noluerit
1284 3974 1528 4030 oblatum
1594 3975 1860 4030 honorem
1906 3974 2167 4045 recipere.

590 4062 750 4130 Quod
769 4063 932 4119 etiam
962 4066 1077 4136 ipse
1103 4074 1297 4136 postea
1329 4067 1465 4122 satis
1495 4065 1625 4123 fecit
1665 4066 1965 4137 probabile.
1993 4064 2170 4122 Parvo

588 4156 738 4211 enim
762 4156 859 4191 ⁸⁸⁸³
892 4158 1215 4229 interposito
1259 4167 1553 4231 tempore,»
1583 4161 1700 4231 ipse
1741 4161 1797 4215 in
1839 4159 2073 4216 Francia
2101 4159 2171 4215 ad

588 4247 833 4304 studium
858 4251 1123 4318 existens,
1151 4266 1281 4307 cum
1309 4250 1667 4309 Colonienses
1693 4252 1966 4324 quendam
1992 4251 2171 4307 Gode-

586 4337 790 4396 l‘ridum
835 4340 1204 4398 Xanctensem
1252 4342 1594 4414 prepositum
1639 4343 1921 4399 communi
1948 4342 2083 4398 cieri
2114 4349 2170 4397 et
2197 4343 2246 4404 D
2270 4342 2416 4397 enim
2442 4342 2731 4415 Lodoycus
2762 4358 2871 4398 non
2906 4352 3119 4399 tantum
3165 4345 3493 4414 pecuniam,
3524 4344 3624 4400 sed
3644 4352 3800 4398 omn

587 4432 773 4503 populi
796 4448 1071 4490 consensu
1100 4434 1413 4506 elegissent,
1445 4435 1550 4490 hac
1570 4434 1716 4490 fama
1738 4442 2037 4506 comperta,
2061 4441 2167 4489 sta-

587 4524 685 4579 tim
727 4541 982 4582 reversus
1021 4522 1126 4592 est,
1174 4535 1231 4582 et
1261 4526 1490 4583 eandem
1537 4525 1747 4582 cessari
1790 4541 1917 4582 cum
1950 4525 2174 4581 fecisset

587 4615 1185 4684 electionem,eundcm
1213 4618 1423 4690 accepit
1445 4619 1840 4690 episcopatum.
1868 4618 1980 4689 (an.
2012 4617 2171 4685 Il5l,

587 4705 716 4761 Dec.
741 4706 858 4778 25.)

612 4806 615 4833 ί
668 4795 754 4852 12.
786 4796 882 4854 His
911 4797 1097 4870 itaque
1121 4800 1227 4855 hoc
1253 4800 1421 4856 modo
1446 4814 1507 4856 se
1546 4800 1892 4869 habentibus,
1951 4798 2177 4870 contigit

588 4896 722 4958 aput
739 4887 1065 4946 Remensem
1085 4890 1358 4947 civitatem
1382 4891 1563 4964 colligi
1601 4892 1917 4959 concilium,
1945 4893 2033 4948 cui
2058 4907 2176 4962 pre-

588 4979 800 5049 sidebat
809 4981 1067 5039 dominus
1076 4981 1424 5040 Innocentius
1435 4998 1575 5054 papa
1591 4985 1867 5041 secundus
1892 4983 1911 5052 (
1914 5000 1984 5037 an
2011 4982 2169 5039 1151.
2198 5058 2203 5063 ᾖ

2274 3055 2361 3112 sui
2393 3070 2524 3111 vero
2546 3054 2689 3126 juris
2717 3054 2932 3110 dicebat
2955 3069 3099 3123 esse,
3126 3064 3344 3110 terram
3368 3072 3568 3128 regere
3585 3056 3803 3123 omnm:

2273 3147 2331 3202 in
2355 3148 2677 3218 episcopatu
2725 3147 3016 3217 disponere
3057 3155 3110 3203 et
3158 3147 3444 3204 miliciam
3491 3157 3677 3205 tenere.
3703 3143 3805 3201 ea:

2271 3254 2369 3311 per
2399 3239 2648 3311 singulos
2685 3239 2802 3295 dies
2842 3239 2912 3294 ad
2935 3239 3226 3310 prandium
3272 3240 3535 3312 episcopi
3580 3240 3803 3296 sensim

2273 3330 2387 3384 vini
2414 3322 2470 3386 et
2496 3330 2637 3386 duos
2666 3330 2937 3393 sextarios
2970 3330 3217 3386 cervisia:
3248 3332 3711 3397 amministrabat;
3730 3331 3805 3399 ips:

2272 3436 2405 3478 vero
2461 3438 2588 3478 cum
2644 3423 2996 3479 multitudine
3038 3424 3335 3478 hominum
3392 3426 3455 3480 in
3510 3440 3684 3480 mansa
3724 3438 3803 3481 sn.

2273 3513 2432 3585 quasi
2479 3530 2713 3585 magnus
2751 3515 3024 3585 princeps,
3071 3515 3274 3570 cotidie
3318 3517 3651 3587 epulabatur
3677 3515 3806 3586 sph-

2272 3606 2417 3673 dide,
2449 3607 2682 3677 stipatus
2708 3616 2927 3663 caterva
2959 3607 3194 3662 militum
3227 3609 3452 3679 ubique
3486 3610 3751 3671 incedebat,
3773 3616 3807 3659 η

2272 3699 2531 3756 omnibus
2579 3700 2758 3756 modis
2785 3701 2885 3757 toti
2917 3709 3078 3756 terra:
3112 3700 3565 3771 principabatur.
3592 3700 3700 3755 Inde
3720 3712 3805 3752 rte-

2272 3793 2355 3847 nit
2416 3792 2562 3863 quod
2606 3800 2821 3848 tantum
2868 3786 3148 3864 predictus
3190 3793 3503 3864 episcopus
3538 3794 3701 3850 odium
3728 3806 3808 3844 ω-

2272 3879 2426 3939 nium
2470 3885 2702 3940 incurrit
2744 3879 3095 3952 clericorum,
3120 3899 3188 3939 eo
3225 3885 3385 3955 quod
3431 3887 3576 3957 ipse,
3610 3894 3806 3956 spernas
3870 3884 3871 3887 “

2272 3976 2502 4031 consilia
2527 3985 2581 4031 et
2614 3976 3044 4032 familiaritatem
3072 3976 3240 4031 totius
3280 3977 3450 4045 cleri,
3480 3979 3583 4034 soli
3613 3977 3728 4032 laico
3748 3983 3806 4026 ts-

2270 4074 2388 4120 tum
2419 4083 2480 4123 se
2509 4067 2770 4135 dedisset,
2800 4068 2948 4138 quod
2992 4067 3059 4122 ad
3097 4066 3509 4138 depositionem
3549 4068 3662 4139 ejus
3697 4078 3807 4133 cept-

2271 4166 2401 4212 runt
2430 4158 2683 4214 laborare
2718 4158 2888 4230 (685).
2920 4157 3041 4229 Ipse
3070 4168 3252 4215 autem
3288 4152 3623 4232 paupertate
3643 4170 3805 4230 onm-

2272 4265 2388 4316 sus,
2413 4265 2600 4305 coram
2642 4250 2971 4309 adversariis
3038 4250 3156 4307 suis
3214 4253 3543 4309 succubuit.
3588 4251 3802 4306 Pretium

2273 4448 2494 4504 quoque
2523 4435 2844 4505 sapientiam
2870 4443 2926 4490 et
2949 4435 3214 4492 rationem
3253 4437 3381 4507 ejus
3403 4438 3743 4495 exhauserat:
3766 4432 3800 4482 TI

2273 4532 2506 4595 utroque
2544 4526 2691 4581 enim
2724 4526 3033 4594 deﬁciebat,
3073 4535 3136 4581 ut
3171 4526 3291 4582 ﬁeri
3330 4530 3570 4596 assolet,
3613 4524 3802 4599 quatias

2274 4620 2493 4690 aliquis,
2547 4621 2642 4691 qui
2689 4621 2924 4692 publicis
2965 4622 3640 4697 utilitatibus'invigilare
3673 4622 3799 4678 delia.
3870 4642 3871 4697 ἡ

2274 4719 2539 4781 tanquam
2563 4713 2795 4782 ignavus
2827 4714 2990 4769 inerti
3024 4713 3491 4786 desidia'torpene
3512 4717 3799 4775 volueris.”-
3870 4716 3871 4737 ‘

2275 4817 2403 4857 nem
2431 4818 2621 4858 curam
2638 4811 2693 4858 et
2719 4804 3145 4860 sollicitudinem
3171 4821 3330 4862 suam
3357 4808 3415 4863 in
3444 4809 3618 4863 alium
3638 4801 3799 4877 proicit.
3870 4832 3871 4847 ι

2275 4908 2377 4949 nec
2397 4894 2464 4949 de
2494 4911 2554 4950 se
2586 4911 2687 4950 nec
2712 4896 2783 4951 de
2819 4897 2927 4952 alio
2955 4898 3146 4953 volens
3174 4914 3299 4956 esse
3324 4901 3619 4956 sollicitus.
3646 4896 3799 4953 licita

2275 4986 2421 5042 enim
2447 4986 2505 5042 in
2542 4988 2829 5058 proverbio
2872 5008 2887 5045 :
2938 4989 3236 5047 Manticam
3285 4992 3471 5048 clienti
3523 4992 3797 5051 εοαυκίησι

1864 5118 2097 5175 VARle
2133 5118 2539 5178 LECTIONES.
2567 5154 2572 5159 -

667 5205 759 5241 ⁸⁰⁷⁹
806 5211 1129 5269 misteriales
1187 5229 1233 5266 c.

1310 5211 1407 5245 δοεο
1455 5212 1551 5294 _ita
1597 5212 1714 5268 cod.
1772 5211 1955 5294 contui
1999 5221 2129 5267 sunt
2154 5213 2246 5294 ed.
2290 5213 2422 5294 νξξξξ
2455 5214 2811 5294 archidiconi
2855 5220 2935 5288 c.j
3010 5219 3105 5259 ιη’
3154 5220 3494 5280 subdiconns
3529 5228 3641 5294 post
3694 5230 3792 5273 ωηο

589 5277 959 5338 subdiaconus
990 5301 1038 5340 c.
1112 5282 1210 5341 ἔπ’
1238 5282 1318 5338 bis
1359 5284 1617 5353 scriptum
1647 5300 1694 5337 c.
1771 5282 1866 5315 “8‘
1892 5281 1933 5337 ι.
1962 5299 2008 5337 c.
2037 5284 2166 5355 διερί

2328 5283 2422 5316 ⁴⁰⁸⁵
2449 5283 2514 5341 G.
2549 5302 2596 5342 c.

2125 5396 2358 5457 ΝΟΤᾹΞ.

588 5481 810 5612 “9:89)
858 5482 1032 5556 Prope
1077 5486 1226 5543 Conz
1274 5488 1342 5544 ad
1387 5487 1654 5544 Saravum
1696 5452 1944 5546 fluvium.
2000 5452 2171 5547 Wrr-ﬁ

660 5596 809 5697 illis)
840 5624 985 5684 Idem
1032 5643 1121 5699 ap.
1166 5626 1456 5686 Hentheim
1499 5630 1541 5701 1,
1575 5646 1648 5703 ιι).
1703 5630 1829 5700 520,
1877 5633 2001 5703 526,
2045 5596 2170 5699 δερ,

2279 5492 2403 5560 551,
2420 5492 2568 5566 555ἱ
2588 5499 2700 5566 etc.
2723 5490 2969 5549 Giinther
2992 5492 3035 5563 Ι,
3062 5509 3117 5566 p.
3143 5495 3255 5553 223
3276 5499 3601 5554 nominatur.

2353 5565 2501 5641 ((ξξᾷς)
2531 5563 2616 5641 gr.
2643 5566 2897 5641 ⁸(Ξὲιιηιπξν
2915 5569 2958 5634 Ι.
2988 5587 3043 5641 p.
3062 5563 3204 5633 925:
3234 5570 3517 5627 Hontheim
3538 5571 3573 5624 Ι.
3608 5570 3641 5623 1.

2351 5636 2504 5689 Ιίὶ8ἑῖὶ
2534 5635 2598 5691 V.
2629 5638 2791 5695 Gesta
2821 5635 3123 5713 supra-col.
3163 5643 3302 5697 1227
3326 5642 3484 5698 edita.
