3956 6288
118 300 252 357 1521

807 307 1034 366 GESTA
1073 309 1376 370 TBEVER.
1407 345 1481 357 -—-
1515 315 1808 376 APPEND.
1849 321 2078 380 GESTA
2113 322 2504 386 ALBERONIS
2530 329 2735 389 ARCII.

3269 345 3412 402 1522

118 419 210 529 sed
241 421 588 490 prudentiam
608 424 820 480 consilii
865 429 942 480 tui
974 446 1126 499 penes
1173 439 1222 486 te
1259 434 1434 504 ipsum
1488 452 1712 493 reserva.
1743 443 1792 504 Α
1822 444 2029 502 reditus
2057 446 2396 519 episcopales
2418 465 2528 506 non
2560 453 2738 523 potuit
2759 461 2967 511 tantum
2997 458 3225 529 reperiri
3263 465 3412 518 unde

121 507 208 567 0b
230 511 472 569 similem
495 530 716 586 quoque
745 533 968 573 causam
1000 518 1306 580 Hildericus
1347 541 1442 582 rex
1472 526 1717 584 Franco-

123 621 252 660 rum
285 621 318 662 a
353 623 524 678 regno
561 609 842 680 depositus
869 621 971 681 est,
1003 623 1057 670 et
1077 615 1126 670 ei
1177 616 1266 671 cui
1299 618 1414 689 ipse
1455 623 1715 680 commis-

119 707 246 756 erat
311 701 610 772 regendum
653 703 842 758 datum
886 715 990 774 est,
1034 707 1228 780 Pipino
1282 713 1490 771 scilicet
1521 700 1719 789 majori

121 789 348 861 domus,
379 793 601 850 domino
622 811 762 867 papa
795 795 1036 856 Adriano
1075 804 1431 873 approbante.
1477 806 1546 862 Et
1581 824 1719 880 quo-

120 884 278 940 niam
305 886 636 954 Alberonem
657 890 838 946 virum
877 893 1022 950 acris
1049 894 1255 967 ingenii
1283 908 1338 953 et
1366 899 1423 954 in
1459 903 1718 960 omnibus

120 977 417 1046 providum
448 988 502 1035 et
524 981 629 1036 sibi
657 998 767 1037 non
803 982 1048 1041 futurum
1075 988 1376 1045 obnoxium
1412 995 1720 1063 presciebat

46 1081 54 1138 ζ
120 1069 503 1145 Lbdoycus,et
531 1075 661 1146 quia
692 1093 805 1132 non
835 1079 978 1136 ferre
1002 1081 1290 1139 dominum
1321 1085 1418 1142 sed
1446 1087 1718 1146 dominari

43 1168 50 1248 ξ
115 1159 410 1231 didicerat,
445 1165 568 1222 ideo
602 1167 706 1238 ipsi
747 1172 1076 1243 opponebat.
1111 1174 1220 1232 Sed
1249 1176 1408 1234 visne
1437 1177 1604 1251 hujus
1635 1180 1718 1238 rei

33 1253 48 1297 -"
112 1257 316 1314 audire
358 1259 557 1316 ﬁnem?
591 1263 762 1319 audi:

195 1370 313 1428 Nec
327 1371 466 1446 juga
489 1383 678 1432 taurus
701 1386 878 1445 amat;
906 1396 1024 1452 quae
1047 1390 1222 1439 tamen
1242 1384 1378 1452 odit,
1395 1385 1571 1442 habet.

692 1469 868 1544 (Ovm.
899 1473 1020 1529 Am.
1050 1492 1131 1545 Ill,
1159 1476 1246 1546 ll,
1277 1493 1330 1532 v.
1359 1477 1474 1550 56.)

109 1550 426 1642 Ηθθοθοίω
468 1559 851 1630 conjuratione
887 1575 1186 1637 comperta,
1224 1567 1482 1625 dominus
1517 1569 1716 1636 Albero

109 1650 588 1724 archiepiscopus,
622 1672 749 1711 cum
779 1657 954 1727 prius,
987 1667 1246 1732 tanquam
1272 1662 1602 1734 episcopalis
1627 1662 1715 1719 of-

106 1739 226 1797 ficii
250 1758 395 1801 onus
420 1746 846 1820 subterfugiens,
875 1765 995 1808 sese
1019 1768 1051 1808 a
1087 1753 1386 1812 commissa
1423 1755 1531 1812 sibi
1573 1756 1714 1812 civi-

107 1842 229 1890 tate
276 1837 648 1908 subtraheret,
698 1859 846 1899 nunc
883 1844 1030 1901 haud
1076 1846 1233 1904 aliter
1281 1863 1446 1919 quam
1491 1845 1714 1918 ﬂuvius,
1746 1837 1795 1899 Β

101 1927 212 1997 qui
244 1928 402 1984 obice
439 1932 662 1989 clausus
691 1951 818 1991 cum
857 1937 1012 2007 prius
1055 1939 1239 1995 silenti
1275 1949 1452 1998 tractu
1496 1943 1718 2013 quietus

97 2019 415 2088 incederet,
447 2024 719 2081 obstaculi
753 2029 915 2098 quasi
958 2030 1249 2103 indignans
1291 2034 1714 2105 obpositionem,

101 2115 352 2186 strepitu
385 2117 743 2174 tumultuanti
788 2120 1061 2192 nudisque
1101 2125 1486 2193 spumantibus
1529 2126 1716 2184 littora

100 2206 311 2280 fatigat
340 2208 695 2282 claustraque
723 2211 1039 2286 disrumpit,
1071 2223 1134 2271 ut
1164 2217 1249 2272 vir
1277 2217 1716 2292 inexpugnabilis

99 2310 169 2356 et
217 2301 628 2372 inperterritus,
677 2306 909 2362 collecto
960 2309 1136 2366 multo
1189 2311 1380 2380 milite,
1435 2312 1715 2372 Treverim

102 2393 268 2449 adiit.
295 2393 396 2450 Cui
441 2395 630 2452 clerici
665 2397 735 2452 ad
772 2399 970 2456 Albam
993 2412 1209 2472 portam
1238 2403 1387 2478 (686)
1431 2421 1559 2463 cum
1598 2409 1714 2464 sol-

99 2485 320 2557 lempni
342 2488 695 2558 processione
723 2491 1026 2560 obviantes,
1058 2494 1362 2552 honoriﬁce
1389 2514 1517 2555 cum
1541 2500 1713 2573 hym-

101 2576 201 2632 nis
236 2584 292 2632 et
319 2577 576 2635 laudibus
605 2579 790 2637 studio
823 2598 1024 2655 magno
1045 2600 1172 2640 eum
1196 2599 1572 2659 susceperunt.
1603 2591 1713 2648 Lo-

103 2670 321 2743 doycus
354 2687 487 2728 vero
531 2680 588 2729 et
611 2675 698 2731 sui
730 2676 1003 2748 conjurati
1040 2677 1295 2737 similiter
1331 2681 1382 2736 ei
1417 2697 1714 2741 occurren-

105 2771 218 2832 tes,
249 2781 376 2821 cum
404 2766 673 2824 vidissent
713 2785 840 2826 eum
878 2779 987 2828 tam
1035 2790 1232 2848 magna
1260 2793 1428 2834 manu
1476 2781 1714 2838 militum

107 2857 402 2929 stipatum,
454 2860 908 2934 obstupescentes
937 2874 994 2922 et
1028 2879 1211 2926 mente
1243 2870 1482 2940 confusi,
1522 2889 1714 2944 pacem
1747 2877 1750 2880 ’

108 2952 303 3007 statim
346 2952 751 3012 simulaverunt
775 2966 828 3014 et
855 2959 996 3015 inter
1024 2976 1218 3018 omnes
1242 2964 1454 3035 primus
1496 2965 1712 3042 Lodoy-

113 3058 219 3100 cus
241 3044 308 3100 ad
332 3046 680 3104 salutandum
709 3051 904 3107 blanda
943 3061 997 3109 et
1033 3055 1230 3111 humili
1253 3073 1387 3114 voce
1433 3061 1500 3115 ad
1535 3061 1714 3117 domi-

114 3153 254 3193 num
278 3155 436 3196 suum
483 3139 784 3212 festinavit,
827 3155 883 3202 et
927 3147 996 3203 ad
1030 3148 1151 3219 ejus
1175 3151 1427 3208 osculum
1458 3153 1708 3212 accessit.

1820 538 1996 608 prima
2057 541 2145 598 die
2196 553 2382 613 posset
2428 546 2478 601 ei
2526 547 2815 604 servicium
2867 553 3165 622 preparari.
3213 551 3415 612 Omnia

1820 632 1967 686 enim
2020 634 2089 689 ad
2129 636 2505 708 episcopatum
2552 640 2877 708 pertinentia
2917 651 3014 698 aut
3056 646 3410 718 Oppignerata

1820 734 1996 792 erant,
2039 734 2136 781 aut
2167 729 2447 798 predictus
2485 730 2770 805 Lodoycus
2811 743 2865 790 et
2909 737 2994 791 sui
3033 737 3302 807 conjurati
3347 752 3412 792 ea

1822 831 1881 873 se
1915 817 1971 871 in
2001 818 2266 878 beneﬁcio
2303 831 2487 880 tenere
2509 824 2780 882 dicebant.
2824 828 3122 900 Eapropter
3155 829 3412 884 dominus

1820 912 2268 986 archiepiscopus
2308 917 2514 988 aliquid
2563 930 2754 976 contra
2806 930 3180 993 paupertatem
3227 921 3412 993 provi-

1821 1005 1979 1074 dens,
2003 1021 2034 1061 a
2057 1006 2278 1066 domino
2303 1029 2443 1084 papa
2467 1013 2788 1072 Innocentio
2825 1016 3230 1086 impetraverat,
3263 1015 3410 1086 quod

1819 1100 2030 1156 reditus
2050 1102 2470 1173 ecclesiasticos,
2495 1123 2638 1179 quos
2666 1116 2792 1162 ante
2816 1107 3192 1178 episcopatum
3224 1117 3412 1161 tenue-

1820 1203 1925 1260 rat,
1950 1208 2047 1264 per
2071 1195 2316 1265 spacium
2341 1197 2508 1254 trium
2532 1215 2802 1257 annorum
2829 1200 2878 1256 ei
2907 1210 3091 1256 tenere
3117 1199 3410 1256 concessit.

1819 1287 2070 1361 Cumque
2100 1291 2290 1348 vinum
2321 1301 2376 1348 et
2404 1309 2679 1352 annonam
2720 1313 2876 1352 suam
2911 1306 2965 1352 et
2998 1305 3179 1352 cetera
3222 1294 3290 1350 ad
3331 1293 3414 1347 vi-

1819 1390 1971 1438 ctum
2019 1373 2197 1440 suum
2229 1385 2559 1456 pertinentia
2601 1389 2902 1444 secundum
2957 1389 3241 1458 antiquam
3283 1401 3414 1444 con-

1821 1480 2172 1538 suetudinem
2225 1482 2282 1536 in
2325 1482 2591 1553 palatium
2637 1483 2937 1552 deferrent,
2983 1483 3260 1555 predictus
3301 1479 3414 1534 Lo-

1821 1576 2028 1648 doycus
2078 1575 2263 1630 omnia
2305 1575 2616 1644 includens,
2668 1590 2780 1631 non
2828 1575 2937 1630 nisi
2986 1583 3253 1648 quantum
3308 1570 3414 1627 sibi

1820 1672 2088 1743 placebat,
2128 1671 2272 1727 sicut
2308 1687 2435 1728 cum
2477 1670 2923 1728 antecessoribus
2956 1670 3072 1724 suis
3113 1678 3416 1722 consueve-

1819 1775 1926 1837 rat,
1969 1770 2018 1825 ei
2050 1784 2148 1840 per
2190 1768 2438 1841 singulos
2477 1769 2596 1824 dies
2635 1765 3027 1832 distribuebat;
3066 1773 3247 1820 cetera
3286 1775 3418 1816 vero

1823 1865 1939 1936 ipse
1975 1879 2101 1920 cum
2131 1865 2248 1921 suis
2278 1863 2636 1934 expendebat.
2677 1861 2838 1929 Quod
2876 1876 3003 1918 cum
3048 1859 3284 1914 domnus
3326 1869 3418 1909 ar-

1824 1959 2208 2030 chiepiscopus
2237 1957 2557 2030 aliquandiu
2581 1957 2890 2022 tolerasset,
2918 1954 3008 2009 ille
3030 1951 3318 2022 Lodoycus
3359 1947 3416 2002 in

1822 2059 2038 2108 tantum
2063 2051 2327 2122 patientia
2355 2050 2478 2120 ejus
2509 2050 2717 2105 abusus
2742 2054 2846 2115 est,
2884 2044 3032 2117 quod
3059 2043 3298 2116 quadam
3327 2039 3418 2096 die

1821 2153 1879 2208 in
1915 2149 2369 2224 postmeridiano,
2409 2165 2537 2206 cum
2571 2148 2819 2204 extranei
2847 2144 3075 2216 quidam
3111 2142 3181 2198 ad
3202 2140 3416 2198 curiam

1821 2249 2104 2304 venissent
2125 2244 2546 2316 archiepiscopi,
2582 2250 2638 2298 et
2668 2243 2806 2311 ipse,
2841 2247 2903 2294 ut
2945 2245 3272 2294 consuetum
3310 2242 3416 2298 est,

1821 2342 1992 2398 curiis
2022 2341 2240 2413 juberet
2265 2334 2570 2410 propinari,
2599 2341 2656 2389 et
2689 2346 2815 2387 cum
2860 2328 3162 2428 venissent.
3177 2322 3419 2428 ministri

1819 2437 1941 2507 ejus
1977 2433 2045 2490 ad
2075 2432 2340 2505 palatium
2377 2444 2479 2501 pro
2509 2426 2659 2492 vino,
2687 2428 3014 2496 procurator
3049 2418 3291 2490 Lodoyci
3329 2429 3418 2471 re-

1820 2528 2044 2600 spondit
2082 2542 2142 2584 se
2186 2522 2516 2582 nichildare
2543 2520 2675 2587 illis,
2707 2517 2815 2572 nisi
2847 2515 3084 2570 domnus
3127 2508 3418 2580 Lodoycus

1818 2622 2142 2693 preciperet.
2183 2617 2311 2674 Haec
2336 2624 2390 2672 et
2416 2615 2504 2671 his
2529 2611 2732 2671 similia
2768 2623 2906 2708 cum.
2937 2620 3068 2708 sepe
3102 2615 3302 2708 passus

1821 2690 1924 2783 set,
1948 2690 2169 2770 tandem
2204 2710 2386 2767 visum
2432 2717 2517 2764 est
2561 2706 2614 2763 ei
2651 2705 2758 2761 hoc
2799 2701 3006 2758 malum
3052 2690 3415 2802 intulerabile.

1816 2810 2122 2881 Eapropter
2157 2803 2520 2870 Palaciolum,
2547 2799 2676 2857 Julii
2706 2795 2928 2854 Cesaris
2966 2803 3234 2856 castrum,
3259 2795 3418 2894 juxta

1817 2905 2100 2962 civitatem
2124 2903 2314 2969 situm,
2343 2915 2410 2956 eo
2451 2909 2695 2969 tempore
2721 2895 2831 2951 situ
2867 2900 2925 2948 et
2955 2894 3227 2945 vetustate
3257 2883 3417 2940 diru-

1817 3004 1936 3052 tum
1971 3003 2026 3050 et
2054 2991 2431 3057 inhabitabilc,
2471 2988 2661 3044 multis
2702 2982 3016 3056 sumptibus
3041 2974 3330 3042 restrinxit,
3361 2979 3419 3028 et

1815 3088 2076 3144 victualia
2117 3103 2217 3144 sua
2241 3087 2372 3141 illuc
2391 3082 2596 3140 .deferri
2616 3081 2814 3153 jussit;
2840 3086 2896 3134 et
2917 3084 3047 3132 tunc
3069 3081 3416 3130 sarcasmum

1817 3182 1983 3238 talem
2028 3179 2290 3253 protulit:
2327 3177 2484 3232 Nunc
2533 3175 2726 3230 habent
2773 3172 3050 3241 Ladoycus
3080 3181 3237 3222 suum
3260 3161 3418 3253 pala-

189 3233 280 3286 15.
322 3233 746 3296 Pretereundum
798 3256 910 3296 non
949 3251 1035 3298 est
1085 3244 1233 3314 quod
1277 3261 1404 3300 cum
1452 3247 1708 3307 dominus
1737 3241 1786 3306 C
2009 3233 2208 3329 [gs-{6'3
2232 3233 2366 3326 sem
2394 3284 2492 3341 per
2517 3266 2818 3324 triennium
2852 3261 3198 3318 mansionem
3228 3254 3305 3310 ibi
3333 3250 3418 3306 fa.

104 3323 317 3382 Albero
356 3329 804 3401 archiepiscopus
848 3333 1089 3392 venisset
1141 3336 1476 3409 Aquisgrani
1509 3340 1578 3396 ad
1613 3357 1712 3398 cu-

103 3417 254 3473 riam
291 3418 642 3491 imperatoris
682 3422 820 3494 (Αη.
858 3425 1017 3494 1152,
1041 3427 1224 3499 Apr.),
1265 3428 1566 3489 Lotharius
1611 3449 1710 3490 rex

103 3511 294 3567 noluit
327 3526 454 3568 eum
497 3515 760 3572 investire
795 3519 1092 3591 regalibus,
1125 3535 1192 3577 eo
1225 3524 1372 3594 quod
1405 3532 1532 3581 ante
1558 3541 1711 3584 rece—

101 3607 286 3678 pisset
322 3609 790 3666 consecrationem
817 3612 1205 3684 episcopalem,
1237 3631 1404 3686 quam
1432 3633 1594 3674 suam
1622 3633 1711 3692 ree

103 3699 439 3770 quisivisset
469 3701 887 3772 investituram;
920 3715 975 3761 et
996 3707 1243 3776 omnino,
1273 3716 1335 3763 ut
1363 3711 1708 3782 credebatur,

99 3807 206 3847 rex
241 3808 304 3850 se
332 3793 382 3849 ei
407 3796 774 3866 opposuisset,
809 3796 916 3854 nisi
951 3799 1097 3870 quod
1121 3800 1303 3870 ipsum
1341 3802 1504 3857 talem
1531 3804 1710 3860 virum

97 3902 234 3943 esse
260 3887 489 3956 sciebat,
508 3889 602 3960 qui
620 3888 779 3945 facile
806 3899 980 3946 totum
1009 3892 1197 3948 orbem
1228 3893 1315 3950 sui
1343 3893 1558 3966 imperii
1579 3911 1712 3952 con-

98 3992 192 4040 tra
229 3983 420 4054 ipsum
443 3992 843 4053 commoveret;
886 3985 1032 4041 unde
1069 3995 1124 4042 et
1163 3987 1336 4043 levem
1377 3987 1713 4045 satisfactio-

95 4093 238 4132 nem
268 4075 341 4132 ab
369 4075 490 4148 ipso
520 4077 740 4148 recepit.
772 4075 910 4133 Cum
938 4079 1086 4133 enim
1108 4095 1177 4136 ex
1221 4082 1442 4136 comuni
1477 4083 1711 4141 consilio

91 4168 428 4241 principum
467 4170 847 4240 juramentum
889 4172 1005 4243 regi
1052 4172 1356 4242 obtulisset,
1403 4175 1550 4246 quod
1600 4191 1713 4231 non

93 4261 172 4317 ad
210 4261 640 4318 diminutionem
673 4263 760 4319 sui
789 4264 1020 4320 honoris
1051 4265 1156 4321 hoc
1189 4264 1394 4322 factum
1425 4276 1591 4336 esset,
1618 4271 1714 4327 sed

92 4371 130 4411 a
162 4354 402 4410 domino
427 4371 568 4428 papa
589 4364 815 4413 coactus
844 4357 912 4413 ad
943 4359 1416 4416 consecrationem
1446 4362 1713 4418 accessis-

87 4461 215 4519 set,
248 4450 510 4506 dominus
543 4467 641 4508 rex
659 4451 1039 4524 juramentum
1067 4453 1161 4486 “3°
1191 4454 1242 4510 ei
1270 4455 1502 4524 remisit,
1536 4463 1591 4512 et
1625 4472 1715 4513 re-

87 4545 259 4618 galia
283 4553 501 4616 sceptro
543 4545 698 4616 regni
739 4546 789 4601 ei
835 4547 1128 4603 concessit.
1166 4546 1224 4602 In
1274 4547 1465 4605 eadem
1494 4565 1714 4621 quoque

1815 3367 1988 3433 ciens,
2030 3366 2270 3422 studium
2304 3377 2469 3418 suum
2505 3359 2576 3416 ad
2619 3360 2726 3415 hoc
2769 3354 2998 3428 omnino
3037 3347 3316 3448 adhibuit,
3354 3350 3421 3400 ut

1814 3461 2064 3519 redditus
2120 3456 2461 3529 episcopales
2514 3453 2799 3510 absolutos
2845 3447 3071 3511 faceret,
3111 3449 3166 3496 et
3203 3447 3417 3496 curiam

1813 3553 2067 3611 Humahc
2094 3549 2243 3623 (689)
2279 3563 2381 3620 pro
2403 3543 2510 3602 300
2543 3543 2746 3602 marcis
2769 3538 3020 3605 redemit,
3044 3548 3210 3605 quam
3229 3529 3420 3602 prede-

1813 3663 2006 3706 cessor
2045 3645 2165 3716 ejus
2201 3642 2464 3699 dominus
2498 3637 2775 3712 Meinerus
2801 3631 3209 3694 invadiaverat;
3237 3630 3294 3679 et
3324 3635 3419 3678 ee-

1815 3750 1934 3797 tera
1955 3737 2069 3792 fere
2087 3735 2275 3793 omnia
2297 3734 2366 3790 ad
2387 3732 2768 3803 episcopatum
2808 3720 3136 3796 pertinentia
3175 3717 3418 3773 domnus

1815 3831 2017 3887 Albero
2049 3826 2300 3892 redemit,
2327 3841 2359 3880 a
2385 3821 2612 3879 domino
2653 3815 2950 3876 Godefrido
2996 3809 3414 3880 archiepiscopo

1815 3933 1914 3982 aut
1950 3921 2229 3978 invadiata
2255 3927 2350 3974 aut
2377 3917 2435 3975 in
2464 3911 2790 3970 beneficium
2819 3908 2967 3962 data.
3017 3901 3260 3957 Tandem
3305 3897 3415 3954 Lo-

1815 4021 2025 4092 doycus
2051 4027 2290 4070 vacuum
2325 4009 2443 4066 suis
2474 4003 2786 4074 sumptibus
2839 3992 3411 4096 servans‘palacium,

1817 4083 2128 4168 ad'tantam
2157 4102 2376 4160 devenit
2395 4097 2784 4162 humilitatem,
2811 4089 2958 4164 quod
2987 4087 3152 4187 nudis
3179 4083 3413 4187 pedibus

1816 4205 1874 4260 in
1918 4201 2093 4256 laneis
2147 4194 2423 4252 Palaciolo
2466 4191 2535 4246 ad
2578 4189 2743 4260 pedes
2787 4201 2848 4242 se
2890 4180 3162 4282 provolvit
3222 4175 3411 4282 archi-

1814 4294 2058 4368 episcopi
2076 4335 2091 4362 ,
2142 4287 2578 4348 misericordiam
2631 4291 2822 4356 petens
2869 4287 2924 4336 et
2977 4274 3241 4348 palatium
3270 4274 3413 4327 resi-

1817 4409 2114 4519 3“illis
2139 4459 2332 4516 diebus
2353 4456 2608 4514 dominus
2631 4451 3078 4523 archiepiscopus
3098 4443 3272 4500 multa
3295 4441 3412 4498 col-

1815 4555 2034 4630 ligendo
2065 4553 2244 4610 factus
2273 4559 2358 4607 est
2380 4549 2537 4604 valde
2565 4544 2892 4602 habundans
2921 4542 2977 4596 in
3009 4538 3195 4604 rebus,
3228 4543 3284 4591 et
3310 4549 3410 4590 co-

89 4638 272 4696 curia
315 4637 687 4710 Lotharingiae
733 4639 929 4695 ducem
981 4639 1298 4713 Symonem,
1347 4641 1574 4698 fratrem
1620 4658 1711 4698 re-
1740 4639 1792 4700 D
1820 4649 1952 4704 tidie
1981 4658 2355 4710 succrescens,
2382 4641 2450 4697 ad
2479 4639 2712 4711 quedam
2735 4649 2934 4708 magna
2966 4646 3088 4704 quae
3109 4635 3291 4684 mente
3315 4639 3411 4696 ge-

89 4733 196 4806 εἰς
230 4731 407 4805 (687),
431 4731 967 4789 excommunicatum
1004 4735 1409 4803 pronunciavit,
1438 4744 1493 4792 et
1525 4734 1581 4789 in
1625 4735 1715 4792 die

89 4834 311 4883 sancto
365 4827 604 4896 paschae,
655 4826 788 4881 dum
842 4827 1116 4898 legeretur
1175 4829 1542 4900 evangelium,
1585 4845 1714 4885 eum

87 4919 268 4975 exire
289 4919 594 4975 aecclesiam
621 4919 885 4992 compulit
910 4919 1222 4992 (688).:(An.
1260 4923 1316 4976 ll
1328 4923 1417 4990 5‘2,
1443 4922 1570 4994 Apr.
1599 4923 1713 4994 10.)

187 5011 281 5066 ll.
321 5008 433 5068 Nec
461 5014 566 5068 hoc
593 5012 810 5070 silentio
832 5012 1093 5081 dandum,
1128 5014 1296 5085 quod,
1324 5031 1448 5070 cum
1475 5017 1716 5087 acceptis

83 5105 394 5178 regalibus
439 5104 722 5165 Treverim
765 5107 1071 5165 intraturus
1116 5118 1289 5179 esset,
1334 5111 1476 5165 inter
1523 5125 1717 5168 omnes

1819 4741 1975 4796 rebat
1997 4735 2440 4809 preparationem
2465 4730 2714 4786 faciebat.
2749 4724 3037 4782 Abbatiam
3059 4719 3205 4778 enim
3231 4715 3409 4773 sancti

1820 4830 2124 4897 Maximini,
2154 4844 2221 4884 ex
2246 4825 2487 4897 antiquis
2511 4819 2808 4893 privilegiis
2840 4815 2989 4890 (690)
3011 4811 3272 4871 aecclesiae
3292 4824 3410 4865 suae

1821 4925 1878 4980 in
1916 4923 2086 4980 fundo
2127 4920 2274 4978 beati
2323 4916 2472 4972 Petri
2513 4915 2674 4971 sitam
2713 4919 2768 4966 et
2813 4909 2881 4966 de
2908 4909 3035 5005 jure
3075 4902 3408 5005 antiquoad

1821 5033 1982 5074 suam
2027 5017 2299 5090 pertinere
2349 5007 2764 5082 dispositionem
2808 4999 3137 5070 intelligens,
3177 4999 3407 5100 omnino

1823 5115 2069 5170 animum
2103 5108 2375 5184 apposuit,
2406 5100 2682 5179 quomodo
2706 5112 2828 5155 eam
2854 5095 2921 5152 de
2949 5097 3217 5166 potestate
3260 5095 3406 5160 regis

1419 5204 1652 5264 VARle
1691 5207 2096 5266 LECTIONES.

1643 5347 1874 5406 ΝΟΤᾹῦ.
2975 5367 2985 5376 “

84 5274 212 5311 ¹⁶⁰⁸⁶
247 5274 301 5332 ei
336 5274 372 5330 i.
409 5274 480 5331 ei.
523 5291 570 5331 c.

187 5418 344 5560 (686)
377 5418 455 5476 De
475 5436 584 5492 qua
617 5437 670 5474 v.
707 5419 946 5511 Gestar.
981 5420 1033 5474 5.
1216 5432 1218 5434 '
1417 5488 1444 5518 γ.
1571 5490 1598 5518 υ.

212 5491 320 5548 687
381 5490 582 5548 Natum
619 5491 957 5546 Theoderico
991 5490 1129 5545 duce
1169 5497 1224 5546 et
1257 5487 1516 5544 Hadmdc
1549 5505 1598 5544 Vl

212 5487 343 5548 687)
381 5487 582 5548 Natum
619 5491 957 5546 Theoderico
991 5490 1129 5545 duce
1169 5497 1224 5546 et
1257 5487 1516 5544 Hadwidc
1549 5490 1713 5546 vidua

85 5562 954 5645 οεὲὶιῑειῖάῐάθ,δυρριειιδξιεεκ
1472 5631 1526 5645 η.
1667 5632 1679 5644 .

191 5635 346 5707 (688)
386 5633 461 5691 De
483 5631 1066 5707 ejus—reconciliatione
1097 5648 1127 5707 a_
1164 5633 1323 5707 “:62,
1362 5649 1432 5707 v._
1472 5631 1714 5707 Simonis

89 5718 174 5766 ct
202 5703 754 5764 Alberonis'chartas
779 5721 866 5777 ap.
895 5703 1191 5762 llontheim
1229 5703 1366 5760 Hist.
1412 5703 1472 5772 l,‘
1499 5721 1552 5774 p.
1585 5703 1712 5771 5‘19,

95 5778 349 5925 δὟόςθ)
385 5850 641 5908 Fortasse
675 5849 938 5906 liunhach
974 5851 1031 5905 in
1059 5849 1333 5922 Popponis
1368 5849 1576 5919 charta,
1620 5864 1707 5922 ap.

449 5947 725 6008 Parnon.
759 5943 967 6006 CLIV.

1816 5396 2064 5478 Cunther
2088 5418 2130 5487 Ι,
2153 5433 2208 5490 p.
2242 5415 2375 5484 124;
2407 5411 2697 5471 Hontheim
2727 5407 2912 5464 minus
2956 5411 3102 5462 recte
3140 5396 3402 5462 Limbach

1813 5492 2036 5640 ῗὲἷὲέιίὶ)
2073 5560 2130 5615 ιη
2153 5559 2289 5640 (also
2310 5557 2598 5640 Dasaberti
2618 5553 2762 5626 regis
2780 5539 3400 5640 ίὲἓριὲωξξέίὲιξ¹9ξέξ¹ἐῗέξξὲ

1819 5619 1957 5689 Hist.
1999 5619 2042 5700 ll,
2073 5648 2127 5703 p.
2162 5633 2248 5698 76,
2275 5619 2504 5703 ecclEsia
2537 5649 2556 5680 ι
2587 5629 2642 5682 in
2663 5619 2867 5703 praedio
2893 5619 2950 5676 S.
2978 5619 3401 5703 Petri‘coLanAtfl-l:

1818 5684 1956 5761 ἇξῖ
1999 5684 2479 5761 δ’ἱρῖἱιιὶιΪύό-Ιίᾷο
2510 5715 2571 5755 re
2613 5684 3052 5768 archiepiscopus
3091 5697 3144 5745 et
3177 5684 3400 5740 abbates

1822 5779 1914 5835 diu
1939 5778 2181 5851 litigasse
2203 5773 2553 5833 notissimum
2581 5779 2682 5829 est.

3006 5927 3084 5998 [t2
