3956 6288
1641 185 1686 192 _--
1747 182 1866 202 κο..

107 293 234 356 i325

767 281 994 340 casm
1031 271 1735 338 TREVER.——APPEND.
1778 272 2008 331 GESTA
2043 270 2438 333 ALBERONIS
2471 258 2675 331 ARCH.

3227 279 3374 340 1526

103 411 301 472 derunt,
315 408 378 459 ut
391 413 545 458 arma
559 396 844 455 auxiliaria
856 397 1134 463 eisferret,
1154 401 1206 450 et
1223 391 1351 465 quia
1366 392 1662 448 advocatus
1691 393 1740 453 Α
1769 387 2152 446 Confluentina
2191 405 2316 448 eum
2371 407 2592 463 quoque
2637 389 2896 449 infestare
2923 401 3205 466 ceperunt.
3234 395 3372 456 Pre-

102 508 234 560 esset
256 496 498 554 ecclesiae
529 491 699 566 (700),
727 489 1030 547 dominium
1054 487 1447 559 archiepiscopi
1487 493 1541 540 et
1570 500 1667 554 po-

103 603 334 652 testatem
360 589 428 644 ab
440 589 520 643 eis
545 584 879 642 suisviribus
908 591 1226 638 removeret.
1251 581 1406 636 Nunc
1428 594 1564 650 Opus
1586 586 1672 634 est

99 684 286 742 animis
321 679 500 754 (701);
543 693 689 734 nunc
729 691 849 734 sese
888 675 1047 731 nobis
1088 675 1472 745 insuperabilis
1513 671 1671 728 offert

97 775 332 842 materia,
364 782 418 828 et
451 787 573 844 qua:
601 786 709 826 non
743 785 926 825 meum
954 766 1281 824 dissolutum
1329 767 1536 833 stilum,
1574 765 1671 821 sed

67 846 343 941 'magnum
373 865 682 937 quempiam
710 862 952 932 requirat
972 869 1208 932 poetam.
1251 858 1384 926 Quis
1407 859 1553 914 enim
1583 857 1668 912 di-

93 964 188 1019 ctis
215 975 418 1031 equare
447 957 621 1028 possit
649 955 810 1010 fortia
846 953 989 1009 facta
1029 952 1195 1023 hujus
1237 951 1342 1006 viri
1383 949 1672 1006 Alberonis

91 1065 247 1124 atque
291 1065 518 1107 suorum
563 1057 754 1104 contra
801 1046 1079 1101 tirannum
1119 1043 1423 1114 predictum
1453 1084 1469 1111 ,
1522 1054 1669 1110 arte,

91 1147 251 1210 ferro,
292 1143 532 1208 flamma,
579 1139 724 1196 fame
762 1147 926 1209 atque
968 1136 1442 1207 inexplicabilibus
1485 1133 1673 1190 Martis

40 1233 45 1306 ί
87 1236 306 1294 casibus
333 1250 430 1306 per
463 1241 670 1304 septem
696 1247 873 1287 annos
897 1229 1339 1286 decertantium?
1371 1225 1498 1284 Haec
1536 1227 1674 1282 viri-

33 1303 42 1337 ἰ
86 1327 186 1381 bus
225 1303 450 1380 Homeri
500 1303 772 1379 sufﬁciens
814 1331 961 1378 esset
989 1321 1240 1389 materia,
1266 1319 1314 1375 si
1338 1329 1522 1375 tamen
1559 1319 1675 1390 ipse

83 1419 330 1472 materiae
363 1415 652 1472 suﬁ‘iceret.
710 1413 867 1481 Quod
915 1413 963 1469 si
1009 1411 1351 1483 singulorum
1383 1411 1510 1465 hinc
1547 1409 1675 1465 inde

81 1509 222 1565 facta
253 1511 506 1565 virorum
537 1510 723 1566 inclita
753 1517 807 1563 et
845 1507 902 1562 in
944 1505 1153 1562 Martiis
1197 1504 1677 1577 congressionibus

79 1602 259 1657 varios
287 1602 417 1657 belli
441 1610 667 1658 eventus
695 1608 750 1656 et
773 1615 920 1655 nunc
943 1599 1141 1654 horum
1165 1613 1311 1652 nunc
1341 1597 1558 1652 illorum
1588 1613 1677 1653 ce-

77 1695 330 1750 dentium
370 1697 455 1750 vel
483 1695 856 1766 inpellentium
887 1695 1132 1750 diversas
1169 1691 1418 1747 fortunas
1462 1693 1673 1762 poetica

78 1786 278 1840 vellem
317 1796 437 1842 arte
483 1787 763 1853 simulare,
803 1785 888 1840 vel
925 1784 1228 1840 secundum
1275 1783 1676 1854 hystoricorum

76 1878 360 1949 peritiam,
393 1879 606 1950 singula
637 1878 831 1935 callida
861 1878 1179 1932 narratione
1200 1876 1534 1943 renovando,
1557 1884 1680 1931 tan-

75 1987 240 2042 quam
275 1985 346 2025 ea
370 1978 496 2026 ante
520 1972 710 2026 oculos
738 1971 924 2024 videas
954 1970 1093 2034 ﬁeri,
1132 1968 1251 2034 tibi,
1295 1985 1328 2023 ο
1370 1969 1560 2036 lector,
1587 1983 1678 2024 re-

77 2069 397 2134 presentem
431 2080 442 2114 :
476 2069 571 2115 aut
593 2059 770 2126 oneri,
801 2059 947 2129 quod
975 2073 1166 2113 verum
1205 2065 1308 2124 est,
1355 2059 1680 2112 succumbe-

76 2168 189 2207 rem
225 2150 355 2217 ‘0”,
389 2159 484 2204 aut
513 2166 624 2204 non
647 2149 826 2219 impar
850 2146 1078 2219 Virgilio
1100 2147 1184 2202 vel
1211 2146 1414 2213 Stacio,
1440 2145 1561 2203 Tito
1591 2146 1682 2202 Li-

78 2246 164 2300 vio
198 2243 301 2276 δ⁰⁹⁰
328 2243 415 2298 vel
441 2241 680 2312 Josepho
727 2240 1018 2295 invenirer.
1061 2238 1218 2307 Quod
1250 2239 1297 2294 si
1335 2239 1502 2294 etiam
1534 2239 1684 2295 sufﬁ-

78 2352 285 2402 cerem,
335 2349 448 2390 non
473 2342 618 2389 esset
653 2333 784 2388 tibia
822 2333 962 2388 tanti
984 2332 1097 2387 ⁸⁸⁸³.
1137 2331 1318 2388 Minus
1347 2332 1494 2387 enim
1537 2341 1684 2387 esset

79 2429 182 2483 hoc
231 2441 428 2498 Opere,
470 2435 692 2496 propter
726 2425 874 2496 quod
911 2425 994 2494 ﬁt,
1029 2439 1186 2496 opus.
1243 2422 1348 2480 Sed
1387 2439 1487 2480 nec
1529 2433 1681 2494 puto,

78 2534 202 2574 eum
235 2518 447 2583 solum,
476 2516 573 2586 qui
598 2516 705 2570 hoc
735 2515 875 2571 bene
902 2516 1208 2586 perliceret,
1240 2515 1424 2570 minus
1454 2515 1684 2570 laudan-

75 2611 208 2666 dum
263 2625 440 2682 quam
486 2623 680 2664 omnes
728 2623 825 2664 eos
873 2622 1108 2678 quorum
1145 2617 1297 2679 gesta
1327 2607 1546 2678 proprie
1590 2621 1686 2662 ex-

75 2701 401 2772 pressisset.
442 2697 550 2756 Sed
576 2714 726 2754 nunc
750 2698 921 2754 nichil
943 2699 1089 2753 aliud
1113 2713 1144 2753 a
1167 2713 1255 2753 me
1276 2705 1551 2769 expectes,
1578 2698 1686 2754 nisi

73 2795 230 2865 quod
273 2793 600 2849 summatim
649 2792 865 2863 singula
913 2791 1297 2863 perstringam,
1348 2806 1418 2847 ne
1466 2792 1686 2862 penitus

74 2897 272 2942 eterna
316 2886 598 2941 oblivione
647 2885 951 2940 deleantur.

151 2981 244 3038 17.
284 2979 370 3035 Eo
391 2979 559 3050 igitur
581 2985 844 3047 tempore,
866 2991 992 3031 cum
1020 2985 1240 3032 vacaret
1263 2976 1492 3032 ecclesia
1516 2976 1690 3032 sancti

1772 484 2015 554 positum
2062 485 2208 540 enim
2258 493 2450 541 contra
2493 485 2636 558 [ejus
2664 485 2782 562 ‘°”]
2824 488 3159 546 voluntatem
3189 490 3370 565 elege-

1771 583 1942 644 runt,
2007 577 2186 633 virum
2263 577 2503 634 nobilem
2584 579 2867 636 dominum
2932 580 3244 657 Lodoycum
3303 587 3374 646 de

1780 665 2139 738 Ysenburch;
2205 685 2332 726 cum
2386 685 2498 744 quo
2557 670 2787 728 Romam
2845 676 3060 748 magnis
3115 679 3375 748 expensis

1772 772 2096 834 pergentes,
2158 763 2367 821 litteras
2423 767 2754 837 apostolicas
2795 769 3098 827 retulerunt
3149 772 3376 830 domino

1774 854 2186 926 archiepiscopo
2235 873 2364 924 suae,
2391 858 2661 914 voluntati
2709 862 3033 919 contrarias.
3071 861 3222 931 Quas
3247 880 3378 921 cum

1774 947 2002 1003 domino
2050 949 2465 1022 archiepiscopo
2511 951 2568 1005 in
2616 951 2812 1006 sinodo
2842 952 3101 1009 residenti
3143 953 3378 1012 obtulis-

1775 1049 1919 1108 sent,
1974 1040 2093 1110 ipse
2138 1055 2205 1095 ex
2253 1042 2422 1099 animi
2471 1044 2841 1100 commotione
2891 1044 3042 1117 ipsas
3081 1045 3140 1101 in
3169 1055 3376 1102 terram

1774 1132 1989 1203 dejecit.
2044 1130 2200 1188 Unde
2243 1134 2386 1204 apud
2424 1136 2707 1193 dominum
2752 1154 2949 1210 papam
2998 1136 3379 1194 Innocentium

1775 1233 2088 1292 accusatus,
2125 1223 2194 1279 ab
2224 1223 2343 1294 ipso
2371 1235 2457 1282 est
2477 1237 2704 1285 vocatus
2730 1229 2795 1284 ad
2823 1229 2965 1285 diem
2987 1231 3374 1302 prescriptum.

1775 1314 1845 1370 Et
1871 1331 1998 1372 cum
2026 1314 2095 1372 ad
2127 1315 2272 1371 diem
2304 1330 2417 1370 non
2445 1319 2706 1387 venisset,
2753 1321 3052 1392 episc0pali
3076 1331 3160 1378 est
3201 1322 3379 1380 ofﬁcio

1777 1424 2102 1480 suspensus.
2132 1408 2260 1465 Haac
2287 1409 2431 1464 mala
2464 1411 2650 1466 omnia
2695 1425 2961 1470 venerunt
3003 1415 3170 1470 simul
3215 1430 3382 1487 super

1778 1503 1954 1571 illum,
1999 1511 2055 1558 et
2103 1504 2172 1558 de
2220 1503 2478 1559 omnibus
2508 1503 2596 1558 bis
2625 1503 2876 1560 liberavit
2917 1523 3044 1562 eum
3091 1507 3380 1566 Dominus.

1778 1595 2014 1652 Romam
2062 1597 2210 1653 enim
2261 1597 2490 1654 veniens
2537 1597 2734 1664 eﬂ'ecit,
2786 1599 2932 1669 quod
2974 1603 3142 1658 abbas
3194 1591 3385 1660 Sancti

1779 1685 2063 1744 Maximini
2085 1688 2455 1744 obedientiam
2493 1687 2544 1742 ci
2586 1690 2841 1758 promisit
2887 1699 2941 1746 et
2981 1691 3296 1762 juramento
3332 1691 3386 1750 ei

1705 1767 1754 1828 B
1781 1779 2098 1835 fidelitatem
2125 1777 2256 1834 fecit
2275 1785 2330 1832 et
2363 1778 2684 1834 electionem
2715 1780 3230 1838 Conﬁnentinorum
3258 1799 3385 1840 cas-

1782 1870 1925 1926 savit
1970 1869 2081 1942 (an.
2114 1869 2300 1940 1140).
2337 1867 2434 1926 His
2467 1869 2756 1941 absolutis,
2809 1874 2878 1929 ad
2909 1874 3167 1930 comitem
3197 1875 3392 1932 redea-

1781 1979 1928 2018 mus.

1855 2054 1942 2108 i9.
1984 2052 2180 2110 Comes
2208 2055 2394 2126 itaque
2422 2057 2481 2110 in
2510 2056 2782 2128 principio
2810 2057 2977 2131 hujus
3005 2060 3296 2118 discordias
3319 2076 3392 2119 ex

1782 2146 2084 2218 inproviso,
2139 2157 2436 2218 antequam
2489 2149 2714 2205 domino
2749 2166 2852 2207 suo
2899 2151 3218 2209 ﬁdelitatem
3254 2170 3392 2210 con-

1783 2240 2118 2308 tradixisset,
2153 2256 2277 2296 cum
2329 2240 2478 2296 mille
2519 2241 2838 2314 quingentis
2872 2243 3142 2300 militibus
3188 2244 3393 2302 Treve-

1783 2337 1933 2392 rensi
1969 2336 2368 2407 appropinquat
2421 2337 2669 2404 civitati;
2718 2345 2772 2392 et
2820 2336 3031 2394 Treviri
3073 2355 3184 2396 non
3231 2349 3396 2396 erant

1785 2429 2085 2500 premuniti
2110 2471 2124 2496 ,
2174 2423 2275 2484 nec
2319 2427 2464 2484 vallo
2515 2444 2618 2485 nec
2659 2445 2822 2484 muro
2872 2429 3053 2486 adhuc
3102 2431 3288 2500 cincti,
3339 2441 3397 2490 et

1785 2519 1947 2589 longa
1999 2533 2132 2589 pace
2185 2518 2330 2573 bello
2370 2519 2620 2586 dissueti,
2678 2525 2734 2574 et
2787 2519 2905 2590 ipse
2945 2520 3395 2592 archiepiscopus

1787 2610 1996 2676 aberat,
2033 2610 2089 2664 in
2114 2609 2266 2665 curia
2297 2609 2445 2682 regis
2469 2609 2729 2666 existens.
2775 2607 3160 2680 Potuissetque
3200 2611 3395 2669 civita-

1789 2713 1897 2760 tem
1923 2714 2053 2760 tunc
2085 2705 2318 2759 multum
2345 2719 2624 2776 gravasse,
2655 2703 2703 2759 si
2737 2701 2884 2759 Deus
2914 2703 3020 2760 hoc
3049 2705 3256 2761 malum
3281 2721 3396 2762 non

1789 2795 2094 2851 avertisset.
2149 2793 2256 2850 Sed
2309 2809 2500 2852 comes
2542 2793 2858 2850 Fridericus
2883 2794 2951 2851 de
2982 2793 3191 2852 Vianna
3241 2797 3393 2872 (705)

1789 2899 1920 2946 tunc
1969 2889 2109 2946 forte
2155 2887 2386 2946 fortuitu
2433 2898 2552 2947 erat
2603 2889 2660 2946 in
2705 2889 2942 2959 civitate,
2999 2900 3054 2946 et
3097 2905 3394 2947 occurrens

1787 2980 2142 3053 Namucensi,
2170 2983 2359 3039 multis
2383 2983 2836 3054 persuasionibus
2865 3000 2992 3038 eum
3037 2984 3215 3040 redire
3243 2981 3394 3053 fecit,
3493 3019 3495 3023 ς

77 3070 628 3144 Maximinipastore,
649 3073 932 3146 elegerunt
952 3074 1208 3129 monachi
1225 3075 1474 3130 abbatem
1497 3089 1690 3130 mona-
1725 3139 1756 3150 _
1791 3076 2175 3133 demonstrans
2210 3092 2466 3150 magnam
2510 3075 2627 3132 fore
2668 3076 2774 3147 ipsi
2821 3084 2877 3132 et
2903 3083 3223 3148 perpetuam
3254 3075 3392 3132 infa.

71 3180 216 3220 cum
293 3167 569 3236 quendam
631 3167 699 3222 de
759 3167 992 3224 ecclesia
1054 3166 1394 3234 Leodicensi,
1457 3166 1684 3224 fratrem
1716 3139 1759 3200 α
1792 3170 1983 3238 miam,
2014 3170 2061 3226 si
2091 3170 2220 3242 quid
2249 3171 2357 3226 tale
2389 3177 2586 3226 contra
2614 3169 2900 3225 dominum
2947 3185 3110 3225 suum
3139 3170 3392 3226 commit-

68 3258 445 3327 quorundam
507 3259 602 3329 qui
653 3259 966 3314 consiliarii.
1015 3269 1172 3314 erant
1212 3259 1427 3315 comitis
1474 3258 1684 3316 Namu—

65 3349 290 3417 censis,
325 3349 455 3406 ideo
479 3360 540 3407 ut
564 3351 784 3408 illorum
805 3351 1048 3408 consiliis
1099 3349 1282 3408 acrius
1330 3352 1388 3407 in
1441 3351 1684 3410 furorem

65 3458 244 3499 suum
322 3458 517 3499 comes
577 3443 776 3501 cotidie
828 3444 1234 3501 accenderetur.
1306 3444 1480 3512 Quem
1534 3443 1684 3518 (702)

62 3531 323 3589 Romam
359 3534 580 3606 magnis
609 3534 921 3607 sumptibus
951 3535 1236 3604 ducentes,
1265 3541 1457 3590 contra
1490 3535 1688 3591 volun-

63 3633 244 3682 tatem
276 3627 690 3698 archiepiscopi
718 3643 749 3682 a
778 3628 1002 3684 domino
1021 3644 1160 3699 papa
1180 3625 1498 3683 innocentia
1526 3629 1689 3683 bene-

55 3721 176 3776 dici
200 3719 479 3777 fecerunt
502 3721 555 3775 in
577 3721 868 3789 abbatem;
925 3729 981 3776 et
1028 3719 1178 3791 (705)
1227 3720 1528 3775 ammiratae
1565 3727 1694 3776 sunt

57 3816 252 3870 turbae
283 3814 364 3868 de
390 3823 506 3870 tam
534 3815 712 3869 subita
738 3830 920 3870 rerum
947 3814 1270 3880 mutatione,
1317 3813 1525 3870 scilicet
1547 3814 1696 3885 quod

55 3907 344 3962 Romana
370 3908 620 3962 aacclesia
658 3909 820 3963 talem
845 3916 1168 3978 tantumque
1197 3907 1377 3962 virum
1424 3915 1542 3976 tam.
1574 3923 1698 3978 gra-

55 4000 210 4055 viter
243 4000 598 4067 molestavit,
644 3999 739 4070 qui
767 4007 848 4054 tot
869 3999 1086 4055 labores
1115 4007 1301 4070 totque
1321 3999 1563 4070 pericula
1596 4015 1697 4070 pro

53 4090 185 4161 ipsa
247 4091 632 4158 sustinuerat,
676 4100 730 4146 et
757 4093 853 4162 qui
881 4104 995 4146 tam
1045 4107 1219 4163 nuper
1252 4093 1306 4146 in
1337 4099 1488 4146 tanta
1522 4091 1697 4163 gratia

53 4186 422 4254 apostolicae
449 4183 620 4239 ‘sedis
640 4185 940 4252 exstiterat,
989 4185 1084 4256 qui
1129 4193 1185 4240 et
1217 4200 1317 4255 pro
1363 4201 1501 4256 papa
1529 4184 1697 4241 Inno-

52 4278 263 4333 centio
328 4276 603 4333 Lothario
647 4278 762 4349 regi
808 4279 864 4332 in
895 4287 1105 4333 tantum
1154 4293 1213 4334 se
1263 4288 1592 4349 opposuerat
1641 4279 1698 4334 in

1792 3271 1952 3332 teret,
1974 3272 2264 3336 antequam
2283 3262 2527 3321 dominio
2543 3277 2644 3320 suo
2666 3263 3073 3330 renunciasset;
3104 3261 3393 3333 presertim

1795 3363 1987 3410 contra
2016 3355 2356 3425 majestatem
2385 3353 2593 3426 regiam
2616 3354 2722 3410 hoc
2747 3352 2884 3421 fore,
2917 3352 2964 3410 si
2985 3353 3394 3424 archiepiscopo

1795 3464 1864 3504 ex
1892 3447 2148 3504 mandato
2170 3446 2314 3518 regis
2341 3445 2397 3501 in
2419 3443 2573 3503 curia
2601 3445 2908 3502 comoranti
2930 3447 3136 3501 malum
3179 3443 3395 3516 aliquod

1796 3539 2040 3596 inferret.
2093 3537 2366 3594 Reversus
2422 3545 2608 3593 autem
2648 3552 2680 3591 a
2719 3535 2874 3592 curia
2926 3535 3390 3608 archiepiscopus.

1797 3633 2052 3688 omnibus
2083 3629 2260 3686 modis
2289 3629 2357 3684 ad
2381 3643 2573 3699 pacem
2603 3627 2748 3698 cepit
2773 3628 3025 3684 laborare
3065 3637 3120 3684 et
3143 3628 3395 3684 comitem

1797 3739 1829 3780 a
1852 3733 2006 3794 cepto
2046 3737 2304 3778 revocare
2347 3721 2552 3776 furore.
2578 3720 2671 3775 llle
2692 3730 2876 3776 autem
2903 3736 3001 3792 per
3023 3721 3396 3792 episcopatum

1798 3813 2069 3880 incendia,
2115 3812 2359 3882 rapinas,
2391 3809 2551 3866 cedes
2581 3812 2890 3866 exercebat.
2930 3809 3174 3868 Tandem
3221 3813 3392 3868 archi«

1800 3907 2091 3977 episcopus
2117 3900 2262 3974 cepit
2298 3917 2420 3958 sese
2465 3900 2770 3957 defendere.
2831 3899 2898 3955 Et
2949 3903 3081 3972 quia
3131 3919 3280 3957 nunc
3331 3902 3398 3958 ad

1801 3999 1965 4056 ﬁnem
1997 4013 2251 4071 propero,
2289 3997 2460 4052 multa
2485 3995 2879 4068 pertransiens,
2906 4010 3178 4051 summam
3221 4003 3395 4068 gesto-

1801 4109 1926 4152 rum
1951 4094 2094 4150 hanc
2115 4093 2331 4165 colligo.
2939 4099 2947 4105 ‘

1871 4185 1962 4240 20.
2005 4183 2217 4240 Rodolti
2265 4190 2506 4240 montem
2551 4180 2700 4255 (706)
2749 4181 2837 4239 bis
2879 4181 3052 4238 cinxit
3077 4190 3130 4238 et
3161 4182 3402 4239 secunda

1803 4277 2091 4335 obsidione
2110 4275 2401 4345 destruxit,
2435 4283 2682 4333 castrum
2709 4275 2937 4344 scilicet,
2975 4275 3123 4346 quod
3143 4274 3401 4332 omnibus

52 4371 463 4442 expedicione
506 4386 669 4440 supra
717 4370 881 4437 dicta,
925 4370 1073 4441 quod
1099 4369 1215 4441 ipse
1253 4370 1701 4444 archiepiscopus
1804 4371 1986 4427 modis
2006 4370 2374 4442 insuperabile
2392 4370 2697 4425 videbatur.
2725 4366 2939 4424 Novum
2962 4375 3228 4437 castrum,
3255 4370 3405 4438 quod

49 4473 112 4520 et
162 4481 277 4521 rex
329 4463 416 4519 ab
445 4463 677 4518 invicem
723 4477 834 4517 non
884 4477 1080 4518 sereno
1124 4462 1306 4517 animo
1341 4464 1705 4520 discesserant
1807 4464 2062 4522 Mercurii
2105 4479 2266 4520 mons
2306 4462 2507 4520 dicitur
2536 4461 2706 4536 (707),
2761 4461 3052 4530 ediﬁcavit,
3106 4462 3304 4517 timens
3333 4473 3399 4517 ne

52 4555 251 4628 (70.4).

1733 4551 1784 4610 D
1807 4557 2169 4614 Namucensis
2195 4566 2436 4614 montem
2464 4556 2618 4612 illum
2647 4564 2960 4628 occuparet,
2983 4555 3133 4628 quod
3159 4551 3320 4626 quasi
3343 4551 3397 4609 in

133 4649 240 4704 18.
314 4646 588 4702 Preterea
640 4655 882 4717 tempore
933 4645 1099 4716 hujus
1151 4661 1362 4716 guerraa
1423 4663 1546 4719 quae
1591 4657 1711 4705 erat
1811 4651 1976 4706 corde
1997 4659 2156 4706 terrae
2183 4665 2297 4706 suae
2324 4658 2460 4705 erat.
2510 4649 2889 4706 Mandersceat
2931 4658 3176 4706 castrum
3227 4644 3396 4715 (708).

48 4743 218 4799 inter
245 4740 755 4811 archiepiscopum
791 4747 844 4795 ct
865 4737 1139 4808 comitem,
1171 4737 1368 4795 fratres
1392 4741 1459 4796 de
1479 4743 1710 4800 ecclesia
1813 4749 2011 4797 natura
2038 4741 2145 4798 loci
2172 4740 2626 4810 munitissimum,
2649 4741 2794 4813 cepit
2812 4749 2869 4797 et
2890 4755 3066 4812 usque
3093 4738 3164 4796 ad
3189 4735 3399 4795 obitum

1405 4852 1640 4908 VARle
1680 4854 2088 4910 LECTIONES.

125 4951 247 4984 ⁶⁰⁸⁹
281 4961 669 5007 succumbere
691 4964 736 5001 c.
819 4944 912 4978 "9°
934 4943 1062 5000 Ivvo
1082 4961 1128 4999 c.
1157 4942 1224 5016 (ε.
1250 4944 1437 5015 corn).

1527 4945 1621 4977 “9‘
1661 4947 1908 5017 quwdam
1937 4947 2113 5003 deesse
2141 4946 2404 5003 videntur.
2473 4945 2575 5002 3⁸⁸⁸³
2613 4945 2756 5002 ἀθεεὶ
2783 4963 2831 5002 σε

1644 5034 1872 5092 ΝΟΤιΕ.

123 5132 322 5218 (Τίῳ)
369 5130 700 5218 Pe‘quarf.
735 5127 1303 5218 ZyllesiuszDefensio
1347 5129 1575 5188 abbatis:
1603 5132 1706 5187 im-

35 5202 327 5282 perialis
369 5202 844 5282 SnuMavximinLc.
872 5203 924 5258 5.

159 5278 286 5332 701
382 5271 474 5328 Cf.
519 5273 663 5346 Virg.
702 5274 829 5328 [Et].
865 5291 939 5340 vt,
981 5273 1106 5328 261.

125 5276 352 5423 (70⁸2)-
385 5341 680 5423 Sigerum;
731 5346 818 5423 cui
864 5343 1106 5400 innocen‘

91 5497 210 5550 ist.
259 5487 315 5555 I;
361 5503 431 5556 ι).
462 5487 584 5542 545.

155 5561 323 5630 705)
367 5555 510 5630 ᾘυο
551 5557 783 5630 pertinet
825 5557 1051 5630 epistola
1102 5557 1204 5613 179
1259 5558 1315 5613 S.
1341 5559 1614 5630 “Bernardi
1654 5575 1706 5615 a.

27 5638 60 5694 1
76 5628 212 5692 140
244 5628 518 5696 soripta,
542 5644 649 5696 qua
672 5628 954 5700 Alberonis
975 5638 1152 5698 partes
1175 5631 1316 5700 apud
1339 5629 1712 5686 Innocentium

25 5709 84 5764 ιι
127 5715 400 5775 ρεηὲῳ
452 5707 650 5775 tuetur.
691 5697 944 5775 Ejusdem
976 5697 1310 5775 argumenti
1360 5711 1443 5775 est
1485 5702 1713 5775 epistola

32 5725 84 5764 ιι
173 5725 400 5775 εμμιιι
452 5725 650 5752 ιυυιυϊ.
691 5725 944 5766 υιιιδυειιι
1005 5725 1310 5769 ειι·ξ.ςυιιιι;11ιι
1360 5725 1443 5755 (351,
1485 5725 1707 5772 cpistola

32 5725 196 5838 i88.
253 5769 504 5830 an‘r.
539 5768 688 5834 Quas
736 5768 855 5826 vide
885 5787 972 5842 ap.
1021 5769 1310 5828 Hontheim
1375 5771 1513 5829 Hist.
1562 5772 1602 5840 Ι,
1652 5790 1707 5844 p.

385 5341 680 5416 Sigeruin;
731 5346 818 5398 cui
864 5343 1211 5400 innocentius
1260 5360 1497 5416 papaia.
1548 5345 1705 5401 1140.

77 5415 406 5489 ι’ῐνὶιεέζίει
457 5415 949 5489 etdimmunitatem
999 5417 1376 5486 conﬁrmavit;
1421 5415 1708 5473 l-lontheim

1887 5203 2034 5276 (704)
2073 5202 2160 5276 gr.
2190 5202 2354 5276 Gesta
2375 5209 2534 5260 metr.
2565 5219 2620 5260 v.
2653 5203 2760 5260 140
2785 5218 2904 5276 sqq.

1913 5273 2036 5346 705)
2079 5274 2361 5346 Yiandem.
2834 5273 2885 5346 ’ξ
3067 5345 3079 5346 γ
3312 5345 3319 5346 γ
3451 5325 3458 5328 .

1913 5343 2037 5428 706)
2085 5345 2450 5428 lludolfsberg
2497 5363 2630 5428 arx
2676 5357 2795 5428 erat
2833 5343 3399 5428 _Luxemburge‘nsis,

1817 5415 2057 5490 Treviris
2089 5417 2230 5472 haud
2250 5415 2465 5490 procul
2480 5419 2670 5474 dissita
2699 5421 2779 5490 ad,
2800 5419 2974 5490 ripam
3009 5415 3402 5490 Sartefyvvr'r,

1818 5488 2118 5564 Boulmont
2155 5489 2374 5564 dicitur,
2410 5489 2714 5564 .iiinrtheim
2761 5489 2804 5560 1,
2849 5488 2979 5564 pag.
3025 5490 3161 5558 554;
3201 5488 3403 5544 Rodul-

1818 5562 2036 5630 ﬁsberg,
2066 5559 2309 5616 Gunther
2333 5559 2374 5626 I,
2405 5576 2459 5630 p.
2491 5561 2616 5617 556.

1892 5630 2040 5760 (707)
2076 5630 2404 5702 Montmédy.

1892 5705 1907 5760 ί
1915 5703 2016 5760 708
2076 5701 2404 5760 Μειηιιθιοεοιιι

1891 5701 2038 5778 (708)
2076 5701 2504 5760 Manderscheid.
