3902 6286
694 272 720 329 1
731 270 837 331 527

1387 264 1614 324 GESTA
1652 258 2345 322 TREVER.-—APPEND.
2388 256 2612 314 GESTA
2656 255 3039 316 ALBERONIS
3073 260 3253 321 ARCH.
3647 291 3716 354 ω

692 404 860 450 suum
904 385 1148 444 retinuit.
1201 381 1528 439 Gerlandam
1588 379 1761 453 (-709),
1810 378 2093 436 Zolveram
2137 374 2284 449 (710)
2315 375 2361 433 Α
2388 371 2731 427 municiones
2797 371 2916 441 ejus
2977 372 3192 432 domnus
3245 377 3583 460 archiepiscopus
3621 406 3719 459 om

691 485 856 557 cepit,
906 489 960 536 et
1006 480 1075 534 50
1123 476 1457 532 munitiones
1503 473 1721 529 comitis
1773 470 2133 528 Namucensis
2194 475 2289 524 aut

691 577 836 649 cepit
873 581 969 628 aut
999 569 1284 627 destruxit.
1344 566 1711 638 Epternacnm
1757 579 1976 636 quoque
2029 561 2189 634 cepit,
2230 561 2287 616 in

688 683 804 742 quo
824 680 1008 723 comes
1030 663 1281 718 militiam
1306 670 1487 717 tenere
1511 660 1735 716 solebat.
1762 658 1867 715 Sed
1892 658 2033 715 inter
2054 656 2287 726 primam

688 770 746 817 et
787 757 1083 815 secundam
1121 754 1340 811 Rodnlfi
1369 754 1572 809 montis
1607 751 1953 808 obsidionem
1977 749 2119 805 bello
2155 763 2288 805 con-

690 852 865 923 gressi
931 858 1060 908 sunt
1123 848 1569 919 archiepiscopus
1626 854 1681 902 et
1743 859 1927 901 comes
1985 844 2039 898 in
2097 848 2286 913 aperto

687 962 904 1017 campo.
938 943 1096 1013 Quod
1129 944 1237 999 tale
1276 941 1397 997 fuit.
1435 940 1573 996 Cum
1622 940 1802 1010 primo
1844 936 2287 1009 archiepiscopus

688 1038 904 1094 Rodolli
979 1046 1221 1093 montem
1290 1034 1629 1101 obsedisset,
1696 1048 1882 1089 comes
1949 1030 2287 1087 Palaciolum

689 1132 915 1199 invasit,
957 1140 1012 1188 et
1060 1132 1239 1204 ignem
1284 1131 1338 1184 in
1373 1128 1661 1185 ecclesiam
1710 1137 1913 1183 sancta:
1960 1124 2145 1180 Mariae
2201 1124 2288 1179 in-

682 1224 917 1295 jiciens,
954 1223 1324 1278 municionem
1370 1237 1590 1293 quoque
1625 1216 2019 1290 archiepiscopi
2042 1232 2289 1274 cremare

689 1314 961 1385 sperabat.
1008 1312 1141 1381 Quze
1175 1313 1321 1368 fama
1354 1328 1478 1369 cum
1527 1310 1596 1367 ad
1639 1310 2113 1381 archiepiscopum
2162 1323 2287 1379 per-o

686 1404 949 1471 venisset,
974 1403 1258 1459 obsidione
1281 1403 1480 1470 soluta,
1508 1410 1622 1457 tota
1645 1409 1804 1456 nocte
1832 1398 2143 1471 properavit
2160 1413 2286 1454 cum

665 1484 895 1552 'milicia
930 1513 1049 1565 sua,
1090 1505 1153 1553 ut
1198 1497 1475 1568 inproviso
1520 1496 1668 1551 hosti
1709 1494 2138 1565 superveniens,
2198 1493 2286 1548 in-

688 1589 912 1661 opinato
927 1598 1134 1646 terrore
1156 1605 1427 1648 concusso
1441 1606 1570 1647 suas
1591 1591 1735 1646 vires
1746 1590 2075 1646 ostenderet.
2088 1588 2287 1645 Comes

688 1699 821 1741 vero
866 1701 964 1757 per
1015 1687 1388 1755 exploratores
1436 1685 1556 1757 ejus
1602 1684 1941 1756 presentiens
1991 1684 2285 1740 adventum

690 1778 1107 1849 archiepiscopi,
1164 1780 1220 1834 in
1270 1778 1454 1851 fugam
1498 1794 1816 1846 conversus,
1873 1786 2034 1834 nocte
2080 1778 2171 1833 illa
2229 1778 2286 1834 in

687 1870 874 1927 villam
921 1872 1161 1943 episcopi
1206 1871 1459 1928 Witelich
1497 1888 1555 1929 se
1588 1873 1831 1944 recepit;
1869 1888 2043 1947 equos
2088 1880 2143 1928 et
2188 1873 2291 1927 ho—

688 1964 867 2019 mines
908 1964 1131 2020 rcficere
1162 1965 1372 2034 volens,
1413 1975 1468 2021 et
1502 1967 1671 2022 nichil
1720 1967 2055 2037 repperiens,
2103 1966 2290 2022 villam

688 2063 860 2111 totam
904 2058 1315 2125 concremavit;
1365 2066 1421 2114 et
1463 2059 1591 2115 inde
1643 2058 1938 2127 transiens,
1984 2074 2110 2115 cum
2134 2059 2292 2130 juxta

686 2149 963 2204 abbatiam
988 2166 1111 2220 qua:
1134 2151 1451 2207 Claustrum
1474 2151 1675 2206 dicitur
1699 2151 1846 2223 (711)
1874 2167 2109 2222 pausare
2131 2150 2294 2208 vellet

684 2247 741 2293 ct
754 2254 950 2309 panem
970 2239 1604 2311 frangeret—famelicus
1624 2241 1772 2297 enim
1791 2251 1998 2311 erat—,
2020 2243 2293 2299 exercitus

686 2332 1085 2403 archiepiscOpi
1109 2333 1225 2404 jam
1258 2333 1362 2389 sibi
1392 2333 1663 2390 inminere
1689 2336 2191 2405 prenunciabatur;
2240 2346 2296 2393 et

683 2421 804 2493 ipse
833 2424 1094 2480 velociter
1128 2441 1255 2481 cum
1282 2426 1399 2482 suis
1429 2424 1615 2499 fugam
1644 2426 1935 2497 arripiens,
1967 2428 2187 2483 cuidam
2228 2428 2297 2485 de

681 2514 951 2573 fratribus
990 2518 1058 2573 ad
1084 2533 1143 2575 se
1172 2527 1368 2575 vocato
1400 2534 1498 2590 per
1527 2520 1929 2591 adjurationem
1981 2530 2296 2579 contestans

684 2605 944 2679 injunxit,
993 2620 1053 2666 ut
1102 2611 1518 2683 archiepiscopo
1549 2628 1609 2669 se
1636 2613 1946 2685 insequenti
1990 2614 2092 2671 hec
2130 2615 2295 2671 verba

682 2701 951 2757 referret:
998 2703 1141 2759 Deus
1186 2722 1289 2759 non
1339 2705 1609 2762 mliorem
1663 2707 1804 2763 diem
1846 2707 1925 2763 vel
1973 2717 2177 2763 noctem
2222 2710 2274 2763 ei

688 2793 901 2850 scilicet
928 2796 1364 2869 archiepiscopo,
1393 2801 1669 2881 concedat,
1712 2817 1870 2873 quam
1903 2802 2035 2856 duos
2085 2803 2196 2857 dies
2241 2779 2297 2865 εξ

686 2887 824 2942 duas
852 2897 1026 2945 noctes
1056 2892 1301 2946 continue
1329 2891 1511 2947 habui.
1563 2892 1669 2958 Qui
1707 2910 1829 2948 cum
1859 2894 2063 2950 duobus
2114 2894 2297 2950 diebus

677 2980 1055 3052 jejunaverim,
1080 2986 1242 3039 etiam
1268 2986 1424 3040 tertio
1451 2987 1538 3041 die
1559 2986 1802 3058 pauxillo
1829 2989 1983 3058 panis
2007 3004 2090 3043 me
2114 2986 2298 3043 vellem

682 3073 1005 3144 refocillare,
1054 3076 1118 3131 ab
1164 3094 1224 3132 eo
1249 3094 1353 3133 non
1409 3095 1526 3134 sum
1578 3080 1886 3149 permissus.
1934 3080 2291 3153 Consequens

682 3181 818 3239 ergo
876 3170 1328 3242 archiepiscopus
1390 3171 1691 3240 comitem,
1748 3187 1877 3227 cum
1931 3187 1998 3228 eo
2052 3188 2292 3244 pugnam

683 3275 871 3316 acrem
897 3262 1197 3319 commisit.
1227 3263 1537 3335 Comesqne
1571 3274 1721 3335 terga
1749 3272 1989 3331 vertens,
2026 3264 2293 3321 benetlcio

684 3355 889 3411 velocis
925 3357 1053 3428 equi
1098 3357 1189 3412 vix
1232 3358 1467 3427 aufugit,
1520 3372 1749 3413 suorum
1796 3358 2050 3427 plurimis
2093 3358 2290 3429 captis,

684 3448 876 3505 multis
923 3449 1091 3504 etiam
1149 3450 1312 3505 cesis.
1399 3449 1639 3520 Indeque
1709 3450 2156 3522 archiepiscopus
2223 3452 2291 3508 ad

684 3540 899 3598 Rodolﬁ
955 3554 1197 3599 montem
1252 3552 1556 3610 revertens,
1615 3552 1675 3598 ut
1726 3559 1892 3614 supra
1941 3545 2149 3602 dictum
2184 3557 2288 3617 est,

683 3632 961 3690 destruxit
1017 3634 1147 3705 (an.
1190 3635 1426 3707 11441).
1484 3634 1729 3692 Tandem
1788 3651 1975 3694 comes
2032 3639 2291 3698 omnibus

682 3726 895 3782 viribus
915 3727 1195 3795 deficiens,
1244 3744 1343 3800 per
1385 3743 1567 3802 regem
1626 3727 1961 3796 Conradum,
2015 3730 2070 3785 in
2121 3747 2290 3803 expe-

681 3819 947 3876 ditionem
964 3820 1465 3878 Jerosolimitanam
1490 3830 1622 3878 tunc
1643 3822 1871 3889 iturum,
1898 3832 2030 3893 aput
2048 3824 2286 3895 Spiram,

681 3911 918 3985 gratiam
962 3913 1169 3970 domini
1192 3914 1592 3987 archiepiscopi
1624 3930 1825 3987 magno
1853 3915 2038 3971 labore
2072 3916 2289 3973 multis-

679 4020 790 4076 que
811 4006 1099 4062 conatibus
1133 4007 1438 4078 requisivit,
1486 4016 1541 4063 ct
1569 4023 1697 4063 cum
1730 4023 1927 4080 magna
1975 4008 2290 4066 difﬁcultate

679 4093 1024 4166 impetravit;
1053 4096 1420 4169 jurisjurandi
1452 4098 1717 4170 religione
1750 4098 2107 4169 confirmans,
2135 4101 2288 4172 quod

678 4205 783 4261 pro
831 4192 935 4249 hac
982 4207 1152 4249 causa
1206 4201 1399 4250 contra
1429 4194 1721 4252 ecclesiam
1768 4193 2161 4252 Treverensem
2221 4196 2289 4253 de

677 4293 862 4341 cetero
915 4302 1068 4342 arma
1128 4288 1442 4344 nullatenus
1496 4287 1699 4356 ferret,
1754 4296 1810 4344 et
1856 4289 2003 4360 quod
2070 4287 2288 4346 Rudolﬂ

677 4385 923 4433 montem
955 4395 1059 4434 nec
1080 4379 1420 4436 reedificaret
1445 4396 1550 4437 nec
1585 4380 1889 4438 reedificari
1926 4383 2283 4454 permitteret,

678 4478 735 4525 et
776 4470 924 4540 quod
970 4470 1346 4528 Mandersceat
1375 4489 1660 4545 nunquam
1714 4490 1815 4546 per
1846 4474 1957 4531 vim
1987 4476 2073 4533 vel
2100 4485 2284 4533 extor-

677 4560 893 4617 sionem
942 4563 1182 4634 aliquam
1232 4573 1499 4633 repeteret
1543 4565 1691 4637 (712)
1740 4565 1851 4637 (an.
1906 4566 2077 4634 1146,
2125 4567 2277 4637 Dea,

675 4651 840 4724 1147,
866 4653 1043 4728 lam).
1088 4654 1455 4728 Epternacum
1484 4671 1615 4713 vero
1659 4665 1715 4715 et
1751 4667 1928 4715 cetera
1958 4669 2140 4717 castra
2168 4662 2283 4719 sive

2388 465 2640 535 reddidit,
2678 474 2732 520 et
2759 464 2826 520 de
2872 464 3150 533 beneﬁciis,
3189 484 3293 540 quae
3315 473 3360 528 in
3383 491 3720 551 momentum

2388 559 2623 632 plurima
2652 566 2901 614 tenuerat
2927 558 2991 613 ab
3043 559 3250 617 ecclesia
3281 562 3546 639 Trevereusi,
3575 581 3720 654 κώφ-

2390 668 2590 726 scopus
2602 669 2665 709 ea
2680 652 2914 708 reddidit
2938 668 3053 723 qum
3073 662 3287 725 tempore
3308 658 3439 729 hujus
3458 664 3649 727 discordia

2390 761 2501 802 non
2536 746 2759 802 dederat
2781 744 3099 801 fautoribus.
3131 743 3305 817 Sicque
3323 759 3369 804 et
3384 752 3582 812 abbatiam
3602 762 3723 822 obtinui

2390 848 2444 895 et
2478 839 2545 895 de
2586 838 2785 895 comite
2825 838 3111 913 gloriosam
3158 839 3414 898 victoriam.
3458 844 3550 903 Post
3584 850 3647 908 hoc
3675 858 3753 914 ὼ

2390 948 2609 1005 quoque
2639 934 2810 989 multa
2843 931 3083 1005 perfecit.

2458 1028 2548 1082 21.
2592 1028 2762 1083 Arraz
2795 1027 2942 1083 enim
2974 1035 3200 1083 castrum
3223 1042 3362 1084 suum
3399 1045 3534 1089 comes
3555 1034 3726 1098 Fridericu

2351 1124 2358 1132 '
2390 1121 2458 1177 de
2485 1119 2719 1188 Vianna,
2747 1137 2873 1177 cum
2905 1122 3066 1177 unius
3086 1122 3240 1178 turris
3259 1125 3727 1205 custosabarchiepiscqn

2389 1224 2535 1271 esset
2560 1214 2891 1271 constitutus
2921 1215 3087 1288 (715),
3117 1224 3277 1271 totum
3315 1218 3399 1273 sibi
3441 1236 3680 1292 usurparent,
3702 1238 3728 1283 ει

2390 1309 2612 1379 rapinas
2641 1308 2845 1365 multas
2877 1308 2933 1363 in
2964 1306 3177 1363 flumine
3205 1307 3397 1365 Mosella
3418 1314 3624 1369 exercebat
3650 1316 3728 1382 Qud

2391 1403 2590 1461 iterum
2613 1418 2969 1474 recuperans,
2992 1402 3231 1458 comitem
3259 1401 3522 1459 Fridericnm
3537 1404 3615 1460 inde
3637 1409 3726 1476 cient

2339 1500 2348 1507 '
2388 1497 2521 1554 Post
2572 1497 2676 1553 hec
2727 1496 2911 1553 omnia
2973 1495 3197 1551 multum
3253 1495 3496 1552 exhaustus
3530 1496 3588 1531 “"
3615 1508 3730 1570 prope

2391 1604 2619 1663 magnas
2667 1598 2724 1646 et
2767 1590 2952 1647 varias
2992 1604 3247 1661 expensas
3271 1604 3387 1660 quas
3409 1589 3730 1661 ingumfeemt,

2389 1702 2579 1759 pacem
2606 1686 2676 1742 de
2702 1693 2885 1742 cetero
2920 1684 3143 1751 habuit;
3183 1682 3301 1754 quia
3333 1693 3435 1753 post
3457 1683 3528 1737 hec
3553 1682 3732 1737 mobilia

2392 1780 2574 1851 ipsum
2638 1780 2908 1836 lacessere
2961 1776 3321 1849 attemptavit;
3366 1787 3410 1830 et
3454 1775 3609 1845 plurima
3642 1779 3730 1829 ea»

2388 1872 2716 1943 recolligens
2739 1913 2755 1940 ,
2813 1870 3079 1941 palatium
3128 1883 3279 1925 suum
3322 1879 3369 1922 et
3408 1865 3539 1922 omnia
3567 1876 3730 1920 castum

2390 1964 2564 2022 multo
2598 1964 2727 2036 vino
2752 1971 2807 2019 et
2829 1963 3079 2018 omnium
3122 1959 3402 2017 victualium
3438 1972 3572 2029 genere
3597 1956 3729 2024 implut

2391 2072 2482 2124 ne,
2526 2055 2718 2127 siquis
2748 2070 2876 2111 eum
2910 2054 3113 2110 iterum
3163 2050 3348 2123 injuria
3383 2048 3508 2119 aliqua
3540 2054 3729 2117 provocat.

2392 2150 2676 2222 inparatus
2699 2147 3057 2204 inveniretur.

2464 2243 2556 2298 22.
2597 2241 2657 2298 In
2713 2242 2908 2298 diebus
2962 2240 3077 2296 illis
3128 2236 3301 2308 (1147)
3355 2233 3553 2305 contigit,
3590 2227 3735 2285 domina

2393 2336 2699 2408 Eugenium
2751 2349 2949 2406 papam
3007 2332 3064 2387 in
3109 2330 3372 2386 Franciam
3409 2326 3569 2385 venire;
3609 2322 3658 2375 cui
3683 2322 3736 2387 ipse

2394 2428 2722 2485 Proviniaco
2753 2426 2900 2498 (714)
2935 2440 3067 2481 cum
3110 2421 3424 2479 occurrisset.
3442 2414 3581 2487 pascha
3600 2411 3736 2477 conf“

2395 2523 2650 2580 Parisius
2698 2519 2999 2578 celebravit
3026 2518 3176 2589 (Apr.
3208 2515 3312 2585 20),
3340 2522 3387 2568 et
3424 2511 3480 2565 ibi
3516 2506 3736 2599 tu

2396 2615 2681 2691 privilegia
2719 2623 2776 2670 et
2812 2614 2879 2670 de
2901 2612 3145 2685 primatu
3188 2605 3418 2665 aacclesie
3437 2598 3621 2694 sumet

2398 2686 2574 2765 sancti
2602 2686 2898 2761 iMaximini
2926 2701 3243 2759 renovando
3269 2694 3498 2754 roboravit
3516 2692 3629 2762 (ili);
3654 2686 3739 2751 ibit!

2401 2818 2432 2858 a
2455 2800 2680 2857 domino
2710 2815 2851 2871 papa
2885 2806 2941 2854 et
2987 2814 3024 2854 a
3062 2810 3189 2868 rege
3211 2791 3426 2849 Francia:
3458 2785 3740 2873 Lodoycoaltioi

2402 2895 2602 2951 comite
2652 2869 2969 2948 Theohaldo
3031 2887 3201 2962 (716)
3249 2884 3388 2941 valde
3428 2875 3641 2935 docentibus
3670 2869 3742 2922 ei

2402 2986 2706 3042 honoratus
2727 2993 2831 3041 est.
2857 2982 3101 3054 Indeque
3124 2990 3431 3042 recessurus,
3452 2968 3741 3031 domintum

2400 3081 2469 3137 ad
2515 3080 2741 3136 domum
2773 3092 2933 3134 suam
2962 3074 3232 3132 invitavit.
3281 3069 3506 3127 Clericnm
3525 3065 3744 3149 quoque?

2395 3173 2523 3229 dam
2572 3170 2885 3227 Baldricum
2933 3168 3161 3225 nomine
3205 3160 3364 3236 (717),
3409 3154 3744 3249 imm“?

2394 3267 2711 3337 episcopatu
2761 3260 3090 3319 Leodicensi
3138 3232 3223 3316 exi
3242 3232 3439 3314 castello
3471 3238 3673 3303 Ποτὶιιωεί
3684 3232 3747 3337 mf

2394 3334 2600 3425 ortum,
2631 3371 2759 3411 cum
2782 3352 3089 3410 audivisset
3118 3350 3174 3405 in
3209 3347 3355 3406 curia
3378 3336 3532 3399 domini
3550 3334 3748 3405 μνωαα

2392 3450 2663 3507 dicentem
2712 3457 2767 3504 et
2817 3462 2946 3518 sepe
2989 3444 3240 3517 apposite
3295 3441 3586 3511 perorantem.
3616 3428 3750 3518 569"

2391 3543 2639 3600 Parisius
2674 3511 2957 3597 Treverim
2998 3511 3248 3599 adduxit.
3290 3541 3340 3589 ει
3363 3511 3751 3619 magisnth

2392 3639 2449 3695 in
2475 3638 2641 3694 domo
2679 3635 2855 3693 sancti
2886 3632 3044 3689 Petri
3078 3628 3386 3693 constituit;
3438 3632 3481 3678 et
3506 3610 3753 3687 quammul-

2389 3730 2548 3788 valde
2591 3744 2720 3785 eum
2761 3742 2958 3785 carum
2985 3734 3042 3782 et
3066 3722 3379 3781 familiarem
3403 3709 3568 3808 Ιηξυίεο

2390 3823 2681 3894 interjecto
2725 3830 2970 3892 tempore
3016 3817 3293 3889 prodictus
3340 3826 3423 3867 rex
3457 3785 3757 3894 Fmdff‘“:

2391 3880 2692 3972 Thedbaldi
2742 3880 2962 3970 comitis
3007 3880 3296 3966 licini-iens
3336 3897 3569 3958 transitum
3602 3880 3757 3942 nm

2390 4025 2489 4081 per
2537 3986 2726 4064 villam
2768 4005 2948 4062 sancti
2998 4001 3260 4059 Arnualis
3312 3993 3478 4067 (719);
3523 3974 3759 4088 llum

2388 4101 2838 4173 archiepiscopus
2864 4097 3170 4169 presciens,
3192 4088 3450 4150 servilium
3474 4070 3756 4175 utriqttefw'fJ

2386 4205 2501 4252 tam
2550 4148 2765 4268 grande
2789 4200 2844 4247 et
2866 4148 3001 4246 rtam
3057 4183 3397 4259 magniﬁcum
3446 4148 3759 4268 transumit}:

2387 4289 2522 4361 ipsis
2550 4252 2661 4345 hec
2700 4282 3106 4358 prescientibus
3126 4296 3192 4338 ex
3223 4272 3473 4349 inproviso
3495 4266 3591 4323 dum
3606 4252 3756 4310 οσιπα·

2386 4382 2544 4440 valde
2568 4389 2696 4438 sunt
2725 4376 3022 4436 ammirati.

2309 4487 2363 4547 ι)
2457 4478 2548 4534 25.
2589 4475 2795 4532 Eodem
2819 4487 2952 4531 vero
2973 4484 3143 4539 anno,
3171 4463 3427 4525 dominica
3450 4468 3538 4528 qua
3553 4420 3758 4547 animi

2389 4578 2443 4627 te
2471 4569 2679 4636 levavi,
2728 4567 2967 4624 domnus
3000 4579 3147 4637 papa
3184 4530 3761 4657 Eugeniuswmfﬁiﬁ

2390 4665 2563 4735 sicut,
2586 4626 2849 4718 invitatus
2883 4676 2916 4716 a
2968 4626 3197 4715 domino
3240 4626 3589 4718 archiepiscopo
3621 4626 3726 4683 ίικηίν

1994 4774 2227 4832 νΑιιΙιΕ
2268 4775 2672 4837 LECTIONES.

750 4862 847 4897 ⁸⁸³⁸
883 4864 1157 4921 exhantus
1188 4882 1234 4919 ε.

2217 4962 2453 5023 NOTAE.

776 5052 898 5110 709)
937 5052 1110 5110 Cuius
1141 5050 1307 5107 situm
1338 5065 1500 5106 nemo
1520 5050 1744 5107 indicat.

776 5053 877 5110 709
937 5053 1110 5109 Cu'us
1141 5053 1307 5107 situm
1338 5065 1500 5106 nemo
1520 5053 1744 5107 indicat.

749 5053 898 5195 l7“);
941 5069 1331 5195 Vulgonolver
1353 5123 1581 5195 dictum,
1628 5122 1684 5176 in
1730 5122 2005 5180 territorio
2044 5124 2277 5183 ducatus

676 5194 1209 5267 Lu'xembnrge’nsis,
1264 5202 1498 5267 quatuor
1554 5194 1740 5267 leucas
1792 5203 1845 5250 et
1902 5195 2183 5251 dimidiam
2238 5213 2268 5251 a

677 5264 1079 5338 Luxemburgo
1118 5264 1323 5338 situm.
1392 5264 1569 5338 Supra
1630 5265 1864 5338 collem,
1902 5267 2107 5338 rhodie
2179 5269 2278 5323 der

677 5335 1082 5407 Zollwerknopf
1100 5337 1327 5401 dictum,
1375 5336 1505 5391 olim
1542 5336 1719 5407 hujus
1761 5336 1981 5393 familia:
2033 5347 2274 5394 castrum

674 5408 962 5472 existebat,
986 5406 1143 5478 cujus
1184 5407 1346 5464 hodie
1388 5406 1681 5478 nequidem
1708 5409 1906 5465 rudera
1932 5409 2017 5464 vel
2046 5409 2274 5466 minima

672 5487 912 5537 exstant.
952 5478 1149 5535 Wv'r'r.

747 5550 911 5623 (7ll)_
942 5548 1533 5623 Seilice_t_llimmerode
1552 5550 1675 5623 ;_cf.
1707 5551 1998 5610 Alberonis
2023 5554 2273 5610 chartam

673 5637 726 5693 a.
759 5620 941 5689 1158,
989 5637 1076 5693 ap.
1131 5620 1331 5678 Honth.
1387 5621 1526 5679 Hist.
1570 5621 1610 5689 Ι,
1660 5639 1715 5693 p.
1765 5623 1907 5680 559:
1953 5644 1970 5678 ‹
2013 5633 2066 5681 et
2087 5625 2285 5681 locum.

672 5692 829 5775 illum
842 5692 1174 5775 Elaustrum
1196 5693 1456 5775 appellari
1486 5692 1759 5775 fecimus._
1786 5712 1803 5745 ι

747 5762 898 5837 (712)
936 5762 1005 5820 ν.
1045 5762 1282 5823 Conradi
1317 5765 1463 5836 regis
1484 5764 1723 5837 diploma
1745 5766 1848 5823 hac
1874 5767 1941 5824 de
1969 5785 2029 5825 re
2056 5768 2264 5839 datum,

2383 5055 2678 5113 Hontheim
2702 5054 2843 5111 Hist.
2877 5055 2929 5121 1,

2456 5055 2678 5112 »ηῐὶιθίηι
2702 5054 2843 5138 Hist.
2877 5055 2929 5121 1,
2960 5068 3013 5124 p.
3038 5052 3169 5108 554.
3493 5142 3505 5154 .
3539 5109 3639 5159 cum
3656 5091 3763 5160 ὧρ-

2456 5127 2604 5210 (ηρ)
2733 5127 2985 5210 diploma
3006 5125 3114 5210 hac
3135 5122 3283 5210 dere
3307 5116 3474 5173 datum
3508 5124 3536 5163 ιι

2388 5191 2477 5272 ap‘.
2512 5191 2821 5254 Hontheim'
2837 5197 2975 5253 Hist.
3007 5194 3048 5264 l,
3081 5210 3139 5265 p.
3176 5191 3299 5250 557.

2454 5271 2602 5326 (714)
2642 5269 2892 5324 Provins.

2479 5272 2581 5326 714
2642 5271 2892 5324 Provins.

2451 5271 2602 5414 l7”;
2642 5340 2870 5413 Eugenii

2487 5292 2581 5326 “4
2642 5292 2892 5353 rruvurs.
3178 5338 3191 5349 .
3601 5316 3610 5327 .

2478 5292 2602 5413 715)
2642 5340 2870 5413 Eugenu
2903 5339 3107 5397 bullam
3139 5336 3263 5393 vide
3289 5333 3421 5406 apud
3438 5322 3648 5385 lionthctm

2376 5430 2433 5486 p.
2462 5415 2587 5472 556.

2480 5486 2601 5551 7l6)
2639 5484 2905 5551 Blesensi,
2939 5481 3269 5539 Carnotensi
3292 5496 3353 5536 ac
3377 5476 3595 5533 TrecenSlo

2480 5555 2603 5629 717)
2642 5556 2795 5629 [ΛΜ-ἱ
2822 5557 2988 5629 hujus
3012 5555 3358 5625 scriptorem.

2478 5627 2600 5685 718)
2640 5627 2909 5685 Florines.

2474 5697 2597 5771 719)
2636 5698 2694 5757 In
2725 5697 3096 5771 Lotharingia.
