3956 6288
48 358 174 426 1329

699 350 929 420 casm
964 336 1694 418 Tamsa'L—"Aprssn'.
1737 352 1962 421 essm
2004 350 2398 425 ALBERONIS
2434 352 2644 421 Anon.

3166 369 3304 428 l550

46 479 257 539 sabbato
310 469 472 549 (Nov.
502 472 595 548 29)
648 483 775 532 ante
826 476 1128 548 predictam
1176 477 1509 535 dominicam
1557 476 1615 533 in
1642 479 1691 538 Α
1715 478 1807 548 sit,
1851 479 2088 552 indeque
2121 488 2426 548 revertens,
2472 480 2771 537 missarum
2813 480 3134 556 sollempnia
3176 502 3304 546 cum

43 569 257 630 ecclesia
292 567 467 625 sancti
512 565 771 623 Euchatii
812 567 1113 625 honoriﬁce
1157 569 1465 640 hospitatus
1509 575 1614 624 est.

1720 578 1868 627 tanta
1899 572 2087 644 populi
2120 570 2430 646 frequentia
2457 571 2692 646 peregit,
2728 573 2877 645 quod
2903 573 2958 629 in
2983 584 3096 633 tota
3128 581 3306 637 sancti

42 665 98 721 ιιι
153 663 266 734 ipsa
319 668 502 717 autem
557 659 832 717 dominica
882 658 1044 731 (Nov.
1068 659 1160 730 30)
1209 677 1337 717 cum
1380 660 1619 717 maxima
1715 661 1865 719 Petri
1897 664 2146 721 acclesia
2185 679 2289 721 nec
2315 662 2563 736 spacium
2606 664 2762 735 pedis
2787 681 3022 723 vacuum
3065 671 3310 742 reperire

42 753 377 813 veneratione
423 768 454 809 a
499 752 646 809 clero
709 760 765 808 et
818 754 1020 826 populo
1074 770 1200 810 cum
1281 755 1619 812 inconsueta

42 846 394 922 processionis
469 854 668 902 ornatu
732 856 899 918 atque
965 847 1291 905 recordabili
1362 849 1619 920 sollemp-

42 942 201 999 nitate
263 939 319 996 in
382 939 642 1011 templum
708 947 798 997 est
852 940 1240 1010 introductus,
1305 941 1620 997 conducen—

41 1035 178 1092 tibus
224 1048 348 1090 eum
403 1049 435 1088 a
487 1031 694 1089 dextris
744 1033 950 1089 domno
989 1032 1281 1101 Alberone,
1312 1049 1343 1090 a
1380 1034 1623 1091 sinistris

38 1142 162 1185 vero
227 1123 457 1181 Arnulfo
524 1124 935 1182 Coloniensium
999 1125 1441 1198 archiepiscopo,
1499 1143 1623 1199 pre-

42 1218 346 1278 cedentibus
380 1234 511 1275 vero
558 1218 746 1276 multis
795 1218 1066 1291 episcopis
1118 1217 1450 1289 Germania,
1502 1219 1624 1277 Bel-

38 1312 183 1386 gica,
218 1309 486 1381 Francia,
510 1310 736 1385 Anglia,
761 1310 1109 1385 Burgundia,
1134 1311 1481 1382 Lonbardia,
1512 1313 1625 1369 Tu-

39 1404 178 1472 scia,
206 1412 262 1460 et
301 1420 367 1461 ex
398 1405 549 1461 omni
577 1405 797 1462 natione
819 1421 943 1479 qua
973 1406 1077 1462 sub
1101 1406 1219 1463 celo
1241 1415 1345 1464 est.
1379 1405 1487 1462 Sed
1523 1422 1626 1463 nec

39 1497 338 1554 cardinales
364 1514 687 1556 enumerare
730 1500 897 1573 piget,
944 1500 1191 1572 quicum
1233 1500 1459 1557 domino
1484 1516 1627 1573 papa

43 1587 282 1660 Eugenio
327 1588 422 1623 "9‘
459 1590 740 1647 Treverim
787 1600 1076 1648 venerunt.
1124 1590 1243 1647 Viri
1289 1592 1436 1648 enim
1474 1590 1628 1651 fuere

41 1680 204 1750 vultu,
246 1682 462 1753 habitu,
485 1694 663 1756 gestu,
688 1683 942 1752 scientia,
971 1684 1222 1741 moribus
1250 1684 1623 1753 honorabiles,

1718 767 1931 825 posses.
1955 752 2100 823 Quid
2122 754 2169 811 si
2193 755 2457 823 dicerem,
2490 754 2725 827 qualiter
2754 756 2809 811 in
2837 757 2926 814 die
2946 769 3160 829 sancto,
3196 761 3310 818 sol-

1718 843 1925 917 lempni
1968 856 2192 918 peracto
2236 847 2432 917 oﬂicio,
2455 863 2524 904 ex
2566 864 2677 905 una
2715 858 2873 922 parte
2902 851 3141 911 domnus
3167 869 3308 928 papa

1721 953 1849 995 cum
1874 937 1992 995 suis
2022 939 2416 1009 cardinalibus,
2437 948 2494 997 et
2517 956 2587 997 ex
2608 941 2864 1013 obposita
2894 951 3051 1014 parte
3072 943 3312 1002 domnus

1723 1030 2171 1102 archiepiscopus
2202 1047 2330 1088 cum
2364 1032 2474 1091 illis
2499 1033 2596 1105 qui
2632 1033 2764 1090 illuc
2789 1045 3159 1092 convenerant
3196 1036 3313 1108 epi-

1724 1122 1928 1194 scopis,
1961 1121 2177 1179 infulati
2210 1124 2269 1179 in
2291 1126 2498 1183 mensis
2526 1141 2593 1182 ex
2621 1125 2854 1183 adverso
2877 1127 3144 1197 oppositis
3172 1128 3313 1184 resi-

1724 1214 1966 1272 debant?
1998 1213 2118 1284 Qua
2160 1225 2278 1272 arte
2320 1218 2520 1290 aliquis
2551 1227 2634 1276 tot
2677 1228 2733 1276 et
2773 1226 2959 1276 tantas
2993 1228 3316 1291 computare

1726 1319 1893 1381 queat
1914 1308 2217 1381 expensas?
2236 1308 2483 1367 Dicerem
2511 1312 2753 1383 quidem,
2785 1312 2933 1385 quod
2955 1321 3083 1369 ante
3105 1311 3316 1379 domini

1726 1417 1882 1474 papa
1901 1401 2199 1459 adventum
2220 1401 2338 1473 κω,
2367 1403 2592 1460 domum
2622 1421 2746 1476 qua
2770 1421 2926 1478 papa
2952 1405 3172 1474 dicitur,
3210 1405 3318 1462 tria

1728 1493 2019 1552 habentem
2068 1495 2373 1552 intersticia
2418 1496 2718 1553 secundum
2762 1498 3127 1560 altitudinem.
3174 1496 3319 1554 infra

1731 1604 1832 1645 sex
1873 1587 2205 1647 ebdomadas
2246 1590 2577 1659 construxit,
2626 1598 2682 1646 et
2721 1589 2948 1647 domum
2986 1608 3111 1665 qua
3154 1591 3321 1649 εἰει-ιι-

1729 1681 1901 1738 salem
1930 1668 2134 1738 dicitur
2160 1681 2275 1739 fere
2310 1683 2648 1739 destructam
2671 1684 2965 1754 reparavit.
2997 1684 3104 1741 Sed
3126 1699 3322 1757 quam-

40 1782 85 1831 et
108 1791 212 1847 pro
240 1793 345 1835 sua
376 1796 577 1853 magna
599 1783 889 1841 honestate
917 1784 1216 1841 immortali
1247 1785 1626 1842 recordatione
1653 1847 1696 1853 ,
1729 1774 1816 1831 vis
1836 1782 2071 1844 taceam.
2104 1790 2196 1833 res
2220 1774 2339 1846 ipsa
2373 1775 2631 1847 loquetur
2659 1783 2716 1831 et
2738 1774 2796 1831 in
2826 1778 3148 1833 memoriam
3173 1791 3323 1833 revo-

40 1865 200 1939 digni.
227 1867 357 1927 Hac
395 1847 577 1929 autem
607 1890 799 1931 eorum
828 1884 959 1933 sunt
996 1875 1238 1943 nomina,
1269 1890 1392 1946 qua
1426 1874 1624 1933 melius
1652 1847 1704 1910 Β
1730 1867 1898 1927 cabit.

42 1959 90 2014 in
115 1959 262 2016 libro
297 1963 425 2020 vita
454 1965 676 2025 utinam
712 1968 917 2040 scripta
980 1968 1093 2025 sint
1127 1964 1275 2039 (720)
1322 1985 1335 2023 :
1381 1966 1623 2039 episcopi

45 2050 382 2109 cardinales:
421 2055 708 2114 Albericus
742 2057 1074 2126 Hostiensis,
1117 2057 1375 2114 Himerus
1414 2057 1627 2115 Tuscu-

46 2145 224 2213 lanus;
283 2146 613 2216 presbiteri:
665 2146 843 2205 Guido
887 2148 1255 2217 Summanus,
1304 2146 1627 2204 Haribertus

47 2235 98 2291 S.
139 2238 466 2309 Anastasia,
505 2241 770 2314 magister
811 2241 1150 2311 Guidodens,
1179 2242 1265 2297 vir
1299 2239 1455 2297 valde
1484 2241 1629 2297 litte-

49 2338 214 2401 ratus,
261 2333 445 2404 legum
497 2344 551 2391 et
581 2334 725 2407 juris
763 2335 1002 2407 peritus,
1049 2333 1229 2390 Julius
1261 2332 1320 2390 S.
1357 2332 1627 2403 Marcelli,

51 2421 194 2496 llugo
221 2422 599 2495 Novariensis,
639 2427 903 2499 magister
935 2425 1242 2495 Hubaldus,
1289 2426 1632 2484 Gislebertus

53 2514 104 2570 S.
134 2515 322 2585 Marci,
351 2515 632 2575 Johannes
664 2518 895 2591 Papiro;
928 2537 993 2576 ex
1024 2519 1272 2576 diaconis
1294 2528 1475 2576 autem
1504 2538 1518 2576 :
1548 2518 1633 2575 vir

51 2609 236 2666 nobilis
263 2626 463 2683 genere
490 2608 835 2682 Ottavianus,
868 2622 925 2669 et
955 2612 1205 2669 moribus
1239 2611 1496 2682 nobilior,
1532 2612 1635 2668 ho-

51 2709 252 2759 nestate
293 2712 351 2759 et
392 2703 719 2762 liberalitate
766 2706 1066 2776 notandus,
1118 2705 1375 2778 specialis
1422 2713 1637 2763 amator

53 2791 534 2867 Theutonicorum,
560 2796 739 2855 Guido
760 2797 1096 2868 Cremensis,
1123 2797 1209 2854 vir
1234 2797 1330 2854 alti
1353 2799 1637 2871 sanguinis

54 2885 304 2959 valdeque
332 2888 562 2946 curialis
589 2898 645 2945 et
670 2889 938 2947 honestus
966 2889 1226 2962 dulcique
1245 2889 1496 2962 eloquio;
1520 2887 1638 2946 Odo

57 2976 194 3035 Bone
212 2994 359 3048 case,
391 2982 873 3039 mansuetissimus
895 2982 1084 3050 homo,
1104 2998 1172 3039 ex
1196 2981 1460 3039 Romanis
1486 2991 1640 3039 ortus

58 3068 338 3139 nobilibus,
368 3074 627 3131 omnibus
653 3072 886 3131 affabilis
909 3082 965 3130 et
996 3073 1158 3145 pius;
1188 3072 1469 3130 Iohannes
1502 3089 1642 3146 quo-
1676 3110 1685 3117 ο

59 3177 163 3233 que
199 3163 256 3221 S.
298 3164 488 3224 Maria
527 3183 705 3237 nova,
757 3167 845 3223 vir
896 3166 1232 3225 dulcissima
1275 3166 1639 3236 atl‘abilitatis,

54 3257 414 3316 sanctimonia
434 3276 762 3332 morumque
777 3260 1135 3316 exornatione
1155 3259 1480 3330 decoratus;
1508 3260 1643 3317 Gre-

54 3347 235 3419 gorius
259 3366 482 3424 quoque
513 3351 571 3408 S.
596 3352 814 3425 Angeli,
840 3352 925 3409 vir
948 3352 1153 3426 ingenii
1194 3352 1423 3423 vivacis,
1450 3368 1642 3425 prom-

52 3448 171 3510 ptus
191 3450 245 3497 et
263 3442 553 3516 expeditus
577 3444 645 3500 ad
668 3444 854 3500 omnia
881 3460 1005 3517 qua
1026 3444 1303 3501 honestati
1325 3454 1382 3502 et
1400 3445 1646 3502 ecclesia

54 3528 143 3587 Dei
188 3533 417 3590 utilitati
462 3535 815 3593 conveniunt.
862 3536 1005 3604 Quid
1044 3537 1222 3593 dicam
1267 3536 1334 3593 de
1376 3536 1642 3607 Jacincto,

52 3626 140 3698 qui
170 3644 399 3687 omnem
417 3631 721 3703 jacinctum
750 3630 1042 3703 splendore
1070 3647 1186 3688 sua
1214 3631 1435 3689 virtutis
1459 3631 1647 3687 vince-

52 3719 157 3789 bat,
197 3723 293 3795 qui
320 3724 534 3796 eloquii
559 3725 644 3781 sui
670 3724 958 3781 dulcedine
986 3739 1179 3780 omnes
1204 3723 1261 3780 in
1292 3738 1535 3780 amorem
1558 3723 1646 3780 sui

52 3814 316 3885 trahebat,
378 3832 543 3889 quem
589 3798 784 3873 audire
832 3827 998 3889 atque
1047 3816 1255 3885 videre,
1302 3815 1647 3871 honestatem

51 3906 251 3964 discere
285 3909 452 3966 erat?
495 3908 603 3965 Sed
649 3924 752 3965 nec
785 3908 1090 3965 Guidonem
1118 3906 1311 3963 tacebo
1350 3904 1645 3974 Pisanum,

49 4002 221 4056 virum
265 4003 773 4075 prudentissimum
834 4012 889 4060 et
930 4001 1273 4074 breviloquio
1324 4000 1644 4057 notabilem.

49 4090 139 4150 llis
160 4095 432 4152 omnibus
465 4094 912 4167 archiepiscopus
942 4110 1041 4167 per
1061 4092 1351 4151 duodecim
1381 4091 1648 4148 ebdoma-

47 4186 139 4243 das
165 4190 443 4247 continuc
470 4189 706 4263 largitus
730 4198 815 4245 est
839 4188 1152 4245 necessaria
1176 4186 1233 4242 in
1257 4194 1407 4242 tanta
1435 4184 1651 4241 habun-

50 4278 252 4352 dantia,
283 4282 443 4356 quod
475 4281 580 4354 ipsi
608 4296 829 4354 quoque
856 4279 1189 4350 fatebantur,
1234 4277 1446 4350 copiam
1490 4275 1653 4349 pleno

51 4389 217 4432 cornu
249 4378 475 4436 venisse
507 4376 578 4434 ad
606 4376 775 4449 ipsos.
823 4374 969 4444 Quid
1013 4371 1250 4431 referam
1290 4372 1359 4429 de
1395 4385 1653 4443 superve-

52 4466 325 4529 nientibus
368 4469 832 4542 archiepiscopis,
869 4467 1164 4540 episcopis,
1205 4464 1524 4534 abbatibus,
1563 4479 1654 4520 ar-

1796 1963 1888 2019 24.
1928 1961 2089 2019 Nunc
2130 1961 2200 2019 ad
2238 1961 2343 2018 hoc
2386 1968 2637 2030 transeo,
2682 1960 2831 2034 quod
2856 1952 3141 2018 'dominus
3186 1975 3329 2034 papa

1727 2054 2007 2126 Eugenius
2031 2069 2064 2109 a
2104 2053 2357 2111 Treveris
2392 2056 2675 2123 recedens,
2724 2053 2914 2112 Remis
2948 2054 3333 2111 celebraturus

1727 2145 2023 2203 concilium
2048 2146 2321 2202 mediante
2339 2147 2758 2219 quadragesima
2770 2147 3018 2219 pervenit
3033 2146 3146 2216 (an.
3160 2145 3328 2215 1148,

1729 2235 1897 2292 Hart.
1958 2234 2070 2307 Π).
2100 2235 2185 2292 Ad
2233 2237 2382 2308 quod
2433 2238 2727 2293 concilium
2768 2239 3009 2295 domnus
3060 2238 3333 2308 archiepi-

1730 2341 1932 2400 scopus
1975 2326 2175 2382 Albero
2208 2335 2321 2383 tam
2364 2327 2654 2402 magniﬁce
2698 2328 2965 2400 pervenit,
3016 2328 3164 2399 quod
3207 2342 3333 2384 om-

1733 2419 1887 2475 nium
1913 2419 2106 2475 oculos
2143 2418 2200 2477 in
2246 2434 2308 2476 se
2331 2428 2388 2475 et
2429 2435 2529 2477 ora
2556 2419 2794 2491 aperuit.
2830 2417 2893 2477 lu
2924 2419 3204 2477 camerula
3232 2435 3334 2475 au-

1733 2520 1843 2568 tem
1865 2510 1932 2567 de
1952 2510 2105 2567 corio
2131 2508 2298 2579 facta,
2325 2510 2471 2567 lineo
2498 2526 2684 2582 panno
2715 2510 3050 2568 intrinsecus
3074 2510 3339 2567 decenter

1734 2601 1993 2671 obducta,
2040 2602 2184 2659 inter
2208 2602 2350 2660 duos
2392 2602 2672 2659 ferebatur
2710 2618 2905 2674 equos,
2944 2602 3094 2676 quod
3120 2603 3339 2661 cunctis

1735 2695 1862 2751 visu
1896 2706 2015 2753 erat
2044 2692 2314 2753 mirabile.
2367 2693 2659 2753 Senectute
2699 2695 2847 2752 enim
2877 2695 2994 2767 jam
3028 2694 3337 2767 laborabat,

1738 2786 2029 2859 longisque
2058 2785 2266 2843 fractus
2293 2786 2582 2843 deﬁciebat
2608 2785 2912 2843 laboribus.
2937 2784 2999 2842 lu
3027 2786 3135 2844 hoc
3167 2787 3339 2860 igitur

1741 2878 1980 2934 concilio
2015 2879 2168 2952 prior
2203 2878 2261 2934 in
2295 2877 2487 2935 ordine
2516 2878 2734 2935 eunetis
2763 2877 3338 2957 residens'episcopis,

1741 2968 1907 3042 relegi
1930 2969 1998 3026 de
2019 2970 2257 3041 primatu
2294 2970 2440 3028 sedis
2470 2986 2587 3028 sua
2614 2969 2854 3043 plurima
2883 2970 3013 3028 fecit
3053 2972 3341 3045 privilegia

1745 3076 1911 3134 super
1934 3077 2153 3119 omnem
2189 3062 2485 3138 Belgicam,
2509 3063 2743 3121 Galliam
2765 3073 2931 3138 atque
2961 3063 3338 3123 Germaniam.

1745 3155 1959 3224 Quibus
1986 3155 2223 3225 auditis,
2259 3155 2550 3215 Remensis
2583 3158 3031 3231 archiepiscopus
3066 3174 3180 3216 non
3219 3162 3341 3215 m'e-

1743 3249 2002 3307 diocriter
2032 3250 2287 3307 turbatus
2315 3258 2420 3307 est.
2450 3249 2607 3308 Unde
2646 3260 2703 3308 et
2735 3251 2989 3308 homines
3017 3251 3167 3308 illius
3210 3267 3341 3309 cum

1744 3342 2063 3401 hominibus
2086 3343 2203 3400 suis
2225 3343 2595 3400 turbationem
2617 3342 2902 3413 facientes,
2930 3344 3146 3416 aliquos
3167 3359 3234 3400 ex
3257 3344 3344 3400 eis

1744 3438 2192 3493 vulneraverunt.
2243 3434 2403 3503 Quod
2448 3436 2567 3508 ipse
2599 3436 2856 3492 dominus
2893 3436 3344 3508 archiepiscopus

1745 3528 1946 3587 Albero
1961 3528 2118 3585 valde
2136 3527 2320 3585 ferens
2345 3527 2586 3601 indigne,
2617 3528 2950 3597 minabatur,
2981 3527 3169 3585 Ivodio
3190 3528 3344 3601 (721)

1747 3636 1808 3678 se
1829 3636 2117 3679 sessurum
2141 3630 2197 3678 et
2226 3619 2553 3679 Remensem
2573 3630 2921 3679 vastaturum
2941 3622 3341 3699 episcopatum.

1748 3713 2104 3785 Tandemque
2142 3714 2212 3770 ad
2240 3714 2389 3773 hunc
2427 3715 2591 3770 linem
2628 3730 2718 3772 res
2748 3724 2835 3772 est
2872 3714 3158 3786 perducta,
3197 3713 3351 3785 quod

1749 3800 2038 3860 Remensis
2064 3803 2512 3876 archiepiscopus
2539 3820 2667 3862 cum
2709 3804 3096 3861 Suessionensi
3138 3804 3353 3879 δίψιοι-

1750 3894 1984 3967 spicium
2013 3894 2260 3967 pervenit
2287 3904 2343 3951 et
2368 3896 2620 3953 homines
2648 3896 2745 3967 qui
2779 3897 2923 3953 hanc
2950 3897 3169 3969 culpam
3192 3911 3352 3953 com-

1748 3987 2016 4043 miserant
2040 3985 2097 4041 in
2131 3985 2252 4058 ejus
2281 3994 2607 4057 potestatem
2640 3985 2808 4043 dedit.

1819 4078 1913 4136 25.
1942 4077 2148 4138 Eodem
2172 4092 2318 4134 anno
2341 4093 2532 4135 mense
2555 4077 2902 4150 Septembrio
2922 4093 3049 4135 cum
3072 4075 3350 4150 palatinos

1751 4174 2122 4235 Herimannus
2167 4182 2411 4231 castrum
2448 4172 2573 4230 Tris
2606 4171 2755 4246 (722)
2796 4180 3120 4243 occupasset
3150 4180 3205 4226 et
3228 4169 3348 4227 edi-

1752 4268 1895 4327 ﬁciis
1925 4269 2233 4354 firmasset,
2247 4263 2374 4323 Otto
2403 4282 2589 4324 comes
2615 4264 2921 4322 de.Reneca
2947 4273 3190 4320 castrum
3217 4279 3347 4335 pre-

1752 4367 1963 4425 dictum
2009 4381 2138 4423 cum
2185 4373 2334 4422 terra
2375 4363 2628 4421 attinenti
2664 4362 2802 4423 huic
2840 4359 3254 4433 archiepiscopo
3294 4369 3353 4415 et

1753 4457 1999 4515 ecclesia
2032 4472 2147 4514 sua
2187 4456 2359 4525 dedit,
2385 4465 2446 4512 ut
2484 4456 2603 4527 ipse
2631 4453 2765 4510 illud
2789 4460 3158 4525 recuperaret.
3201 4448 3353 4518 Qua-

51 4563 491 4636 ehidiaconibus,
536 4564 865 4638 propositis,
914 4562 1180 4632 ducibus,
1224 4559 1550 4628 comitibus,
1582 4557 1638 4614 ad

1753 4558 1978 4625 propter
2019 4558 2266 4607 castrum
2296 4549 2613 4622 'predictum
2651 4545 2883 4604 obsedit.
2925 4542 3210 4600 Palatinus
3249 4558 3351 4599 au-

51 4654 313 4717 domuum
341 4675 548 4733 papam
594 4656 875 4715 Treverim
904 4650 1546 4725 venientibus,'quorum
1582 4667 1653 4708 ne

48 4766 219 4809 unum
250 4754 483 4827 quidem
514 4751 789 4824 largitatis
825 4748 1049 4822 reliquit
1082 4745 1420 4807 immunem?
1443 4743 1653 4803 Natalis

48 4841 267 4903 Domini
318 4845 786 4919 sollempnitatem
836 4852 970 4901 tunc
1011 4840 1265 4900 Treveris
1320 4840 1651 4899 celebratam

46 4937 171 5007 quis
197 4937 279 4995 ita
319 4939 493 4996 dictis
527 4937 801 5010 explicare
836 4944 1004 5008 queat
1029 4934 1147 5003 ⁸⁸⁸⁸,
1179 4941 1263 5004 ut,
1303 4941 1385 5002 tu,
1418 4931 1514 5004 qui
1540 4944 1653 4987 non

46 5028 276 5100 videris,
300 5031 613 5103 intelligere
634 5030 719 5087 vel
744 5027 1035 5102 imaginari
1060 5026 1274 5099 possis?
1295 5024 1471 5093 Quam
1492 5032 1657 5096 putas

43 5138 309 5199 pompam
341 5124 721 5199 processionis
752 5123 809 5179 in
832 5122 921 5179 die
951 5130 1143 5178 sancto
1184 5118 1377 5188 fuisse,
1412 5133 1539 5175 cum
1560 5117 1659 5173 do-

44 5220 234 5277 minus
288 5236 443 5294 papa
497 5234 622 5276 cum
680 5232 853 5273 nacco
901 5214 1186 5288 equitans,
1239 5207 1662 5284 prccedentihus

44 5312 438 5385 cardinalibus
482 5321 539 5368 et
566 5310 950 5383 episcoporum
990 5304 1371 5373 multitudine,
1415 5303 1470 5358 in
1504 5302 1698 5374 equiS‘

1757 4654 1867 4703 tem
1905 4643 2149 4702 collectis
2178 4642 2440 4700 omnibus
2481 4640 2693 4698 viribus
2735 4638 2856 4696 suis
2891 4637 2962 4693 ad
3003 4634 3351 4692 liberandum

1757 4748 2004 4797 castrum
2028 4736 2207 4806 venit;
2241 4737 2311 4794 ad
2344 4734 2633 4793 introitum
2675 4732 2847 4800 silva,
2889 4744 3012 4803 qua
3043 4737 3226 4786 castro
3255 4725 3351 4760 ⁸⁰⁹⁷

1758 4833 1990 4905 adiacet,
2017 4838 2199 4887 castra
2235 4837 2474 4888 metatus
2501 4836 2605 4885 est.
2636 4823 3097 4897 Archiepiscopus
3120 4835 3251 4877 vero
3282 4835 3353 4876 ex

1759 4928 2011 5001 opposita
2039 4936 2215 5001 parte,
2245 4925 2361 4982 acie
2389 4924 2660 4980 instructa
2692 4918 2937 4992 equitum
2971 4914 3350 4988 peditumque,

1759 5036 1859 5094 per
1885 5030 1998 5080 tres
2041 5022 2162 5078 dies
2193 5020 2317 5092 ejus
2344 5014 2752 5091 prestolabatur
2783 5011 3098 5069 adventum.
3125 5006 3243 5063 Illic
3268 5002 3354 5087 vi-

1761 5112 1920 5171 deres
1960 5114 2144 5188 galeas
2173 5113 2433 5179 nitentes,
2459 5108 2660 5166 loricas
2685 5104 2971 5178 splendore
3002 5101 3147 5160 diem
3164 5174 3169 5183 ρ
3188 5111 3352 5171 supe-

1762 5213 1972 5276 rantes,
1995 5207 2203 5279 clipeos
2243 5202 2518 5263 coruscho
2539 5200 2655 5257 sole
2680 5191 3102 5269 circumpositas
3133 5199 3352 5248 montes
3402 5260 3407 5267 υ

1764 5296 2126 5356 illustrantes.
2152 5297 2197 5355 Ο
2221 5313 2389 5371 quam
2424 5292 2725 5364 intrepidos
2745 5289 2932 5348 vultus
2951 5289 3195 5345 virorum
3219 5297 3351 5341 con-

46 5380 173 5464 albo
200 5407 519 5481 coapertis,
555 5376 625 5463 ad
657 5376 945 5463 ecclesiam
982 5400 1159 5460 sancti
1187 5397 1405 5456 Paulini
1440 5411 1665 5469 proces-
1765 5390 2033 5463 spiceres!
2065 5390 2245 5461 Quam
2276 5387 2638 5462 impacienter
2670 5397 2883 5477 moram
2908 5379 3086 5439 hostis
3123 5376 3351 5437 tardan-

1366 5488 1459 5547 VA
1466 5487 1603 5545 ille
1643 5482 2043 5545 LECTIONES.

112 5591 215 5632 ‘m
242 5594 311 5653 E.
339 5611 395 5654 c.
471 5592 569 5629 ’θη
597 5599 731 5666 quat
758 5610 806 5649 c.
878 5590 973 5626 ⁸⁰⁹⁸
998 5589 1234 5648 adventu
1261 5603 1308 5642 ο.
1384 5580 1482 5617 “⁹⁷
1513 5584 1700 5638 costro
1723 5594 1773 5666 e.

1567 5664 1801 5731 NOTE.

118 5777 279 5853 (720)
318 5777 675 5853 Quibuscum
716 5775 795 5853 cf.
845 5772 1278 5853 sybscriptiones
1326 5769 1384 5828 in
1429 5765 1658 5843 Eugenii

51 5846 286 5923 chartis,
314 5846 417 5929 ap.
455 5846 700 5909 Gunther
716 5846 761 5919 l,
788 5863 842 5925 p.
869 5847 993 5917 5H,
1021 5855 1125 5903 etc.

1836 5757 1987 5834 (12.1)
2003 5754 2189 5834 1V0?“-

1829 5828 1979 5911 (ηε)
2002 5828 2178 5887 Treis.
