3902 6286
589 264 726 322 1551

593 381 666 438 tis
688 377 966 436 ferebant!
992 364 1123 443 Quae
1145 371 1394 444 proludia
1415 369 1652 425 militum
1676 383 1932 425 cerneres
1952 384 2192 440 pugnam
2220 368 2268 431 Α

598 471 979 530 simulantium
1021 467 1076 522 in
1109 465 1312 521 armis!
1348 463 1527 531 Quam
1566 461 1720 518 brevi
1770 461 1960 533 spacio
1990 476 2197 533 equum

600 568 842 625 ferocem
873 558 1217 619 circumferri
1244 558 1488 615 videres!
1515 556 1717 624 Quales
1744 555 1983 610 militum
2011 555 2198 610 obvia-

599 660 779 715 tiones
807 656 864 710 in
895 653 1075 724 equis,
1106 651 1257 722 quali
1301 650 1493 705 hastas
1528 647 1746 720 fragore
1785 645 2022 702 discindi
2072 662 2192 716 per-

522 734 527 749 ’
601 750 871 823 spiceres!
906 747 1112 815 Quales
1133 744 1354 801 audires
1376 745 1644 800 clamores
1667 743 1866 798 horum
1896 742 2198 813 insequen-

600 846 761 912 tium,
795 843 1017 899 illorum
1051 852 1204 915 terga
1238 838 1602 897 vertentium!
1650 836 1769 905 Qua
1809 844 1925 893 arte
1967 834 2200 892 simula-

598 947 713 994 tam
748 936 1063 994 attenderes
1096 934 1306 1008 fugam,
1343 948 1512 1005 quam
1545 930 1755 988 subitas
1783 930 1949 987 modo
1981 927 2199 1001 fugien-

599 1031 740 1088 tium
768 1030 1115 1099 reﬂexiones,
1139 1038 1194 1085 et
1217 1027 1467 1100 precipiti
1492 1042 1662 1082 cursu
1683 1040 1899 1082 versam
1923 1022 2201 1079 fortunam

601 1140 795 1181 eorum
823 1124 919 1195 qui
940 1123 1052 1196 jam
1082 1123 1457 1195 sequebantur
1477 1128 1627 1193 terga
1658 1117 2088 1190 impellentium!
2121 1114 2202 1171 lbi

603 1226 827 1273 notares
854 1217 1055 1272 milites
1074 1216 1238 1272 modo
1260 1215 1651 1282 condensatos,
1679 1212 1845 1269 modo
1870 1212 2053 1268 subito
2081 1225 2204 1267 sese

604 1309 839 1379 aperire,
869 1308 1355 1380 incursantemque
1376 1308 1591 1364 hostem
1613 1304 1897 1378 ingeniose
1924 1304 2085 1377 quasi
2109 1318 2203 1360 ce-

595 1391 786 1458 dendo
829 1402 885 1456 in
913 1402 1096 1458 sinum
1121 1402 1384 1473 recipere,
1413 1399 1741 1471 reﬂexisque
1776 1398 2043 1455 cornibus
2075 1412 2203 1453 eum

605 1493 962 1563 concludere;
1007 1495 1156 1549 mille
1205 1494 1280 1549 ibi
1333 1501 1503 1561 artes,
1542 1492 1691 1548 mille
1739 1490 1963 1547 fallendi
2011 1490 2205 1548 modos

607 1588 821 1644 discere
860 1589 1113 1644 dabatur.
1168 1587 1395 1643 Interim
1447 1586 1846 1658 archiepiscopi
1892 1585 2206 1657 explorator

609 1680 799 1750 copias
828 1680 1056 1752 palatini
1082 1689 1459 1750 perscrutatus
1503 1678 1742 1745 advenit,
1776 1678 1871 1749 qui
1896 1677 2050 1733 illum
2087 1677 2206 1748 jam

610 1773 996 1829 adventantem
1043 1781 1098 1828 et
1148 1774 1216 1828 ad
1264 1788 1503 1844 pugnam
1558 1782 1810 1845 paratum
1866 1772 2203 1844 pronuntiat.

612 1862 770 1921 ‘l‘unc
794 1866 1009 1922 videres
1045 1882 1232 1923 senem
1274 1866 1450 1935 illum,
1478 1866 1594 1937 jam
1626 1875 1743 1923 toto
1776 1864 2049 1922 defectum
2079 1882 2207 1922 cor-

611 1974 765 2028 pore,
794 1959 943 2015 acies
972 1958 1216 2029 peditum
1257 1960 1533 2028 ordinare,
1581 1960 1793 2031 equites
1834 1958 2058 2015 militari
2092 1967 2211 2016 arte

611 2051 924 2122 disponere,
950 2061 1117 2108 notos
1135 2067 1203 2107 ex
1230 2053 1453 2109 nomine
1480 2053 1797 2125 singillatim
1820 2052 2114 2123 appellare,
2136 2051 2211 2111 de

610 2142 817 2214 ignotis
845 2142 942 2213 qui
974 2143 1086 2199 sint
1114 2144 1190 2201 ita
1237 2145 1596 2217 interrogare,
1628 2154 1689 2201 ut
1721 2160 1791 2200 ex
1831 2143 1951 2215 ipsa
1975 2144 2213 2199 interro-

611 2233 834 2304 gatione
866 2248 977 2289 non
1008 2235 1358 2291 solummodo
1400 2235 1686 2303 noticiam,
1730 2234 1901 2292 immo
1934 2235 2100 2291 etiam
2134 2232 2212 2290 fa-

614 2323 986 2383 miliaritatem
1020 2328 1154 2383 tanti
1199 2328 1466 2399 principis
1515 2327 1618 2384 sibi
1650 2328 2016 2400 adquisivisse
2058 2327 2212 2384 vide-

613 2427 827 2475 rentur.
860 2418 1017 2477 Tunc
1046 2421 1477 2491 exhortatoriam
1519 2420 1616 2455 ⁸⁸⁸⁸
1648 2422 1975 2489 orationem,
2021 2427 2214 2476 tenens

526 2558 529 2559 ν
617 2525 839 2568 crucem
873 2512 1400 2586 archiepiscopalem
1445 2513 1503 2570 in
1544 2515 1823 2583 manibus,
1851 2514 1994 2585 cepit
2024 2512 2093 2568 ad
2122 2527 2214 2568 ar-

616 2614 800 2661 matas
849 2606 998 2663 acies
1039 2608 1135 2662 tali
1180 2608 1347 2664 modo
1391 2607 1613 2665 facere:
1661 2607 1707 2664 0
1742 2623 1830 2663 vos
1870 2607 2032 2662 amici
2072 2607 2213 2661 beati

615 2694 807 2752 Petri!
844 2691 891 2750 0
926 2708 1127 2755 sancite
1163 2700 1463 2771 defensores
1503 2699 1776 2755 ecclesiae!
1800 2699 1891 2771 qui
1924 2697 2079 2753 hodie
2119 2714 2215 2768 pro

616 2788 729 2846 Deo
751 2798 911 2861 atque
931 2808 1027 2863 pro
1047 2792 1276 2863 justicia
1301 2794 1554 2849 mortalia
1588 2810 1810 2866 corpora
1834 2801 2007 2848 vestra
2032 2791 2217 2846 hostili

617 2881 802 2954 gladio
825 2886 1169 2956 opposuistis,
1204 2904 1342 2943 nunc
1366 2888 1543 2944 veniat
1574 2889 1717 2943 vobis
1747 2890 1804 2943 in
1831 2895 2056 2942 mentem
2090 2884 2216 2939 bea-

621 2984 706 3031 tus
729 2975 946 3047 Petrus,
974 2981 1128 3053 cujus
1151 2980 1347 3037 milites
1373 2982 1530 3038 hodie
1549 2982 1814 3049 existitis;
1841 2980 2073 3036 credatis
2098 2994 2218 3034 eum

621 3084 743 3124 cum
784 3087 979 3144 magna
1029 3084 1337 3130 sanctorum
1375 3085 1586 3132 caterva
1631 3074 1987 3130 invisibilibus
2032 3071 2216 3143 clipeis
2244 3102 2297 3172 α

620 3161 777 3219 hodie
798 3180 886 3219 vos
914 3175 1218 3239 protegere;
1247 3171 1380 3224 certi
1409 3177 1575 3225 estote
1597 3169 1661 3224 de
1682 3169 1925 3224 victoria.
1956 3166 2221 3237 Respicite

621 3254 720 3310 hoc
746 3257 957 3329 signum
981 3262 1177 3328 crucis,
1202 3262 1321 3331 hoc,
1346 3264 1588 3335 inquam,
1619 3264 1829 3335 signum
1859 3260 2094 3316 terribile
2119 3258 2221 3314 ad-

622 3352 877 3405 versariis
917 3350 1083 3407 lhesu
1119 3353 1341 3410 Christi.
1381 3356 1493 3411 Hec
1531 3364 1609 3411 est
1638 3372 1792 3425 crux,
1828 3356 1885 3410 in
1912 3371 2017 3427 qua
2057 3352 2221 3407 Heri-

627 3457 855 3499 mannus
888 3460 1059 3499 comes
1092 3445 1287 3516 palatii
1333 3449 1465 3501 mihi
1502 3448 1711 3518 jurarit
1758 3447 2093 3518 ﬁdelitatem,
2140 3446 2224 3501 die

625 3535 727 3591 illa
751 3553 859 3609 qua
889 3538 1205 3593 advocatum
1239 3539 1477 3596 ecclesia:
1506 3548 1704 3596 nostra:
1742 3541 1917 3612 ipsum
1950 3540 2222 3607 constitui,

588 3704 601 3714 _
627 3629 714 3685 die
757 3647 864 3702 qua
888 3630 1016 3685 illas
1058 3632 1193 3686 vires
1221 3630 1478 3704 illamque
1512 3632 1804 3705 potentiam
1836 3633 1884 3687 ei
1908 3630 2107 3687 contuli
2135 3649 2228 3703 per

628 3738 793 3793 quam
816 3724 972 3779 modo
1003 3741 1084 3780 me
1112 3726 1353 3795 infestat.
1392 3725 1537 3782 Tunc
1566 3727 1776 3800 predixi
1796 3728 1845 3783 ei
1867 3728 1925 3782 in
1952 3727 2050 3782 hac
2075 3744 2228 3782 cruce

630 3831 742 3873 esse
773 3818 838 3874 de
877 3818 1022 3891 ligno
1050 3818 1290 3889 Domini,
1339 3822 1397 3875 in
1428 3837 1531 3893 quo
1571 3819 1685 3889 ille,
1730 3820 1882 3892 cujus
1919 3821 2011 3876 hec
2039 3836 2226 3876 sacro—

631 3920 819 3966 sancta
840 3912 1068 3985 refulget
1087 3914 1286 3986 imago,
1310 3914 1376 3969 de
1396 3913 1543 3970 hoste
1568 3915 1787 3970 humani
1810 3916 2014 3987 generis
2045 3915 2232 3969 trium-

631 4004 833 4078 phavit,
866 4007 1260 4080 multorumque
1295 4018 1605 4064 sanctorum
1633 4009 1951 4065 venerabiles
1977 4008 2228 4081 reliquias

631 4098 689 4152 in
717 4098 816 4154 hac
859 4117 1015 4155 cruce
1050 4102 1287 4156 iudicavi
1315 4104 1594 4159 contineri.
1640 4102 1764 4176 Ipse
1802 4120 1921 4159 vero
1952 4102 2230 4176 palatinas

635 4200 814 4249 tenens
843 4210 1061 4250 manum
1086 4211 1243 4268 super
1268 4196 1403 4252 hanc
1432 4207 1674 4253 sanctam
1705 4199 1989 4270 imaginem
2010 4197 2230 4269 juratus

635 4294 715 4340 est
743 4287 905 4342 michi
926 4289 984 4343 in
1010 4288 1122 4345 hate
1150 4290 1308 4344 verba
1332 4306 1351 4344 :
1389 4310 1407 4343 ι
1440 4289 1598 4345 Hunc
1634 4290 1943 4359 Dominum,
1971 4290 2108 4345 hunc
2135 4306 2233 4361 pro

634 4381 789 4439 nobis
834 4384 1181 4455 cruciﬁxum,
1224 4385 1294 4439 do
1328 4385 1505 4453 vobis,
1549 4386 1761 4442 domine
1811 4384 2230 4456 archiepiswpe,

1276 255 1499 317 GESTA
1538 249 2238 308 TREVER.—APPEND.
2280 248 2509 308 GESTA
2546 252 2939 312 ALBERONIS
2975 253 3185 312 ARCH.

3770 264 3865 320 l9

2298 384 2416 422 rum
2451 369 2863 440 confessionem;
2894 378 2943 425 et
2977 387 3091 442 ego.
3120 376 3378 441 potestate
3403 386 3436 424 a
3470 369 3601 425 Deo
3623 371 3769 427 nobis
3792 386 3866 429 trs-

2299 463 2435 531 dita,
2463 464 2666 534 faciam
2693 464 2836 519 vobis
2864 481 2956 536 per
2979 465 3204 536 officium
3231 474 3480 521 nostrum
3516 465 3865 539 indulgentias

2298 565 2349 611 et
2382 557 2743 612 remissionem
2772 546 3007 612 omnium
3043 556 3362 612 delictorum
3392 567 3729 621 vestrorum,
3761 574 3819 623 rt,
3838 564 3867 616 si

2300 651 2419 723 quis
2451 651 2605 706 hodie
2633 669 2697 706 ea:
2718 651 2818 707 hac
2846 651 3125 723 temporali
3158 662 3211 706 et
3252 653 3468 707 incerta
3503 654 3628 706 vita
3653 668 3866 719 meatur,

2303 752 2541 799 transeat
2587 745 2656 799 ad
2687 745 2955 801 meliorem
2980 746 3165 813 vitam,
3192 745 3401 800 scilicet
3428 756 3725 800 interdum.
3760 746 3863 803 Turs

2305 854 2431 895 cum
2461 839 2763 910 accepisset
2807 840 3056 895 omnium
3090 854 3450 895 communem
3479 837 3863 895 coan

2304 932 2644 1005 indulgentia
2671 933 2815 990 facta
2850 942 2904 990 et
2928 932 3291 1001 absolutione,
3327 931 3779 989 benedictionem
3808 950 3869 989 st»

2303 1040 2403 1096 per
2432 1042 2529 1083 eos
2565 1026 2795 1096 faciens,
2843 1026 2919 1082 ita
2956 1043 3150 1084 omnes
3193 1026 3496 1093 animavit,
3544 1026 3695 1097 quod
3731 1042 3811 1080 nec
3836 1030 3863 1079 ε

2308 1133 2420 1173 uno
2452 1115 2671 1190 signum
2701 1117 3009 1176 timiditatis
3033 1120 3309 1191 apparuit.
3337 1116 3471 1190 Ipse
3493 1133 3639 1173 vero

2305 1226 2507 1283 scapus
2542 1212 2802 1268 vexillum
2838 1212 3026 1269 comiti
3056 1211 3393 1269 Namucensi
3436 1211 3750 1277 commisit,
3780 1228 3867 1264 crs-

2307 1321 2428 1362 cem
2465 1313 2648 1362 autem
2677 1307 2914 1378 propriis
2937 1306 3185 1379 gestabat
3209 1305 3506 1361 manibus.
3548 1302 3677 1359 Haec
3698 1319 3802 1359 cum
3822 1304 3867 1357 in

2308 1414 2370 1457 se
2394 1398 2682 1468 haberent,
2714 1400 3102 1471 palatinusque
3130 1415 3229 1470 per
3250 1398 3657 1470 exploratores

2307 1506 2369 1549 se
2397 1507 2513 1549 non
2550 1491 2800 1549 sufﬁcere
2838 1493 2907 1549 ad
2941 1490 3397 1550 committendam
3450 1506 3696 1562 pugnam
3731 1502 3863 1544 matr:

2308 1588 2458 1645 acies
2481 1588 2560 1644 ita
2588 1589 2884 1657 animatas,
2909 1586 3061 1643 misit
3084 1586 3294 1658 legatos
3315 1585 3387 1641 ad
3414 1585 3864 1655 arcbiepiseqm.

2310 1688 2366 1736 et
2397 1680 2565 1737 verba
2606 1679 2885 1752 precantia
2913 1679 3169 1746 mandat;
3214 1687 3269 1735 et
3303 1687 3365 1733 ut
3389 1677 3523 1733 cito
3545 1677 3615 1731 ad
3640 1676 3777 1730 ﬁnem
3802 1692 3864 1727 rc-

2313 1770 2487 1840 niam,
2518 1770 2626 1826 hoc
2660 1770 2992 1843 impetravit,
3023 1778 3087 1826 ut
3120 1769 3208 1825 sui
3237 1769 3338 1841 qui
3368 1777 3548 1825 erant
3577 1769 3633 1823 in
3654 1768 3865 1823 camil-

2312 1863 2415 1920 lesi
2453 1863 2688 1933 abirent,
2718 1874 2774 1920 et
2803 1864 2870 1920 de
2906 1870 3092 1919 castro
3130 1878 3233 1919 suo
3260 1862 3714 1933 archiepiscopo:
3745 1874 3859 1915 enm

2313 1958 2559 2030 expleret
2586 1959 2945 2015 voluntatem.

2384 2053 2474 2109 26.
2516 2052 2675 2111 Nunc
2723 2054 2793 2110 de
2842 2051 3092 2108 moribus
3144 2050 3272 2122 ejus
3316 2058 3367 2106 et
3416 2047 3862 2107 consuetudinibus

2314 2164 2492 2221 pauca
2515 2163 2744 2204 narrare
2772 2146 2940 2204 michi
2970 2146 3132 2214 libet;
3162 2145 3373 2200 alienos
3393 2145 3550 2199 enim
3573 2143 3631 2198 in
3653 2142 3865 2199 omnihe

2317 2240 2571 2313 gerendis
2593 2250 2648 2297 et
2672 2241 2829 2297 valde
2858 2240 3152 2295 inusitatos
3180 2254 3369 2294 mores
3402 2236 3647 2292 habe'mt.
3668 2235 3867 2304 Carpon

2319 2335 2511 2393 tardus
2539 2344 2596 2392 et
2617 2351 2779 2407 opere
2818 2344 2872 2390 et
2910 2349 3166 2391 sermone
3195 2340 3339 2388 erat.
3378 2329 3582 2386 Omnia
3618 2329 3868 2385 diuth

2318 2430 2700 2501 pertrahcbat;
2725 2444 3006 2500 nunquam
3018 2427 3105 2484 vel
3122 2425 3436 2482 admodum
3450 2420 3867 2495 raropropmadn

2320 2523 2530 2595 aliquid
2554 2523 2767 2596 agebat,
2794 2523 2891 2580 sed
2917 2520 3175 2592 omnibus
3201 2528 3427 2576 tantam
3450 2534 3662 2574 moram
3683 2517 3867 2571 inasm-

2319 2613 2437 2685 bat,
2462 2616 2607 2689 quod
2644 2616 2826 2688 gravis
2856 2614 3011 2672 valde
3032 2622 3089 2671 et
3115 2628 3381 2669 morosus
3409 2611 3671 2667 omnibus
3700 2607 3865 2662 rideba-

2322 2714 2415 2763 tur
2450 2715 2506 2762 et
2550 2707 2756 2763 tedium
2785 2716 2897 2763 tam
2938 2706 3056 2764 suis
3094 2721 3262 2778 quam
3307 2705 3521 2760 alienis
3554 2698 3868 2764 inferebant!

2316 2813 2450 2867 cum
2479 2814 2581 2871 pro
2623 2799 2794 2856 nimia
2828 2815 2932 2856 sua
2969 2799 3283 2856 tardatione
3324 2813 3427 2854 res
3468 2797 3720 2869 qualibet,
3748 2806 3866 2863 qm

2324 2888 2647 2963 incep’turus
2673 2900 2812 2961 erat,
2844 2891 3134 2964 desperata
3174 2899 3349 2959 esset,
3388 2900 3593 2946 tamen
3623 2898 3774 2960 optio
3794 2883 3869 2937 Ξ

2324 2984 2744 3041 terminabatur.
2771 2983 2885 3042 Nec
2909 2985 2967 3040 in
2997 2983 3356 3049 ambulando,
3390 2998 3505 3040 nec
3531 2983 3593 3038 in
3624 2975 3867 3053 equilia“.

2325 3094 2429 3135 nec
2456 3078 2513 3135 in
2550 3078 2895 3148 dormiendo,
2932 3094 3035 3135 nec
3058 3079 3116 3133 in
3156 3076 3447 3149 vigilando
3486 3075 3724 3132 aliorum
3742 3070 3864 3126 hci-

2326 3186 2462 3226 num
2487 3180 2752 3228 consueta
2782 3172 3015 3228 tenebat.
3041 3170 3103 3225 In
3130 3169 3475 3226 ambulando
3496 3168 3576 3225 ad
3608 3172 3865 3224 malst!!-

2327 3265 2589 3336 bebatur;
2639 3266 2897 3324 sciaticus
2941 3268 3089 3322 enim
3130 3274 3284 3333 erat;
3330 3272 3387 3320 et
3430 3273 3679 3334 propter
3708 3258 3863 3316 cash
3900 3296 3902 3336 ς

2329 3360 2705 3417 infirmitatem
2736 3369 2948 3432 strepas
2988 3360 3045 3415 in
3083 3375 3219 3415 arcu
3263 3357 3424 3424 sellae,
3469 3372 3609 3412 cum
3644 3354 3863 3427 equim
3900 3322 3902 3421 ‘

2329 3454 2630 3526 pendentes
2672 3454 2926 3523 habebat,
2956 3462 3010 3509 et
3032 3452 3285 3524 jambam
3319 3450 3618 3507 sinistram
3646 3442 3867 3520 superatL
3900 3456 3902 3497 |

2329 3544 2446 3600 lum
2470 3547 2598 3617 equi
2619 3545 2858 3621 tenebat,
2876 3544 3023 3617 quod
3044 3561 3173 3600 cum
3195 3543 3381 3599 morbi
3403 3543 3700 3600 coactione
3718 3538 3871 3594 head
3900 3576 3902 3619 ι

2332 3638 2403 3694 ab
2425 3638 2546 3695 aliis
2566 3654 2668 3710 pro
2700 3640 2926 3694 raritate
2954 3636 3137 3695 facere
3158 3636 3479 3693 videbatur.
3508 3634 3684 3691 Noctu
3710 3633 3760 3686 in
3792 3642 3875 3682 αι-
3900 3630 3902 3697 Ι

2333 3732 2474 3789 siliis
2498 3732 2612 3790 sive
2628 3732 2686 3787 in
2715 3732 3099 3789 collationibus
3124 3746 3251 3787 esse
3274 3730 3497 3786 solebat
3526 3742 3699 3799 usque
3719 3722 3902 3779 alios“.

2335 3826 2584 3882 ticinium
2615 3826 2729 3882 sive
2752 3824 2821 3882 ad
2854 3825 2979 3898 galli
3002 3832 3228 3880 cantum
3256 3864 3275 3891 ,
3310 3837 3451 3893 sepe
3496 3832 3711 3894 quoque
3754 3826 3902 3880 ιξφεε

2334 3918 2392 3973 in
2453 3917 2792 3986 diluculum,
2841 3915 3259 3986 dormiebatque
3309 3914 3611 3986 sepissime
3644 3921 3801 3979 usque
3836 3902 3902 3957 aii

2334 4010 2474 4068 duas
2499 4010 2603 4067 diei
2633 4011 2820 4066 horas.
2847 4008 2932 4065 Ad
2956 4022 3204 4064 mensam
3230 4014 3363 4079 post
3400 4006 3603 4061 horam
3627 4006 3875 4058 mw
3900 4000 3902 4057 ἰ

2335 4103 2491 4160 tarde
2512 4101 2826 4170 accedebat,
2857 4109 2910 4156 et
2936 4100 3032 4155 diu
3072 4099 3230 4156 valde
3288 4097 3350 4153 in
3411 4112 3479 4152 ea

2336 4195 2672 4267 disputando
2696 4202 2751 4250 et
2777 4193 3110 4251 conferendo
3138 4191 3298 4248 valde
3319 4188 3599 4262 hylariter
3629 4199 3744 4241 cun
3775 4179 3876 4233 dm"

2338 4289 2418 4345 cis
2447 4288 2565 4345 suis
2593 4287 2661 4345 de
2690 4287 2866 4344 sacris
2908 4285 3195 4358 scripturis
3231 4293 3290 4340 et
3334 4290 3668 4339 sanctorum
3720 4283 3873 4347 Ριηι

2339 4382 2644 4439 sententiis.
2671 4380 2924 4454 Magnam
2950 4379 3100 4436 enim
3124 4375 3547 4434 multitudinem

636 4473 1025 4547 ﬁdejussorem,
1059 4484 1112 4531 et
1147 4477 1276 4548 jura
1324 4477 1468 4531 vobis
1508 4493 1602 4548 per
1628 4477 1742 4548 ejus
1784 4476 2052 4547 virtutem,
2092 4475 2234 4548 quod
2263 4466 2317 4529 Ι)
2341 4485 2397 4534 et
2444 4478 2806 4534 litteratorum
2853 4490 3041 4532 secum
3096 4472 3299 4529 habere
3366 4468 3607 4525 solebat.
3659 4463 3718 4519 In
3758 4468 3902 4519 εὶσέ.

580 4580 589 4583 ’
638 4585 910 4640 nunquam
944 4569 1149 4641 aliquid
1180 4578 1366 4625 contra
1401 4587 1488 4625 vos
1519 4571 1740 4641 faciam,
1772 4581 1822 4625 et
1851 4569 1992 4643 quod
2020 4571 2077 4625 in
2113 4586 2231 4624 om-

638 4663 796 4719 nibus
822 4665 1008 4718 vestris
1041 4665 1443 4720 necessitatibus
1480 4666 1682 4721 cunctis
1719 4665 1918 4720 viribus
1953 4665 2079 4721 meis
2114 4681 2233 4719 om-

640 4756 797 4828 nique
835 4759 1072 4828 potentia
1108 4774 1221 4813 mea
1262 4758 1404 4814 vobis
1446 4757 1677 4829 fideliter
1716 4760 1987 4814 assistam.
2020 4778 2040 4812 ι
2076 4757 2235 4815 Nunc

641 4868 763 4924 ergo
785 4853 973 4908 sciatis
1008 4868 1189 4909 omnes
1224 4854 1364 4926 quod
1388 4854 1526 4908 hunc
1547 4852 1930 4925 fidejussorem,
1961 4852 2235 4910 Christum

643 4946 844 5002 scilicet
869 4947 1165 5016 dominum,
1208 4950 1267 5003 in
1295 4947 1394 5003 hac
1428 4964 1528 5002 sua
1558 4963 1714 5002 sacra
1748 4947 1980 5019 imagine
2014 4947 2237 5019 portabo

646 5050 768 5096 ante
796 5040 974 5111 illum,
1004 5042 1243 5114 ingeram
1263 5058 1382 5097 eum
1407 5041 1576 5097 oculis
1604 5040 1774 5109 illius,
1807 5040 1944 5096 hunc
1973 5042 2058 5096 sui
2079 5041 2240 5112 jura-

648 5136 811 5190 menti
858 5145 1044 5191 testem
1086 5136 1170 5191 illi
1208 5136 1598 5193 demonstrabo.
1643 5134 1747 5192 Sed
1785 5152 1942 5204 nunc,
1988 5135 2239 5207 o,fideles

647 5222 816 5281 Jhesu
847 5228 1070 5299 Christi,
1115 5232 1205 5304 qui
1244 5232 1405 5287 vitam
1446 5240 1497 5287 et
1536 5230 1846 5303 sanguinem
1882 5238 2110 5285 vestrum
2140 5246 2241 5302 pro

651 5319 951 5391 defensione
994 5323 1230 5381 ecclesiis
1285 5341 1398 5382 sua:
1457 5325 1693 5396 oﬁ'ertis,
1744 5332 2023 5396 preparato
2079 5322 2243 5378 corda

653 5422 828 5471 vestra
861 5415 1109 5487 Domino,
1134 5418 1384 5474 mandate
1412 5419 1761 5474 conscientias
1789 5427 2009 5485 vestras,
2044 5425 2094 5474 et
2117 5418 2246 5489 quia

654 5522 762 5563 non
790 5518 944 5563 vacat
972 5520 1032 5565 ut
1069 5512 1388 5583 singillatim
1421 5513 1635 5583 faciatis
1677 5513 2049 5584 confessiones,
2093 5528 2248 5583 gene-

653 5601 827 5658 ralem
856 5603 1018 5659 michi
1052 5608 1255 5676 pastori
1284 5615 1451 5663 vestro
1480 5608 1642 5679 facite
1679 5616 2014 5679 peccatorum
2049 5613 2248 5661 vestro-

1956 5698 2188 5759 νΑῐὶΙίΕ
2229 5695 2635 5759 LECTIONES.

727 5790 825 5827 ⁸⁰⁹⁸
847 5792 1220 5849 exhortariam
1246 5811 1295 5851 ο.

2342 4571 2618 4645 mysteriis
2656 4569 2844 4627 altaris
2898 4570 3022 4641 plus
3071 4580 3235 4639 quam
3294 4564 3468 4620 homo
3519 4559 3793 4617 videbatur.
3831 4558 3902 4598 ω-

2344 4682 2466 4737 quae
2490 4679 2775 4736 nunquam
2828 4661 2950 4719 sine
3004 4658 3246 4717 lacrimis
3300 4666 3363 4713 et
3413 4655 3657 4711 maxima

2344 4760 2527 4817 ctione
2543 4756 2854 4815 accedebat.
2877 4751 3293 4812 Pontiﬁcalibus
3316 4750 3470 4807 enim
3491 4740 3805 4805 οτυιωὶί
3821 4740 3867 4832 ὲ

2346 4852 2532 4921 dutus,
2580 4851 2807 4925 angelus
2848 4847 3069 4905 Domini
3121 4845 3445 4912 videbatur;
3500 4839 3739 4912 angelico
3778 4834 3902 4885 αι’

2343 4947 2499 5003 vultu
2524 4944 2821 5013 relucebat,
2851 4952 2906 4999 et
2928 4948 3081 4999 tanta
3107 4937 3403 4996 devotione
3434 4933 3656 4991 celestis
3702 4927 3779 4983 ἢ
3802 4932 3875 4973 ω’

2345 5039 2528 5095 ctabat
2556 5044 2922 5102 sacramenta,
2952 5032 3103 5105 quod
3128 5046 3257 5086 cum
3283 5029 3340 5083 in
3362 5024 3589 5083 secretis
3611 5021 3876 5075 ωσι-επεὶ

2347 5130 2808 5202 contemplatione
2832 5136 2887 5184 et
2905 5114 3155 5184 ora'tione
3178 5123 3355 5180 cmlos
3389 5128 3670 5193 penetrare
3900 5154 3902 5175 ι

2347 5235 2457 5281 tur.
2489 5224 2628 5281 Cum
2653 5238 2965 5280 sermonem
2996 5221 3065 5276 ad
3094 5217 3362 5292 populum
3390 5214 3589 5271 faceret
3607 5251 3625 5277 ,
3652 5215 3767 5261 tut
3784 5206 3873 5265 σει
3900 5246 3902 5253 ι

2350 5320 2541 5376 tardus
2566 5327 2684 5375 erat
2713 5319 2772 5373 in
2801 5330 3075 5383 sermone,
3098 5322 3233 5369 tunc
3258 5311 3391 5383 quia
3406 5307 3604 5364 Gallica
3628 5301 3790 5370 Ιίιιευ
3809 5302 3871 5343 ⁵³⁵
3900 5304 3902 5379 Ῑ

2350 5423 2442 5470 tus
2479 5412 2535 5468 in
2566 5410 2900 5467 Teuthonica
2956 5423 3068 5463 non
3116 5414 3239 5462 erat
3281 5402 3578 5475 erpeditus,
3624 5404 3741 5449 tunc
3782 5392 3867 5452 (⁸³

2351 5506 2517 5565 nimis
2563 5504 2835 5577 profunda
2861 5502 3150 5567 tractabat,
3201 5499 3472 5571 explicare
3513 5493 3598 5547 vix

2352 5618 2477 5676 quae
2497 5568 2733 5673 ceperat.
2781 5596 2842 5654 In
2890 5595 3196 5670 proverbiis
3229 5568 3293 5651 et
3334 5579 3751 5649 similitudim
3787 5568 3865 5639 ἰεε
