3902 6286
89 263 225 324 1555

741 265 971 326 essm
1007 266 1709 334 TBEVER.-—APPEND.
1753 272 1985 337 GESTA
2023 264 2417 345 ALBERONIS
2452 286 2659 347 sucu.

3215 296 3352 353 1554

87 380 263 441 omnia
306 374 553 452 dicebat;
595 394 833 455 quorum
881 402 1049 460 supra
1101 406 1294 451 omnes
1345 395 1441 465 qui
1470 395 1528 451 in
1562 410 1663 451 no-
1688 400 1740 463 Α
1768 402 1965 458 staturi
1986 413 2163 472 erant,
2189 406 2235 462 si
2268 405 2384 478 ipse
2406 392 2508 463 Suo
2538 408 2769 464 consilio
2790 423 2901 465 non
2950 406 3352 471 intervenisset.

88 485 246 536 stram
269 484 538 532 venerunt
567 478 830 536 noticiam
861 481 1114 540 homines
1157 486 1372 558 copiam
1420 490 1662 546 tenebat.

85 568 418 625 Elemosinas
438 585 604 641 quam
636 572 945 645 largissime
965 583 1020 632 et
1039 577 1241 635 cotidie
1264 577 1518 638 faciebat.
1535 581 1667 639 Phi-

86 660 389 718 sionimiam
430 661 728 719 admodum
779 666 1007 736 sciebat,
1041 670 1177 727 adeo
1216 679 1278 727 ut
1323 672 1667 732 diversorum

83 760 298 824 aspectu
353 754 605 811 vultuum
655 768 865 815 secreta
916 761 1249 819 discerneret
1298 767 1567 823 mentium
1613 777 1669 826 et

84 862 315 903 morum.
337 846 421 903 Ad
447 851 657 922 regales
687 854 872 910 curias
904 858 1126 924 quando
1150 859 1418 929 veniebat,
1449 870 1667 933 specta-

83 940 262 995 culum
291 942 551 1000 omnibus
580 955 729 1015 erat;
756 948 908 1004 solus
937 947 1308 1008 admiratione
1350 954 1551 1027 dignus
1582 957 1669 1011 vi-

80 1031 334 1100 debatur;
360 1035 655 1092 comitatus
673 1047 736 1121 et
763 1055 1015 1111 expensas
1041 1045 1448 1116 magniﬁcentia
1478 1062 1671 1106 omnes

80 1124 214 1181 alios
243 1126 521 1199 principes
548 1130 908 1203 obscurabat;
957 1136 1197 1207 joconda
1251 1140 1574 1212 loquutione
1618 1154 1674 1201 et

77 1218 425 1289 hylarissima
480 1227 895 1293 proverbiorum
953 1245 1181 1288 suorum
1259 1234 1673 1308 interpositione

79 1322 186 1366 tam
220 1328 403 1386 regem
433 1332 600 1387 quam
628 1321 905 1395 principes
924 1324 1186 1383 letiﬁcare
1219 1328 1446 1387 solebat.
1478 1329 1675 1389 Novis-

75 1404 250 1461 simus
279 1416 335 1462 et
365 1408 458 1464 diu
479 1422 829 1483 exspectatus
858 1417 926 1472 ad
952 1420 1163 1475 curiam
1184 1422 1272 1477 vel
1315 1423 1384 1480 ad
1432 1423 1676 1496 quelibet

71 1498 325 1556 veniebat
350 1502 646 1575 colloquia,
671 1508 1008 1583 ultimusque
1035 1512 1350 1585 recedebat;
1390 1531 1675 1590 nunquam

69 1590 128 1646 in
147 1592 385 1665 singulis
411 1601 794 1671 conventibus,
824 1604 933 1661 tiisi
964 1605 1165 1664 auditis
1187 1608 1332 1679 aliis,
1358 1626 1521 1668 suum
1545 1628 1676 1685 ape-

68 1685 249 1741 riebat
276 1689 591 1747 consilium.
631 1692 747 1767 Ego
789 1695 1096 1769 Baldricus,
1130 1700 1225 1773 qui
1259 1701 1404 1759 hanc
1454 1705 1674 1776 scripti-

1765 492 1881 552 Hoc
1909 498 2057 552 enim
2086 497 2143 553 in
2172 500 2568 557 consuetudine
2594 500 2849 571 habebat,
2879 502 3194 575 frequenter
3241 506 3358 563 suf-

1765 585 2054 661 fraganeos
2077 583 2209 647 suos
2240 600 2296 648 et
2322 592 2599 664 principes
2645 609 2711 651 ac
2736 593 2951 652 nobiles
2981 597 3047 653 de
3074 598 3359 669 provincia

1765 695 1869 738 sua
1897 698 2246 756 qmgregare,
2290 693 2345 741 et
2392 685 2664 758 stipendia
2706 686 2932 761 largiter
2962 689 3067 748 illis
3100 691 3360 748 ammini-

1768 782 1963 845 strare,
1988 785 2041 832 et
2070 793 2171 848 pro
2202 786 2347 835 statu
2372 779 2617 837 ecclesia;
2638 789 2694 837 et
2714 797 2849 853 pace
2875 783 3068 853 patriae
3108 800 3233 841 cum
3279 784 3364 856 ip-

1769 868 1848 925 sis
1880 876 2132 926 tractare.
2160 869 2228 927 Et
2253 872 2401 944 quod
2425 888 2573 930 nunc
2623 874 2806 931 dicere
2860 892 3131 948 ceperam,
3180 878 3363 933 statim

1766 970 1895 1034 post
1916 963 2262 1035 epiphaniam
2313 966 2482 1024 febris
2533 978 2707 1025 acuta:
2755 969 2892 1026 diris
2926 971 3220 1029 ardoribus
3274 988 3368 1028 ac-

1772 1070 1992 1124 census,
2023 1066 2077 1112 et
2100 1058 2364 1129 plereusis
2389 1060 2485 1094 “°'
2509 1062 2768 1133 passione
2796 1065 3149 1133 constrictus,
3168 1064 3235 1120 dc
3255 1064 3369 1120 vita

1772 1148 2025 1206 dubitare
2046 1151 2335 1223 incipiens,
2370 1154 2519 1211 viros
2537 1154 2846 1228 religiosos,
2872 1156 3124 1213 abbatem
3155 1155 3372 1214 Sancta:

1772 1237 1961 1298 Mariae
1991 1241 2059 1297 de
2087 1241 2563 1314 Sprinkenebarch
2613 1246 2761 1319 (728)
2794 1245 3152 1315 Richardum,
3204 1246 3373 1302 abba-

1774 1342 1885 1391 tem
1916 1334 2103 1392 Sancti
2127 1336 2383 1394 Eucharii
2425 1338 2750 1411 Bertoll‘um,
2792 1353 2847 1397 et
2892 1342 3188 1414 plerosque
3233 1339 3372 1397 alios

1776 1431 2125 1499 convocavit;
2180 1429 2434 1504 factaque
2468 1434 2715 1489 omnium
2760 1442 3115 1506 peccatorum
3158 1430 3376 1489 confes—

1779 1521 1954 1590 sione,
1977 1523 2101 1579 oleo
2122 1532 2323 1581 unctus
2345 1533 2429 1581 est
2451 1526 2751 1582 secundum
2789 1526 2933 1582 beati
2978 1522 3169 1582 Jacobi
3219 1522 3380 1580 insti-

1778 1613 2079 1684 tucionem,
2093 1623 2146 1671 et
2157 1627 2574 1673 sacrosanctum
2596 1632 2796 1689 corpus
2811 1618 3015 1675 Christi
3028 1624 3376 1688 sumpturus,

1779 1707 2349 1779 magnteﬁdelitatiset
2372 1725 2515 1765 verae
2540 1726 2605 1767 ac
2623 1709 2904 1767 catholicae
2952 1710 3075 1766 ﬁdei
3106 1706 3381 1782 signiﬁca-

65 1779 337 1834 unculam
373 1780 497 1852 feci,
532 1786 628 1840 uni
650 1788 821 1845 curiae
842 1790 1088 1862 interfui,
1125 1810 1293 1865 quam
1320 1795 1669 1855 Francovor-
1700 1780 1752 1843 Β
1780 1800 1891 1856 tiva
1922 1801 2088 1858 verba
2139 1802 2384 1872 protulit.
2425 1800 2518 1858 Sic
2548 1804 2695 1858 enim
2758 1802 3148 1874 magnanimus
3196 1800 3380 1869 heros,

65 1871 221 1926 dium
250 1874 409 1944 petiit
433 1877 538 1932 sub
566 1894 695 1953 rege
717 1881 975 1942 Conrado
1010 1887 1161 1960 (723)
1185 1904 1313 1945 cum
1338 1890 1410 1946 40
1442 1892 1674 1949 navibus

66 1966 388 2034 cameratis,
412 1973 656 2042 exceptis
676 1974 913 2034 liburnis
935 1987 991 2034 et
1024 1980 1337 2039 honerariis
1366 1992 1531 2056 atque
1576 2001 1675 2042 co-

68 2056 346 2125 quinariis
375 2061 606 2118 ratibus.
640 2064 699 2119 In
725 2082 836 2137 qua
865 2071 1021 2125 curia
1048 2072 1082 2125 8
1111 2074 1339 2131 comites
1393 2084 1448 2131 et
1477 2078 1676 2134 ducem

68 2148 448 2223 Lotharingiaa
474 2153 750 2212 Matheum
786 2167 952 2232 atque
995 2160 1313 2222 Heinricum
1355 2168 1550 2225 ducem
1609 2169 1679 2227 de

66 2241 369 2316 Lenburgo
394 2262 583 2304 secum
602 2250 812 2321 habuit,
847 2255 1287 2330 clericorumque
1321 2269 1486 2333 atque
1526 2264 1678 2318 mili-

66 2343 179 2390 tum
207 2338 632 2398 mullitudinem
667 2351 895 2413 tantam,
933 2350 1082 2419 quod
1113 2353 1370 2409 omnibus
1403 2356 1499 2426 qui
1522 2356 1676 2413 vide-

66 2427 196 2485 bant
217 2432 672 2511 ammirationem
696 2436 952 2495 faciebat.
967 2439 1293 2514 Magistrum
1313 2462 1534 2519 quoque
1552 2448 1676 2506 Jar-

67 2520 296 2579 laudum
325 2524 665 2585 Bisintinum
690 2530 839 2605 (724)
864 2541 920 2589 et
964 2537 1287 2608 magistrum
1319 2538 1679 2600 Teodericutn

65 2613 475 2676 Carnotensem
500 2622 675 2696 (735),
728 2622 868 2683 duris
920 2627 1068 2687 fama
1117 2639 1172 2687 et
1219 2633 1391 2705 gloria
1425 2636 1681 2694 doctores

62 2714 243 2770 nostri
267 2718 542 2788 temporis
570 2718 1086 2795 excellentissimos,
1119 2743 1307 2785 secum
1338 2730 1395 2786 in
1438 2747 1539 2789 sua
1586 2732 1684 2788 du-

62 2820 196 2865 cens
220 2812 416 2867 navali
449 2823 818 2886 cammenata,
843 2817 899 2873 in
938 2817 1160 2876 illorum
1219 2821 1592 2893 disputatione
1629 2832 1686 2880 et

60 2904 368 2971 collatione
424 2911 585 2968 valde
631 2913 935 2971 delectatus
982 2925 1086 2986 est,
1117 2925 1173 2973 et
1205 2935 1237 2974 a
1267 2920 1422 2975 curia
1455 2919 1685 2977 domum

60 3012 349 3071 reversus,
411 3004 735 3065 decentibus
784 3009 946 3067 donis
998 3010 1223 3083 largiter
1268 3012 1569 3071 honoratos
1617 3015 1687 3071 ad

59 3095 293 3164 propria
328 3096 476 3152 letos
497 3095 594 3131 ””
620 3100 852 3157 remisit.
885 3098 1003 3158 Hoc
1040 3110 1224 3159 tamen
1245 3104 1437 3161 nescio
1457 3122 1527 3161 an
1562 3122 1682 3163 me—

61 3188 247 3243 moria
275 3190 355 3246 sit
378 3190 630 3263 dignum,
658 3194 805 3265 quod
833 3210 961 3251 cum
993 3210 1025 3251 a
1051 3197 1296 3267 predicta
1319 3207 1687 3257 reverteretur

59 3280 246 3350 curia,
274 3281 410 3338 ideo
426 3286 689 3355 quoniam
719 3285 1073 3359 Moguntinos
1094 3304 1295 3347 exosos
1324 3289 1561 3348 habebat
1604 3300 1688 3348 at-

58 3386 172 3443 que
203 3372 454 3431 forsitan
503 3387 809 3450 suspectos,
860 3381 1068 3438 civitati
1112 3382 1335 3440 illorum
1386 3385 1685 3456 appropin—

56 3480 273 3536 quans,
300 3466 507 3524 vexilla
540 3469 774 3542 singulis
801 3487 868 3529 ex
893 3475 1129 3532 navibus
1170 3477 1327 3551 erigi,
1374 3478 1578 3535 milites
1629 3478 1690 3534 in

51 3558 263 3629 clipeis
291 3572 440 3614 auro
492 3560 849 3634 fulgentibus,
906 3568 1112 3637 loricis,
1165 3570 1355 3641 galeis,
1400 3579 1689 3644 argentum

51 3652 251 3707 nitore
278 3653 700 3723 superantibus,
731 3664 1011 3714 ostentare
1061 3675 1185 3715 sese
1238 3665 1508 3733 precepit;
1540 3664 1690 3721 tubis

50 3753 108 3801 et
133 3744 429 3801 cornibus
474 3760 865 3821 armorumque
917 3752 1149 3822 strepitu
1173 3750 1268 3804 ‘8”
1293 3761 1348 3808 et
1396 3755 1691 3812 horrisono

50 3837 323 3894 virorum
359 3847 635 3895 concentu
664 3841 966 3900 adventans
986 3850 1160 3899 totam
1184 3847 1454 3915 permovit
1499 3847 1692 3904 civita—

53 3940 195 3987 tem.
220 3930 353 3987 Illic
382 3946 455 3987 ex
482 3939 596 3989 tota
630 3935 764 3991 urbe
789 3936 1043 3994 homines
1086 3953 1438 4009 concurrere,
1494 3938 1694 3997 mulie-

52 4040 147 4083 res
199 4026 591 4098 conclamare,
639 4039 696 4086 et
743 4031 903 4102 quasi
955 4032 1089 4089 urbs
1116 4030 1228 4104 ,⁸⁸⁸⁸
1267 4033 1384 4105 jam
1427 4032 1693 4107 capienda

51 4118 229 4189 foret,
291 4119 551 4193 undique
601 4125 896 4181 tumultum
952 4134 1121 4199 atque
1161 4142 1422 4201 pavorem
1473 4129 1695 4202 conspi-

53 4222 243 4268 ceres.

1781 1897 2089 1953 catholicus
2135 1904 2345 1967 pastor,
2377 1895 2734 1952 memoranda
2784 1911 2922 1951 voce
2964 1909 3197 1950 exorsus
3252 1901 3380 1950 est:

1779 1990 2000 2058 Audite,
2034 1990 2231 2060 fratres
2262 1990 2367 2044 mei
2421 1988 2713 2044 karissimi.
2755 1986 2856 2043 Vos
2902 1986 3118 2041 abbates
3161 1995 3212 2041 et
3247 1986 3386 2041 viros

1783 2081 2061 2151 religiosos
2085 2077 2205 2134 ideo
2229 2080 2531 2147 convocavi,
2557 2089 2613 2134 ut
2636 2080 2693 2134 in
2729 2079 2960 2150 presenti
2991 2076 3214 2132 ecclesia
3257 2084 3305 2129 et
3332 2068 3387 2128 in

1783 2168 2074 2227 universali
2097 2170 2151 2223 in
2176 2170 2281 2239 fine
2309 2168 2493 2225 mundi
2518 2184 2582 2224 ea:
2627 2168 2828 2223 sanctis
2852 2166 3056 2240 angelis
3082 2174 3133 2220 et
3156 2163 3383 2219 homini-

1786 2264 1884 2319 bus
1913 2263 2283 2336 congreganda
2314 2262 2535 2318 ecclesia
2570 2269 2724 2316 testes
2751 2260 2913 2315 michi
2936 2274 3064 2315 mea:
3084 2273 3218 2314 vera:
3266 2254 3394 2328 ﬁdei

1788 2355 2083 2423 assistatis,
2131 2362 2184 2409 et
2222 2355 2464 2409 oratione
2494 2360 2688 2421 vestra,
2715 2358 2774 2406 ut
2815 2350 2907 2406 hec
2932 2349 3065 2421 ﬁdes
3120 2363 3203 2402 me
3230 2345 3396 2401 saluet

1792 2444 2074 2517 adjuvetis.
2111 2443 2229 2500 Hoc
2279 2444 2422 2516 quod
2473 2458 2684 2515 presens
2737 2457 2894 2496 cerno
2928 2441 2986 2493 in
3005 2440 3177 2509 specie
3218 2436 3400 2507 panis;

1791 2540 1949 2595 credo
1977 2555 2089 2594 esse
2110 2555 2290 2593 verum
2313 2536 2518 2593 Christi
2540 2535 2644 2607 ﬁlii
2679 2534 2779 2588 Dei
2801 2547 3014 2604 corpus,
3039 2528 3179 2603 quod
3208 2528 3267 2583 in
3288 2526 3400 2584 vir-

1786 2630 1966 2703 ginali
2000 2630 2119 2686 alvo
2148 2629 2342 2685 Maria:
2381 2629 2710 2683 intemeratae
2760 2623 3003 2696 uirginis,
3056 2620 3401 2676 obumbrante

1787 2724 1969 2794 ipsam
1994 2722 2207 2795 Spiritu
2232 2730 2439 2790 sancto,
2467 2721 2605 2775 sicut
2634 2726 2811 2773 manet
2834 2718 2892 2771 in
2920 2713 3170 2787 presenti,
3186 2711 3398 2766 unitum

1788 2824 1876 2872 est
1909 2817 2061 2872 verbo
2085 2815 2208 2886 Dei,
2246 2832 2366 2871 uero
2396 2813 2544 2869 Filio
2567 2813 2755 2867 Patris
2801 2809 3079 2876 altissimi,
3123 2803 3264 2878 quod
3306 2819 3403 2875 pro

1793 2910 1952 2964 nobis
1982 2912 2039 2965 in
2067 2927 2222 2966 cruce
2245 2907 2527 2981 temporali
2557 2914 2726 2962 morte
2756 2905 2822 2960 ab
2856 2904 3040 2957 anima
3093 2896 3406 2954 derelictum

1791 3011 1909 3069 est;
1932 3004 2113 3058 anima
2167 3019 2286 3059 vero
2335 2999 2678 3056 descendente
2722 2997 2805 3082 ad‘
2844 2995 3065 3066 inferos,
3108 2987 3409 3045 divinitatis

1794 3098 2066 3151 consortio
2107 3099 2164 3151 in
2203 3093 2452 3168 sepulcro
2479 3108 2583 3148 non
2619 3100 2698 3148 est
2737 3090 3074 3155 destitutum,
3133 3085 3273 3139 sicut
3316 3094 3410 3137 nec

1796 3188 1984 3243 anima
2017 3188 2075 3241 in
2098 3188 2332 3258 inferno,
2364 3183 2655 3240 secundum
2681 3180 2821 3253 quod
2842 3177 3016 3234 David
3057 3175 3123 3228 de
3172 3174 3288 3243 ipso
3328 3178 3408 3222 te-

1794 3292 1978 3338 statur
2019 3283 2243 3339 dicens:
2281 3303 2301 3335 (
2326 3279 2600 3349 Quoniam
2649 3292 2756 3332 non
2805 3273 3135 3345 derelinques
3173 3269 3411 3322 animam

1798 3392 1972 3432 meam
1992 3378 2050 3432 in
2080 3378 2310 3449 inferno,
2335 3390 2438 3434 nec
2472 3371 2627 3429 dabis
2647 3379 2898 3439 sanctum
2929 3375 3078 3422 tuum
3104 3363 3419 3464 viderecqrr.

1796 3470 2097 3543 ruptionem
2126 3447 2302 3544 (Psal.
2341 3486 2435 3539 xv,
2474 3465 2620 3535 10);»
2655 3463 2775 3532 hoc,
2799 3463 3041 3535 inquam,
3069 3469 3258 3526 corpus
3277 3447 3418 3506 illud

1796 3571 1877 3618 est
1903 3562 2280 3637 Christi,quod
2309 3565 2471 3621 tertia
2507 3559 2595 3615 die
2625 3558 2937 3624 redivivum,
2969 3552 3151 3607 anima
3171 3545 3421 3602 redeunte

1799 3659 1872 3713 ad
1898 3658 2094 3730 ipsum,
2127 3659 2417 3731 confractis
2454 3653 2648 3713 divina
2673 3668 2780 3726 qua
2813 3650 3066 3707 utebatur
3086 3642 3280 3698 virtute
3306 3644 3422 3691 tar-

1800 3754 1966 3807 tareis
1995 3752 2270 3822 claustris,
2305 3757 2608 3826 ereptisqt‘te
2636 3748 2971 3831 adiabolica
3008 3744 3269 3831 potestalt
3287 3731 3424 3804 Ιίάε·

1799 3840 1941 3899 libus
1969 3847 2167 3917 prioris
2189 3847 2378 3915 seculi,
2401 3847 2465 3901 de
2484 3830 2771 3915 sepulchro
2796 3836 3115 3901 resurrexit,
3155 3830 3221 3885 de
3259 3833 3429 3882 cetera

1798 3934 2108 3993 immortale
2132 3946 2184 3992 et
2213 3937 2548 4010 inpassibile,
2579 3931 2738 4007 quale
2771 3940 2823 3988 et
2862 3933 2922 3986 in
2955 3940 3109 4023 cteua
3139 3930 3262 4023 ᾲηξξε
3298 3931 3432 4019 Pas:

1802 4029 2030 4098 sionem,
2064 4030 2308 4086 manibus
2338 4032 2513 4087 sacris
2537 4044 2597 4082 se
2617 4028 2793 4098 ipsum
2814 4032 3027 4088 tenens,
3062 4018 3121 4071 in
3150 4011 3251 4068 tali
3276 4023 3433 4115 panis

1798 4124 1975 4194 specie
1995 4122 2279 4196 discipulis
2300 4125 2573 4182 edendium
2598 4118 2894 4188 distribuit,
2916 4118 3066 4172 dum
3117 4100 3435 4178 ίτηραείθίιε,

1801 4225 1982 4275 tamen
2006 4219 2180 4276 adhuc
2207 4238 2500 4294 passurus,
2533 4218 2827 4289 docensque
2876 4211 3003 4268 illos
3046 4202 3217 4273 ltili”
3262 4210 3443 4294 δαθταῖ

124 4306 226 4362 27.
275 4302 539 4361 Tandem
566 4307 730 4364 linem
765 4311 1066 4369 narrationi
1098 4310 1367 4385 facturus,
1415 4313 1484 4372 de
1508 4312 1617 4372 ﬁne
1640 4324 1697 4372 et
1801 4313 1971 4367 menti
1992 4290 2247 4385 mysteria
2280 4290 2580 4372 σειρὸν-ἀτη.
2635 4306 2773 4377 Hoc,
2828 4306 3069 4377 inquam,
3125 4290 3444 4385 CW8.es,t

53 4398 317 4455 transitu
339 4404 405 4453 et
434 4404 766 4457 testamento
790 4403 912 4474 ejus
942 4419 1117 4475 pauca
1139 4406 1340 4462 dicam.
1389 4404 1693 4463 Conﬂuen-

1802 4403 2030 4476 Christi,
2047 4378 2211 4479 vquod
2240 4417 2361 4479 post
2412 4404 2870 4465 resurrectionem
2929 4410 3022 4469 Ρετ
3072 4378 3448 4479 Ψαφαθίῃω

49 4492 149 4548 tiae
172 4493 237 4547 in
265 4491 581 4564 epiphauia
606 4492 825 4550 Domini
863 4497 1072 4553 curiam
1119 4515 1377 4571 magnam
1418 4488 1693 4570 tenuerat,
1729 4538 1776 4595 Β
1801 4500 1917 4558 dies
1935 4475 2216 4574 discipulis
2240 4475 2513 4575 apparuit;
2536 4496 2744 4557 uisibile
2778 4503 2937 4601 atque
2966 4475 3452 4601 ῖςξηθίξξΫίξέῗζ

49 4591 108 4640 et
126 4593 379 4658 treugas
406 4584 552 4641 inter
577 4589 833 4644 comitem
856 4589 1201 4653 deMolbach
1244 4592 1397 4667 (726)
1426 4603 1481 4651 et
1514 4597 1692 4651 comi-
1729 4573 1775 4595 ν
1802 4614 1922 4654 men
1944 4573 2364 4669 incorruptibile,
2395 4616 2477 4655 sec
2507 4596 2712 4655 undam
2769 4585 3064 4646 voluntatis
3105 4586 3226 4633 sum
3269 4573 3425 4637 Ροίθη

49 4689 167 4738 tem
195 4683 274 4740 de
303 4681 489 4738 Zeina
511 4680 658 4755 (727)
681 4695 963 4757 acceperat
987 4687 1098 4760 (an.
1150 4688 1311 4758 1152,
1340 4690 1467 4746 Jan.
1494 4691 1571 4766 6).
1604 4691 1694 4748 Hii

47 4786 157 4844 pro
188 4773 505 4829 Buunensi
532 4776 797 4832 comitatu
832 4777 927 4834 diu
956 4794 1213 4851 guerram
1240 4781 1309 4837 ad
1325 4782 1560 4839 invicem
1585 4784 1691 4839 hau

47 4854 334 4936 buerant,
373 4865 586 4938 quibus
607 4866 736 4926 hinc
769 4868 897 4927 inde
930 4866 1046 4928 fere
1065 4874 1248 4931 omnis
1283 4874 1562 4933 inferioris
1601 4892 1692 4933 re-

48 4960 248 5032 gionis
276 4960 514 5019 nobiles
536 4959 793 5022 favebant
820 4964 938 5037 δι”,
963 4954 1280 5042 terramque
1325 4984 1549 5027 omnem
1591 4986 1692 5028 va-

1806 4692 1958 4761 tiam,
1982 4708 2088 4765 qua
2109 4695 2289 4748 omnia
2309 4711 2472 4766 queen
2507 4704 2662 4764 mque
2686 4685 2852 4743 voluit
2877 4682 3023 4755 fecit.
3048 4672 3167 4731 Hoc
3211 4669 3295 4718 est
3338 4670 3456 4766 vere

1803 4745 2480 4861 ριονὴῑὲάὶὶιᾶὲξξηέᾔᾷὀὲ
2511 4745 2643 4843 ὶίιῖεν
2691 4745 2988 4855 gloriosum
3040 4778 3284 4861 corpus.
3314 4745 3456 4861 qui“

1804 4841 2061 4951 bPoslolis
2088 4841 2386 4938 videntibus
2424 4885 2495 4939 mi
2517 4876 2782 4935 Erabiliter
2800 4874 3144 4941 assumptum
3166 4862 3243 4913 ⁸³⁸
3264 4849 3325 4904 in
3344 4841 3460 4951 ita-

1804 4937 1910 5043 ria,
1935 4974 2180 5048 sedetque
2208 4975 2469 5033 Dominus
2532 4988 2653 5032 cum
2685 4966 2944 5038 Domino,
2971 4954 3159 5019 Filius
3186 4959 3314 5004 cum
3345 4937 3462 4995 Pa—

1433 5064 1672 5123 VARIAS
1708 5065 2115 5127 LECTIONES.

127 5150 237 5189 “”
272 5153 364 5211 let
386 5166 441 5209 c.
517 5150 613 5187 “'°
635 5154 926 5228 strepitum
956 5175 1003 5213 c.
1079 5155 1173 5192 ⁸¹⁰¹
1198 5159 1332 5217 ubrs
1357 5175 1404 5215 c.
1483 5158 1578 5193 ω’
1602 5158 1819 5218 favebat
1842 5179 1889 5218 ο.
1966 5162 2062 5197 ⁸¹⁰³
2104 5166 2184 5237 ita
2238 5183 2285 5222 c.

1644 5251 1876 5314 NOTE.

128 5340 299 5414 (723)
344 5344 470 5420 Aut
498 5352 564 5420 ac
582 5337 745 5420 1147,
767 5339 1119 5420 Martiarum
1146 5357 1199 5398 a.
1229 5340 1390 5414 1149,
1443 5343 1695 5420 Augusto

46 5406 298 5495 meum";
333 5427 400 5495 ῖς
425 5406 635 5495 istisin
662 5406 809 5495 ιηζρτ
832 5413 962 5495 μίξιν
983 5406 1120 5495 ἠι-

156 5478 332 5559 τειχ
345 5480 427 5559 Χε
460 5478 702 5538 Histoire
730 5478 995 5543 littéraire
1041 5486 1109 5543 de
1156 5488 1210 5544 la
1265 5486 1497 5559 France,
1557 5497 1690 5547 tom.

127 5553 1074 5718 ῗέἓῷεἷῗὲρμῖξὲἒτῆδετὶρηείε
1096 5630 1194 5718 1“:-
1215 5648 1245 5718 ,ι
1270 5631 1548 5718 “emissa
1570 5648 1691 5718 crvo

47 5697 110 5765 ὅ,
137 5694 233 5756 ’ᾶθ
259 5694 388 5756 hoc
414 5694 759 5756 Theoderico
787 5709 963 5771 nom,
992 5718 1119 5758 eum
1151 5702 1325 5768 fuisse
1344 5694 1549 5765 artiqu
1573 5694 1693 5765 stti-

48 5768 489 5834 diosissimum
511 5769 973 5847 iuvestigatorem.
1010 5774 1212 5835 Wr'rr.

1878 5350 2029 5451 (τξθ)
2929 5318 3483 5451 asa-eausa";

1805 5398 2487 5496 οιιὲιὲᾖέηᾙὶιῖἷιίξιῐιῖτᾞῐ
2530 5398 2915 5493 castiga
2944 5412 3016 5471 id.
3050 5404 3183 5479 ὐὶνι·
3211 5398 3373 5458 mle“

1803 5495 2016 5553 Mosen.
2040 5496 2151 5552 vol.
2170 5495 2220 5552 1.

1904 5567 2028 5652 222)
2066 5567 2278 5652 ἕδνα,
2350 5639 2363 5652 .
2625 5636 2757 5652 ..-_
2814 5637 2838 5652 .
2876 5636 2943 5652 ,.

2065 5568 2442 5697 signator-iub
2479 5658 2511 5705 α
2533 5658 2586 5701 a.
2618 5636 2757 5699 1107
2810 5636 2966 5700 fundi
3000 5636 3172 5693 Itum;

1786 5712 1975 5791 theim
1999 5712 2042 5783 Ι,
2064 5725 2121 5785 p.
2154 5712 2281 5770 485.
2484 5790 2491 5797 ι
2942 5784 2989 5871 Α

2471 5822 2624 5871 LM
2864 5832 2938 5851 -ρη,

2506 6015 2622 6035 ’,νὴ
2638 6016 2655 6021 γ.
2819 5996 2964 6020 ...ι-φ-

3229 5630 3286 5673 v.
3339 5607 3494 5669 Bon-
