3902 6286
623 250 646 304 1
655 250 760 304 355

1296 244 1524 302 GESTA
1560 232 2266 298 TREV'ER.—APPEND.
2299 234 2532 296 GESTA
2565 232 2961 296 ALBERONIS
2993 235 3167 296 ARCB

3607 264 3692 320 1330

620 381 696 422 ηε
718 384 751 420 α
774 363 976 418 δαιτί,
1001 360 1095 394 sm
1114 361 1247 426 suis,
1280 359 1420 413 idem
1446 359 1500 412 in
1521 361 1643 413 sinu
1664 357 1873 425 Patris,
1899 360 1955 412 in
2010 359 2215 411 unitate
2244 360 2290 416 Δ
2313 357 2638 430 prosequuti
2659 365 2808 412 sunt.
2833 354 3034 410 Deinde
3064 371 3176 411 cum
3208 356 3436 418 Treverim
3459 376 3694 444 μηρίεῆ

618 462 820 516 scilicet
841 457 1097 512 essentia.
1132 451 1248 505 Hoc
1291 467 1504 504 sacrum
1556 461 1604 505 et
1651 451 1945 505 renerabile
2003 467 2214 520 corpus,

616 570 832 625 possum
868 565 982 603 rere
997 549 1171 600 dicere
1191 561 1311 598 cum
1339 545 1668 611 centurione,
1719 561 1822 597 non
1868 560 1984 598 sum
2027 543 2218 614 dignus

618 655 680 700 ut
712 646 870 698 intret
892 640 987 693 sub
1019 647 1212 692 tectum
1238 654 1411 692 meum
1444 636 1664 707 (Matth.
1695 653 1815 703 vin,
1855 637 1919 703 8;
1950 634 2084 690 Luc.
2118 652 2216 704 vit,

619 739 696 806 ὕ).
723 737 865 806 Rogo
895 743 1092 799 tamen,
1110 749 1139 784 ο
1163 730 1293 784 bone
1317 729 1504 797 Jhesu,
1527 731 1619 801 qui
1643 731 1894 802 dignatus
1924 745 1979 783 es
2005 730 2220 782 domum

620 827 816 883 Zachei
845 827 1068 890 intrare,
1097 824 1363 896 penetrale
1393 840 1597 896 quoque
1625 833 1676 878 et
1735 833 1990 878 secretum
2026 823 2222 876 animi:

619 935 750 972 mea:
770 917 1141 972 habitaculum
1180 917 1413 988 digneris
1448 917 1691 982 introire,
1740 925 1790 970 et
1818 933 1953 970 sana
1985 916 2222 968 animam

621 1028 817 1071 meam.
847 1012 976 1083 quia
1003 1013 1215 1082 peccari
1247 1010 1374 1075 tibi;
1404 1019 1452 1064 et
1481 1011 1571 1080 qui
1584 1009 1704 1079 jam
1731 1010 1801 1062 ad
1822 1025 1902 1063 me
1922 1009 2110 1062 venisti
2131 1022 2225 1078 per

618 1103 759 1158 hanc
794 1105 976 1173 ﬁdem,
1005 1106 1164 1158 visita
1194 1121 1274 1158 me
1314 1119 1405 1173 per
1426 1102 1815 1156 inhabitantem
1870 1101 2124 1172 gratiam,
2174 1107 2225 1153 et

621 1198 681 1251 in
700 1198 801 1250 hac
825 1198 932 1267 ﬁde
955 1214 1105 1250 sumo
1131 1199 1292 1250 vitam
1342 1212 1437 1266 pro
1498 1197 1629 1264 vita,
1677 1195 2120 1266 quemadmodum
2167 1201 2225 1246 tu

621 1290 815 1343 dixisti
843 1307 860 1344 :
898 1288 1104 1342 «Panis
1135 1306 1286 1359 quem
1331 1305 1423 1359 ego
1452 1289 1643 1342 dedero
1679 1305 1804 1341 caro
1851 1304 1967 1342 mea
2013 1295 2090 1341 est
2129 1303 2226 1357 pro

623 1382 795 1436 seculi
845 1384 956 1436 rita
984 1382 1166 1454 (Joan.
1196 1399 1272 1450 vt,
1303 1383 1453 1453 52)»,
1479 1392 1537 1436 ut
1571 1383 1643 1436 sit
1695 1383 1824 1436 mihi
1871 1382 2126 1435 viaticum
2170 1381 2228 1433 in

624 1477 795 1530 vitam
817 1485 1073 1542 eternam,
1100 1474 1357 1530 amen.Et
1383 1491 1511 1531 cum
1539 1477 1866 1546 sumpsisset
1895 1490 2096 1545 corpus
2122 1473 2230 1529 Do-

624 1568 787 1635 mini,
821 1568 1098 1638 accipiens
1134 1567 1386 1634 calicem,
1418 1568 1495 1621 ait
1528 1583 1540 1618 :
1587 1565 1631 1622 0
1660 1568 1898 1637 piissime
1920 1575 1969 1619 et
2001 1566 2230 1618 serenis-

624 1662 760 1714 sime
781 1671 952 1730 pater,
979 1671 1126 1714 tuam
1158 1678 1249 1732 ego
1280 1671 1526 1732 peccator
1555 1679 1740 1731 precor
1762 1661 1918 1715 hodie
1968 1660 2230 1731 benignis-

2320 453 2499 509 clerus
2526 461 2582 507 et
2603 449 2838 521 pepulus
2867 448 2936 503 ad
2955 460 3159 519 pontem
3177 455 3400 520 processit
3420 457 3478 512 illi
3492 461 3533 515 in
3548 465 3698 538 obvim,

2318 559 2372 602 et
2399 562 2496 617 per
2520 544 2735 614 singula
2764 543 3089 598 monasteria
3108 543 3311 614 singulis
3331 547 3482 606 diebus
3495 553 3700 624 demum

2320 648 2405 695 est
2434 637 2634 694 celebri
2664 653 2789 692 cum
2815 636 3174 706 processione,
3192 638 3339 694 donec
3357 641 3522 700 dierum
3535 664 3699 710 nam;

2321 730 2784 788 monasteriorum
2815 729 3100 799 complevit
3122 746 3398 799 numerum;
3419 747 3461 790 et
3491 754 3558 807 per
3588 743 3697 814 sing.

2319 825 2408 881 los
2435 824 2553 880 dies
2576 838 2866 894 procerum
2893 822 3181 893 augebatur
3205 840 3443 893 numerus,
3463 829 3512 883 de
3530 842 3606 886 tota
3628 851 3700 903 pro.

2322 915 2503 972 vincia
2529 916 2598 972 ad
2625 916 2887 987 exequias
2907 915 3027 984 ejus
3047 915 3408 972 conﬂuentium.
3437 918 3702 996 Venemntqu,

2323 1018 2606 1080 comperto
2625 1008 2749 1078 ejus
2779 1008 2955 1074 obitu,
2982 1007 3287 1079 suﬂ'raganei
3311 1011 3411 1080 ejus
3634 1017 3702 1073 se.

2323 1100 2543 1170 phanus
2563 1097 2844 1165 Metensis,
2873 1096 3155 1154 Heinr-iens
3179 1097 3429 1168 Tullensis,
3466 1104 3602 1160 hibero
3638 1107 3706 1162 Vir.

2324 1193 2614 1260 dunensis,
2634 1200 2689 1248 et
2711 1191 2990 1247 Jordanus
3021 1191 3270 1262 presbiter
3293 1193 3523 1251 cardinalis
3553 1195 3708 1253 Romae

2324 1285 2592 1351 ecclesia,
2613 1284 2709 1356 qui
2737 1293 2869 1339 tunc
2896 1282 3074 1338 Mettis
3094 1284 3318 1338 omnium
3337 1284 3534 1340 abbatum
3563 1290 3706 1358 supino

2327 1380 2406 1435 ris
2429 1378 2803 1447 Lotharingiaa
2859 1386 3181 1434 conventum
3213 1377 3502 1443 adunaverat,
3522 1381 3584 1449 qni
3616 1382 3705 1434 etiam

2327 1471 2496 1527 simul
2524 1487 2650 1526 cum
2674 1471 2796 1541 ipso
2829 1469 2898 1524 ad
2925 1470 3046 1540 ejus
3090 1477 3331 1524 venerunt
3357 1469 3565 1539 exequias.
3598 1468 3709 1525 Tanto-

2331 1578 2438 1634 que
2465 1563 2679 1620 honore
2699 1563 3094 1633 communique
3115 1563 3255 1618 luctu
3277 1563 3426 1617 tocius
3448 1564 3637 1633 provincia
3650 1582 3707 1618 un-

2333 1656 2549 1714 decimo
2573 1658 2643 1712 ab
2664 1657 2817 1713 obitu
2843 1657 2967 1726 ejus
2990 1655 3083 1711 die
3125 1655 3392 1710 tumulatus
3421 1665 3500 1722 est,
3531 1656 3616 1725 quod
3636 1671 3706 1710 oni-

623 1754 821 1807 simam
885 1754 1235 1823 majestatem,
1286 1765 1343 1808 ut
1378 1772 1471 1826 per
1515 1755 1611 1809 hoc
1668 1772 1846 1809 verum
1897 1755 2228 1824 sacriﬁcium
2257 1723 2305 1785 Β
2331 1767 2432 1808 nes
2460 1752 2555 1823 qui
2585 1751 2815 1807 aderant
2862 1749 3103 1806 confessi
3129 1758 3251 1805 sunt
3290 1764 3342 1804 se
3377 1759 3466 1802 tam
3505 1748 3711 1802 honorabilis

626 1847 865 1917 corporis
887 1856 937 1900 et
967 1849 1244 1918 sanguinis
1264 1848 1467 1902 domini
1490 1849 1658 1902 nostri
1688 1846 1853 1901 Jhesu
1878 1845 2102 1914 Christi,
2137 1862 2231 1916 per

626 1939 726 1992 hoc
756 1941 1110 1994 inestimabile
1131 1943 1442 2012 mysterium
1464 1942 1837 2010 redemptionis
1862 1940 2112 1994 humanae
2137 1956 2230 1993 sa-

625 2031 759 2086 lutis
789 2041 1020 2100 ceterum,
1043 2034 1182 2103 quod
1205 2035 1359 2102 offert
1391 2035 1487 2086 tibi
1515 2033 1737 2088 ecclesia
1774 2043 1867 2086 tua
1909 2043 2114 2100 sancta,
2174 2033 2233 2086 in

628 2124 737 2193 ﬁde
761 2141 903 2191 vera,
931 2127 990 2179 in
1016 2128 1403 2196 propiciatione
1432 2127 1544 2196 pia,
1577 2127 1634 2179 in
1691 2127 1948 2196 sanguine
1983 2127 2086 2196 ﬁlii
2129 2127 2231 2194 tui,

626 2216 879 2270 placatus
911 2218 986 2270 sis
1015 2219 1176 2270 michi
1201 2227 1250 2271 et
1287 2220 1578 2287 propicius,
1624 2229 1676 2273 et
1719 2221 1798 2272 ita
1853 2237 1988 2286 vere,
2037 2229 2094 2273 ut
2121 2220 2234 2276 haec

629 2306 789 2360 credo
813 2323 925 2362 esse
946 2324 1123 2362 verum
1157 2325 1347 2380 corpus
1369 2309 1472 2379 ﬁlii
1502 2312 1580 2364 tui
1605 2327 1670 2365 ea:
1695 2327 1849 2365 sacro
1893 2329 2104 2366 munere
2131 2313 2231 2366 do-

628 2399 822 2454 ctrinm
847 2399 984 2469 ejus,
1018 2401 1096 2454 ita
1117 2419 1232 2456 vere
1265 2403 1417 2457 hodie
1444 2421 1655 2474 parcas,
1695 2404 1856 2457 michi
1913 2413 1963 2459 et
2015 2406 2233 2475 auferas

628 2491 973 2563 iniquitatem
1024 2512 1217 2563 meam,
1272 2506 1323 2551 et
1375 2514 1479 2552 non
1506 2497 1694 2571 [intres
1717 2496 1837 2570 δίη]
1871 2499 1928 2551 in
1964 2499 2236 2567 judicium

627 2599 859 2652 mecum,
882 2583 975 2641 sed
1000 2586 1056 2639 in
1074 2588 1293 2642 veritate
1319 2587 1477 2658 hujus
1493 2589 1620 2658 ﬁdei
1645 2590 1815 2643 deduc
1840 2606 1922 2666 _me
1947 2588 2003 2642 in
2044 2591 2236 2644 semita

630 2682 778 2728 recta
798 2676 856 2729 in
875 2677 1040 2731 vitam
1058 2686 1316 2746 eternam,
1355 2697 1526 2734 amen.

705 2767 798 2823 28.
842 2768 1000 2826 Scias
1036 2778 1242 2838 autem,
1275 2773 1518 2842 olector,
1571 2776 1741 2846 quod,
1789 2775 1838 2833 si
1886 2792 1997 2832 non
2043 2777 2235 2833 eadem

631 2859 825 2926 verba,
854 2869 1093 2918 mentem
1115 2873 1299 2920 tamen
1326 2875 1382 2920 et
1405 2869 1734 2922 sententiam
1757 2884 1987 2925 suorum
2034 2869 2239 2940 protuli

639 2951 954 3009 verborum.
1005 2954 1163 3012 Nunc
1219 2959 1380 3028 quale
1437 2960 1774 3026 ordinaverit
1827 2971 2239 3030 testamentum,

2331 1845 2595 1917 exequias
2623 1861 2907 1916 nunquam
2929 1845 3155 1900 vidisse.
3186 1842 3476 1914 Sepultum
3507 1858 3596 1898 vero
3625 1843 3707 1896 lubet

2335 1940 2392 1993 in
2422 1939 2653 1994 ecclesia
2675 1939 2822 1993 beati
2843 1935 2991 1992 Petri
3017 1938 3111 1969 ⁸³⁸³
3139 1953 3167 1991 a
3194 1938 3344 1992 latere
3364 1937 3621 2000 meridionali,
3633 1936 3714 2004 juxta

2336 2034 2510 2090 altare
2538 2034 2683 2089 beati
2713 2031 3002 2104 Stephani.
3030 2031 3096 2086 Et
3119 2030 3256 2102 quod
3298 2030 3537 2095 notandum,
3568 2030 3714 2098 quotins

2338 2125 2638 2196 predictam
2667 2123 2910 2179 intrabat
2936 2123 3220 2178 ecclesiam
3249 2121 3363 2176 dum
3383 2121 3544 2184 viveret,
3557 2117 3715 2171 ineuit-

2339 2219 2462 2275 loco
2511 2218 2569 2272 in
2617 2232 2730 2289 quo
2788 2233 2936 2273 nunc
2990 2217 3152 2271 habet
3193 2213 3477 2285 sepulturam
3527 2225 3624 2266 orate
3668 2222 3718 2262 st-

2339 2313 2506 2369 lebat.

2410 2410 2503 2466 29.
2540 2408 2771 2465 Domine
2790 2407 2960 2464 Jhesu
2996 2407 3230 2471 Christe,
3261 2403 3474 2477 splendor
3497 2401 3717 2472 pauisetst-

2343 2503 2548 2575 pientia
2563 2511 2617 2558 et
2631 2503 2828 2569 virtus,
2849 2501 2945 2572 qui
2967 2510 3064 2556 tua
3085 2499 3326 2556 ineffabili
3341 2496 3575 2568 dignatione
3588 2492 3719 2560 resplen-

2344 2596 2512 2653 duisti
2542 2596 2598 2651 in
2630 2594 2806 2651 forma
2834 2596 3102 2660 humana,
3135 2604 3194 2649 ut
3221 2609 3314 2649 nos
3337 2591 3522 2647 miseros
3542 2595 3720 2658 peccatores

2345 2689 2609 2744 liberares
2637 2697 2745 2744 tua:
2771 2687 3060 2742 nobiscum
3092 2685 3300 2742 socialis
3325 2677 3629 2740 conversationis
3647 2688 3720 2728 c0!-

2347 2781 2518 2837 sortio
2544 2798 2575 2837 a
2601 2781 2869 2838 diabolica
2913 2775 3345 2852 [potestate“”],
3369 2764 3720 2830 reluceathodielnl

2347 2889 2457 2933 tute
2484 2856 2748 2932 claritatis
2781 2874 3067 2940 Alberoni,
3106 2872 3219 2928 veri
3264 2859 3722 2956 sacriﬁcii

2349 2971 2591 3027 cundum
2617 2969 2865 3025 ordinem
2911 2965 3322 3031 Melchisedech,
3367 2962 3444 3034 qui
3481 2958 3674 3028 frequenter
3698 2963 3723 2998 tn

638 3061 808 3118 quam
841 3048 1072 3144 ‘b’eﬁus
1121 3060 1333 3122 Ροιθτον
1404 3054 1711 3124 ειΡῙίεεὼο-
1763 3054 1949 3111 Τιιυΐθ
2003 3055 2241 3123 curiam.
2272 3080 2319 3144 α
2350 3079 2508 3122 sacra
2535 3063 2639 3118 ﬁde
2669 3061 2870 3118 obtulit
2895 3063 3042 3132 patri
3070 3071 3167 3116 tuo
3212 3073 3393 3128 corpus
3421 3064 3537 3110 tuum
3557 3041 3726 3144 Veneri?

639 3154 810 3211 quam
839 3140 956 3212 ipse
977 3145 1210 3214 pecunia
1263 3145 1399 3200 emit
1431 3161 1462 3201 a
1493 3149 1697 3205 comite
1726 3147 2026 3204 Wilhelmo
2050 3148 2146 3180 “°‘
2176 3148 2248 3204 de

638 3230 947 3302 Glisberch,
978 3234 1419 3308 fratribusﬁedit
1439 3240 1690 3298 ecclesia:
1712 3241 1891 3297 sancti
1937 3240 2084 3296 Petri
2110 3241 2247 3297 Tre-

636 3327 907 3395 verensis,
930 3338 991 3383 ut
1016 3330 1071 3384 in
1102 3331 1480 3387 anniversario
1526 3334 1652 3405 ejus
1711 3333 2068 3390 refectionem
2120 3334 2246 3389 inde

635 3415 907 3486 habeant;
931 3429 985 3476 et
1009 3423 1403 3492 patrimonium
1465 3440 1634 3482 suum
1683 3426 1832 3494 Sule,
1869 3427 2079 3482 curiam
2109 3427 2246 3482 Bre-

636 3509 730 3565 dal
753 3511 1000 3569 ecclesiae
1027 3515 1286 3585 predictse
1325 3516 1566 3574 contulit
1611 3519 1710 3575 tali
1759 3519 2136 3590 dispositione,
2187 3528 2250 3577 ut

636 3618 777 3659 crux
804 3604 1080 3675 inaurata,
1101 3622 1270 3678 quam
1297 3617 1550 3680 tempore
1593 3613 1851 3684 predictaa
1890 3629 2102 3684 gnerraa
2153 3613 2249 3670 de-

637 3705 1002 3766 crustavcrat,
1039 3702 1107 3757 de
1135 3701 1402 3758 reditibus
1425 3706 1552 3776 ejus
1604 3716 1968 3778 reparantur,
2018 3714 2073 3762 et
2113 3721 2250 3778 que-

638 3787 770 3844 dam
792 3803 1118 3851 ornamenta
1139 3811 1263 3866 quae
1287 3794 1756 3870 ’obpigneraverat
1804 3801 2247 3866 restituerentur,

639 3888 697 3936 et
723 3881 981 3955 deinceps
1014 3897 1285 3959 perpetuo
1309 3889 1443 3960 jure
1475 3893 1529 3946 in
1561 3908 1698 3949 usus
1731 3891 1963 3947 fratrum
2010 3891 2247 3947 cederet.

636 3971 786 4029 Obiit
808 3986 993 4033 autem
1016 3989 1211 4036 octavo
1234 3981 1455 4038 decimo
1479 3970 1754 4042 Kalendas
1774 3984 2248 4057 Februarii(729).

634 4063 704 4122 Et
723 4067 852 4124 licet
879 4075 1166 4129 communi
1198 4077 1524 4135 mortalium
1552 4087 1702 4137 sorte
1730 4079 1787 4132 in
1816 4077 1925 4133 fata
1948 4078 2137 4148 lapsus
2157 4077 2250 4144 sit,

634 4175 748 4216 non
762 4170 949 4220 tamen
972 4170 1255 4225 communi
1277 4172 1576 4230 hominum
1604 4173 1823 4231 fortuna
1844 4173 2130 4228 funeratus
2147 4178 2249 4227 est.

2349 3166 2404 3214 et
2434 3164 2871 3223 sacrosanctum,
2903 3155 3057 3226 quod
3102 3164 3207 3209 tuae
3247 3149 3458 3207 ecclesia:
3492 3147 3533 3200 in
3556 3140 3726 3213 pigan

2350 3252 2558 3308 amoris
2586 3267 2616 3306 a
2642 3262 2797 3322 patre
2844 3251 3146 3322 postulanti
3172 3248 3373 3306 dedisti.
3416 3245 3521 3300 Cum
3543 3239 3637 3295 enim

2349 3356 2481 3402 tuus
2522 3361 2812 3418 synagoga:
2863 3341 3230 3417 [diceretm’]
3275 3360 3288 3396 :
3331 3334 3534 3408 Nunquid
3557 3335 3729 3426 *διέπιξῆ

2350 3413 2634 3510 hyrcorum
2657 3413 2757 3492 aut
2772 3413 3067 3492 vitulorum
3087 3453 3180 3509 ego
3201 3413 3413 3507 potabo.’
3432 3427 3562 3502 (Psal.
3581 3413 3732 3511 muli)

2350 3531 2420 3587 Et
2447 3533 2550 3588 hec
2575 3530 2748 3587 David
2778 3525 3034 3587 audiens
3056 3541 3112 3588 et
3157 3528 3310 3602 quasi
3333 3526 3518 3582 devotus
3539 3527 3651 3571 verna
3666 3516 3733 3579 P‘“

2352 3631 2450 3679 tuo
2477 3623 2726 3680 alludens
2751 3666 2768 3691 ,
2817 3624 2872 3678 in
2899 3623 3246 3696 beneplacito
3273 3634 3360 3678 tuo
3397 3615 3532 3690 patris
3553 3609 3607 3665 uti
3625 3604 3737 3669 ad?“

2353 3717 2488 3772 tiam
2514 3717 2750 3788 loquens
2773 3717 3134 3788 responderet
3158 3737 3171 3772 :
3196 3713 3493 3784 Sacriﬁcium
3509 3715 3545 3760 ιι
3560 3697 3735 3756 oblatio“

2353 3808 2576 3864 noluisti
2626 3808 2804 3880 (Psal.
2829 3826 3020 3878 χχχιι,
3048 3810 3080 3862 7
3105 3829 3119 3877 ;
3151 3809 3307 3864 Hebr.
3328 3823 3378 3872 x,
3398 3805 3475 3873 5);
3513 3809 3552 3853 et
3571 3793 3739 3856 cum?“

2353 3910 2486 3957 tuus
2518 3901 2834 3956 consentire
2862 3900 3165 3968 videretur,
3198 3900 3491 3955 voluntatem
3523 3885 3737 3978 eiusei“

2354 3993 2722 4064 presenticns,
2759 3992 2814 4046 in
2845 4002 2940 4048 tua
2987 4008 3226 4064 persona
3269 3991 3409 4054 dixit,
3433 3974 3740 4067 immotniulﬁ‘

2357 4063 2492 4142 sona
2523 4086 2670 4142 illius
2700 4085 2890 4142 dixisti
2925 4105 2938 4141 :
2968 4063 3109 4142 Ecce
3131 4086 3273 4141 venio
3313 4079 3475 4154 (Hebr.
3501 4091 3543 4140 ι,
3567 4070 3615 4140 7).
3635 4063 3737 4154 ειίὲ

2357 4189 2451 4235 tua
2482 4180 2716 4237 ecclesia
2745 4180 3027 4251 repudiari
3080 4180 3272 4235 videns
3312 4173 3485 4230 veteris
3521 4167 3634 4221 ritum

634 4252 1000 4317 Conﬂuentite
1020 4263 1168 4319 enim
1191 4280 1318 4321 cum
1353 4268 1593 4337 obisset,
1621 4277 1746 4324 exta
1775 4268 1895 4338 ejus
1917 4268 1974 4322 in
1997 4266 2255 4322 Claustro
2357 4272 2489 4342 ﬁcii,
2521 4289 2648 4330 cum
2679 4273 2779 4329 tibi
2808 4272 3017 4329 videret
3051 4288 3163 4329 non
3194 4272 3396 4343 placere
3419 4253 3738 4342 carnes

634 4345 788 4440 (730)
815 4348 977 4418 juxta
1007 4357 1272 4426 parietem
1295 4375 1420 4431 quae
1447 4378 1477 4417 r
1495 4361 1689 4434 espicit
1720 4361 1788 4417 ad
1825 4360 2175 4432 septentrione

2199 4374 2255 4414 ω
2361 4373 2457 4420 aut
2488 4365 2808 4434 vitulorum,
2858 4381 2983 4437 quae
3030 4365 3130 4420 tibi
3176 4373 3433 4436 synagoga
3453 4343 3738 4440 oll‘erellﬂiri“:I

632 4437 864 4500 humata
890 4457 1022 4504 sunt
1040 4459 1096 4506 et
1117 4451 1295 4523 lapide
1325 4462 1486 4512 texta.
1511 4470 1851 4523 marmoreo;
1884 4469 2086 4526 corpus
2121 4467 2252 4534 vero
2289 4441 2334 4496 D
2359 4458 2494 4530 quid
2522 4458 2622 4513 tibi
2665 4468 2852 4529 posset
2877 4435 3084 4513 ὀπειτε
3118 4458 3174 4511 in
3203 4435 3403 4511 1;.“de
3426 4457 3471 4504 ει

629 4534 811 4604 myria
842 4546 897 4594 et
917 4541 1039 4597 aloe
1062 4551 1116 4598 et
1137 4546 1498 4604 aromatibus:
1525 4545 1805 4604 conditum
1853 4562 1885 4601 a
1909 4546 2121 4602 medico
2151 4561 2255 4602 suo

634 4627 980 4696 peritissimo
1008 4634 1260 4710 Philippo
1282 4638 1469 4696 Lonba
1490 4641 1617 4708 rdo,
1640 4639 1736 4712 qui
1757 4650 1811 4696 et
1831 4640 2006 4695 urinm
2027 4654 2142 4694 suae
2171 4638 2257 4693 in-

631 4722 918 4789 spectione
938 4739 1175 4788 mortem
1203 4733 1324 4803 ejus
1350 4734 1458 4789 trib
1488 4752 1552 4791 us
1580 4733 1775 4790 diebus
1822 4741 1950 4789 ante
2004 4731 2256 4804 predixe-

627 4819 738 4878 rat,
760 4818 1172 4885 pontiﬁcalibus
1191 4825 1453 4880 adornatv
1473 4843 1543 4882 tm
1581 4826 1846 4892 vestibus,
1871 4823 2123 4879 Treveris
2170 4822 2254 4878 al-

626 4905 802 4966 latum
855 4925 942 4973 est
984 4936 1114 4977 cum
1163 4939 1364 4995 magno
1405 4941 1433 4980 c
1467 4927 1717 4981 omitatu.
1764 4922 2050 4977 Palatinus
2106 4918 2254 4975 enim

627 5015 816 5061 comes
845 5005 1218 5073 Herimannus
1252 5016 1344 5050 ““7
1371 5027 1427 5072 at
1462 5035 1564 5091 que
1589 5017 1833 5089 plerique
1860 5016 2092 5070 barones
2114 5010 2252 5066 inlc-

624 5093 792 5158 rioris
812 5103 1055 5174 regionis
1081 5125 1213 5166 cum
1268 5126 1428 5183 magn
1465 5126 1499 5166 ο
1550 5110 1810 5167 comitatu
1857 5106 2024 5163 funus
2078 5103 2252 5175 ipsius

2357 4515 2459 4621 pro
2485 4515 2744 4605 omnibus
2773 4549 2882 4605 tuis
2910 4548 3192 4604 beneﬁciis
3220 4589 3236 4613 ,
3278 4541 3454 4600 cotidie
3491 4530 3640 4626 dicebfi
3657 4542 3664 4574 ε

2359 4645 2652 4699 retribuam
2688 4642 2915 4696 Domino
2950 4657 3046 4713 pro
3071 4640 3310 4695 omnibus
3334 4649 3440 4706 qua
3461 4621 3635 4684 retriblﬂl
3652 4619 3742 4713 “ﬁt

2363 4735 2538 4809 (Ρδαι.
2565 4752 2688 4803 cxv,
2714 4734 2827 4807 η.)
2864 4709 3004 4789 Tum
3021 4743 3079 4789 tu
3101 4729 3335 4789 mirabili
3351 4715 3641 4794 compassione
3651 4709 3745 4809 ξθξῑξῗ

2360 4798 2560 4900 aptasti
2574 4798 2691 4895 tibi,
2704 4837 2759 4883 et
2769 4798 2963 4884 dedisti
2978 4842 3200 4897 sponsae
3211 4834 3331 4889 tuae,
3344 4817 3506 4877 amica:
3517 4798 3726 4904 ιιιθξιτθηῗ

2363 4883 2488 4989 tua},
2511 4922 2772 4978 aecclesiae
2793 4883 3150 4987 scilicet'tuaa,
3169 4928 3230 4974 ut
3249 4915 3382 4989 patri
3409 4898 3592 5004 tuoillud

2357 4978 2488 5068 ret:
2509 5010 2666 5067 Unde
2695 5021 2748 5067 et
2786 5011 2905 5082 ipsa
2946 4978 3203 5068 exultans
3237 4978 3398 5063 dicit:
3420 4978 3736 5084 Caliccuselltf:

2359 5103 2701 5174 accipiam,ei
2737 5061 2921 5159 nomen
2950 5101 3169 5157 Domini
3207 5094 3442 5155 invocabo
3469 5061 3746 5160 (Pratw'W‘

1969 5236 2206 5296 VARIAE
2245 5233 2650 5293 LECTIONES.

699 5331 798 5368 ‘m
817 5337 1103 5400 addextris
1155 5360 1202 5398 c.
1279 5343 1374 5377 ⁶¹⁰⁵
1403 5344 1436 5398 d
1471 5350 1579 5398 eest
1629 5358 1674 5396 ε.
1754 5338 1848 5371 ⁶¹⁰⁶
1883 5333 1951 5391 W
1975 5349 2022 5388 c.
2099 5331 2193 5365 “°"
2223 5328 2351 5388 Her.
2376 5347 2423 5385 c.
2503 5329 2600 5362 “⁰⁸
2625 5330 2769 5386 deest
2792 5346 2839 5386 c.
2918 5330 3012 5364 ⁸¹⁰⁹
3034 5328 3182 5384 deest
3203 5343 3250 5384 c.

2192 5442 2420 5503 NOTAE.

3533 5513 3542 5522 ι
3563 5523 3576 5527 -
3608 5490 3686 5527 uti
3723 5479 3748 5527 ἶ)

695 5535 852 5632 (Ὶῆθ).
884 5539 1402 5632 nitntnerodeLCor
1423 5561 1477 5606 et
1501 5544 1513 5590 ‘-
1536 5555 1660 5602 exta
1684 5544 1752 5600 ad
1801 5543 1906 5598 hoc
1958 5543 2261 5632 plaustrum
2369 5499 3746 5632 qostrinfiindaéoris,"quigbiﬁnﬂf‘qufﬂgfuélﬁ;

620 5597 890 5709 tigrislata
916 5597 1480 5709 ipitﬁe'édnditravetli
1518 5597 1766 5709 marmore
1791 5622 1932 5709 tecta
1960 5597 2259 5709 fuerecum
2371 5611 2500 5709 qu.
2529 5597 2692 5709 Fjebr.‘

619 5667 1482 5763 Ιιορ,βρῖξεριιξόἒίὶὲἷξιὶίηἶᾶἧ
1522 5667 1729 5744 T5251
1743 5667 1926 5763 core}
1960 5667 2269 5763 exta'vertte:
2369 5678 2752 5763 ralilcllau's‘tri.
2768 5667 3479 5763 “Hammerodens-i‘s.
3774 5705 3775 5710 η

618 5734 813 5806 ratio;
828 5734 1223 5848 puisse;
1252 5734 1489 5816 itas-:3.
1529 5734 2081 5838 ἶιντῖἜὲεὶῐεέιὶεξσόἦίζ
2108 5734 2269 5821 {iii-Eri
2369 5734 2699 5827 "'{75‘6‘5'01
2732 5750 2798 5810 is
2828 5747 3072 5807 Januarii
3098 5745 3284 5803 dicere
3304 5735 3480 5797 voluit;
3501 5741 3541 5780 ν·
3559 5734 3594 5774 ε·
3610 5734 3664 5764 θ’*

1551 5881 1576 5946 ἰ
