3902 6286
1886 126 1913 153 l

460 280 597 348 1545

1497 261 1890 346 conculcet:
1931 288 1988 344 s.
2030 280 2336 345 llUBERTl
2368 282 2693 349 ANDAGIN.

3591 304 3726 361 1544

457 408 589 465 dum
643 416 808 478 super
856 416 1111 462 acervum
1146 401 1384 474 lapidum
1418 401 1492 458 ibi
1541 404 1679 462 forte
1724 414 2043 478 congestum
2069 407 2117 465 Α
2143 404 2322 480 Magni
2371 417 2634 481 regnante
2683 407 2867 464 divina
2922 408 3211 482 dispositio
3256 411 3443 470 locum
3479 420 3727 478 eumdem

457 502 764 569 resideret,
810 500 1077 557 cartulam
1137 498 1434 568 quamdam
1497 500 1713 557 cwlitus
1776 502 2040 572 allapsam

457 594 743 665 obstupuit
785 608 970 648 coram
1010 606 1069 647 se
1116 591 1421 647 cadentem.
1476 592 1650 660 Quam
1689 595 1815 651 licet
1846 594 2041 666 pavida

457 685 741 755 corripuit,
761 691 816 738 et
838 681 1042 737 nemini
1062 682 1324 737 comitum
1353 700 1487 740 ausa
1510 686 1732 742 credere
1747 697 2039 755 secretum,

454 774 526 831 ad
547 774 723 830 virum
750 774 1077 845 quantocius
1099 768 1338 831 decrevit
1363 777 1762 833 revertendum.
1788 779 1890 835 Cui
1915 796 2042 836 cum

454 884 553 941 per
590 868 838 925 ordinem
877 868 1152 926 retulisset
1172 877 1427 927 eventum
1465 871 1739 940 miraculi,
1768 874 1878 943 ille,
1906 890 2040 930 evo-

456 969 580 1016 cato
608 960 865 1032 Beregiso
886 961 1007 1017 viro
1029 961 1347 1028 venerabili,
1382 962 1476 1033 qui
1508 970 1641 1019 tunc
1668 964 1723 1019 in
1748 965 1837 1021 die
1876 967 2043 1025 rebus

456 1052 859 1124 obsequebatur
882 1054 983 1122 eis,
1013 1055 1279 1110 cartulam
1317 1054 1395 1108 illi
1439 1055 1635 1111 obtulit
1666 1061 2043 1129 exponendam

455 1148 578 1204 sibi.
622 1148 922 1208 Consultus
958 1152 1215 1208 sacerdos
1256 1151 1353 1207 Dei
1380 1154 1682 1224 respondit,
1720 1154 1903 1209 locum
1932 1169 2043 1225 quo

454 1242 644 1296 eadem
668 1244 876 1297 cartula
903 1244 1198 1312 deciderat,
1224 1261 1254 1300 a
1281 1243 1393 1301 Deo
1415 1260 1537 1302 esse
1562 1247 1816 1314 electum,
1841 1262 1907 1302 ex
1933 1263 2043 1318 quo

454 1330 754 1386 multorum
784 1333 981 1389 animae
1020 1335 1257 1391 transire
1292 1335 1554 1393 deberent
1579 1337 1647 1392 ad
1675 1353 1840 1409 regna
1872 1339 2042 1395 cmlo-

455 1435 597 1475 rum.
653 1420 848 1492 Pipino
887 1440 1018 1481 vero
1049 1427 1416 1497 subjungente
1439 1470 1455 1495 ,
1506 1428 1640 1499 quid
1665 1428 1770 1485 sibi
1802 1429 1928 1485 inde
1956 1431 2042 1487 vi-

454 1511 675 1568 deretur
707 1517 977 1586 agendum
1007 1560 1021 1585 ,
1057 1517 1346 1589 Beregisus
1393 1529 1547 1590 rapta
1576 1521 1864 1578 occasione
1893 1564 1908 1591 ,
1955 1531 2045 1579 ut-

456 1616 582 1675 pote
611 1609 704 1678 qui
729 1611 844 1681 jam
874 1613 967 1667 diu
1018 1614 1162 1685 apud
1206 1630 1265 1671 se
1296 1615 1694 1672 deliberaverat
1723 1616 1929 1672 mundo
1956 1631 2044 1671 re-

454 1696 582 1752 licto
628 1698 853 1757 liberius
903 1703 1014 1759 Deo
1059 1721 1276 1774 vacare,
1331 1707 1621 1763 subintulit
1670 1709 1925 1779 principi,
1948 1725 2038 1779 ne,

452 1798 718 1857 quantum
771 1792 826 1846 in
882 1810 943 1849 se
991 1808 1155 1865 esset,
1185 1799 1382 1855 divinae
1431 1800 1777 1871 dispositioni
1805 1803 2036 1872 deesset,

452 1887 706 1947 paratum
760 1898 819 1937 se
864 1885 1214 1943 solitudinem
1268 1890 1415 1946 illam
1462 1893 1815 1949 excolendam
1864 1895 2042 1952 susei-

451 1983 599 2059 pere,
626 1970 673 2026 si
704 1988 823 2028 eam
853 1975 942 2032 ille
971 1978 1076 2033 sibi
1107 1981 1446 2038 concederet.
1478 1982 1689 2040 Placuit
1711 1985 1823 2059 (16)
1845 1986 2041 2058 Pipino

452 2058 691 2134 Beregisi
722 2070 1085 2137 propositum,
1118 2073 1244 2128 licet
1293 2084 1615 2145 gravaretur
1658 2058 1973 2136 ammodum
2008 2096 2042 2136 a

451 2166 511 2253 se
545 2169 710 2255 suum
739 2159 989 2216 emittere
1035 2163 1411 2223 karissimum.
1462 2167 1558 2223 lllo
1603 2177 1789 2226 tamen
1841 2173 2042 2243 saepius

451 2254 742 2303 insistente
770 2258 831 2304 ut
860 2267 975 2306 rem
1004 2256 1333 2323 quantocius
1383 2259 1756 2329 acceleraret,
1813 2261 2041 2333 Pipinus

453 2348 579 2388 cum
607 2339 872 2396 comitatu
899 2344 1190 2401 curialium
1218 2363 1445 2405 suorum
1473 2352 1621 2407 venit
1645 2353 1713 2408 ad
1746 2353 1929 2410 locum
1957 2355 2043 2415 in-

450 2433 623 2481 ventae
651 2428 865 2486 coalitus
893 2440 1076 2490 cartae.
1135 2434 1213 2492 Ibi
1261 2436 1402 2495 facta
1452 2441 1612 2512 legali
1644 2442 1958 2513 donatione,
1987 2454 2044 2503 et

450 2525 570 2573 rata
601 2534 787 2577 coram
818 2525 1159 2598 principibus
1210 2532 1327 2587 suis
1377 2534 1759 2605 astipulatione
1787 2579 1803 2605 ,
1857 2538 2040 2595 locum

450 2607 627 2681 ipsum
657 2626 921 2687 perpetuo
948 2619 1256 2679 habendum
1284 2624 1538 2698 Beregiso
1566 2627 1808 2698 donavit,
1831 2638 1885 2686 et
1912 2645 2041 2701 per-

450 2703 696 2765 lustratis
739 2709 942 2768 tinibus
969 2713 1215 2785 ejusdem
1246 2718 1560 2775 donationis
1588 2763 1602 2789 ,
1650 2731 1833 2779 certas
1866 2732 2041 2782 metas

340 2833 346 2838 .
449 2809 546 2867 per
590 2798 882 2857 subnotata
932 2806 1170 2861 confinia
1206 2807 1605 2866 disterminavit
1639 2832 1652 2867 :
1682 2814 1751 2869 ad
1778 2816 2038 2872 meridia-

450 2902 579 2943 nam
611 2891 825 2964 plagam
854 2895 995 2953 inter
1024 2897 1367 2959 Divisiones‘
1424 2903 1536 2976 (17)
1563 2946 1578 2972 ,
1617 2906 1685 2962 ad
1716 2908 2040 2965 orientalem

451 2981 665 3055 plagam
708 2984 926 3045 Mollem
976 2994 1302 3065 campellum
1329 3037 1344 3064 ,
1394 2996 1460 3052 ad
1512 2998 1826 3068 aquilonem
1899 3002 2041 3058 inter

451 3073 825 3148 Campilonem
875 3093 930 3139 et
973 3083 1221 3143 Haletum
1245 3131 1261 3156 ,
1294 3087 1796 3148 Ferreummontem
1828 3114 1853 3161 ,-
1896 3094 2041 3152 inter

450 3165 745 3229 Nasaniam
774 3183 829 3231 et
857 3177 1121 3235 Awanam
1141 3181 1183 3250 ⁸,
1216 3180 1437 3238 Tabula:
1464 3182 1767 3253 fontanam,
1798 3188 1867 3243 ad
1895 3188 2041 3244 occi-

450 3261 667 3320 dentem
701 3284 892 3340 rupem
930 3271 1370 3331 Sulmoniensem
1400 3285 1454 3332 et
1487 3276 1711 3333 fluvium
1746 3279 2036 3338 Lumnam.

450 3355 520 3410 At
546 3355 836 3431 Beregisus
870 3367 1146 3423 continuis
1173 3369 1435 3425 insistens
1481 3371 1793 3441 laboribus,
1824 3375 2038 3433 solatiis

448 3450 615 3505 etiam
644 3458 1009 3523 quorumdam
1038 3461 1279 3517 ﬁdelium
1309 3464 1558 3534 adjutus,
1599 3467 1906 3524 silvestrem
1949 3487 2040 3541 so;-

449 3542 733 3602 litudinem
780 3552 1039 3622 purgavit.
1080 3562 1137 3609 et
1180 3554 1532 3612 habitabilem
1566 3557 1726 3628 fecit,
1758 3576 1858 3616 nec
1885 3563 2039 3634 prius

447 3635 699 3705 abstitit,
748 3656 913 3711 quam
962 3645 1253 3703 ecclesiam
1299 3648 1443 3704 beati
1488 3648 1636 3707 Petri
1665 3655 2037 3724 apostolorum

449 3725 759 3797 principis,
807 3746 930 3800 quae
981 3733 1035 3789 in
1086 3735 1313 3806 praefato
1363 3747 1547 3797 castro
1602 3742 1734 3798 olim
1790 3742 2036 3805 funditus

445 3828 637 3872 eversa
666 3816 863 3889 fuerat,
895 3839 927 3880 a
967 3822 1339 3886 fundamentis
1365 3840 1682 3903 restrueret,
1715 3844 1769 3890 et
1794 3837 2036 3895 collectis

444 3920 634 3965 secum
663 3913 930 3985 religiosis
979 3918 1193 3977 clericis
1222 3923 1455 3980 .abbatis
1502 3927 1723 3982 nomine
1757 3937 1810 3983 et
1857 3928 2035 3988 ollicio

444 3998 647 4058 ibidem
676 4003 788 4062 Deo
814 4008 1177 4070 militantibus
1200 4026 1477 4086 przeesset.
1532 4018 1552 4091 (
1577 4019 1787 4077 Transl.
1817 4021 1878 4078 S.
1915 4021 2036 4079 Hu-

441 4091 646 4184 derti.)
699 4097 820 4166 Quo
850 4112 976 4172 post
1004 4105 1221 4164 labores
1272 4107 1439 4180 hujus
1466 4112 1917 4184 peregrinationis
1964 4116 2034 4172 ad

439 4182 735 4246 Dominum
764 4193 1033 4266 migrante
1064 4197 1199 4270 (18),
1232 4198 1395 4272 longo
1442 4211 1569 4273 post
1602 4182 1857 4276 tempore
1907 4223 2033 4264 suc-

439 4291 689 4338 cessores
729 4284 849 4356 ejus
884 4288 959 4344 ibi
1005 4303 1492 4361 perseveraverunt
1522 4295 1580 4351 in
1627 4297 1866 4355 clericali
1911 4315 2032 4357 sce-

438 4379 604 4442 mate,
634 4374 810 4435 donec
842 4378 1119 4442 Ludovico
1154 4383 1253 4442 Pio
1306 4387 1638 4458 imperatore
1688 4389 1801 4447 ﬁlio
1842 4390 2029 4451 Karoli

2142 500 2424 571 ampliavit
2453 501 2559 556 hoc
2588 502 2798 558 ordine.

2212 595 2266 648 2.
2313 592 2413 664 (4.)
2452 593 2586 664 Ejus
2616 594 2726 669 (19)
2754 605 3001 668 tempore
3029 608 3260 673 praeerat
3285 605 3541 660 ecclesia:
3595 604 3727 662 Lce-

2141 686 2318 745 diensi
2339 688 2561 759 quidam
2591 691 2915 746 veneranda:
2940 693 3221 750 memoriae
3241 697 3540 768 episcopus
3569 696 3727 756 Coal-

2143 786 2352 844 eaudus
2380 788 2433 843 in
2464 788 2877 845 instaurandis'
2902 790 3069 848 rebus
3097 793 3498 851 ecclesiasticis
3522 812 3730 854 ammo-

2142 875 2275 933 dum
2296 879 2576 937 studiosus
2600 880 2642 933 ⁸.
2690 879 2757 935 Et
2786 888 2847 935 ut
2865 896 2963 952 per
2982 898 3272 940 excessum
3307 885 3379 940 de
3422 886 3547 957 ipsa
3598 888 3733 945 Leo-

2142 969 2319 1026 diensi
2364 971 2491 1026 sede
2535 971 2719 1043 aliqua
2769 975 3080 1031 necessario
3128 974 3387 1031 dicantur
3419 1019 3439 1044 ,
3489 978 3731 1035 eamdem

2143 1062 2408 1134 episeopii
2437 1064 2621 1119 sedem
2643 1065 2836 1122 beatus
2868 1065 3114 1137 pontifex
3156 1066 3437 1124 Hubertus
3493 1070 3565 1124 ab
3601 1073 3734 1126 urbe

2145 1152 2450 1225 Tongrensi
2472 1155 2605 1210 olim
2628 1155 2866 1227 Trajecti
2892 1165 3285 1227 permutatam,
3311 1159 3381 1213 ab
3401 1160 3595 1214 eodem
3616 1161 3733 1216 vico

2145 1247 2425 1303 transtulit
2451 1246 2694 1319 Legiam,
2729 1249 2941 1319 utquia
2963 1264 3064 1305 suo
3105 1258 3355 1321 tempore
3393 1267 3601 1323 magna:
3648 1253 3732 1306 in-

2144 1339 2369 1395 dustriae
2416 1347 2471 1394 et
2522 1340 2809 1409 potestatis
2847 1341 3040 1412 viguit,
3072 1341 3352 1396 modicam
3385 1342 3622 1398 villulam
3670 1344 3725 1397 in

2144 1429 2543 1486 nobilissimam
2572 1432 2846 1488 civitatem
2869 1441 2925 1488 et
2947 1434 3131 1489 sedem
3152 1434 3525 1505 episcopalem
3555 1436 3734 1505 susci:

2143 1523 2298 1591 tavit,
2322 1523 2633 1594 ibidemque
2662 1524 2810 1596 leges
2833 1525 3041 1595 publici
3071 1525 3216 1597 juris
3241 1534 3298 1581 et
3318 1525 3571 1583 forenses
3590 1544 3734 1583 men-

2145 1631 2325 1685 suras,
2363 1632 2488 1688 quae
2521 1617 2701 1673 adhuc
2736 1627 3055 1689 supersunt,
3093 1619 3405 1675 constituit.
3431 1618 3557 1686 Quo
3578 1621 3724 1675 etiam

2145 1725 2269 1767 cum
2297 1725 2396 1781 per
2417 1709 2803 1765 revelationem
2839 1710 3081 1766 divinam
3133 1727 3263 1767 ossa
3313 1711 3730 1782 praedecessoris

2145 1801 2230 1856 sui
2249 1799 2395 1857 beati
2417 1798 2696 1856 Lamberti
2721 1802 2978 1874 martyris
3030 1801 3330 1870 retulisset,
3389 1818 3635 1873 eumque
3686 1804 3735 1856 in

2143 1894 2267 1950 loco
2295 1895 2545 1966 martyrii
2567 1895 2686 1966 ejus
2715 1896 3006 1967 sepeliens,
3031 1896 3326 1952 ecclesiam
3348 1896 3735 1951 eondecentem

2144 2002 2309 2057 super
2329 2002 2455 2043 eum
2476 1986 2822 2055 aedificasset,
2848 1988 2902 2043 in
2930 1988 3064 2058 pede
3089 2003 3315 2059 quoque
3361 1986 3744 2043 Publicimon-

2142 2080 2214 2135 tis
2237 2079 2291 2134 in
2320 2079 2530 2135 honore
2552 2079 2695 2136 beati
2722 2079 2870 2136 Petri
2892 2080 3127 2151 apostoli
3174 2080 3439 2151 templum
3469 2082 3743 2145 extruxit,

2142 2172 2236 2229 ubi
2266 2172 2604 2244 migraturus
2624 2173 2690 2228 ad
2726 2171 3022 2228 Dominum
3071 2173 3293 2245 sepeliri
3338 2189 3550 2245 cerpus
3589 2190 3741 2229 suum

2143 2267 2453 2324 destinavit.
2479 2266 2651 2338 Cujus
2679 2266 3023 2323 sanctitatem
3069 2283 3196 2324 cum
3227 2267 3434 2323 crebra
3482 2266 3735 2322 miracula

2142 2361 2502 2427 declararent,
2522 2359 2611 2415 l6o
2633 2375 2778 2416 anno
2801 2360 3145 2433 migrationis
3174 2376 3293 2416 sua:
3340 2359 3467 2431 (20)
3520 2362 3741 2415 transis.

2126 2462 2233 2511 .tus
2263 2454 2320 2509 in
2343 2452 2631 2509 ecclesiam
2644 2452 2808 2508 -beati
2834 2451 3112 2508 Lamberti
3134 2468 3166 2506 a
3213 2450 3473 2523 predicta
3524 2450 3737 2507 ecclesia

2141 2545 2288 2602 beati
2308 2543 2455 2600 Petri
2487 2545 2597 2617 (an.
2627 2543 2776 2616 745),
2813 2544 3013 2600 ibidem
3033 2550 3332 2600 veneratus
3366 2551 3467 2600 est
3511 2559 3609 2613 per
3651 2560 3737 2598 an-

2141 2651 2243 2692 nos
2277 2635 2618 2707 septuaginta
2653 2634 2914 2706 quinque.

2212 2726 2264 2780 '5.
2309 2725 2410 2797 (5.)
2450 2724 2688 2797 (Transi.
2715 2723 2774 2780 S.
2808 2723 3080 2797 Huberti.)
3110 2724 3273 2781 Anno
3304 2740 3449 2780 vero
3483 2724 3725 2780 incarnati

2142 2816 2305 2873 Verbi
2335 2817 2463 2886 825,
2490 2826 2753 2890 regnante
2799 2826 2859 2873 ut
2898 2817 3104 2873 dictum
3160 2826 3245 2874 est
3294 2816 3588 2873 Ludovico
3626 2815 3732 2883 Pio,

2142 2911 2434 2967 cumidem
2461 2911 2715 2982 princeps
2745 2910 3134 2967 ecclesiasticis
3183 2910 3359 2966 rebus
3394 2911 3641 2966 studeret
3685 2911 3732 2963 in

2140 3022 2311 3078 regno
2334 3022 2455 3073 suo,
2483 3005 2934 3077 congregationes
2964 3013 3288 3061 sanctorum
3315 3004 3409 3060 vel
3456 3014 3730 3060 construe-

2141 3109 2227 3154 ret
2267 3099 2354 3154 vel
2402 3097 2533 3153 olim
2575 3103 2947 3152 constructas
2971 3095 3283 3165 ampliaret,
3331 3094 3405 3151 ad
3452 3095 3564 3150 hoc
3606 3080 3733 3149 idem

2144 3193 2412 3265 agendum
2448 3190 2698 3261 exemplo
2727 3204 2830 3244 suo
2853 3187 3187 3244 informabat
3213 3196 3269 3243 et
3289 3187 3584 3243 civitatum
3606 3202 3735 3257 pon-

2142 3285 2317 3342 tifices
2361 3292 2417 3340 et
2459 3283 2866 3356 provinciarum
2930 3281 3225 3353 principes.
3293 3278 3506 3335 Interea
3559 3278 3736 3335 clerici

2140 3377 2381 3451 praefata
2408 3377 2557 3434 cella
2596 3376 2741 3433 beati
2769 3374 3011 3445 Beregisi
3036 3389 3163 3428 eum
3194 3373 3313 3444 jam
3342 3388 3489 3443 paene
3537 3372 3727 3427 deﬁce

2139 3480 2282 3540 rent,
2310 3480 2499 3542 utpote
2527 3470 2584 3525 in
2607 3479 2717 3525 tam
2749 3478 2904 3525 vasta
2933 3475 2989 3523 et
3044 3466 3219 3522 sterili
3260 3466 3489 3521 heremo
3534 3464 3713 3520 eonsti

2141 3565 2266 3632 tuti,
2297 3572 2519 3634 accepta
2540 3562 2828 3618 occasione
2852 3548 2957 3617 sibi
2980 3558 3332 3626 consulendi,
3360 3558 3433 3613 ad
3460 3556 3731 3612 Gualcau-

2140 3657 2272 3714 dum
2293 3655 2653 3712 Leodiensem
2673 3654 2997 3727 episcopum
3017 3667 3077 3708 se
3103 3651 3484 3718 contulerunt,
3509 3658 3566 3705 et
3598 3664 3726 3720 quo-

2138 3751 2303 3807 modo
2339 3748 2656 3821 praedictum
2677 3748 2860 3803 locum
2905 3761 3097 3802 eorum
3151 3744 3341 3800 divina
3394 3742 3728 3814 providentia

2137 3843 2665 3915 elegissetquasque
2698 3840 2754 3894 in
2806 3854 2872 3895 eo
2915 3846 3235 3911 paterentur
3285 3836 3618 3901 necessitas,
3660 3833 3726 3888 illi

2136 3936 2461 3992 retulerunt.
2494 3933 2732 3990 Lanatus
2761 3933 2851 3989 ille
2878 3948 2937 3989 se
2960 3931 3240 3988 invenisse
3262 3930 3718 4001 opportunitatem

2136 4026 2299 4084 saluti
2326 4042 2441 4084 suae
2463 4025 2805 4097 providendi,
2831 4024 2879 4081 si
2906 4024 2963 4079 in
2982 4023 3174 4080 eodem
3224 4021 3351 4077 loco
3371 4021 3722 4077 conabor-aret

2134 4119 2403 4178 voluntati
2447 4120 2646 4176 divinae
2674 4161 2690 4187 ,
2747 4117 3065 4174 omnimoda
3136 4115 3448 4172 intentione
3508 4115 3563 4171 id
3616 4130 3709 4171 exe

2134 4213 2337 4285 quendi
2371 4228 2561 4269 curam
2593 4211 2865 4282 concepit,
2887 4218 2941 4265 et
2966 4209 3193 4281 juvante
3218 4207 3335 4264 Deo
3384 4208 3444 4263 in
3495 4222 3714 4279 υνδεξιμ

2131 4313 2244 4361 tem
2273 4312 2476 4360 statum
2506 4300 2811 4359 suscitavit.
2841 4298 2979 4355 Nam
3000 4307 3337 4356 commutato
3383 4300 3580 4355 ordine
3627 4299 3712 4353 cle

2131 4394 2309 4463 ricali,
2336 4410 2482 4450 anno
2510 4392 2799 4451 dominicae
2819 4390 3216 4448 incarnationis
3254 4389 3386 4460 817,
3411 4390 3450 4446 4
3476 4387 3604 4448 ldus
3624 4389 3707 4445 Au

1740 4544 1973 4604 VARIE
2014 4546 2420 4607 LECTIONES.

526 4642 869 4735 fidiusiones
914 4650 1002 4735 1..
1059 4656 1080 4688 ⁸
1110 4653 1413 4735 Ayvannam
1459 4662 1593 4735 prio.

434 4728 582 4777 nuus
619 4736 881 4792 superscr.
919 4725 1006 4784 vel
1056 4729 1339 4790 studiosus
1371 4733 1421 4790 1.

1684 4661 1706 4697 ⁷
1727 4663 2108 4723 ministrandis
2136 4682 2400 4739 superscr.
2438 4666 2619 4724 eadem
2676 4683 2838 4725 manu
2886 4662 2973 4722 vel
3002 4661 3380 4721 instaurandis
3404 4664 3461 4720 1.
3538 4662 3565 4696 ⁸
3599 4672 3709 4719 stre

1926 4871 2161 4934 ΝΟΤΔΕ.

658 4974 1173 5060 Sequentiaauctgr
1202 4981 1340 5060 Vitae
1363 4984 1586 5060 brevius
1610 4996 1832 5057 narrat;
1865 4990 2022 5060 plura
2051 4990 2103 5052 D
2128 4992 2295 5048 vallée
2326 4993 2392 5049 de
2429 4991 2831 5049 Font-h-Bulat
2864 5021 2935 5033 —
2977 4990 3035 5047 la
3081 4991 3238 5047 recite
3286 4986 3538 5047 Sal-tant
3566 5022 3643 5035 -—
3667 4994 3721 5048 la

432 5048 583 5131 addit
606 5049 701 5131 qui
729 5050 1623 5131 privilegiumPippinigonlinxit,
1654 5048 1929 5131 servatum
1962 5062 2017 5116 in

431 5120 555 5199 cod.
597 5119 727 5199 olim
753 5119 835 5199 _§_.
867 5119 1582 5199 Hnberti,_nunc_l‘lamurc.
1610 5119 1690 5185 'n.
1735 5130 1791 5199 5,
1821 5130 1917 5187 fol.
1947 5131 2017 5190 89

430 5189 640 5271 editum
666 5191 921 5271 inﬁMirazi
951 5189 1260 5271 Opp.'Dipl,
1294 5195 1360 5266 ll,
1386 5199 1553 5271 1125.

504 5260 618 5333 (17)
661 5280 682 5315 ι
709 5262 815 5338 Des
843 5260 1052 5323 bornés
1071 5283 1140 5323 en
1168 5260 1356 5338 pierre'
1379 5267 1670 5328 formaient
1715 5273 1769 5329 la
1795 5273 2016 5338 separa-

429 5332 548 5416 tion
579 5341 731 5416 entre
756 5335 820 5416 l_a.
842 5339 1149 5416 seigneurie
1168 5332 1254 5416 de
1269 5337 1639 5416 Neufchateau
1667 5354 1721 5400 et
1748 5332 2014 5416 quelques

427 5404 657 5484 villages
683 5406 750 5484 de
775 5407 827 5484 l_a
853 5404 1087 5484 prévdte
1118 5411 1185 5466 de
1216 5410 1506 5484 Bastogne.
1539 5433 1559 5467 ι
1607 5404 1861 5471 Remum:
1886 5404 1912 5484 ξ
1944 5433 2012 5473 ex

426 5475 651 5555 Antiqq.
679 5475 923 5555 Andag—g.
949 5480 1129 5555 medio
1158 5482 1358 5555 saeculo
1383 5475 1616 5555 septimo
1644 5487 1857 5543 decimo
1879 5475 2013 5543 con-

427 5545 668 5630 scripiis.
702 5545 864 5630 ldem'
874 5545 1155 5630 sequentia
1178 5553 1402 5609 nomina
1422 5545 1665 5630 explicat
1690 5577 1704 5612 :
1730 5557 2011 5630 Machamp

427 5647 500 5657 —
519 5618 817 5689 Champlon
841 5652 912 5663 —-
934 5618 1171 5678 Balteus:
1194 5654 1263 5663 —
1285 5642 1386 5680 une
1412 5618 1554 5689 ligna
1580 5629 1785 5683 d‘amas
1812 5629 1875 5683 de
1902 5618 2009 5683 rm"-

430 5691 578 5772 ηενρὶ
606 5690 670 5743 de
695 5690 776 5760 fer
794 5701 938 5772 entre
967 5694 1261 5772 ρζπαῃιριοη
1288 5705 1338 5750 et
1366 5690 1604 5772 (laneum
1629 5730 1701 5742 —-
1732 5698 2009 5772 Nassogne

430 5788 503 5805 --
527 5759 751 5816 Awenne
794 5790 867 5817 —-,
900 5764 955 5828 la
982 5759 1277 5835 Masblette,
1304 5768 1545 5824 ruisseau
1569 5772 1660 5838 qui
1700 5759 1934 5827 "averse:
1952 5771 2008 5828 la

2126 5062 2543 5262 ιοέἒῒλᾱιμιο
2568 5151 2713 5192 anno
2736 5134 2931 5218 quinto
2967 5131 3310 5216 Theoderici,
3344 5133 3383 5189 i.
3414 5148 3471 5218 ε.
3499 5134 3607 5190 724
3636 5136 3718 5191 vel

2126 5205 2193 5260 72
2234 5248 2248 5262 .
2317 5216 2631 5262 ouationem
2688 5216 2899 5262 accemt
2921 5221 2950 5260 a
2980 5203 3291 5261 Grimberto
3323 5215 3549 5262 comite.
3580 5215 3718 5262 teste

2125 5203 2248 5290 725,
2279 5203 2631 5290 donationem
2688 5203 2899 5290 accepit
2921 5221 2950 5260 a
2980 5203 3291 5261 Grimberto
3323 5207 3549 5273 comite,
3580 5215 3719 5263 teste

2121 5286 2347 5334 auctore
2378 5277 2515 5334 Vita:
2542 5278 2597 5333 in
2624 5278 2872 5349 prologo.

2121 5418 2159 5429 η
2192 5347 2306 5429 (19)
2345 5347 2694 5429 ῌοοΑρξψυις
2721 5345 2779 5403 S.
2806 5344 3187 5429 _Hu_bert_iAVita
3229 5356 3289 5429 et
3331 5347 3710 5429 translatione,

2115 5416 2366 5501 Ηθῄεριῆ
2381 5436 2430 5476 c.
2463 5416 2632 5501 28,9}
2657 5418 2975 5501 duselmip.
3000 5416 3067 5472 16
3088 5417 3456 5501 concinnavit.

2185 5460 2554 5573 ξέδῖλξίῃᾷνέ
2564 5460 2975 5573 ,ἆέιῖ-Ῑδῐῖἷέξῇἰῗ
2992 5460 3505 5573 ,Ξιῖιῆξτῖέζᾜρἐὲς
3528 5498 3713 5573 trans-

2110 5559 2334 5617 lationis
2385 5561 2614 5616 historia
2667 5560 2920 5631 sumpsit,
2986 5559 3310 5615 terminum’
3340 5560 3561 5631 habent
3626 5562 3711 5614 in-

2112 5632 2450 5688 stitutionem
2494 5630 2912 5699 monachorum,
2948 5646 3061 5691 non
3106 5630 3521 5688 translationem
3567 5632 3708 5688 alte-

2110 5718 2249 5759 ram.
