3902 6286
141 345 275 403 1545

1161 329 1554 390 CHRONICON
1590 330 1648 387 S.
1687 330 1993 388 IIUBERTI
2026 330 2352 389 ANDAGIN.

3270 335 3406 394 1346

134 459 275 534 gusti
304 457 359 513 in
388 456 476 513 die
502 453 673 512 sancti
703 449 981 508 Laurentii
1012 449 1288 521 martyris,
1317 447 1711 502 monachorum
1742 448 1791 508 Α
1819 444 2103 501 Trinitate.
2132 444 2465 516 Supererant
2485 443 2596 500 duo
2627 445 2795 501 tctius
2815 447 2946 502 anni
2970 447 3261 516 omeliarii,
3285 451 3410 521 qui-

134 555 208 609 ibi
238 550 553 624 religionem
576 546 880 611 constituit,
911 543 1196 615 dispositis
1243 541 1323 598 eis
1352 539 1723 612 possessioni-

134 646 239 701 bus
267 651 322 698 et
343 641 586 714 legaliter
606 638 941 695 confirmatis
979 634 1033 691 in
1059 644 1361 706 posterum,
1410 648 1532 704 quae
1579 629 1727 687 sufﬁ-

134 746 319 794 cerent
344 736 535 791 usibus
556 733 631 789 ibi
655 732 765 788 Deo
790 728 1163 788 servientium.
1206 727 1586 784 Constitutum
1642 740 1728 787 cst

134 830 299 887 etiam
324 845 392 885 ex
438 825 720 884 communi
747 825 969 881 decreto
1001 832 1065 879 ut
1089 823 1154 878 de
1182 820 1729 877 reditibusdonatio—

135 938 266 978 num
294 936 416 993 quae
445 919 602 975 facta:
627 917 842 973 fuerant
888 916 1048 972 beato
1098 914 1374 986 Beregiso,
1424 913 1493 968 ab
1535 927 1726 969 eorum

135 1013 587 1086 procuratoribus
605 1011 673 1067 ad
706 1012 887 1067 locum
911 1008 1093 1082 ipsum
1122 996 1427 1064 deferretur
1449 1006 1507 1062 in
1533 1006 1727 1063 eadem

135 1108 224 1163 die
248 1105 531 1163 annuatim
556 1104 781 1171 oblatio,
800 1111 861 1158 ut
884 1117 952 1160 ex
969 1102 1074 1158 hoc
1098 1101 1152 1156 in
1180 1094 1461 1172 posterum
1499 1109 1553 1156 et
1573 1100 1726 1171 prio-

137 1199 214 1256 ris
241 1197 624 1271 acquisitionis
646 1204 700 1252 et
720 1193 1038 1267 posterioris
1092 1191 1392 1264 adjumenti
1448 1192 1729 1248 discerne-

136 1300 290 1348 retur
313 1289 683 1347 ecclesiastica
709 1288 1007 1360 possessio.
1031 1285 1152 1354 Quo
1179 1284 1310 1341 dum
1362 1285 1548 1357 plures
1594 1299 1728 1340 con-

136 1392 443 1451 currerent,
466 1394 526 1439 ut
554 1383 607 1437 in
636 1391 746 1438 tam
775 1388 987 1436 remota
1037 1380 1262 1435 heremo
1309 1386 1462 1434 tanto
1498 1377 1727 1433 liberius

136 1485 344 1549 quanto
370 1485 424 1533 et
448 1476 717 1534 secretius
741 1474 853 1530 Deo
876 1480 1155 1542 vacarent,
1187 1471 1408 1544 quidam
1438 1470 1603 1527 etiam
1628 1486 1728 1526 no-

135 1569 360 1625 biliores
392 1569 577 1625 clerici
596 1569 662 1624 de
682 1567 914 1625 ecclesia
944 1567 1090 1623 beati
1122 1565 1401 1622 Lamberti
1426 1580 1492 1621 eo
1529 1580 1728 1621 conve-

137 1670 359 1729 nerunt,
388 1668 707 1732 mutatoque
744 1660 935 1715 habitu
991 1661 1061 1715 ad
1114 1665 1487 1729 contemptum
1536 1657 1727 1712 mundi

138 1769 199 1809 se
226 1754 375 1823 ipsos
395 1753 620 1808 viriliter
659 1751 1037 1807 accinxerunt.
1090 1750 1178 1805 Hii
1208 1766 1394 1807 secum
1428 1750 1727 1806 deliberate

137 1845 380 1901 consilio
401 1846 653 1900 eumdem
680 1844 863 1900 locum
885 1844 1063 1900 adhuc
1097 1844 1382 1900 honestius
1428 1842 1729 1899 subliman-

136 1934 223 2003 di,
254 1935 554 2006 praesertim
580 1949 706 1990 cum
737 1935 794 1990 in
820 1936 928 1992 hoc
957 1935 1080 2006 ipso
1098 1934 1433 2006 patrocinari
1465 1933 1571 1990 sibi
1602 1949 1729 2004 spe-

138 2034 324 2082 rarent
351 2025 594 2083 favorem
623 2027 920 2097 pontiﬁcis,
954 2027 1231 2097 petierunt
1251 2026 1321 2081 ab
1372 2041 1438 2081 eo
1491 2024 1732 2099 transfe-

136 2117 370 2174 rendum
411 2117 505 2173 illo
551 2132 751 2187 corpus
801 2117 945 2172 beati
991 2116 1238 2184 Huberti,
1267 2125 1574 2174 asserentes
1608 2117 1731 2173 urbi

140 2208 388 2265 suﬂicere
417 2208 786 2281 patrocinium
807 2206 955 2264 beati
983 2206 1281 2265 Lamberti.
1314 2207 1449 2277 Qua:
1494 2225 1584 2266 res
1606 2209 1735 2266 licet

142 2317 241 2373 pro
262 2301 348 2358 sui
370 2301 747 2374 magnitudine
784 2301 1016 2357 nimium
1042 2300 1279 2359 diiiicilis
1298 2303 1577 2358 videretur
1596 2317 1736 2372 pon-

140 2396 294 2464 tiﬁci,
329 2396 513 2453 divina
534 2402 719 2451 tamen
743 2395 939 2467 gratia,
965 2395 1055 2451 cui
1076 2396 1248 2452 nichil
1267 2404 1354 2451 est
1374 2395 1733 2466 impossibile,

135 2488 305 2560 justis
327 2487 684 2559 petitionibus
704 2482 1027 2544 acceleravit
1054 2487 1478 2545 eﬂectum.Nam
1505 2490 1736 2546 collecta

140 2580 524 2651 episcoporum
552 2579 763 2652 synodo
783 2579 1106 2650 provinciali
1130 2580 1273 2651 apud
1297 2581 1585 2637 ecclesiam
1609 2581 1737 2635 bea-

142 2680 213 2727 ta:
241 2670 425 2727 Mariae
449 2671 782 2743 Aquisgrani
807 2672 1014 2743 palatii,
1050 2671 1361 2729 Ludovicus
1411 2673 1535 2745 pius
1563 2682 1619 2729 et
1651 2689 1739 2729 re-

136 2761 371 2834 iigiosus
391 2760 691 2833 imperator
720 2762 985 2820 interesse
1018 2764 1193 2819 voluit
1214 2765 1601 2822 ecclesiastiCis
1629 2767 1737 2822 uti»

138 2855 392 2911 litatibus
423 2854 625 2910 ibidem
660 2855 1037 2927 disponendis.
1090 2855 1170 2912 lbi
1218 2872 1343 2913 cum
1389 2856 1738 2915 Gualcaudus

140 2947 376 3004 referret
416 2946 707 3004 consilium
767 2948 835 3005 de
888 2947 1272 3006 transferendo
1322 2964 1550 3020 corpore
1595 2949 1738 3004 beati

138 3038 373 3095 liuberti
413 3039 483 3096 ad
532 3040 714 3096 locum
754 3040 1122 3113 Audaginum,
1159 3040 1343 3097 divina
1382 3040 1740 3111 dispositione

139 3133 391 3204 praedicti
414 3134 679 3205 principis
699 3143 755 3191 et
775 3135 944 3191 totius
965 3135 1158 3209 synodi
1206 3135 1332 3192 inde
1363 3136 1735 3192 voluntarium

110 3224 385 3283 .obtinuit
431 3242 741 3295 assensum,
772 3227 978 3284 indicta
1030 3228 1081 3284 ei
1119 3228 1452 3298 conditione,
1497 3238 1558 3284 ut
1586 3238 1739 3286 tanto

139 3319 394 3390 pontifici
421 3320 836 3377 convenientem
865 3321 1153 3392 ampliaret
1178 3322 1467 3391 honorem,
1494 3331 1550 3379 et
1574 3323 1741 3380 colle-

140 3411 254 3467 ctis
276 3412 478 3468 ibidem
502 3411 766 3470 fratribus
802 3422 914 3470 tam
936 3415 1298 3486 praesentibus
1322 3431 1488 3487 quam
1539 3414 1741 3474 futuris

137 3504 235 3559 vel
258 3504 496 3573 posteris
519 3515 736 3562 curaret
764 3523 983 3564 omnem
1004 3508 1293 3566 excludere
1335 3508 1738 3567 necessitatem.

140 3594 464 3651 Constituta
489 3611 622 3651 vero
642 3598 731 3653 die
758 3599 826 3654 ad
849 3615 968 3655 rem
1003 3602 1377 3673 exequendam
1423 3602 1543 3674 ipse
1587 3603 1743 3675 prin-

140 3703 281 3759 ceps
306 3687 570 3745 Leodium
594 3689 764 3757 venit,
792 3697 847 3745 et
875 3707 1002 3747 cum
1021 3694 1261 3762 palatina
1289 3702 1404 3748 tum
1430 3695 1597 3749 etiam
1642 3711 1743 3765 po-

141 3779 331 3851 pulari
351 3778 657 3851 frequentia
691 3795 892 3853 corpus
922 3791 1173 3838 sanctum
1195 3783 1344 3854 quod
1379 3799 1509 3840 cum
1561 3785 1743 3843 loculo

148 3884 259 3927 suo
279 3870 494 3943 lapideo
519 3871 973 3941 transferebatur,
1009 3874 1361 3931 devotissime
1389 3885 1741 3948 prosecutus,

146 3961 363 4019 Mosam
388 3963 523 4020 illud
554 3966 896 4036 transposuit
922 3982 1049 4023 cum
1077 3967 1280 4024 divinis
1301 3968 1519 4041 hymnis
1546 3978 1602 4026 et
1619 3971 1743 4027 lau-

145 4054 320 4114 dibus
340 4057 452 4129 (an.
482 4057 608 4127 825,
646 4057 790 4131 Sept.
816 4059 928 4132 50);
954 4060 1042 4117 cui
1063 4062 1227 4117 etiam
1248 4062 1422 4118 multa
1443 4063 1585 4119 dona
1606 4078 1742 4120 con-

149 4147 282 4203 tulit
307 4149 456 4222 regia
488 4150 800 4222 largitione,
828 4168 951 4223 quas
969 4152 1097 4211 licet
1120 4153 1451 4225 deperierint
1467 4155 1554 4211 vel
1601 4163 1744 4212 tem-

147 4255 356 4313 porum
376 4250 669 4315 vetustate,
691 4246 778 4302 vel
799 4254 1142 4303 vastatorum
1162 4246 1539 4318 distractione,
1567 4264 1635 4306 ex
1663 4251 1744 4308 eis

150 4343 340 4391 tamen
368 4337 618 4407 quaedam
644 4340 851 4397 nostris
874 4340 1053 4396 adhuc
1084 4341 1422 4412 temporibus
1451 4350 1748 4412 supersunt

149 4426 418 4484 ecclesiae.
461 4427 721 4501 Superest
739 4431 978 4503 optimus
1009 4440 1321 4488 sanctorum
1342 4433 1746 4505 evangeliorum

1823 539 1928 595 bus
1948 538 2244 606 renovatis,
2274 537 2524 593 hiemalis
2544 537 2706 594 datus
2726 546 2811 594 est
2833 538 2887 593 in
2914 540 3211 596 elemosina
3231 542 3408 597 eccle-

1826 631 1921 688 size
1954 631 2321 688 Giviuiacensi
2346 631 2482 704 (22),
2505 630 2763 690 aestivalis
2782 646 2914 686 vero
2931 632 3136 689 missus
3155 641 3240 690 est
3263 632 3412 690 cellae

1825 724 2035 781 Pirensi
2051 724 2185 798 (25).
2210 724 2287 781 De
2311 724 2669 781 translatione
2691 733 2876 781 autem
2901 723 3046 781 beati
3077 724 3302 783 Huberti
3328 743 3414 785 ce-

1824 827 1941 875 tera
1962 819 2192 876 reticere
2217 819 2557 886 censuimus,
2593 817 2741 889 quod
2761 817 3069 875 evidentius
3088 828 3141 874 et
3161 819 3326 877 latius
3346 834 3413 876 ea

1824 920 2113 969 enumerat
2132 912 2377 985 ejusdem
2404 912 2780 969 translationis
2801 912 3060 984 proprius
3081 922 3284 969 textus.
3306 911 3414 969 Sed

1825 1013 1879 1062 et
1899 1007 2006 1063 hoc
2026 1006 2289 1063 nimirum
2310 1022 2436 1063 cum
2459 1008 2531 1062 sit
2552 1013 2734 1063 actum
2763 1006 2947 1063 divina
2989 1007 3163 1079 gratia
3223 1007 3413 1079 dispo-

1824 1107 2009 1168 nente,
2043 1099 2191 1155 credi
2236 1099 2590 1171 probabiliter
2646 1108 2848 1171 potest,
2895 1101 3146 1157 eumdem
3193 1100 3415 1156 beatum

1823 1192 2133 1264 pontificem
2160 1190 2353 1248 inloco
2381 1210 2492 1264 quo
2517 1193 2843 1250 venerabilis
2865 1192 3153 1265 Beregisus
3174 1192 3418 1263 quiesce-

1823 1286 1939 1354 bat,
1987 1301 2045 1341 se
2095 1300 2315 1357 quoque
2356 1286 2598 1342 voluisse
2625 1292 2903 1358 gratanter
2933 1286 3235 1356 quiescere.
3274 1283 3417 1339 Fue-

1825 1389 1956 1435 runt
1978 1378 2214 1451 denique
2253 1380 2687 1451 contemporales
2726 1379 2973 1450 ejusdem
3028 1377 3132 1432 loci
3183 1376 3416 1433 studiosi

1826 1482 2230 1544 cooperatores.
2260 1470 2453 1527 Decuit
2492 1486 2623 1543 ergo
2658 1479 2719 1527 ut
2750 1486 2985 1542 quorum
3012 1469 3141 1525 dum
3191 1469 3247 1523 in
3295 1484 3419 1525 cor-

1825 1582 1957 1637 pore
1984 1572 2270 1621 manerent
2293 1563 2467 1635 viguit
2488 1564 2557 1618 ab
2578 1563 2809 1619 invicem
2832 1562 3196 1631 familiaritas,
3225 1576 3418 1618 eorum

1826 1658 1993 1713 etiam
2022 1664 2378 1712 veneraretur
2401 1672 2432 1711 a
2454 1655 2743 1712 devotione
2773 1656 3016 1711 ﬁdelium
3064 1655 3119 1710 in
3175 1669 3288 1710 uno
3324 1669 3420 1710 eo-

1829 1748 1954 1803 dem
1987 1747 2109 1803 loco
2130 1748 2414 1803 beatorum
2448 1763 2745 1819 corporum
2799 1747 3054 1804 societas.
3087 1745 3247 1814 Quod
3287 1759 3421 1801 vero

1834 1839 2161 1910 temporales
2184 1836 2407 1905 fuerint,
2437 1839 2486 1894 si
2512 1838 2637 1909 quis
2657 1839 2860 1894 certius
2882 1853 3048 1895 nosse
3079 1836 3332 1903 voluerit,
3355 1851 3422 1891 ex

1833 1934 2000 2006 gestis
2020 1932 2361 1988 Francorum
2388 1929 2503 2002 (24)
2531 1946 2629 2001 per
2654 1939 2902 2001 tempora
2950 1946 3142 2003 regum
3181 1941 3236 1985 et
3267 1928 3422 2000 prin-

1833 2024 2038 2095 cipium
2083 2022 2309 2095 probari
2331 2022 2549 2093 poterit.
2570 2019 2800 2093 Pipinus
2844 2021 2989 2076 enim
3016 2020 3228 2091 primus
3260 2018 3426 2089 hujus

1832 2115 2073 2172 nominis
2095 2115 2199 2172 sub
2220 2114 2483 2171 Lothario
2502 2129 2650 2186 rege,
2675 2114 2771 2186 qui
2818 2112 2924 2169 fuit
2967 2113 3114 2168 filius
3166 2108 3426 2183 Hilperici

1832 2224 1901 2265 ex
1925 2206 2301 2279 Fredegunde,
2329 2205 2441 2262 dux
2458 2213 2514 2262 et
2540 2206 2717 2276 major
2741 2207 2940 2263 domus
2970 2207 3172 2272 extitit,
3203 2204 3424 2275 negotia

1834 2302 1989 2372 regni
2013 2301 2316 2371 disponens
2366 2314 2491 2355 cum
2534 2297 2759 2354 domino
2808 2297 3108 2354 Cuniberto
3158 2294 3430 2367 archiepi-

1837 2409 2004 2463 scopo
2029 2393 2366 2449 Coloniensi.
2395 2391 2501 2459 Qui
2525 2392 2645 2457 sub,
2671 2391 2893 2462 regibus
2921 2390 3228 2462 Dagoberto
3259 2399 3314 2445 et
3337 2388 3429 2444 Si-

1836 2481 2050 2559 giberto
2071 2486 2327 2542 nobiliter
2345 2494 2399 2541 et
2420 2484 2698 2557 sapienter
2722 2498 2782 2539 se
2818 2498 2987 2554 agens
3031 2482 3426 2553 perseveravit;

1838 2579 1930 2634 hic
1955 2578 2144 2649 genuit
2164 2594 2231 2634 ex
2253 2577 2382 2632 Idda
2401 2593 2572 2633 uxore
2593 2592 2694 2634 sua
2722 2574 2893 2631 nobili
2931 2582 2986 2629 et
3013 2573 3271 2646 religiosa
3299 2571 3428 2628 Gri-

1838 2671 2117 2727 moaldum
2166 2678 2220 2725 et
2262 2670 2497 2743 Beggam
2518 2712 2533 2737 ,
2558 2678 2613 2726 et
2637 2671 2852 2726 beatam
2878 2667 3222 2724 Gertrudem.
3253 2666 3429 2740 Begga

1838 2781 1969 2823 vero
2000 2772 2169 2836 nupta
2188 2764 2458 2835 Ansegiso
2489 2762 2616 2819 duci
2650 2762 2837 2835 genuit
2859 2762 3006 2817 hunc
3038 2770 3292 2816 nostrum
3335 2758 3430 2816 Pi-

1838 2860 2029 2931 pinum
2057 2858 2358 2915 secundum
2393 2856 2561 2927 hujus
2587 2854 2850 2923 nominis,
2884 2861 3127 2924 tempore
3170 2850 3432 2909 Hilderici

1839 2961 1894 3009 et
1922 2951 2241 3008 Theoderici
2266 2966 2476 3023 regum.
2504 2948 2620 3005 Sub
2637 2948 2742 3004 hoc
2756 2946 3029 3003 Hilderico
3054 2946 3249 3001 beatus
3270 2943 3433 2999 Lam-

1838 3046 2030 3102 bertus
2058 3043 2432 3117 Tregentemsi
2452 3043 2475 3076 ⁹
2498 3041 2689 3115 viguit.
2722 3039 3092 3097 Theodericus
3119 3047 3302 3094 autem
3336 3051 3435 3093 rex

1840 3146 1904 3195 ut
1938 3148 2056 3193 erat
2104 3136 2401 3193 hebetioris
2468 3134 2716 3207 ingenii,
2775 3133 3043 3190 abusione
3107 3127 3433 3202 nequissimi

1839 3229 2086 3298 Ebroini,
2137 3230 2233 3301 qui
2268 3237 2388 3285 erat
2440 3228 2619 3299 major
2674 3227 2870 3283 domus
2923 3225 3065 3297 ejus,
3113 3222 3433 3279 ammodum

1840 3323 1984 3394 apud
2013 3321 2259 3379 Francos
2283 3322 2460 3377 viluit.
2481 3320 2595 3377 Nec
2615 3319 2790 3375 multo
2822 3326 2949 3390 post
2971 3315 3301 3384 Hildericus,
3339 3314 3436 3387 qui

1839 3424 1959 3473 erat
1971 3416 2263 3487 potentior,
2285 3414 2344 3470 in
2363 3413 2615 3471 venando
2639 3412 2863 3477 interiit,
2887 3411 3222 3482 interceptus
3243 3425 3276 3466 a
3296 3423 3439 3481 quo-

1839 3508 1966 3565 dam
1988 3506 2248 3565 Bodilone
2272 3506 2466 3575 nobili,
2512 3521 2676 3577 quem
2722 3512 2914 3560 contra
2958 3503 3133 3575 legem
3164 3502 3437 3572 majorum

1842 3601 1909 3657 ad
1937 3602 2177 3673 stipitem
2202 3600 2433 3673 ligatum
2453 3598 2660 3655 fecerat
2680 3597 2844 3664 caedi;
2882 3604 2938 3653 et
2978 3611 3107 3652 cum
3133 3602 3260 3666 post
3308 3608 3437 3649 eum

1842 3693 2217 3750 Theodericus
2253 3700 2428 3749 totum
2451 3691 2789 3763 percepisset
2805 3706 3057 3762 regnum,
3092 3687 3259 3744 tertio
3288 3700 3437 3743 anno

1844 3783 1959 3856 (25)
1981 3784 2275 3855 praedictus
2303 3783 2532 3855 Pipinus
2554 3782 2809 3855 Ansegisi
2829 3790 2884 3837 et
2903 3781 3095 3853 Beggte
3132 3780 3281 3836 filius
3326 3778 3438 3835 dux

1843 3875 2256 3933 Austrasiorum
2276 3875 2455 3932 factus
2482 3875 2731 3943 invaluit,
2752 3883 2806 3930 et
2830 3873 3056 3929 Beatum
3078 3871 3437 3928 Lambertum

1845 3968 2194 4039 suggestione
2219 3965 2444 4023 Ebroini
2480 3974 2538 4020 et
2559 3963 2797 4020 factione
2816 3962 3166 4019 Coloniensis
3189 3959 3439 4031 episcopi

1844 4063 1914 4118 ab
1940 4062 2259 4134 episcopatu
2287 4060 2545 4132 ejectum,
2577 4058 2867 4116 exturbato
2917 4054 3265 4112 Faramundo
3320 4052 3438 4109 sedi

1845 4172 1960 4213 sum
1980 4146 2368 4228 restituit'post
2389 4154 2735 4227 septennium
2764 4152 2984 4223 injustaa
3037 4148 3186 4206 illius
3213 4147 3440 4219 ejectio-

1846 4249 1935 4305 nis
1957 4264 2090 4305 suae.
2115 4247 2238 4319 Ipse
2258 4261 2476 4319 quoque
2496 4253 2719 4304 sanctus
2740 4242 2986 4316 pontifex
3009 4250 3135 4313 post
3182 4240 3241 4296 in
3283 4239 3439 4298 brevi

1847 4358 1949 4415 pro
1998 4340 2314 4399 defensione
2348 4340 2596 4397 veritatis
2642 4346 2698 4395 et
2731 4335 3021 4404 castitatis,
3072 4342 3133 4391 ut
3162 4333 3218 4390 in
3271 4334 3439 4406 gestis

1848 4435 1970 4508 ejus
1990 4435 2207 4507 legitur,
2231 4434 2496 4507 martyrio
2517 4439 2815 4490 coronatus
2839 4427 3121 4495 occubuit,
3159 4427 3320 4498 eique
3380 4426 3438 4483 in

152 4530 363 4590 textus,
394 4538 531 4580 auro
559 4525 900 4598 gemmisque
946 4534 1208 4597 paratus;
1251 4535 1502 4599 superest
1544 4527 1749 4598 psalte-
1780 4573 1825 4600 η
1849 4528 2166 4600 episcopatu
2195 4528 2389 4585 beatus
2432 4525 2708 4584 Hubertus
2766 4521 3053 4581 successit.
3109 4518 3231 4587 Quo
3274 4518 3440 4575 etiam

150 4614 303 4669 rium
327 4631 465 4672 auro
485 4617 747 4689 scriptum
772 4634 868 4689 per
897 4618 1067 4675 denos
1118 4618 1362 4690 psalmos
1424 4619 1748 4691 capitalibus
1779 4609 1824 4631 υ
1853 4629 2096 4692 tempore
2116 4620 2263 4676 dono
2288 4618 2537 4691 praedicti
2559 4616 2740 4690 Pipini
2793 4617 3024 4689 ejusque
3070 4612 3263 4670 uxoris
3316 4609 3440 4665 Ple-

150 4707 356 4765 litteris
380 4710 702 4767 distinctum
726 4710 859 4783 (2i);
907 4719 1157 4783 superest
1214 4711 1272 4768 in
1321 4726 1434 4768 uno
1469 4713 1748 4770 volumine

151 4800 405 4857 maxime
434 4818 600 4874 super
624 4810 797 4859 totum
817 4803 1136 4874 psalterium
1164 4802 1309 4860 beati
1336 4803 1630 4877 Augustini
1652 4820 1748 4862 ex-

148 4891 392 4963 positio;
424 4901 672 4964 superest
691 4901 746 4950 et
764 4892 902 4950 liber
931 4892 1180 4964 ejusdem
1204 4893 1301 4966 qui
1327 4893 1637 4951 intitulatur
1678 4895 1747 4953 de

1852 4712 2059 4769 ctrudis
2078 4712 2261 4769 locum
2286 4710 2634 4791 Andaginum
2659 4710 2853 4767 celitus
2880 4707 3227 4779 designatum
3277 4716 3441 4758 exco-

1850 4806 2073 4863 lendum
2095 4804 2386 4878 Beregisus
2414 4802 2676 4874 suscepit.
2704 4800 2772 4856 Et
2790 4800 2917 4873 quia
2936 4800 3131 4855 beatus
3162 4794 3440 4851 Hubcrtus

1851 4913 1954 4970 pro
1976 4914 2110 4955 cura
2134 4897 2444 4956 animarum
2467 4896 2571 4954 sibi
2595 4894 2821 4955 credita.
2850 4902 2913 4950 ut
2938 4892 2996 4948 in
3039 4890 3152 4949 vita
3192 4888 3314 4961 ejus
3358 4887 3439 4944 le-

1439 4984 1675 5044 VARIIE
1717 4986 2117 5047 LECTIONES.

1668 5145 1898 5208 NOTAE.

234 5056 258 5088 ⁸
282 5058 361 5112 ita
386 5058 438 5113 1.
468 5058 523 5114 iu
546 5060 864 5131 episcopatu
882 5055 1220 5130 Trajecteusi
1243 5059 1318 5115 i‘.

235 5236 350 5309 (21)
390 5235 668 5311 Hactenus
691 5248 941 5311 servatur
962 5238 1019 5294 in
1047 5236 1418 5311 Andaginensi
1468 5248 1749 5297 monaste-

151 5309 248 5366 rio
285 5309 745 5379 pretiosissimum
796 5310 1115 5381 psalterium
1156 5309 1292 5365 auro
1345 5310 1752 5381 elegantissime

153 5387 471 5453 exaratum,
497 5396 609 5453 non
637 5398 670 5438 a
698 5380 976 5439 Ludovico
996 5382 1107 5453 pio,
1131 5391 1192 5438 ut
1216 5380 1388 5437 credit
1415 5380 1627 5448 auctor,
1655 5383 1750 5438 sed

156 5467 193 5506 a
220 5449 483 5532 Lothario
513 5452 688 5532 ipsius
716 5454 828 5509 ﬁlio
848 5449 1138 5532 donatum,
1172 5461 1228 5508 ut
1270 5453 1504 5532 probant
1558 5469 1750 5532 versus

156 5521 262 5593 qui
284 5521 443 5577 initio
466 5521 670 5580 codicis
700 5526 1064 5595 reperiuntur.
1090 5521 1287 5579 Mam.—
1303 5545 1321 5576 ‹
1345 5521 1426 5579 οη
1460 5523 1602 5579 croit
1618 5539 1750 5595 ique

159 5607 228 5648 ce
239 5606 467 5662 psaume
479 5595 651 5667 existe
669 5594 865 5667 eripere
880 5596 1225 5667 aujourd‘hui
1247 5611 1315 5651 au
1329 5595 1531 5667 village
1542 5594 1750 5650 chOe-

159 5678 361 5740 yange,
391 5673 599 5740 canton
617 5666 685 5720 de
704 5665 1345 5740 Me_rscb,‘grand_-duché
1402 5665 1489 5740 de:
1510 5665 1749 5740 Luxem—

161 5733 364 5815 bourg,
393 5736 871 5815 entredeslnains
903 5733 1073 5815 de:M.
1110 5738 1379 5811 Neuman,
1424 5737 1648 5795 héritier
1676 5738 1750 5795 du

163 5804 357 5881 prieur
380 5806 448 5864 de
481 5804 892 5877 Saint-Hubert.
916 5828 935 5862 ι
966 5807 1029 5866 R.

1928 5239 2330 5323 (22)“.Ῑιιιξξ9ηξί2
2362 5253 2513 5295 mon.
2538 5237 2832 5309 virginum,
2855 5236 2910 5293 in
2934 5235 3083 5308 "pago
3104 5233 3438 5307 Wabriensi,

1854 5311 2027 5385 prepe
2050 5311 2446 5385 M_arti5villam.

1989 5384 2043 5450 ἵ»)
2078 5383 2254 5449 Pries,
2279 5392 2433 5438 trans
2456 5379 2663 5436 Mosam
2688 5379 2844 5450 juxta
2870 5377 3156 5436 Macerias.

1951 5386 2021 5438 2-5
2078 5386 2254 5449 Pries,
2279 5392 2433 5438 trans
2456 5386 2663 5436 Mosam
2688 5386 2844 5450 juxta
2870 5386 3156 5436 Macerias.

1951 5386 2043 5525 24;
2081 5453 2201 5525 Ine.
2234 5452 2583 5525 Fredegario,
2637 5466 2704 5506 ex
2748 5466 2868 5525 quo
2899 5451 3190 5525 sequentia
3210 5450 3435 5525 hausit,

1855 5520 2098 5581 adhibita
2128 5524 2249 5580 Vita
2270 5520 2798 5594 Lambertiauctore
2815 5520 3115 5594 Sigeberto.
3170 5520 3312 5575 ldda:
3334 5535 3437 5573 no-

1856 5612 1979 5652 men
2006 5597 2231 5664 addidit,
2264 5595 2409 5667 quod
2443 5595 2501 5651 in
2535 5592 2653 5648 Vita
2678 5591 2735 5648 S.
2763 5591 3047 5650 Gertrudis
3100 5603 3437 5660 commemo-

1854 5676 2025 5724 ratur.

1925 5738 2041 5812 (25)
2085 5738 2260 5797 Tertio
2289 5755 2428 5795 anno
2456 5736 2645 5796 nescio
2669 5737 2812 5795 unde
2841 5731 3217 5805 assumpscrit.
