  <div class='ocr_page' id='page_1' title='image "/cluster/home/n/w/nwhite01/storage/ocr_20150623/154/hvd.32044015473820/681.png"; bbox 0 0 3902 6286; ppageno 0'>
   <div class='ocr_carea' id='block_1_1' title="bbox 599 287 733 346">
    <p class='ocr_par' dir='ltr' id='par_1_1' title="bbox 599 287 733 346">
     <span class='ocr_line' id='line_1_1' title="bbox 599 287 733 346; baseline -0.03 0"><span class='ocrx_word' id='word_1_1' title='bbox 599 287 733 346; x_wconf 75' lang='grc'><strong>1551</strong></span> 
     </span>
    </p>
   </div>
   <div class='ocr_carea' id='block_1_2' title="bbox 1595 240 3767 358">
    <p class='ocr_par' dir='ltr' id='par_1_2' title="bbox 1595 240 3767 358">
     <span class='ocr_line' id='line_1_2' title="bbox 1595 240 3767 358; baseline -0.016 -30"><span class='ocrx_word' id='word_1_2' title='bbox 1595 265 1991 329; x_wconf 79' lang='lat' dir='ltr'><strong>CHRONICON</strong></span> <span class='ocrx_word' id='word_1_3' title='bbox 2033 265 2093 322; x_wconf 85' lang='lat' dir='ltr'><strong>S.</strong></span> <span class='ocrx_word' id='word_1_4' title='bbox 2134 259 2446 318; x_wconf 77' lang='lat' dir='ltr'><strong>llUBERTI</strong></span> <span class='ocrx_word' id='word_1_5' title='bbox 2483 258 2811 318; x_wconf 78' lang='lat' dir='ltr'><strong>ANDAGIN.</strong></span> <span class='ocrx_word' id='word_1_6' title='bbox 3578 294 3666 358; x_wconf 55' lang='lat' dir='ltr'><strong>im</strong></span> <span class='ocrx_word' id='word_1_7' title='bbox 3766 240 3767 281; x_wconf 68' lang='grc' dir='ltr'>ἒ</span> 
     </span>
    </p>
   </div>
   <div class='ocr_carea' id='block_1_3' title="bbox 597 376 3667 471">
    <p class='ocr_par' dir='ltr' id='par_1_3' title="bbox 597 376 3667 471">
     <span class='ocr_line' id='line_1_3' title="bbox 597 376 3667 471; baseline -0.003 -11"><span class='ocrx_word' id='word_1_8' title='bbox 597 414 899 471; x_wconf 84' lang='lat' dir='ltr'><strong>secumque</strong></span> <span class='ocrx_word' id='word_1_9' title='bbox 946 394 1220 454; x_wconf 88' lang='lat' dir='ltr'><strong>detinebat</strong></span> <span class='ocrx_word' id='word_1_10' title='bbox 1270 389 1433 462; x_wconf 87' lang='lat' dir='ltr'><strong>quasi</strong></span> <span class='ocrx_word' id='word_1_11' title='bbox 1487 388 1783 459; x_wconf 85' lang='lat' dir='ltr'><strong>legandum</strong></span> <span class='ocrx_word' id='word_1_12' title='bbox 1845 380 2182 455; x_wconf 80' lang='lat' dir='ltr'><strong>imperatori.</strong></span> <span class='ocrx_word' id='word_1_13' title='bbox 2222 383 2272 441; x_wconf 77' lang='grc' dir='ltr'><strong>Α</strong></span> <span class='ocrx_word' id='word_1_14' title='bbox 2298 376 2681 471; x_wconf 84' lang='lat' dir='ltr'><strong>convertendis</strong></span> <span class='ocrx_word' id='word_1_15' title='bbox 2700 376 2867 471; x_wconf 85' lang='lat' dir='ltr'><strong>etiam</strong></span> <span class='ocrx_word' id='word_1_16' title='bbox 2894 391 3026 447; x_wconf 89' lang='lat' dir='ltr'><strong>quos</strong></span> <span class='ocrx_word' id='word_1_17' title='bbox 3038 386 3225 449; x_wconf 87' lang='lat' dir='ltr'><strong>poterat</strong></span> <span class='ocrx_word' id='word_1_18' title='bbox 3238 389 3667 465; x_wconf 59' lang='lat' dir='ltr'><strong>sagaciterctconsm.</strong></span> 
     </span>
    </p>
   </div>
   <div class='ocr_carea' id='block_1_4' title="bbox 597 476 2187 552">
    <p class='ocr_par' dir='ltr' id='par_1_4' title="bbox 597 476 2187 552">
     <span class='ocr_line' id='line_1_4' title="bbox 597 476 2187 552; baseline -0.013 -2"><span class='ocrx_word' id='word_1_19' title='bbox 597 493 853 551; x_wconf 88' lang='lat' dir='ltr'><strong>Evocatis</strong></span> <span class='ocrx_word' id='word_1_20' title='bbox 892 492 1095 546; x_wconf 78' lang='lat' dir='ltr'><strong>interea</strong></span> <span class='ocrx_word' id='word_1_21' title='bbox 1138 501 1205 540; x_wconf 85' lang='lat' dir='ltr'><strong>ex</strong></span> <span class='ocrx_word' id='word_1_22' title='bbox 1232 483 1411 539; x_wconf 89' lang='lat' dir='ltr'><strong>edicto</strong></span> <span class='ocrx_word' id='word_1_23' title='bbox 1451 479 1753 552; x_wconf 84' lang='lat' dir='ltr'><strong>episcopali</strong></span> <span class='ocrx_word' id='word_1_24' title='bbox 1804 476 2095 533; x_wconf 76' lang='lat' dir='ltr'><strong>abbatibus</strong></span> <span class='ocrx_word' id='word_1_25' title='bbox 2133 486 2187 529; x_wconf 87' lang='lat' dir='ltr'><strong>et</strong></span> 
     </span>
    </p>
   </div>
   <div class='ocr_carea' id='block_1_5' title="bbox 598 569 2190 652">
    <p class='ocr_par' dir='ltr' id='par_1_5' title="bbox 598 569 2190 652">
     <span class='ocr_line' id='line_1_5' title="bbox 598 569 2190 652; baseline -0.013 -8"><span class='ocrx_word' id='word_1_26' title='bbox 598 583 1007 644; x_wconf 88' lang='lat' dir='ltr'><strong>archidiaconis</strong></span> <span class='ocrx_word' id='word_1_27' title='bbox 1019 595 1119 652; x_wconf 91' lang='lat' dir='ltr'><strong>pro</strong></span> <span class='ocrx_word' id='word_1_28' title='bbox 1141 576 1450 634; x_wconf 89' lang='lat' dir='ltr'><strong>ordinando</strong></span> <span class='ocrx_word' id='word_1_29' title='bbox 1470 583 1626 646; x_wconf 80' lang='lat' dir='ltr'><strong>patre</strong></span> <span class='ocrx_word' id='word_1_30' title='bbox 1642 573 1919 629; x_wconf 70' lang='lat' dir='ltr'><strong>destituta:</strong></span> <span class='ocrx_word' id='word_1_31' title='bbox 1938 569 2190 627; x_wconf 73' lang='lat' dir='ltr'><strong>ecclesia:</strong></span> 
     </span>
    </p>
   </div>
   <div class='ocr_carea' id='block_1_6' title="bbox 596 665 2186 741">
    <p class='ocr_par' dir='ltr' id='par_1_6' title="bbox 596 665 2186 741">
     <span class='ocr_line' id='line_1_6' title="bbox 596 665 2186 741; baseline -0.011 -5"><span class='ocrx_word' id='word_1_32' title='bbox 596 680 742 736; x_wconf 90' lang='lat' dir='ltr'><strong>beati</strong></span> <span class='ocrx_word' id='word_1_33' title='bbox 771 675 1029 741; x_wconf 85' lang='lat' dir='ltr'><strong>Huberti,</strong></span> <span class='ocrx_word' id='word_1_34' title='bbox 1076 669 1254 728; x_wconf 78' lang='lat' dir='ltr'><strong>adfuit</strong></span> <span class='ocrx_word' id='word_1_35' title='bbox 1278 677 1337 725; x_wconf 90' lang='lat' dir='ltr'><strong>et</strong></span> <span class='ocrx_word' id='word_1_36' title='bbox 1374 669 1492 741; x_wconf 89' lang='lat' dir='ltr'><strong>ipse</strong></span> <span class='ocrx_word' id='word_1_37' title='bbox 1523 683 1650 723; x_wconf 90' lang='lat' dir='ltr'><strong>cum</strong></span> <span class='ocrx_word' id='word_1_38' title='bbox 1676 665 1904 735; x_wconf 84' lang='lat' dir='ltr'><strong>ceteris,</strong></span> <span class='ocrx_word' id='word_1_39' title='bbox 1955 678 2186 720; x_wconf 88' lang='lat' dir='ltr'><strong>securus</strong></span> 
     </span>
    </p>
   </div>
   <div class='ocr_carea' id='block_1_7' title="bbox 600 760 2188 846">
    <p class='ocr_par' dir='ltr' id='par_1_7' title="bbox 600 760 2188 846">
     <span class='ocr_line' id='line_1_7' title="bbox 600 760 2188 846; baseline -0.011 -15"><span class='ocrx_word' id='word_1_40' title='bbox 600 774 715 846; x_wconf 75' lang='grc'>(45)</span> <span class='ocrx_word' id='word_1_41' title='bbox 743 772 868 829; x_wconf 91' lang='lat' dir='ltr'><strong>inde</strong></span> <span class='ocrx_word' id='word_1_42' title='bbox 896 769 1071 841; x_wconf 88' lang='lat' dir='ltr'><strong>ipsius</strong></span> <span class='ocrx_word' id='word_1_43' title='bbox 1113 768 1219 824; x_wconf 89' lang='lat' dir='ltr'><strong>sibi</strong></span> <span class='ocrx_word' id='word_1_44' title='bbox 1247 766 1472 839; x_wconf 69' lang='lat' dir='ltr'><strong>agendae</strong></span> <span class='ocrx_word' id='word_1_45' title='bbox 1503 763 1888 820; x_wconf 86' lang='lat' dir='ltr'><strong>ordinationis.</strong></span> <span class='ocrx_word' id='word_1_46' title='bbox 1915 760 2188 833; x_wconf 89' lang='lat' dir='ltr'><strong>Episcopo</strong></span> 
     </span>
    </p>
   </div>
   <div class='ocr_carea' id='block_1_8' title="bbox 595 855 2188 933">
    <p class='ocr_par' dir='ltr' id='par_1_8' title="bbox 595 855 2188 933">
     <span class='ocr_line' id='line_1_8' title="bbox 595 855 2188 933; baseline -0.006 -13"><span class='ocrx_word' id='word_1_47' title='bbox 595 881 729 922; x_wconf 82' lang='lat' dir='ltr'><strong>vero</strong></span> <span class='ocrx_word' id='word_1_48' title='bbox 768 864 1118 931; x_wconf 86' lang='lat' dir='ltr'><strong>consulente,</strong></span> <span class='ocrx_word' id='word_1_49' title='bbox 1166 861 1292 933; x_wconf 88' lang='lat' dir='ltr'><strong>quis</strong></span> <span class='ocrx_word' id='word_1_50' title='bbox 1323 860 1619 915; x_wconf 86' lang='lat' dir='ltr'><strong>haberetur</strong></span> <span class='ocrx_word' id='word_1_51' title='bbox 1655 857 1890 913; x_wconf 89' lang='lat' dir='ltr'><strong>idoneus</strong></span> <span class='ocrx_word' id='word_1_52' title='bbox 1927 855 2188 912; x_wconf 78' lang='lat' dir='ltr'><strong>desolata:</strong></span> 
     </span>
    </p>
   </div>
   <div class='ocr_carea' id='block_1_9' title="bbox 601 948 2187 1030">
    <p class='ocr_par' dir='ltr' id='par_1_9' title="bbox 601 948 2187 1030">
     <span class='ocr_line' id='line_1_9' title="bbox 601 948 2187 1030; baseline -0.007 -17"><span class='ocrx_word' id='word_1_53' title='bbox 601 956 847 1030; x_wconf 85' lang='lat' dir='ltr'><strong>praeponi</strong></span> <span class='ocrx_word' id='word_1_54' title='bbox 895 954 1172 1021; x_wconf 65' lang='lat' dir='ltr'><strong>ecclesiae,</strong></span> <span class='ocrx_word' id='word_1_55' title='bbox 1240 952 1596 1009; x_wconf 86' lang='lat' dir='ltr'><strong>Godiscalcus</strong></span> <span class='ocrx_word' id='word_1_56' title='bbox 1650 950 1874 1021; x_wconf 89' lang='lat' dir='ltr'><strong>quidam</strong></span> <span class='ocrx_word' id='word_1_57' title='bbox 1938 948 2187 1004; x_wconf 79' lang='lat' dir='ltr'><strong>honesta:</strong></span> 
     </span>
    </p>
   </div>
   <div class='ocr_carea' id='block_1_10' title="bbox 595 1042 2190 1119">
    <p class='ocr_par' dir='ltr' id='par_1_10' title="bbox 595 1042 2190 1119">
     <span class='ocr_line' id='line_1_10' title="bbox 595 1042 2190 1119; baseline -0.004 -18"><span class='ocrx_word' id='word_1_58' title='bbox 595 1046 879 1117; x_wconf 82' lang='lat' dir='ltr'><strong>gravitatis</strong></span> <span class='ocrx_word' id='word_1_59' title='bbox 954 1062 1191 1119; x_wconf 85' lang='lat' dir='ltr'><strong>persona</strong></span> <span class='ocrx_word' id='word_1_60' title='bbox 1219 1088 1233 1114; x_wconf 91' lang='lat'><strong>,</strong></span> <span class='ocrx_word' id='word_1_61' title='bbox 1301 1046 1543 1115; x_wconf 86' lang='lat' dir='ltr'><strong>itemque</strong></span> <span class='ocrx_word' id='word_1_62' title='bbox 1592 1042 1888 1099; x_wconf 86' lang='lat' dir='ltr'><strong>Anselmus</strong></span> <span class='ocrx_word' id='word_1_63' title='bbox 1941 1043 2190 1099; x_wconf 83' lang='lat' dir='ltr'><strong>decanus</strong></span> 
     </span>
    </p>
   </div>
   <div class='ocr_carea' id='block_1_11' title="bbox 595 1135 2173 1210">
    <p class='ocr_par' dir='ltr' id='par_1_11' title="bbox 595 1135 2173 1210">
     <span class='ocr_line' id='line_1_11' title="bbox 595 1135 2173 1210; baseline -0.003 -14"><span class='ocrx_word' id='word_1_64' title='bbox 595 1140 773 1196; x_wconf 86' lang='lat' dir='ltr'><strong>sancti</strong></span> <span class='ocrx_word' id='word_1_65' title='bbox 799 1139 1082 1195; x_wconf 89' lang='lat' dir='ltr'><strong>Lamberti</strong></span> <span class='ocrx_word' id='word_1_66' title='bbox 1104 1181 1119 1207; x_wconf 94' lang='lat'><strong>,</strong></span> <span class='ocrx_word' id='word_1_67' title='bbox 1156 1153 1393 1210; x_wconf 89' lang='lat' dir='ltr'><strong>quorum</strong></span> <span class='ocrx_word' id='word_1_68' title='bbox 1456 1136 1671 1208; x_wconf 80' lang='lat' dir='ltr'><strong>vigebat</strong></span> <span class='ocrx_word' id='word_1_69' title='bbox 1710 1135 2054 1207; x_wconf 78' lang='lat' dir='ltr'><strong>permaxima</strong></span> <span class='ocrx_word' id='word_1_70' title='bbox 2087 1150 2173 1191; x_wconf 89' lang='lat' dir='ltr'><strong>au-</strong></span> 
     </span>
    </p>
   </div>
   <div class='ocr_carea' id='block_1_12' title="bbox 594 1228 2187 1303">
    <p class='ocr_par' dir='ltr' id='par_1_12' title="bbox 594 1228 2187 1303">
     <span class='ocr_line' id='line_1_12' title="bbox 594 1228 2187 1303; baseline -0.003 -14"><span class='ocrx_word' id='word_1_71' title='bbox 594 1232 823 1289; x_wconf 87' lang='lat' dir='ltr'><strong>ctoritas</strong></span> <span class='ocrx_word' id='word_1_72' title='bbox 848 1232 902 1300; x_wconf 86' lang='lat' dir='ltr'><strong>in</strong></span> <span class='ocrx_word' id='word_1_73' title='bbox 932 1231 1249 1303; x_wconf 86' lang='lat' dir='ltr'><strong>hujusmodi</strong></span> <span class='ocrx_word' id='word_1_74' title='bbox 1273 1231 1440 1286; x_wconf 88' lang='lat' dir='ltr'><strong>rebus</strong></span> <span class='ocrx_word' id='word_1_75' title='bbox 1463 1229 1820 1300; x_wconf 88' lang='lat' dir='ltr'><strong>disponendis</strong></span> <span class='ocrx_word' id='word_1_76' title='bbox 1843 1271 1858 1296; x_wconf 95' lang='lat'><strong>,</strong></span> <span class='ocrx_word' id='word_1_77' title='bbox 1883 1228 2187 1299; x_wconf 87' lang='lat' dir='ltr'><strong>responde-</strong></span> 
     </span>
    </p>
   </div>
   <div class='ocr_carea' id='block_1_13' title="bbox 600 1318 2186 1395">
    <p class='ocr_par' dir='ltr' id='par_1_13' title="bbox 600 1318 2186 1395">
     <span class='ocr_line' id='line_1_13' title="bbox 600 1318 2186 1395; baseline 0 -20"><span class='ocrx_word' id='word_1_78' title='bbox 600 1331 745 1391; x_wconf 62' lang='lat' dir='ltr'><strong>runt,</strong></span> <span class='ocrx_word' id='word_1_79' title='bbox 776 1324 946 1379; x_wconf 90' lang='lat' dir='ltr'><strong>locuti</strong></span> <span class='ocrx_word' id='word_1_80' title='bbox 972 1323 1126 1395; x_wconf 91' lang='lat' dir='ltr'><strong>prius</strong></span> <span class='ocrx_word' id='word_1_81' title='bbox 1148 1338 1275 1379; x_wconf 91' lang='lat' dir='ltr'><strong>cum</strong></span> <span class='ocrx_word' id='word_1_82' title='bbox 1301 1322 1557 1389; x_wconf 88' lang='lat' dir='ltr'><strong>consilio,</strong></span> <span class='ocrx_word' id='word_1_83' title='bbox 1587 1321 1751 1376; x_wconf 88' lang='lat' dir='ltr'><strong>talem</strong></span> <span class='ocrx_word' id='word_1_84' title='bbox 1780 1318 2186 1391; x_wconf 86' lang='lat' dir='ltr'><strong>providentiam</strong></span> 
     </span>
    </p>
   </div>
   <div class='ocr_carea' id='block_1_14' title="bbox 596 1411 2186 1470">
    <p class='ocr_par' dir='ltr' id='par_1_14' title="bbox 596 1411 2186 1470">
     <span class='ocr_line' id='line_1_14' title="bbox 596 1411 2186 1470; baseline 0.001 -1"><span class='ocrx_word' id='word_1_85' title='bbox 596 1416 735 1470; x_wconf 86' lang='lat' dir='ltr'><strong>bene</strong></span> <span class='ocrx_word' id='word_1_86' title='bbox 779 1415 1074 1470; x_wconf 90' lang='lat' dir='ltr'><strong>convenire</strong></span> <span class='ocrx_word' id='word_1_87' title='bbox 1121 1413 1279 1470; x_wconf 81' lang='lat' dir='ltr'><strong>fratri</strong></span> <span class='ocrx_word' id='word_1_88' title='bbox 1314 1412 1674 1469; x_wconf 87' lang='lat' dir='ltr'><strong>Theoderico.</strong></span> <span class='ocrx_word' id='word_1_89' title='bbox 1706 1411 2186 1470; x_wconf 84' lang='lat' dir='ltr'><strong>Succlamantibus</strong></span> 
     </span>
    </p>
   </div>
   <div class='ocr_carea' id='block_1_15' title="bbox 594 1505 2188 1578">
    <p class='ocr_par' dir='ltr' id='par_1_15' title="bbox 594 1505 2188 1578">
     <span class='ocr_line' id='line_1_15' title="bbox 594 1505 2188 1578; baseline -0.001 -15"><span class='ocrx_word' id='word_1_90' title='bbox 594 1506 718 1563; x_wconf 89' lang='lat' dir='ltr'><strong>aliis</strong></span> <span class='ocrx_word' id='word_1_91' title='bbox 742 1508 811 1563; x_wconf 90' lang='lat' dir='ltr'><strong>ad</strong></span> <span class='ocrx_word' id='word_1_92' title='bbox 845 1508 889 1541; x_wconf 67' lang='grc'>⁸⁸</span> <span class='ocrx_word' id='word_1_93' title='bbox 917 1507 1040 1563; x_wconf 90' lang='lat' dir='ltr'><strong>illos</strong></span> <span class='ocrx_word' id='word_1_94' title='bbox 1065 1508 1203 1563; x_wconf 90' lang='lat' dir='ltr'><strong>bene</strong></span> <span class='ocrx_word' id='word_1_95' title='bbox 1229 1507 1469 1563; x_wconf 89' lang='lat' dir='ltr'><strong>sensisse</strong></span> <span class='ocrx_word' id='word_1_96' title='bbox 1490 1549 1505 1575; x_wconf 93' lang='lat'><strong>,</strong></span> <span class='ocrx_word' id='word_1_97' title='bbox 1530 1506 1647 1578; x_wconf 90' lang='lat' dir='ltr'><strong>ipse</strong></span> <span class='ocrx_word' id='word_1_98' title='bbox 1684 1507 1852 1562; x_wconf 91' lang='lat' dir='ltr'><strong>etiam</strong></span> <span class='ocrx_word' id='word_1_99' title='bbox 1896 1505 2188 1578; x_wconf 88' lang='lat' dir='ltr'><strong>episcopus</strong></span> 
     </span>
    </p>
   </div>
   <div class='ocr_carea' id='block_1_16' title="bbox 594 1598 2188 1668">
    <p class='ocr_par' dir='ltr' id='par_1_16' title="bbox 594 1598 2188 1668">
     <span class='ocr_line' id='line_1_16' title="bbox 594 1598 2188 1668; baseline 0.001 -15"><span class='ocrx_word' id='word_1_100' title='bbox 594 1598 651 1654; x_wconf 93' lang='lat' dir='ltr'><strong>in</strong></span> <span class='ocrx_word' id='word_1_101' title='bbox 682 1600 1010 1657; x_wconf 87' lang='lat' dir='ltr'><strong>sententiam</strong></span> <span class='ocrx_word' id='word_1_102' title='bbox 1041 1600 1315 1657; x_wconf 88' lang='lat' dir='ltr'><strong>concessit</strong></span> <span class='ocrx_word' id='word_1_103' title='bbox 1335 1600 1678 1668; x_wconf 86' lang='lat' dir='ltr'><strong>voluntarie,</strong></span> <span class='ocrx_word' id='word_1_104' title='bbox 1723 1610 1779 1656; x_wconf 89' lang='lat' dir='ltr'><strong>et</strong></span> <span class='ocrx_word' id='word_1_105' title='bbox 1821 1608 2048 1656; x_wconf 90' lang='lat' dir='ltr'><strong>evocato</strong></span> <span class='ocrx_word' id='word_1_106' title='bbox 2088 1600 2188 1656; x_wconf 88' lang='lat' dir='ltr'><strong>do-</strong></span> 
     </span>
    </p>
   </div>
   <div class='ocr_carea' id='block_1_17' title="bbox 594 1690 2189 1764">
    <p class='ocr_par' dir='ltr' id='par_1_17' title="bbox 594 1690 2189 1764">
     <span class='ocr_line' id='line_1_17' title="bbox 594 1690 2189 1764; baseline 0.001 -19"><span class='ocrx_word' id='word_1_107' title='bbox 594 1690 747 1746; x_wconf 91' lang='lat' dir='ltr'><strong>mino</strong></span> <span class='ocrx_word' id='word_1_108' title='bbox 792 1690 1163 1762; x_wconf 88' lang='lat' dir='ltr'><strong>Theoderico,</strong></span> <span class='ocrx_word' id='word_1_109' title='bbox 1212 1701 1275 1749; x_wconf 91' lang='lat' dir='ltr'><strong>ut</strong></span> <span class='ocrx_word' id='word_1_110' title='bbox 1309 1692 1480 1749; x_wconf 88' lang='lat' dir='ltr'><strong>abbas</strong></span> <span class='ocrx_word' id='word_1_111' title='bbox 1519 1693 1674 1748; x_wconf 81' lang='lat' dir='ltr'><strong>fieret</strong></span> <span class='ocrx_word' id='word_1_112' title='bbox 1718 1692 1977 1748; x_wconf 83' lang='lat' dir='ltr'><strong>obnixius</strong></span> <span class='ocrx_word' id='word_1_113' title='bbox 2020 1692 2189 1764; x_wconf 63' lang='lat' dir='ltr'><strong>erepit</strong></span> 
     </span>
    </p>
   </div>
   <div class='ocr_carea' id='block_1_18' title="bbox 2294 470 3667 555">
    <p class='ocr_par' dir='ltr' id='par_1_18' title="bbox 2294 470 3667 555">
     <span class='ocr_line' id='line_1_18' title="bbox 2294 470 3667 555; baseline 0.017 -31"><span class='ocrx_word' id='word_1_114' title='bbox 2294 480 2380 527; x_wconf 91' lang='lat' dir='ltr'><strong>ter</strong></span> <span class='ocrx_word' id='word_1_115' title='bbox 2397 470 2729 526; x_wconf 83' lang='lat' dir='ltr'><strong>elaborabat.</strong></span> <span class='ocrx_word' id='word_1_116' title='bbox 2748 470 3015 527; x_wconf 87' lang='lat' dir='ltr'><strong>Enutrivit</strong></span> <span class='ocrx_word' id='word_1_117' title='bbox 3032 482 3193 532; x_wconf 80' lang='lat' dir='ltr'><strong>autem</strong></span> <span class='ocrx_word' id='word_1_118' title='bbox 3213 477 3331 535; x_wconf 89' lang='lat' dir='ltr'><strong>idem</strong></span> <span class='ocrx_word' id='word_1_119' title='bbox 3340 483 3469 543; x_wconf 79' lang='lat' dir='ltr'><strong>abbas</strong></span> <span class='ocrx_word' id='word_1_120' title='bbox 3479 490 3575 548; x_wconf 80' lang='lat' dir='ltr'><strong>inter</strong></span> <span class='ocrx_word' id='word_1_121' title='bbox 3583 503 3667 555; x_wconf 76' lang='lat' dir='ltr'><strong>mni.</strong></span> 
     </span>
    </p>
   </div>
   <div class='ocr_carea' id='block_1_19' title="bbox 2296 563 3665 649">
    <p class='ocr_par' dir='ltr' id='par_1_19' title="bbox 2296 563 3665 649">
     <span class='ocr_line' id='line_1_19' title="bbox 2296 563 3665 649; baseline 0.012 -28"><span class='ocrx_word' id='word_1_122' title='bbox 2296 575 2380 621; x_wconf 90' lang='lat' dir='ltr'><strong>tos</strong></span> <span class='ocrx_word' id='word_1_123' title='bbox 2389 579 2529 636; x_wconf 89' lang='lat' dir='ltr'><strong>quos</strong></span> <span class='ocrx_word' id='word_1_124' title='bbox 2552 564 2621 620; x_wconf 88' lang='lat' dir='ltr'><strong>ab</strong></span> <span class='ocrx_word' id='word_1_125' title='bbox 2632 563 2864 621; x_wconf 89' lang='lat' dir='ltr'><strong>infantia</strong></span> <span class='ocrx_word' id='word_1_126' title='bbox 2880 564 3060 621; x_wconf 89' lang='lat' dir='ltr'><strong>timere</strong></span> <span class='ocrx_word' id='word_1_127' title='bbox 3081 566 3230 624; x_wconf 91' lang='lat' dir='ltr'><strong>Deum</strong></span> <span class='ocrx_word' id='word_1_128' title='bbox 3249 571 3413 642; x_wconf 84' lang='lat' dir='ltr'><strong>docuit,</strong></span> <span class='ocrx_word' id='word_1_129' title='bbox 3431 577 3665 649; x_wconf 72' lang='lat' dir='ltr'><strong>Gislehem</strong></span> 
     </span>
    </p>
   </div>
   <div class='ocr_carea' id='block_1_20' title="bbox 2292 657 3667 746">
    <p class='ocr_par' dir='ltr' id='par_1_20' title="bbox 2292 657 3667 746">
     <span class='ocr_line' id='line_1_20' title="bbox 2292 657 3667 746; baseline 0.015 -33"><span class='ocrx_word' id='word_1_130' title='bbox 2292 658 2542 730; x_wconf 83' lang='lat' dir='ltr'><strong>ejusdem</strong></span> <span class='ocrx_word' id='word_1_131' title='bbox 2590 657 2835 713; x_wconf 68' lang='lat' dir='ltr'><strong>ecclesia:</strong></span> <span class='ocrx_word' id='word_1_132' title='bbox 2865 658 3158 729; x_wconf 83' lang='lat' dir='ltr'><strong>religiosum</strong></span> <span class='ocrx_word' id='word_1_133' title='bbox 3203 673 3360 732; x_wconf 80' lang='lat' dir='ltr'><strong>postea</strong></span> <span class='ocrx_word' id='word_1_134' title='bbox 3395 668 3605 746; x_wconf 83' lang='lat' dir='ltr'><strong>decanum,</strong></span> <span class='ocrx_word' id='word_1_135' title='bbox 3635 684 3667 739; x_wconf 85' lang='lat' dir='ltr'><strong>in</strong></span> 
     </span>
    </p>
   </div>
   <div class='ocr_carea' id='block_1_21' title="bbox 2294 747 3669 827">
    <p class='ocr_par' dir='ltr' id='par_1_21' title="bbox 2294 747 3669 827">
     <span class='ocr_line' id='line_1_21' title="bbox 2294 747 3669 827; baseline 0.018 -25"><span class='ocrx_word' id='word_1_136' title='bbox 2294 747 2600 806; x_wconf 87' lang='lat' dir='ltr'><strong>scribendis</strong></span> <span class='ocrx_word' id='word_1_137' title='bbox 2636 755 2692 803; x_wconf 89' lang='lat' dir='ltr'><strong>et</strong></span> <span class='ocrx_word' id='word_1_138' title='bbox 2720 747 3045 803; x_wconf 85' lang='lat' dir='ltr'><strong>renovandis</strong></span> <span class='ocrx_word' id='word_1_139' title='bbox 3071 748 3211 806; x_wconf 90' lang='lat' dir='ltr'><strong>libris</strong></span> <span class='ocrx_word' id='word_1_140' title='bbox 3233 754 3491 826; x_wconf 85' lang='lat' dir='ltr'><strong>studiosum,</strong></span> <span class='ocrx_word' id='word_1_141' title='bbox 3513 763 3669 827; x_wconf 77' lang='lat' dir='ltr'><strong>Afridum</strong></span> 
     </span>
    </p>
   </div>
   <div class='ocr_carea' id='block_1_22' title="bbox 2293 839 3671 918">
    <p class='ocr_par' dir='ltr' id='par_1_22' title="bbox 2293 839 3671 918">
     <span class='ocr_line' id='line_1_22' title="bbox 2293 839 3671 918; baseline 0.004 -19"><span class='ocrx_word' id='word_1_142' title='bbox 2293 840 2637 898; x_wconf 88' lang='lat' dir='ltr'><strong>cellerarium</strong></span> <span class='ocrx_word' id='word_1_143' title='bbox 2661 848 2715 896; x_wconf 90' lang='lat' dir='ltr'><strong>et</strong></span> <span class='ocrx_word' id='word_1_144' title='bbox 2738 839 3036 908; x_wconf 85' lang='lat' dir='ltr'><strong>custodem,</strong></span> <span class='ocrx_word' id='word_1_145' title='bbox 3064 849 3115 895; x_wconf 90' lang='lat' dir='ltr'><strong>et</strong></span> <span class='ocrx_word' id='word_1_146' title='bbox 3138 853 3301 912; x_wconf 88' lang='lat' dir='ltr'><strong>postea</strong></span> <span class='ocrx_word' id='word_1_147' title='bbox 3318 846 3435 903; x_wconf 65' lang='lat' dir='ltr'><strong>cella:</strong></span> <span class='ocrx_word' id='word_1_148' title='bbox 3449 849 3671 918; x_wconf 55' lang='lat' dir='ltr'><strong>Mirumst,</strong></span> 
     </span>
    </p>
   </div>
   <div class='ocr_carea' id='block_1_23' title="bbox 2293 931 3672 1019">
    <p class='ocr_par' dir='ltr' id='par_1_23' title="bbox 2293 931 3672 1019">
     <span class='ocr_line' id='line_1_23' title="bbox 2293 931 3672 1019; baseline 0.007 -31"><span class='ocrx_word' id='word_1_149' title='bbox 2293 933 2554 1005; x_wconf 87' lang='lat' dir='ltr'><strong>priorem,</strong></span> <span class='ocrx_word' id='word_1_150' title='bbox 2577 931 2890 987; x_wconf 89' lang='lat' dir='ltr'><strong>Liebertum</strong></span> <span class='ocrx_word' id='word_1_151' title='bbox 2918 933 3062 988; x_wconf 68' lang='lat' dir='ltr'><strong>cellae</strong></span> <span class='ocrx_word' id='word_1_152' title='bbox 3093 933 3391 995; x_wconf 88' lang='lat' dir='ltr'><strong>Buloniensis</strong></span> <span class='ocrx_word' id='word_1_153' title='bbox 3424 943 3586 1011; x_wconf 80' lang='lat' dir='ltr'><strong>priorem</strong></span> <span class='ocrx_word' id='word_1_154' title='bbox 3608 953 3672 1019; x_wconf 78' lang='lat' dir='ltr'><strong>pri-</strong></span> 
     </span>
    </p>
   </div>
   <div class='ocr_carea' id='block_1_24' title="bbox 2294 1023 3671 1105">
    <p class='ocr_par' dir='ltr' id='par_1_24' title="bbox 2294 1023 3671 1105">
     <span class='ocr_line' id='line_1_24' title="bbox 2294 1023 3671 1105; baseline 0 -23"><span class='ocrx_word' id='word_1_155' title='bbox 2294 1042 2469 1094; x_wconf 90' lang='lat' dir='ltr'><strong>mum,</strong></span> <span class='ocrx_word' id='word_1_156' title='bbox 2502 1033 2559 1082; x_wconf 89' lang='lat' dir='ltr'><strong>et</strong></span> <span class='ocrx_word' id='word_1_157' title='bbox 2593 1031 2786 1095; x_wconf 90' lang='lat' dir='ltr'><strong>postea</strong></span> <span class='ocrx_word' id='word_1_158' title='bbox 2816 1023 3041 1097; x_wconf 84' lang='lat' dir='ltr'><strong>majoris</strong></span> <span class='ocrx_word' id='word_1_159' title='bbox 3078 1027 3297 1084; x_wconf 70' lang='lat' dir='ltr'><strong>ecclesia:</strong></span> <span class='ocrx_word' id='word_1_160' title='bbox 3328 1034 3593 1105; x_wconf 64' lang='lat' dir='ltr'><strong>praepositum,</strong></span> <span class='ocrx_word' id='word_1_161' title='bbox 3610 1042 3671 1095; x_wconf 65' lang='grc' dir='ltr'><strong>Αι.</strong></span> 
     </span>
    </p>
   </div>
   <div class='ocr_carea' id='block_1_25' title="bbox 2293 1115 3671 1193">
    <p class='ocr_par' dir='ltr' id='par_1_25' title="bbox 2293 1115 3671 1193">
     <span class='ocr_line' id='line_1_25' title="bbox 2293 1115 3671 1193; baseline 0.007 -18"><span class='ocrx_word' id='word_1_162' title='bbox 2293 1116 2511 1175; x_wconf 89' lang='lat' dir='ltr'><strong>nulfum</strong></span> <span class='ocrx_word' id='word_1_163' title='bbox 2561 1116 2925 1189; x_wconf 88' lang='lat' dir='ltr'><strong>capellanum.</strong></span> <span class='ocrx_word' id='word_1_164' title='bbox 2976 1115 3066 1189; x_wconf 89' lang='lat' dir='ltr'><strong>(V.</strong></span> <span class='ocrx_word' id='word_1_165' title='bbox 3115 1116 3288 1174; x_wconf 82' lang='lat' dir='ltr'><strong>Theod.</strong></span> <span class='ocrx_word' id='word_1_166' title='bbox 3321 1137 3360 1175; x_wconf 85' lang='lat' dir='ltr'><strong>c.</strong></span> <span class='ocrx_word' id='word_1_167' title='bbox 3393 1123 3454 1193; x_wconf 79' lang='lat'><strong>5.)</strong></span> <span class='ocrx_word' id='word_1_168' title='bbox 3487 1125 3671 1193; x_wconf 77' lang='lat' dir='ltr'><strong>Quendam</strong></span> 
     </span>
    </p>
   </div>
   <div class='ocr_carea' id='block_1_26' title="bbox 2293 1208 3671 1276">
    <p class='ocr_par' dir='ltr' id='par_1_26' title="bbox 2293 1208 3671 1276">
     <span class='ocr_line' id='line_1_26' title="bbox 2293 1208 3671 1276; baseline 0.004 -5"><span class='ocrx_word' id='word_1_169' title='bbox 2293 1225 2425 1271; x_wconf 86' lang='lat' dir='ltr'><strong>vero</strong></span> <span class='ocrx_word' id='word_1_170' title='bbox 2448 1208 2803 1265; x_wconf 90' lang='lat' dir='ltr'><strong>Lambertum</strong></span> <span class='ocrx_word' id='word_1_171' title='bbox 2832 1209 2998 1265; x_wconf 91' lang='lat' dir='ltr'><strong>nimis</strong></span> <span class='ocrx_word' id='word_1_172' title='bbox 3042 1210 3344 1267; x_wconf 88' lang='lat' dir='ltr'><strong>nobilitatem</strong></span> <span class='ocrx_word' id='word_1_173' title='bbox 3380 1229 3496 1271; x_wconf 87' lang='lat' dir='ltr'><strong>suam</strong></span> <span class='ocrx_word' id='word_1_174' title='bbox 3513 1222 3671 1276; x_wconf 71' lang='lat' dir='ltr'><strong>exulten-</strong></span> 
     </span>
    </p>
   </div>
   <div class='ocr_carea' id='block_1_27' title="bbox 2291 1300 3671 1375">
    <p class='ocr_par' dir='ltr' id='par_1_27' title="bbox 2291 1300 3671 1375">
     <span class='ocr_line' id='line_1_27' title="bbox 2291 1300 3671 1375; baseline 0.002 -9"><span class='ocrx_word' id='word_1_175' title='bbox 2291 1316 2398 1365; x_wconf 85' lang='lat' dir='ltr'><strong>tem</strong></span> <span class='ocrx_word' id='word_1_176' title='bbox 2426 1319 2555 1365; x_wconf 86' lang='lat' dir='ltr'><strong>cnm</strong></span> <span class='ocrx_word' id='word_1_177' title='bbox 2588 1311 2866 1375; x_wconf 87' lang='lat' dir='ltr'><strong>pateretur</strong></span> <span class='ocrx_word' id='word_1_178' title='bbox 2902 1300 3240 1373; x_wconf 82' lang='lat' dir='ltr'><strong>infestiorem,</strong></span> <span class='ocrx_word' id='word_1_179' title='bbox 3272 1321 3366 1361; x_wconf 89' lang='lat' dir='ltr'><strong>non</strong></span> <span class='ocrx_word' id='word_1_180' title='bbox 3395 1316 3526 1364; x_wconf 80' lang='lat' dir='ltr'><strong>tamen</strong></span> <span class='ocrx_word' id='word_1_181' title='bbox 3543 1311 3671 1369; x_wconf 50' lang='lat' dir='ltr'><strong>delicia.</strong></span> 
     </span>
    </p>
   </div>
   <div class='ocr_carea' id='block_1_28' title="bbox 2286 1397 3673 1474">
    <p class='ocr_par' dir='ltr' id='par_1_28' title="bbox 2286 1397 3673 1474">
     <span class='ocr_line' id='line_1_28' title="bbox 2286 1397 3673 1474; baseline 0.002 -17"><span class='ocrx_word' id='word_1_182' title='bbox 2286 1400 2384 1459; x_wconf 87' lang='lat' dir='ltr'><strong>bat</strong></span> <span class='ocrx_word' id='word_1_183' title='bbox 2429 1411 2493 1459; x_wconf 90' lang='lat' dir='ltr'><strong>ut</strong></span> <span class='ocrx_word' id='word_1_184' title='bbox 2519 1397 2870 1474; x_wconf 76' lang='lat' dir='ltr'><strong>resipisceret</strong></span> <span class='ocrx_word' id='word_1_185' title='bbox 2917 1397 2961 1430; x_wconf 74' lang='grc'><strong>⁸⁸</strong></span> <span class='ocrx_word' id='word_1_186' title='bbox 3000 1397 3324 1467; x_wconf 83' lang='lat' dir='ltr'><strong>exhortando,</strong></span> <span class='ocrx_word' id='word_1_187' title='bbox 3365 1398 3561 1472; x_wconf 83' lang='lat' dir='ltr'><strong>Deumque</strong></span> <span class='ocrx_word' id='word_1_188' title='bbox 3586 1415 3624 1459; x_wconf 86' lang='lat' dir='ltr'><strong>ut</strong></span> <span class='ocrx_word' id='word_1_189' title='bbox 3643 1407 3673 1460; x_wconf 81' lang='lat' dir='ltr'><strong>ei</strong></span> 
     </span>
    </p>
   </div>
   <div class='ocr_carea' id='block_1_29' title="bbox 2287 1490 3675 1569">
    <p class='ocr_par' dir='ltr' id='par_1_29' title="bbox 2287 1490 3675 1569">
     <span class='ocr_line' id='line_1_29' title="bbox 2287 1490 3675 1569; baseline -0.004 -16"><span class='ocrx_word' id='word_1_190' title='bbox 2287 1496 2443 1554; x_wconf 87' lang='lat' dir='ltr'><strong>daret</strong></span> <span class='ocrx_word' id='word_1_191' title='bbox 2470 1496 2730 1569; x_wconf 90' lang='lat' dir='ltr'><strong>spiritum</strong></span> <span class='ocrx_word' id='word_1_192' title='bbox 2759 1490 3193 1566; x_wconf 86' lang='lat' dir='ltr'><strong>compunctionis</strong></span> <span class='ocrx_word' id='word_1_193' title='bbox 3227 1491 3471 1547; x_wconf 86' lang='lat' dir='ltr'><strong>exorando.</strong></span> <span class='ocrx_word' id='word_1_194' title='bbox 3492 1493 3605 1552; x_wconf 82' lang='lat' dir='ltr'><strong>Hicin</strong></span> <span class='ocrx_word' id='word_1_195' title='bbox 3619 1514 3675 1551; x_wconf 78' lang='lat' dir='ltr'><strong>na-</strong></span> 
     </span>
    </p>
   </div>
   <div class='ocr_carea' id='block_1_30' title="bbox 2287 1582 3671 1661">
    <p class='ocr_par' dir='ltr' id='par_1_30' title="bbox 2287 1582 3671 1661">
     <span class='ocr_line' id='line_1_30' title="bbox 2287 1582 3671 1661; baseline -0.001 -17"><span class='ocrx_word' id='word_1_196' title='bbox 2287 1588 2385 1646; x_wconf 85' lang='lat' dir='ltr'><strong>tali</strong></span> <span class='ocrx_word' id='word_1_197' title='bbox 2411 1589 2787 1661; x_wconf 85' lang='lat' dir='ltr'><strong>apostolorum</strong></span> <span class='ocrx_word' id='word_1_198' title='bbox 2829 1585 2978 1645; x_wconf 81' lang='lat' dir='ltr'><strong>Petri</strong></span> <span class='ocrx_word' id='word_1_199' title='bbox 3016 1593 3073 1645; x_wconf 79' lang='lat' dir='ltr'><strong>et</strong></span> <span class='ocrx_word' id='word_1_200' title='bbox 3101 1582 3243 1639; x_wconf 85' lang='lat' dir='ltr'><strong>Pauli</strong></span> <span class='ocrx_word' id='word_1_201' title='bbox 3268 1584 3462 1640; x_wconf 85' lang='lat' dir='ltr'><strong>lecturus</strong></span> <span class='ocrx_word' id='word_1_202' title='bbox 3484 1585 3531 1640; x_wconf 81' lang='lat' dir='ltr'><strong>ad</strong></span> <span class='ocrx_word' id='word_1_203' title='bbox 3553 1588 3671 1658; x_wconf 73' lang='lat' dir='ltr'><strong>vigilias</strong></span> 
     </span>
    </p>
   </div>
   <div class='ocr_carea' id='block_1_31' title="bbox 2289 1676 3673 1753">
    <p class='ocr_par' dir='ltr' id='par_1_31' title="bbox 2289 1676 3673 1753">
     <span class='ocr_line' id='line_1_31' title="bbox 2289 1676 3673 1753; baseline -0.002 -15"><span class='ocrx_word' id='word_1_204' title='bbox 2289 1684 2663 1753; x_wconf 83' lang='lat' dir='ltr'><strong>nocturnales,</strong></span> <span class='ocrx_word' id='word_1_205' title='bbox 2714 1699 2842 1740; x_wconf 91' lang='lat' dir='ltr'><strong>cum</strong></span> <span class='ocrx_word' id='word_1_206' title='bbox 2870 1690 2999 1739; x_wconf 86' lang='lat' dir='ltr'><strong>ante</strong></span> <span class='ocrx_word' id='word_1_207' title='bbox 3022 1682 3259 1739; x_wconf 83' lang='lat' dir='ltr'><strong>abbatem</strong></span> <span class='ocrx_word' id='word_1_208' title='bbox 3292 1676 3394 1739; x_wconf 84' lang='lat' dir='ltr'><strong>sine</strong></span> <span class='ocrx_word' id='word_1_209' title='bbox 3422 1679 3673 1735; x_wconf 71' lang='lat' dir='ltr'><strong>reverentiam-</strong></span> 
     </span>
    </p>
   </div>
   <div class='ocr_carea' id='block_1_32' title="bbox 593 1751 3672 1856">
    <p class='ocr_par' dir='ltr' id='par_1_32' title="bbox 593 1751 3672 1856">
     <span class='ocr_line' id='line_1_32' title="bbox 593 1751 3672 1856; baseline 0.002 -19"><span class='ocrx_word' id='word_1_210' title='bbox 593 1781 867 1840; x_wconf 87' lang='lat' dir='ltr'><strong>insistere.</strong></span> <span class='ocrx_word' id='word_1_211' title='bbox 901 1783 997 1840; x_wconf 89' lang='lat' dir='ltr'><strong>lile</strong></span> <span class='ocrx_word' id='word_1_212' title='bbox 1022 1751 1246 1841; x_wconf 82' lang='lat' dir='ltr'><strong>econtra</strong></span> <span class='ocrx_word' id='word_1_213' title='bbox 1274 1784 1435 1840; x_wconf 91' lang='lat' dir='ltr'><strong>reniti</strong></span> <span class='ocrx_word' id='word_1_214' title='bbox 1457 1801 1565 1856; x_wconf 89' lang='lat' dir='ltr'><strong>qua</strong></span> <span class='ocrx_word' id='word_1_215' title='bbox 1588 1792 1800 1856; x_wconf 79' lang='lat' dir='ltr'><strong>poterat</strong></span> <span class='ocrx_word' id='word_1_216' title='bbox 1820 1785 2021 1841; x_wconf 91' lang='lat' dir='ltr'><strong>virtute</strong></span> <span class='ocrx_word' id='word_1_217' title='bbox 2038 1827 2054 1854; x_wconf 94' lang='lat'><strong>,</strong></span> <span class='ocrx_word' id='word_1_218' title='bbox 2082 1751 2187 1840; x_wconf 61' lang='lat' dir='ltr'><strong>iin-</strong></span> <span class='ocrx_word' id='word_1_219' title='bbox 2216 1751 2268 1813; x_wconf 73' lang='grc' dir='ltr'><strong>Β</strong></span> <span class='ocrx_word' id='word_1_220' title='bbox 2291 1776 2604 1833; x_wconf 70' lang='lat' dir='ltr'><strong>clinationis</strong></span> <span class='ocrx_word' id='word_1_221' title='bbox 2620 1776 2858 1833; x_wconf 65' lang='lat' dir='ltr'><strong>tramite</strong></span> <span class='ocrx_word' id='word_1_222' title='bbox 2883 1776 3340 1849; x_wconf 66' lang='grc' dir='ltr'><strong>εοεὶιθΐθῑνευῢὶῑο</strong></span> <span class='ocrx_word' id='word_1_223' title='bbox 3354 1770 3672 1847; x_wconf 64' lang='grc' dir='ltr'><strong>εψνὶιεθτὶάσε</strong></span> 
     </span>
    </p>
   </div>
   <div class='ocr_carea' id='block_1_33' title="bbox 593 1872 2187 1946">
    <p class='ocr_par' dir='ltr' id='par_1_33' title="bbox 593 1872 2187 1946">
     <span class='ocr_line' id='line_1_33' title="bbox 593 1872 2187 1946; baseline 0.003 -20"><span class='ocrx_word' id='word_1_224' title='bbox 593 1872 1017 1942; x_wconf 84' lang='lat' dir='ltr'><strong>possibilitatem</strong></span> <span class='ocrx_word' id='word_1_225' title='bbox 1042 1890 1199 1930; x_wconf 91' lang='lat' dir='ltr'><strong>suam</strong></span> <span class='ocrx_word' id='word_1_226' title='bbox 1227 1882 1283 1930; x_wconf 88' lang='lat' dir='ltr'><strong>et</strong></span> <span class='ocrx_word' id='word_1_227' title='bbox 1312 1873 1735 1931; x_wconf 84' lang='lat' dir='ltr'><strong>insuliicentiam</strong></span> <span class='ocrx_word' id='word_1_228' title='bbox 1762 1889 1918 1931; x_wconf 90' lang='lat' dir='ltr'><strong>suam</strong></span> <span class='ocrx_word' id='word_1_229' title='bbox 1954 1883 2187 1946; x_wconf 60' lang='lat' dir='ltr'><strong>preten-</strong></span> 
     </span>
    </p>
   </div>
   <div class='ocr_carea' id='block_1_34' title="bbox 593 1963 2185 2038">
    <p class='ocr_par' dir='ltr' id='par_1_34' title="bbox 593 1963 2185 2038">
     <span class='ocr_line' id='line_1_34' title="bbox 593 1963 2185 2038; baseline 0.004 -19"><span class='ocrx_word' id='word_1_230' title='bbox 593 1963 756 2032; x_wconf 89' lang='lat' dir='ltr'><strong>dere,</strong></span> <span class='ocrx_word' id='word_1_231' title='bbox 789 1965 1054 2038; x_wconf 90' lang='lat' dir='ltr'><strong>imparem</strong></span> <span class='ocrx_word' id='word_1_232' title='bbox 1083 1983 1143 2024; x_wconf 91' lang='lat' dir='ltr'><strong>se</strong></span> <span class='ocrx_word' id='word_1_233' title='bbox 1167 1976 1320 2025; x_wconf 88' lang='lat' dir='ltr'><strong>tanto</strong></span> <span class='ocrx_word' id='word_1_234' title='bbox 1352 1969 1507 2024; x_wconf 92' lang='lat' dir='ltr'><strong>oneri</strong></span> <span class='ocrx_word' id='word_1_235' title='bbox 1555 1969 1888 2037; x_wconf 89' lang='lat' dir='ltr'><strong>reclamare,</strong></span> <span class='ocrx_word' id='word_1_236' title='bbox 1936 1968 2185 2026; x_wconf 89' lang='lat' dir='ltr'><strong>lacrimis</strong></span> 
     </span>
    </p>
   </div>
   <div class='ocr_carea' id='block_1_35' title="bbox 590 2053 2187 2132">
    <p class='ocr_par' dir='ltr' id='par_1_35' title="bbox 590 2053 2187 2132">
     <span class='ocr_line' id='line_1_35' title="bbox 590 2053 2187 2132; baseline 0.006 -23"><span class='ocrx_word' id='word_1_237' title='bbox 590 2053 759 2111; x_wconf 86' lang='lat' dir='ltr'><strong>etiam</strong></span> <span class='ocrx_word' id='word_1_238' title='bbox 800 2059 1051 2115; x_wconf 85' lang='lat' dir='ltr'><strong>attestari</strong></span> <span class='ocrx_word' id='word_1_239' title='bbox 1104 2075 1202 2115; x_wconf 92' lang='lat' dir='ltr'><strong>cor</strong></span> <span class='ocrx_word' id='word_1_240' title='bbox 1226 2076 1257 2115; x_wconf 89' lang='lat' dir='ltr'><strong>a</strong></span> <span class='ocrx_word' id='word_1_241' title='bbox 1287 2060 1452 2116; x_wconf 90' lang='lat' dir='ltr'><strong>labiis</strong></span> <span class='ocrx_word' id='word_1_242' title='bbox 1486 2075 1598 2116; x_wconf 90' lang='lat' dir='ltr'><strong>non</strong></span> <span class='ocrx_word' id='word_1_243' title='bbox 1626 2060 1851 2116; x_wconf 85' lang='lat' dir='ltr'><strong>distare.</strong></span> <span class='ocrx_word' id='word_1_244' title='bbox 1881 2059 2187 2132; x_wconf 86' lang='lat' dir='ltr'><strong>Episcopus</strong></span> 
     </span>
    </p>
   </div>
   <div class='ocr_carea' id='block_1_36' title="bbox 592 2150 2187 2223">
    <p class='ocr_par' dir='ltr' id='par_1_36' title="bbox 592 2150 2187 2223">
     <span class='ocr_line' id='line_1_36' title="bbox 592 2150 2187 2223; baseline 0.006 -23"><span class='ocrx_word' id='word_1_245' title='bbox 592 2154 819 2203; x_wconf 85' lang='lat' dir='ltr'><strong>econtra</strong></span> <span class='ocrx_word' id='word_1_246' title='bbox 862 2150 1191 2206; x_wconf 83' lang='lat' dir='ltr'><strong>renitentem</strong></span> <span class='ocrx_word' id='word_1_247' title='bbox 1247 2165 1480 2223; x_wconf 88' lang='lat' dir='ltr'><strong>cogere,</strong></span> <span class='ocrx_word' id='word_1_248' title='bbox 1536 2160 1840 2208; x_wconf 90' lang='lat' dir='ltr'><strong>conventus</strong></span> <span class='ocrx_word' id='word_1_249' title='bbox 1871 2153 2054 2210; x_wconf 90' lang='lat' dir='ltr'><strong>omnis</strong></span> <span class='ocrx_word' id='word_1_250' title='bbox 2101 2154 2187 2209; x_wconf 91' lang='lat' dir='ltr'><strong>in-</strong></span> 
     </span>
    </p>
   </div>
   <div class='ocr_carea' id='block_1_37' title="bbox 589 2242 2189 2307">
    <p class='ocr_par' dir='ltr' id='par_1_37' title="bbox 589 2242 2189 2307">
     <span class='ocr_line' id='line_1_37' title="bbox 589 2242 2189 2307; baseline 0.005 -12"><span class='ocrx_word' id='word_1_251' title='bbox 589 2248 809 2296; x_wconf 86' lang='lat' dir='ltr'><strong>cessere</strong></span> <span class='ocrx_word' id='word_1_252' title='bbox 828 2282 843 2307; x_wconf 94' lang='lat'><strong>,</strong></span> <span class='ocrx_word' id='word_1_253' title='bbox 873 2257 942 2296; x_wconf 91' lang='lat' dir='ltr'><strong>ne</strong></span> <span class='ocrx_word' id='word_1_254' title='bbox 966 2242 1167 2298; x_wconf 78' lang='lat' dir='ltr'><strong>divinae</strong></span> <span class='ocrx_word' id='word_1_255' title='bbox 1199 2243 1473 2300; x_wconf 90' lang='lat' dir='ltr'><strong>vocationi</strong></span> <span class='ocrx_word' id='word_1_256' title='bbox 1518 2252 1574 2300; x_wconf 91' lang='lat' dir='ltr'><strong>et</strong></span> <span class='ocrx_word' id='word_1_257' title='bbox 1597 2244 1868 2301; x_wconf 89' lang='lat' dir='ltr'><strong>voluntati</strong></span> <span class='ocrx_word' id='word_1_258' title='bbox 1912 2245 2189 2304; x_wconf 86' lang='lat' dir='ltr'><strong>videretur</strong></span> 
     </span>
    </p>
   </div>
   <div class='ocr_carea' id='block_1_38' title="bbox 590 2331 2190 2408">
    <p class='ocr_par' dir='ltr' id='par_1_38' title="bbox 590 2331 2190 2408">
     <span class='ocr_line' id='line_1_38' title="bbox 590 2331 2190 2408; baseline 0.005 -21"><span class='ocrx_word' id='word_1_259' title='bbox 590 2331 884 2389; x_wconf 90' lang='lat' dir='ltr'><strong>obsistere.</strong></span> <span class='ocrx_word' id='word_1_260' title='bbox 915 2332 1159 2389; x_wconf 89' lang='lat' dir='ltr'><strong>Tandem</strong></span> <span class='ocrx_word' id='word_1_261' title='bbox 1191 2343 1474 2391; x_wconf 90' lang='lat' dir='ltr'><strong>tantorum</strong></span> <span class='ocrx_word' id='word_1_262' title='bbox 1520 2352 1820 2408; x_wconf 88' lang='lat' dir='ltr'><strong>oppressus</strong></span> <span class='ocrx_word' id='word_1_263' title='bbox 1862 2338 2190 2395; x_wconf 87' lang='lat' dir='ltr'><strong>auctoritate</strong></span> 
     </span>
    </p>
   </div>
   <div class='ocr_carea' id='block_1_39' title="bbox 589 2424 2189 2501">
    <p class='ocr_par' dir='ltr' id='par_1_39' title="bbox 589 2424 2189 2501">
     <span class='ocr_line' id='line_1_39' title="bbox 589 2424 2189 2501; baseline 0.004 -21"><span class='ocrx_word' id='word_1_264' title='bbox 589 2432 648 2480; x_wconf 78' lang='lat' dir='ltr'><strong>et</strong></span> <span class='ocrx_word' id='word_1_265' title='bbox 674 2424 945 2481; x_wconf 88' lang='lat' dir='ltr'><strong>violenter</strong></span> <span class='ocrx_word' id='word_1_266' title='bbox 964 2434 1234 2484; x_wconf 89' lang='lat' dir='ltr'><strong>attractus</strong></span> <span class='ocrx_word' id='word_1_267' title='bbox 1263 2443 1294 2483; x_wconf 92' lang='lat' dir='ltr'><strong>a</strong></span> <span class='ocrx_word' id='word_1_268' title='bbox 1343 2426 1604 2484; x_wconf 84' lang='lat' dir='ltr'><strong>Gonzone</strong></span> <span class='ocrx_word' id='word_1_269' title='bbox 1648 2428 1958 2486; x_wconf 91' lang='lat' dir='ltr'><strong>Florinensi</strong></span> <span class='ocrx_word' id='word_1_270' title='bbox 1994 2430 2189 2501; x_wconf 87' lang='lat' dir='ltr'><strong>abbate</strong></span> 
     </span>
    </p>
   </div>
   <div class='ocr_carea' id='block_1_40' title="bbox 590 2513 2186 2591">
    <p class='ocr_par' dir='ltr' id='par_1_40' title="bbox 590 2513 2186 2591">
     <span class='ocr_line' id='line_1_40' title="bbox 590 2513 2186 2591; baseline 0.004 -22"><span class='ocrx_word' id='word_1_271' title='bbox 590 2523 645 2570; x_wconf 90' lang='lat' dir='ltr'><strong>et</strong></span> <span class='ocrx_word' id='word_1_272' title='bbox 667 2513 947 2586; x_wconf 82' lang='lat' dir='ltr'><strong>Stephano</strong></span> <span class='ocrx_word' id='word_1_273' title='bbox 974 2518 1147 2573; x_wconf 89' lang='lat' dir='ltr'><strong>sancti</strong></span> <span class='ocrx_word' id='word_1_274' title='bbox 1179 2517 1500 2587; x_wconf 90' lang='lat' dir='ltr'><strong>Laurentii,</strong></span> <span class='ocrx_word' id='word_1_275' title='bbox 1530 2519 1833 2591; x_wconf 90' lang='lat' dir='ltr'><strong>injunctam</strong></span> <span class='ocrx_word' id='word_1_276' title='bbox 1860 2520 1965 2576; x_wconf 90' lang='lat' dir='ltr'><strong>sibi</strong></span> <span class='ocrx_word' id='word_1_277' title='bbox 1995 2536 2186 2577; x_wconf 89' lang='lat' dir='ltr'><strong>curam</strong></span> 
     </span>
    </p>
   </div>
   <div class='ocr_carea' id='block_1_41' title="bbox 593 2608 2188 2683">
    <p class='ocr_par' dir='ltr' id='par_1_41' title="bbox 593 2608 2188 2683">
     <span class='ocr_line' id='line_1_41' title="bbox 593 2608 2188 2683; baseline 0.003 -19"><span class='ocrx_word' id='word_1_278' title='bbox 593 2608 872 2679; x_wconf 89' lang='lat' dir='ltr'><strong>suscepit,</strong></span> <span class='ocrx_word' id='word_1_279' title='bbox 907 2618 963 2665; x_wconf 90' lang='lat' dir='ltr'><strong>et</strong></span> <span class='ocrx_word' id='word_1_280' title='bbox 989 2621 1347 2669; x_wconf 87' lang='lat' dir='ltr'><strong>consecratus</strong></span> <span class='ocrx_word' id='word_1_281' title='bbox 1380 2621 1466 2668; x_wconf 92' lang='lat' dir='ltr'><strong>est</strong></span> <span class='ocrx_word' id='word_1_282' title='bbox 1491 2612 1662 2668; x_wconf 89' lang='lat' dir='ltr'><strong>abbas</strong></span> <span class='ocrx_word' id='word_1_283' title='bbox 1706 2611 1763 2667; x_wconf 93' lang='lat' dir='ltr'><strong>in</strong></span> <span class='ocrx_word' id='word_1_284' title='bbox 1805 2610 2188 2683; x_wconf 79' lang='lat' dir='ltr'><strong>purificatione</strong></span> 
     </span>
    </p>
   </div>
   <div class='ocr_carea' id='block_1_42' title="bbox 593 2700 2189 2777">
    <p class='ocr_par' dir='ltr' id='par_1_42' title="bbox 593 2700 2189 2777">
     <span class='ocr_line' id='line_1_42' title="bbox 593 2700 2189 2777; baseline 0.004 -20"><span class='ocrx_word' id='word_1_285' title='bbox 593 2709 796 2757; x_wconf 65' lang='lat' dir='ltr'><strong>sancta:</strong></span> <span class='ocrx_word' id='word_1_286' title='bbox 843 2700 1029 2759; x_wconf 75' lang='lat' dir='ltr'><strong>Mariae</strong></span> <span class='ocrx_word' id='word_1_287' title='bbox 1073 2719 1292 2776; x_wconf 90' lang='lat' dir='ltr'><strong>semper</strong></span> <span class='ocrx_word' id='word_1_288' title='bbox 1339 2704 1608 2777; x_wconf 79' lang='lat' dir='ltr'><strong>virginis,</strong></span> <span class='ocrx_word' id='word_1_289' title='bbox 1655 2704 1843 2776; x_wconf 86' lang='lat' dir='ltr'><strong>sicque</strong></span> <span class='ocrx_word' id='word_1_290' title='bbox 1893 2706 2189 2763; x_wconf 89' lang='lat' dir='ltr'><strong>comitatus</strong></span> 
     </span>
    </p>
   </div>
   <div class='ocr_carea' id='block_1_43' title="bbox 596 2793 2190 2866">
    <p class='ocr_par' dir='ltr' id='par_1_43' title="bbox 596 2793 2190 2866">
     <span class='ocr_line' id='line_1_43' title="bbox 596 2793 2190 2866; baseline 0.006 -18"><span class='ocrx_word' id='word_1_291' title='bbox 596 2794 856 2864; x_wconf 64' lang='lat' dir='ltr'><strong>praadicto</strong></span> <span class='ocrx_word' id='word_1_292' title='bbox 885 2793 1165 2866; x_wconf 90' lang='lat' dir='ltr'><strong>Stephano</strong></span> <span class='ocrx_word' id='word_1_293' title='bbox 1195 2798 1391 2854; x_wconf 86' lang='lat' dir='ltr'><strong>abbate</strong></span> <span class='ocrx_word' id='word_1_294' title='bbox 1418 2798 1597 2855; x_wconf 88' lang='lat' dir='ltr'><strong>sancti</strong></span> <span class='ocrx_word' id='word_1_295' title='bbox 1627 2798 1907 2855; x_wconf 89' lang='lat' dir='ltr'><strong>Laurentii</strong></span> <span class='ocrx_word' id='word_1_296' title='bbox 1932 2800 1999 2855; x_wconf 91' lang='lat' dir='ltr'><strong>ad</strong></span> <span class='ocrx_word' id='word_1_297' title='bbox 2037 2815 2190 2856; x_wconf 91' lang='lat' dir='ltr'><strong>com-</strong></span> 
     </span>
    </p>
   </div>
   <div class='ocr_carea' id='block_1_44' title="bbox 596 2886 2188 2965">
    <p class='ocr_par' dir='ltr' id='par_1_44' title="bbox 596 2886 2188 2965">
     <span class='ocr_line' id='line_1_44' title="bbox 596 2886 2188 2965; baseline 0.007 -25"><span class='ocrx_word' id='word_1_298' title='bbox 596 2886 823 2942; x_wconf 87' lang='lat' dir='ltr'><strong>missam</strong></span> <span class='ocrx_word' id='word_1_299' title='bbox 882 2888 988 2943; x_wconf 88' lang='lat' dir='ltr'><strong>sibi</strong></span> <span class='ocrx_word' id='word_1_300' title='bbox 1039 2890 1330 2947; x_wconf 89' lang='lat' dir='ltr'><strong>ecclesiam</strong></span> <span class='ocrx_word' id='word_1_301' title='bbox 1376 2894 1672 2950; x_wconf 86' lang='lat' dir='ltr'><strong>concessit.</strong></span> <span class='ocrx_word' id='word_1_302' title='bbox 1739 2892 1913 2965; x_wconf 86' lang='lat' dir='ltr'><strong>Cujus</strong></span> <span class='ocrx_word' id='word_1_303' title='bbox 1969 2894 2188 2951; x_wconf 91' lang='lat' dir='ltr'><strong>culmen</strong></span> 
     </span>
    </p>
   </div>
   <div class='ocr_carea' id='block_1_45' title="bbox 595 2978 2187 3058">
    <p class='ocr_par' dir='ltr' id='par_1_45' title="bbox 595 2978 2187 3058">
     <span class='ocr_line' id='line_1_45' title="bbox 595 2978 2187 3058; baseline 0.005 -25"><span class='ocrx_word' id='word_1_304' title='bbox 595 2993 721 3033; x_wconf 91' lang='lat' dir='ltr'><strong>cum</strong></span> <span class='ocrx_word' id='word_1_305' title='bbox 747 2978 815 3034; x_wconf 86' lang='lat' dir='ltr'><strong>de</strong></span> <span class='ocrx_word' id='word_1_306' title='bbox 835 2979 996 3052; x_wconf 87' lang='lat' dir='ltr'><strong>longe</strong></span> <span class='ocrx_word' id='word_1_307' title='bbox 1020 2981 1278 3051; x_wconf 88' lang='lat' dir='ltr'><strong>vidisset,</strong></span> <span class='ocrx_word' id='word_1_308' title='bbox 1311 2991 1373 3039; x_wconf 92' lang='lat' dir='ltr'><strong>ut</strong></span> <span class='ocrx_word' id='word_1_309' title='bbox 1417 2994 1538 3041; x_wconf 90' lang='lat' dir='ltr'><strong>erat</strong></span> <span class='ocrx_word' id='word_1_310' title='bbox 1580 2993 1712 3041; x_wconf 91' lang='lat' dir='ltr'><strong>tunc</strong></span> <span class='ocrx_word' id='word_1_311' title='bbox 1734 2985 1913 3043; x_wconf 90' lang='lat' dir='ltr'><strong>hiems</strong></span> <span class='ocrx_word' id='word_1_312' title='bbox 1942 2986 2187 3058; x_wconf 88' lang='lat' dir='ltr'><strong>asperri-</strong></span> 
     </span>
    </p>
   </div>
   <div class='ocr_carea' id='block_1_46' title="bbox 594 3071 2187 3149">
    <p class='ocr_par' dir='ltr' id='par_1_46' title="bbox 594 3071 2187 3149">
     <span class='ocr_line' id='line_1_46' title="bbox 594 3071 2187 3149; baseline 0.006 -24"><span class='ocrx_word' id='word_1_313' title='bbox 594 3086 685 3126; x_wconf 91' lang='lat' dir='ltr'><strong>ma</strong></span> <span class='ocrx_word' id='word_1_314' title='bbox 703 3112 718 3139; x_wconf 96' lang='lat'><strong>,</strong></span> <span class='ocrx_word' id='word_1_315' title='bbox 752 3071 809 3127; x_wconf 92' lang='lat' dir='ltr'><strong>in</strong></span> <span class='ocrx_word' id='word_1_316' title='bbox 838 3073 1035 3130; x_wconf 89' lang='lat' dir='ltr'><strong>mediis</strong></span> <span class='ocrx_word' id='word_1_317' title='bbox 1059 3075 1283 3133; x_wconf 89' lang='lat' dir='ltr'><strong>nivibus</strong></span> <span class='ocrx_word' id='word_1_318' title='bbox 1311 3076 1377 3132; x_wconf 92' lang='lat' dir='ltr'><strong>ad</strong></span> <span class='ocrx_word' id='word_1_319' title='bbox 1405 3084 1609 3133; x_wconf 89' lang='lat' dir='ltr'><strong>terram</strong></span> <span class='ocrx_word' id='word_1_320' title='bbox 1635 3078 1906 3149; x_wconf 90' lang='lat' dir='ltr'><strong>procidit,</strong></span> <span class='ocrx_word' id='word_1_321' title='bbox 1937 3090 1991 3135; x_wconf 91' lang='lat' dir='ltr'><strong>et</strong></span> <span class='ocrx_word' id='word_1_322' title='bbox 2013 3078 2187 3136; x_wconf 91' lang='lat' dir='ltr'><strong>Deum</strong></span> 
     </span>
    </p>
   </div>
   <div class='ocr_carea' id='block_1_47' title="bbox 592 3134 2263 3242">
    <p class='ocr_par' dir='ltr' id='par_1_47' title="bbox 592 3134 2263 3242">
     <span class='ocr_line' id='line_1_47' title="bbox 592 3134 2263 3242; baseline 0.005 -24"><span class='ocrx_word' id='word_1_323' title='bbox 592 3163 901 3234; x_wconf 87' lang='lat' dir='ltr'><strong>adjutorem</strong></span> <span class='ocrx_word' id='word_1_324' title='bbox 922 3166 1029 3223; x_wconf 90' lang='lat' dir='ltr'><strong>sibi</strong></span> <span class='ocrx_word' id='word_1_325' title='bbox 1049 3167 1244 3225; x_wconf 88' lang='lat' dir='ltr'><strong>adesse</strong></span> <span class='ocrx_word' id='word_1_326' title='bbox 1265 3184 1390 3224; x_wconf 90' lang='lat' dir='ltr'><strong>cum</strong></span> <span class='ocrx_word' id='word_1_327' title='bbox 1416 3169 1622 3240; x_wconf 87' lang='lat' dir='ltr'><strong>gemitu</strong></span> <span class='ocrx_word' id='word_1_328' title='bbox 1636 3134 1986 3240; x_wconf 74' lang='lat' dir='ltr'><strong>inclamavit,</strong></span> <span class='ocrx_word' id='word_1_329' title='bbox 2022 3186 2185 3242; x_wconf 91' lang='lat' dir='ltr'><strong>oper-</strong></span> <span class='ocrx_word' id='word_1_330' title='bbox 2216 3134 2263 3199; x_wconf 79' lang='lat' dir='ltr'><strong>C</strong></span> 
     </span>
    </p>
   </div>
   <div class='ocr_carea' id='block_1_48' title="bbox 593 3258 2190 3336">
    <p class='ocr_par' dir='ltr' id='par_1_48' title="bbox 593 3258 2190 3336">
     <span class='ocr_line' id='line_1_48' title="bbox 593 3258 2190 3336; baseline 0.007 -25"><span class='ocrx_word' id='word_1_331' title='bbox 593 3265 760 3327; x_wconf 91' lang='lat' dir='ltr'><strong>toque</strong></span> <span class='ocrx_word' id='word_1_332' title='bbox 792 3258 970 3328; x_wconf 86' lang='lat' dir='ltr'><strong>capite</strong></span> <span class='ocrx_word' id='word_1_333' title='bbox 1015 3268 1070 3315; x_wconf 91' lang='lat' dir='ltr'><strong>et</strong></span> <span class='ocrx_word' id='word_1_334' title='bbox 1098 3261 1262 3318; x_wconf 79' lang='lat' dir='ltr'><strong>nudis</strong></span> <span class='ocrx_word' id='word_1_335' title='bbox 1290 3261 1524 3332; x_wconf 89' lang='lat' dir='ltr'><strong>pedibus</strong></span> <span class='ocrx_word' id='word_1_336' title='bbox 1568 3264 1968 3320; x_wconf 85' lang='lat' dir='ltr'><strong>monasterium</strong></span> <span class='ocrx_word' id='word_1_337' title='bbox 2010 3280 2190 3336; x_wconf 90' lang='lat' dir='ltr'><strong>usque</strong></span> 
     </span>
    </p>
   </div>
   <div class='ocr_carea' id='block_1_49' title="bbox 594 3351 886 3418">
    <p class='ocr_par' dir='ltr' id='par_1_49' title="bbox 594 3351 886 3418">
     <span class='ocr_line' id='line_1_49' title="bbox 594 3351 886 3418; baseline 0.007 -15"><span class='ocrx_word' id='word_1_338' title='bbox 594 3351 886 3418; x_wconf 88' lang='lat' dir='ltr'><strong>processit.</strong></span> 
     </span>
    </p>
   </div>
   <div class='ocr_carea' id='block_1_50' title="bbox 660 3439 2188 3516">
    <p class='ocr_par' dir='ltr' id='par_1_50' title="bbox 660 3439 2188 3516">
     <span class='ocr_line' id='line_1_50' title="bbox 660 3439 2188 3516; baseline 0.006 -23"><span class='ocrx_word' id='word_1_339' title='bbox 660 3439 714 3494; x_wconf 93' lang='lat'><strong>8.</strong></span> <span class='ocrx_word' id='word_1_340' title='bbox 744 3440 882 3512; x_wconf 74' lang='grc'>(12.)</span> <span class='ocrx_word' id='word_1_341' title='bbox 925 3441 1201 3513; x_wconf 75' lang='lat' dir='ltr'><strong>Exceptus</strong></span> <span class='ocrx_word' id='word_1_342' title='bbox 1231 3459 1264 3499; x_wconf 89' lang='lat' dir='ltr'><strong>a</strong></span> <span class='ocrx_word' id='word_1_343' title='bbox 1303 3444 1521 3500; x_wconf 91' lang='lat' dir='ltr'><strong>cunctis</strong></span> <span class='ocrx_word' id='word_1_344' title='bbox 1571 3458 1699 3499; x_wconf 92' lang='lat' dir='ltr'><strong>cum</strong></span> <span class='ocrx_word' id='word_1_345' title='bbox 1749 3445 1917 3516; x_wconf 85' lang='lat' dir='ltr'><strong>digno</strong></span> <span class='ocrx_word' id='word_1_346' title='bbox 1972 3445 2188 3515; x_wconf 83' lang='lat' dir='ltr'><strong>favore,</strong></span> 
     </span>
    </p>
   </div>
   <div class='ocr_carea' id='block_1_51' title="bbox 593 3534 2188 3609">
    <p class='ocr_par' dir='ltr' id='par_1_51' title="bbox 593 3534 2188 3609">
     <span class='ocr_line' id='line_1_51' title="bbox 593 3534 2188 3609; baseline 0.005 -20"><span class='ocrx_word' id='word_1_347' title='bbox 593 3534 851 3590; x_wconf 85' lang='lat' dir='ltr'><strong>studebat</strong></span> <span class='ocrx_word' id='word_1_348' title='bbox 885 3534 1148 3593; x_wconf 76' lang='lat' dir='ltr'><strong>fratribus</strong></span> <span class='ocrx_word' id='word_1_349' title='bbox 1179 3536 1363 3606; x_wconf 90' lang='lat' dir='ltr'><strong>potius</strong></span> <span class='ocrx_word' id='word_1_350' title='bbox 1409 3536 1673 3607; x_wconf 88' lang='lat' dir='ltr'><strong>prodesse</strong></span> <span class='ocrx_word' id='word_1_351' title='bbox 1713 3552 1880 3609; x_wconf 91' lang='lat' dir='ltr'><strong>quam</strong></span> <span class='ocrx_word' id='word_1_352' title='bbox 1924 3554 2188 3609; x_wconf 73' lang='lat' dir='ltr'><strong>praeesse,</strong></span> 
     </span>
    </p>
   </div>
   <div class='ocr_carea' id='block_1_52' title="bbox 590 3627 2191 3703">
    <p class='ocr_par' dir='ltr' id='par_1_52' title="bbox 590 3627 2191 3703">
     <span class='ocr_line' id='line_1_52' title="bbox 590 3627 2191 3703; baseline 0.005 -22"><span class='ocrx_word' id='word_1_353' title='bbox 590 3634 646 3682; x_wconf 89' lang='lat' dir='ltr'><strong>et</strong></span> <span class='ocrx_word' id='word_1_354' title='bbox 672 3627 956 3683; x_wconf 87' lang='lat' dir='ltr'><strong>lucrandis</strong></span> <span class='ocrx_word' id='word_1_355' title='bbox 978 3627 1271 3685; x_wconf 91' lang='lat' dir='ltr'><strong>animabus</strong></span> <span class='ocrx_word' id='word_1_356' title='bbox 1294 3630 1472 3701; x_wconf 80' lang='lat' dir='ltr'><strong>magis</strong></span> <span class='ocrx_word' id='word_1_357' title='bbox 1500 3630 1766 3702; x_wconf 83' lang='lat' dir='ltr'><strong>exemplis</strong></span> <span class='ocrx_word' id='word_1_358' title='bbox 1791 3646 1957 3703; x_wconf 89' lang='lat' dir='ltr'><strong>quam</strong></span> <span class='ocrx_word' id='word_1_359' title='bbox 1985 3632 2191 3689; x_wconf 87' lang='lat' dir='ltr'><strong>doctri-</strong></span> 
     </span>
    </p>
   </div>
   <div class='ocr_carea' id='block_1_53' title="bbox 597 3716 2189 3799">
    <p class='ocr_par' dir='ltr' id='par_1_53' title="bbox 597 3716 2189 3799">
     <span class='ocr_line' id='line_1_53' title="bbox 597 3716 2189 3799; baseline 0.006 -27"><span class='ocrx_word' id='word_1_360' title='bbox 597 3716 685 3773; x_wconf 90' lang='lat' dir='ltr'><strong>nis</strong></span> <span class='ocrx_word' id='word_1_361' title='bbox 715 3717 990 3775; x_wconf 89' lang='lat' dir='ltr'><strong>insistere.</strong></span> <span class='ocrx_word' id='word_1_362' title='bbox 1020 3719 1268 3778; x_wconf 87' lang='lat' dir='ltr'><strong>Fuerunt</strong></span> <span class='ocrx_word' id='word_1_363' title='bbox 1307 3731 1488 3778; x_wconf 86' lang='lat' dir='ltr'><strong>autem</strong></span> <span class='ocrx_word' id='word_1_364' title='bbox 1528 3738 1667 3793; x_wconf 88' lang='lat' dir='ltr'><strong>quos</strong></span> <span class='ocrx_word' id='word_1_365' title='bbox 1703 3723 1823 3799; x_wconf 79' lang='lat' dir='ltr'><strong>sibi</strong></span> <span class='ocrx_word' id='word_1_366' title='bbox 1844 3722 2051 3780; x_wconf 90' lang='lat' dir='ltr'><strong>invenit</strong></span> <span class='ocrx_word' id='word_1_367' title='bbox 2072 3723 2189 3783; x_wconf 86' lang='lat' dir='ltr'><strong>fra-</strong></span> 
     </span>
    </p>
   </div>
   <div class='ocr_carea' id='block_1_54' title="bbox 592 3809 2187 3889">
    <p class='ocr_par' dir='ltr' id='par_1_54' title="bbox 592 3809 2187 3889">
     <span class='ocr_line' id='line_1_54' title="bbox 592 3809 2187 3889; baseline 0.009 -25"><span class='ocrx_word' id='word_1_368' title='bbox 592 3816 725 3878; x_wconf 85' lang='lat' dir='ltr'><strong>tres,</strong></span> <span class='ocrx_word' id='word_1_369' title='bbox 746 3809 999 3870; x_wconf 86' lang='lat' dir='ltr'><strong>videlicet</strong></span> <span class='ocrx_word' id='word_1_370' title='bbox 1019 3811 1291 3871; x_wconf 85' lang='lat' dir='ltr'><strong>Robertus</strong></span> <span class='ocrx_word' id='word_1_371' title='bbox 1308 3830 1496 3884; x_wconf 86' lang='lat' dir='ltr'><strong>senex,</strong></span> <span class='ocrx_word' id='word_1_372' title='bbox 1521 3814 1903 3876; x_wconf 88' lang='lat' dir='ltr'><strong>Ermenfridus</strong></span> <span class='ocrx_word' id='word_1_373' title='bbox 1921 3818 2187 3889; x_wconf 89' lang='lat' dir='ltr'><strong>decanus,</strong></span> 
     </span>
    </p>
   </div>
   <div class='ocr_carea' id='block_1_55' title="bbox 600 3900 2192 3983">
    <p class='ocr_par' dir='ltr' id='par_1_55' title="bbox 600 3900 2192 3983">
     <span class='ocr_line' id='line_1_55' title="bbox 600 3900 2192 3983; baseline 0.007 -24"><span class='ocrx_word' id='word_1_374' title='bbox 600 3900 881 3961; x_wconf 86' lang='lat' dir='ltr'><strong>Evrardus</strong></span> <span class='ocrx_word' id='word_1_375' title='bbox 912 3916 1219 3977; x_wconf 68' lang='lat' dir='ltr'><strong>praecentor</strong></span> <span class='ocrx_word' id='word_1_376' title='bbox 1240 3951 1255 3975; x_wconf 89' lang='lat'><strong>,</strong></span> <span class='ocrx_word' id='word_1_377' title='bbox 1286 3908 1609 3966; x_wconf 87' lang='lat' dir='ltr'><strong>Guillelmus</strong></span> <span class='ocrx_word' id='word_1_378' title='bbox 1628 3912 1956 3983; x_wconf 72' lang='lat' dir='ltr'><strong>praepositus</strong></span> <span class='ocrx_word' id='word_1_379' title='bbox 1980 3955 1995 3982; x_wconf 95' lang='lat'><strong>,</strong></span> <span class='ocrx_word' id='word_1_380' title='bbox 2025 3911 2192 3970; x_wconf 76' lang='lat' dir='ltr'><strong>Alfri~</strong></span> 
     </span>
    </p>
   </div>
   <div class='ocr_carea' id='block_1_56' title="bbox 593 3994 2189 4074">
    <p class='ocr_par' dir='ltr' id='par_1_56' title="bbox 593 3994 2189 4074">
     <span class='ocr_line' id='line_1_56' title="bbox 593 3994 2189 4074; baseline 0.008 -23"><span class='ocrx_word' id='word_1_381' title='bbox 593 3994 699 4053; x_wconf 91' lang='lat' dir='ltr'><strong>dus</strong></span> <span class='ocrx_word' id='word_1_382' title='bbox 748 3997 1159 4067; x_wconf 89' lang='lat' dir='ltr'><strong>thesaurarius,</strong></span> <span class='ocrx_word' id='word_1_383' title='bbox 1207 4000 1574 4061; x_wconf 87' lang='lat' dir='ltr'><strong>Lietbrandus</strong></span> <span class='ocrx_word' id='word_1_384' title='bbox 1614 4006 1983 4074; x_wconf 88' lang='lat' dir='ltr'><strong>camerarius,</strong></span> <span class='ocrx_word' id='word_1_385' title='bbox 2022 4005 2189 4063; x_wconf 89' lang='lat' dir='ltr'><strong>Lam-</strong></span> 
     </span>
    </p>
   </div>
   <div class='ocr_carea' id='block_1_57' title="bbox 592 4087 2187 4167">
    <p class='ocr_par' dir='ltr' id='par_1_57' title="bbox 592 4087 2187 4167">
     <span class='ocr_line' id='line_1_57' title="bbox 592 4087 2187 4167; baseline 0.007 -23"><span class='ocrx_word' id='word_1_386' title='bbox 592 4087 785 4144; x_wconf 87' lang='lat' dir='ltr'><strong>bertus</strong></span> <span class='ocrx_word' id='word_1_387' title='bbox 850 4092 1130 4162; x_wconf 81' lang='lat' dir='ltr'><strong>organista</strong></span> <span class='ocrx_word' id='word_1_388' title='bbox 1175 4091 1324 4164; x_wconf 74' lang='grc'>(46),</span> <span class='ocrx_word' id='word_1_389' title='bbox 1384 4092 1769 4152; x_wconf 85' lang='lat' dir='ltr'><strong>Gualerannus</strong></span> <span class='ocrx_word' id='word_1_390' title='bbox 1834 4097 2187 4167; x_wconf 89' lang='lat' dir='ltr'><strong>cellerarius,</strong></span> 
     </span>
    </p>
   </div>
   <div class='ocr_carea' id='block_1_58' title="bbox 590 4175 2190 4257">
    <p class='ocr_par' dir='ltr' id='par_1_58' title="bbox 590 4175 2190 4257">
     <span class='ocr_line' id='line_1_58' title="bbox 590 4175 2190 4257; baseline 0.009 -25"><span class='ocrx_word' id='word_1_391' title='bbox 590 4175 865 4237; x_wconf 82' lang='lat' dir='ltr'><strong>Robertus</strong></span> <span class='ocrx_word' id='word_1_392' title='bbox 900 4183 1206 4253; x_wconf 88' lang='lat' dir='ltr'><strong>armarius,</strong></span> <span class='ocrx_word' id='word_1_393' title='bbox 1235 4183 1549 4257; x_wconf 90' lang='lat' dir='ltr'><strong>Stepelinus</strong></span> <span class='ocrx_word' id='word_1_394' title='bbox 1583 4187 1825 4245; x_wconf 86' lang='lat' dir='ltr'><strong>exterior</strong></span> <span class='ocrx_word' id='word_1_395' title='bbox 1863 4189 2190 4247; x_wconf 88' lang='lat' dir='ltr'><strong>scolasticus</strong></span> 
     </span>
    </p>
   </div>
   <div class='ocr_carea' id='block_1_59' title="bbox 596 4270 2186 4352">
    <p class='ocr_par' dir='ltr' id='par_1_59' title="bbox 596 4270 2186 4352">
     <span class='ocr_line' id='line_1_59' title="bbox 596 4270 2186 4352; baseline 0.008 -26"><span class='ocrx_word' id='word_1_396' title='bbox 596 4270 746 4342; x_wconf 72' lang='grc'>(47),</span> <span class='ocrx_word' id='word_1_397' title='bbox 786 4281 843 4328; x_wconf 92' lang='lat' dir='ltr'><strong>et</strong></span> <span class='ocrx_word' id='word_1_398' title='bbox 870 4273 1102 4332; x_wconf 85' lang='lat' dir='ltr'><strong>interior</strong></span> <span class='ocrx_word' id='word_1_399' title='bbox 1139 4276 1480 4348; x_wconf 85' lang='lat' dir='ltr'><strong>Balduinus,</strong></span> <span class='ocrx_word' id='word_1_400' title='bbox 1527 4278 1885 4349; x_wconf 87' lang='lat' dir='ltr'><strong>Lambertus,</strong></span> <span class='ocrx_word' id='word_1_401' title='bbox 1923 4279 2186 4352; x_wconf 87' lang='lat' dir='ltr'><strong>Guerizo,</strong></span> 
     </span>
    </p>
   </div>
   <div class='ocr_carea' id='block_1_60' title="bbox 590 4362 2189 4442">
    <p class='ocr_par' dir='ltr' id='par_1_60' title="bbox 590 4362 2189 4442">
     <span class='ocr_line' id='line_1_60' title="bbox 590 4362 2189 4442; baseline 0.006 -17"><span class='ocrx_word' id='word_1_402' title='bbox 590 4362 1331 4442; x_wconf 60' lang='lat' dir='ltr'><strong>Engenttlliasfﬁenuardus,</strong></span> <span class='ocrx_word' id='word_1_403' title='bbox 1354 4370 1506 4441; x_wconf 90' lang='lat' dir='ltr'><strong>Otto,</strong></span> <span class='ocrx_word' id='word_1_404' title='bbox 1537 4373 1849 4432; x_wconf 88' lang='lat' dir='ltr'><strong>Gualterus.</strong></span> <span class='ocrx_word' id='word_1_405' title='bbox 1875 4374 2189 4435; x_wconf 87' lang='lat' dir='ltr'><strong>Multotiens</strong></span> 
     </span>
    </p>
   </div>
   <div class='ocr_carea' id='block_1_61' title="bbox 593 4458 2186 4537">
    <p class='ocr_par' dir='ltr' id='par_1_61' title="bbox 593 4458 2186 4537">
     <span class='ocr_line' id='line_1_61' title="bbox 593 4458 2186 4537; baseline 0.004 -17"><span class='ocrx_word' id='word_1_406' title='bbox 593 4479 725 4520; x_wconf 89' lang='lat' dir='ltr'><strong>vero</strong></span> <span class='ocrx_word' id='word_1_407' title='bbox 748 4458 1070 4522; x_wconf 78' lang='lat' dir='ltr'><strong>adversatus</strong></span> <span class='ocrx_word' id='word_1_408' title='bbox 1098 4466 1168 4522; x_wconf 91' lang='lat' dir='ltr'><strong>ab</strong></span> <span class='ocrx_word' id='word_1_409' title='bbox 1192 4466 1301 4522; x_wconf 87' lang='lat' dir='ltr'><strong>hiis</strong></span> <span class='ocrx_word' id='word_1_410' title='bbox 1328 4466 1421 4537; x_wconf 91' lang='lat' dir='ltr'><strong>qui</strong></span> <span class='ocrx_word' id='word_1_411' title='bbox 1451 4466 1510 4523; x_wconf 92' lang='lat' dir='ltr'><strong>in</strong></span> <span class='ocrx_word' id='word_1_412' title='bbox 1526 4468 1698 4524; x_wconf 88' lang='lat' dir='ltr'><strong>veteri</strong></span> <span class='ocrx_word' id='word_1_413' title='bbox 1716 4477 1897 4525; x_wconf 90' lang='lat' dir='ltr'><strong>mente</strong></span> <span class='ocrx_word' id='word_1_414' title='bbox 1917 4485 2058 4526; x_wconf 91' lang='lat' dir='ltr'><strong>nova</strong></span> <span class='ocrx_word' id='word_1_415' title='bbox 2075 4485 2186 4527; x_wconf 86' lang='lat' dir='ltr'><strong>me-</strong></span> 
     </span>
    </p>
   </div>
   <div class='ocr_carea' id='block_1_62' title="bbox 593 4558 2188 4632">
    <p class='ocr_par' dir='ltr' id='par_1_62' title="bbox 593 4558 2188 4632">
     <span class='ocr_line' id='line_1_62' title="bbox 593 4558 2188 4632; baseline 0.003 -15"><span class='ocrx_word' id='word_1_416' title='bbox 593 4558 759 4617; x_wconf 89' lang='lat' dir='ltr'><strong>ditari</strong></span> <span class='ocrx_word' id='word_1_417' title='bbox 793 4559 1165 4631; x_wconf 89' lang='lat' dir='ltr'><strong>cogebantur,</strong></span> <span class='ocrx_word' id='word_1_418' title='bbox 1218 4560 1344 4617; x_wconf 90' lang='lat' dir='ltr'><strong>licet</strong></span> <span class='ocrx_word' id='word_1_419' title='bbox 1368 4562 1638 4632; x_wconf 89' lang='lat' dir='ltr'><strong>patienter</strong></span> <span class='ocrx_word' id='word_1_420' title='bbox 1667 4570 1722 4619; x_wconf 90' lang='lat' dir='ltr'><strong>et</strong></span> <span class='ocrx_word' id='word_1_421' title='bbox 1751 4563 1951 4620; x_wconf 89' lang='lat' dir='ltr'><strong>tacitus</strong></span> <span class='ocrx_word' id='word_1_422' title='bbox 1996 4563 2188 4621; x_wconf 90' lang='lat' dir='ltr'><strong>eadem</strong></span> 
     </span>
    </p>
   </div>
   <div class='ocr_carea' id='block_1_63' title="bbox 594 4652 2181 4725">
    <p class='ocr_par' dir='ltr' id='par_1_63' title="bbox 594 4652 2181 4725">
     <span class='ocr_line' id='line_1_63' title="bbox 594 4652 2181 4725; baseline 0.004 -17"><span class='ocrx_word' id='word_1_423' title='bbox 594 4652 861 4725; x_wconf 83' lang='lat' dir='ltr'><strong>perferret</strong></span> <span class='ocrx_word' id='word_1_424' title='bbox 890 4654 1141 4723; x_wconf 91' lang='lat' dir='ltr'><strong>adversa,</strong></span> <span class='ocrx_word' id='word_1_425' title='bbox 1175 4653 1233 4711; x_wconf 92' lang='lat' dir='ltr'><strong>in</strong></span> <span class='ocrx_word' id='word_1_426' title='bbox 1260 4654 1601 4713; x_wconf 90' lang='lat' dir='ltr'><strong>enutriendis</strong></span> <span class='ocrx_word' id='word_1_427' title='bbox 1624 4663 1681 4712; x_wconf 91' lang='lat' dir='ltr'><strong>et</strong></span> <span class='ocrx_word' id='word_1_428' title='bbox 1705 4656 2022 4714; x_wconf 89' lang='lat' dir='ltr'><strong>erudiendis</strong></span> <span class='ocrx_word' id='word_1_429' title='bbox 2048 4664 2103 4714; x_wconf 91' lang='lat' dir='ltr'><strong>et</strong></span> <span class='ocrx_word' id='word_1_430' title='bbox 2122 4658 2181 4715; x_wconf 90' lang='lat' dir='ltr'><strong>in</strong></span> 
     </span>
    </p>
   </div>
   <div class='ocr_carea' id='block_1_64' title="bbox 2290 1866 3675 1941">
    <p class='ocr_par' dir='ltr' id='par_1_64' title="bbox 2290 1866 3675 1941">
     <span class='ocr_line' id='line_1_64' title="bbox 2290 1866 3675 1941; baseline 0.001 -18"><span class='ocrx_word' id='word_1_431' title='bbox 2290 1868 2434 1924; x_wconf 90' lang='lat' dir='ltr'><strong>inter</strong></span> <span class='ocrx_word' id='word_1_432' title='bbox 2479 1868 2704 1925; x_wconf 87' lang='lat' dir='ltr'><strong>brachia</strong></span> <span class='ocrx_word' id='word_1_433' title='bbox 2748 1868 2898 1925; x_wconf 90' lang='lat' dir='ltr'><strong>illius</strong></span> <span class='ocrx_word' id='word_1_434' title='bbox 2951 1884 3175 1941; x_wconf 87' lang='lat' dir='ltr'><strong>puerum</strong></span> <span class='ocrx_word' id='word_1_435' title='bbox 3213 1868 3421 1940; x_wconf 63' lang='lat' dir='ltr'><strong>gloriosae</strong></span> <span class='ocrx_word' id='word_1_436' title='bbox 3457 1866 3675 1936; x_wconf 67' lang='lat' dir='ltr'><strong>habitudnis,</strong></span> 
     </span>
    </p>
   </div>
   <div class='ocr_carea' id='block_1_65' title="bbox 2290 1961 3677 2034">
    <p class='ocr_par' dir='ltr' id='par_1_65' title="bbox 2290 1961 3677 2034">
     <span class='ocr_line' id='line_1_65' title="bbox 2290 1961 3677 2034; baseline 0.001 -17"><span class='ocrx_word' id='word_1_437' title='bbox 2290 1961 2473 2017; x_wconf 86' lang='lat' dir='ltr'><strong>abbati</strong></span> <span class='ocrx_word' id='word_1_438' title='bbox 2521 1961 2742 2032; x_wconf 91' lang='lat' dir='ltr'><strong>quidem</strong></span> <span class='ocrx_word' id='word_1_439' title='bbox 2787 1962 3040 2018; x_wconf 90' lang='lat' dir='ltr'><strong>hilariter</strong></span> <span class='ocrx_word' id='word_1_440' title='bbox 3081 1962 3471 2034; x_wconf 86' lang='lat' dir='ltr'><strong>congaudentem,</strong></span> <span class='ocrx_word' id='word_1_441' title='bbox 3508 1962 3578 2017; x_wconf 83' lang='lat' dir='ltr'><strong>sibi</strong></span> <span class='ocrx_word' id='word_1_442' title='bbox 3606 1978 3677 2018; x_wconf 77' lang='lat' dir='ltr'><strong>vero</strong></span> 
     </span>
    </p>
   </div>
   <div class='ocr_carea' id='block_1_66' title="bbox 2290 2052 3681 2126">
    <p class='ocr_par' dir='ltr' id='par_1_66' title="bbox 2290 2052 3681 2126">
     <span class='ocr_line' id='line_1_66' title="bbox 2290 2052 3681 2126; baseline -0.001 -15"><span class='ocrx_word' id='word_1_443' title='bbox 2290 2052 2577 2111; x_wconf 86' lang='lat' dir='ltr'><strong>minaciter</strong></span> <span class='ocrx_word' id='word_1_444' title='bbox 2606 2052 3006 2126; x_wconf 88' lang='lat' dir='ltr'><strong>indignantem.</strong></span> <span class='ocrx_word' id='word_1_445' title='bbox 3032 2052 3135 2123; x_wconf 81' lang='lat' dir='ltr'><strong>Qui</strong></span> <span class='ocrx_word' id='word_1_446' title='bbox 3158 2055 3279 2111; x_wconf 88' lang='lat' dir='ltr'><strong>dum</strong></span> <span class='ocrx_word' id='word_1_447' title='bbox 3308 2064 3484 2112; x_wconf 81' lang='lat' dir='ltr'><strong>tremens</strong></span> <span class='ocrx_word' id='word_1_448' title='bbox 3501 2056 3562 2111; x_wconf 77' lang='lat' dir='ltr'><strong>vix</strong></span> <span class='ocrx_word' id='word_1_449' title='bbox 3581 2056 3619 2110; x_wconf 87' lang='lat' dir='ltr'><strong>in</strong></span> <span class='ocrx_word' id='word_1_450' title='bbox 3638 2056 3681 2110; x_wconf 80' lang='lat' dir='ltr'><strong>le-</strong></span> 
     </span>
    </p>
   </div>
   <div class='ocr_carea' id='block_1_67' title="bbox 2290 2145 3678 2222">
    <p class='ocr_par' dir='ltr' id='par_1_67' title="bbox 2290 2145 3678 2222">
     <span class='ocr_line' id='line_1_67' title="bbox 2290 2145 3678 2222; baseline 0.002 -21"><span class='ocrx_word' id='word_1_451' title='bbox 2290 2146 2466 2218; x_wconf 87' lang='lat' dir='ltr'><strong>gendo</strong></span> <span class='ocrx_word' id='word_1_452' title='bbox 2504 2145 2850 2216; x_wconf 90' lang='lat' dir='ltr'><strong>subsisteret,</strong></span> <span class='ocrx_word' id='word_1_453' title='bbox 2899 2147 3217 2222; x_wconf 86' lang='lat' dir='ltr'><strong>rediensque</strong></span> <span class='ocrx_word' id='word_1_454' title='bbox 3242 2148 3524 2204; x_wconf 82' lang='lat' dir='ltr'><strong>humillimam</strong></span> <span class='ocrx_word' id='word_1_455' title='bbox 3542 2149 3678 2204; x_wconf 53' lang='lat' dir='ltr'><strong>indm</strong></span> 
     </span>
    </p>
   </div>
   <div class='ocr_carea' id='block_1_68' title="bbox 2288 2243 3680 2313">
    <p class='ocr_par' dir='ltr' id='par_1_68' title="bbox 2288 2243 3680 2313">
     <span class='ocr_line' id='line_1_68' title="bbox 2288 2243 3680 2313; baseline -0.002 -12"><span class='ocrx_word' id='word_1_456' title='bbox 2288 2245 2497 2301; x_wconf 91' lang='lat' dir='ltr'><strong>tionem</strong></span> <span class='ocrx_word' id='word_1_457' title='bbox 2525 2244 2708 2301; x_wconf 89' lang='lat' dir='ltr'><strong>abbati</strong></span> <span class='ocrx_word' id='word_1_458' title='bbox 2753 2244 3081 2313; x_wconf 78' lang='lat' dir='ltr'><strong>exsolveret,</strong></span> <span class='ocrx_word' id='word_1_459' title='bbox 3122 2244 3411 2301; x_wconf 84' lang='lat' dir='ltr'><strong>mirantibus</strong></span> <span class='ocrx_word' id='word_1_460' title='bbox 3444 2245 3584 2301; x_wconf 81' lang='lat' dir='ltr'><strong>cunctis</strong></span> <span class='ocrx_word' id='word_1_461' title='bbox 3602 2243 3680 2298; x_wconf 68' lang='lat' dir='ltr'><strong>adeo</strong></span> 
     </span>
    </p>
   </div>
   <div class='ocr_carea' id='block_1_69' title="bbox 2290 2338 3679 2408">
    <p class='ocr_par' dir='ltr' id='par_1_69' title="bbox 2290 2338 3679 2408">
     <span class='ocr_line' id='line_1_69' title="bbox 2290 2338 3679 2408; baseline -0.004 -13"><span class='ocrx_word' id='word_1_462' title='bbox 2290 2340 2567 2396; x_wconf 88' lang='lat' dir='ltr'><strong>resolutus</strong></span> <span class='ocrx_word' id='word_1_463' title='bbox 2598 2348 2684 2395; x_wconf 89' lang='lat' dir='ltr'><strong>est</strong></span> <span class='ocrx_word' id='word_1_464' title='bbox 2722 2338 2781 2394; x_wconf 88' lang='lat' dir='ltr'><strong>in</strong></span> <span class='ocrx_word' id='word_1_465' title='bbox 2821 2339 3090 2408; x_wconf 85' lang='lat' dir='ltr'><strong>lacrimis,</strong></span> <span class='ocrx_word' id='word_1_466' title='bbox 3120 2348 3180 2396; x_wconf 91' lang='lat' dir='ltr'><strong>ut</strong></span> <span class='ocrx_word' id='word_1_467' title='bbox 3198 2339 3333 2395; x_wconf 89' lang='lat' dir='ltr'><strong>nullo</strong></span> <span class='ocrx_word' id='word_1_468' title='bbox 3362 2338 3486 2394; x_wconf 90' lang='lat' dir='ltr'><strong>modo</strong></span> <span class='ocrx_word' id='word_1_469' title='bbox 3509 2347 3679 2393; x_wconf 75' lang='lat' dir='ltr'><strong>cessaret:</strong></span> 
     </span>
    </p>
   </div>
   <div class='ocr_carea' id='block_1_70' title="bbox 2290 2429 3683 2505">
    <p class='ocr_par' dir='ltr' id='par_1_70' title="bbox 2290 2429 3683 2505">
     <span class='ocr_line' id='line_1_70' title="bbox 2290 2429 3683 2505; baseline -0.004 -17"><span class='ocrx_word' id='word_1_470' title='bbox 2290 2431 2623 2504; x_wconf 88' lang='lat' dir='ltr'><strong>singultibus</strong></span> <span class='ocrx_word' id='word_1_471' title='bbox 2642 2442 2697 2489; x_wconf 89' lang='lat' dir='ltr'><strong>et</strong></span> <span class='ocrx_word' id='word_1_472' title='bbox 2726 2432 3007 2503; x_wconf 87' lang='lat' dir='ltr'><strong>suspiriis.</strong></span> <span class='ocrx_word' id='word_1_473' title='bbox 3028 2432 3159 2489; x_wconf 89' lang='lat' dir='ltr'><strong>Post</strong></span> <span class='ocrx_word' id='word_1_474' title='bbox 3189 2431 3379 2505; x_wconf 88' lang='lat' dir='ltr'><strong>vigilias</strong></span> <span class='ocrx_word' id='word_1_475' title='bbox 3397 2431 3547 2487; x_wconf 82' lang='lat' dir='ltr'><strong>affusus</strong></span> <span class='ocrx_word' id='word_1_476' title='bbox 3563 2429 3683 2483; x_wconf 70' lang='lat' dir='ltr'><strong>abbatis</strong></span> 
     </span>
    </p>
   </div>
   <div class='ocr_carea' id='block_1_71' title="bbox 2289 2523 3679 2597">
    <p class='ocr_par' dir='ltr' id='par_1_71' title="bbox 2289 2523 3679 2597">
     <span class='ocr_line' id='line_1_71' title="bbox 2289 2523 3679 2597; baseline -0.004 -16"><span class='ocrx_word' id='word_1_477' title='bbox 2289 2524 2544 2594; x_wconf 88' lang='lat' dir='ltr'><strong>pedibus,</strong></span> <span class='ocrx_word' id='word_1_478' title='bbox 2594 2523 2884 2582; x_wconf 86' lang='lat' dir='ltr'><strong>confessus</strong></span> <span class='ocrx_word' id='word_1_479' title='bbox 2932 2532 3021 2583; x_wconf 86' lang='lat' dir='ltr'><strong>est</strong></span> <span class='ocrx_word' id='word_1_480' title='bbox 3051 2535 3261 2597; x_wconf 87' lang='lat' dir='ltr'><strong>peccata</strong></span> <span class='ocrx_word' id='word_1_481' title='bbox 3306 2541 3391 2582; x_wconf 90' lang='lat' dir='ltr'><strong>sua</strong></span> <span class='ocrx_word' id='word_1_482' title='bbox 3413 2524 3467 2580; x_wconf 85' lang='lat' dir='ltr'><strong>ad</strong></span> <span class='ocrx_word' id='word_1_483' title='bbox 3494 2534 3679 2593; x_wconf 78' lang='lat' dir='ltr'><strong>purunpe-</strong></span> 
     </span>
    </p>
   </div>
   <div class='ocr_carea' id='block_1_72' title="bbox 2289 2612 3679 2690">
    <p class='ocr_par' dir='ltr' id='par_1_72' title="bbox 2289 2612 3679 2690">
     <span class='ocr_line' id='line_1_72' title="bbox 2289 2612 3679 2690; baseline 0.003 -19"><span class='ocrx_word' id='word_1_484' title='bbox 2289 2624 2413 2673; x_wconf 89' lang='lat' dir='ltr'><strong>tens</strong></span> <span class='ocrx_word' id='word_1_485' title='bbox 2438 2617 2509 2673; x_wconf 88' lang='lat' dir='ltr'><strong>ab</strong></span> <span class='ocrx_word' id='word_1_486' title='bbox 2531 2632 2598 2673; x_wconf 92' lang='lat' dir='ltr'><strong>eo</strong></span> <span class='ocrx_word' id='word_1_487' title='bbox 2626 2617 2982 2674; x_wconf 91' lang='lat' dir='ltr'><strong>indicendum</strong></span> <span class='ocrx_word' id='word_1_488' title='bbox 3013 2633 3112 2690; x_wconf 91' lang='lat' dir='ltr'><strong>pro</strong></span> <span class='ocrx_word' id='word_1_489' title='bbox 3147 2616 3426 2690; x_wconf 71' lang='lat' dir='ltr'><strong>pmnitentia</strong></span> <span class='ocrx_word' id='word_1_490' title='bbox 3452 2615 3528 2671; x_wconf 85' lang='lat' dir='ltr'><strong>sibi</strong></span> <span class='ocrx_word' id='word_1_491' title='bbox 3546 2612 3679 2675; x_wconf 72' lang='lat' dir='ltr'><strong>exilium</strong></span> 
     </span>
    </p>
   </div>
   <div class='ocr_carea' id='block_1_73' title="bbox 2289 2703 3681 2780">
    <p class='ocr_par' dir='ltr' id='par_1_73' title="bbox 2289 2703 3681 2780">
     <span class='ocr_line' id='line_1_73' title="bbox 2289 2703 3681 2780; baseline -0.003 -18"><span class='ocrx_word' id='word_1_492' title='bbox 2289 2706 2599 2764; x_wconf 89' lang='lat' dir='ltr'><strong>voluntaria</strong></span> <span class='ocrx_word' id='word_1_493' title='bbox 2629 2708 2986 2765; x_wconf 89' lang='lat' dir='ltr'><strong>mendicitate</strong></span> <span class='ocrx_word' id='word_1_494' title='bbox 3012 2725 3044 2765; x_wconf 91' lang='lat' dir='ltr'><strong>a</strong></span> <span class='ocrx_word' id='word_1_495' title='bbox 3077 2725 3135 2766; x_wconf 92' lang='lat' dir='ltr'><strong>se</strong></span> <span class='ocrx_word' id='word_1_496' title='bbox 3162 2707 3519 2780; x_wconf 84' lang='lat' dir='ltr'><strong>transigendum.</strong></span> <span class='ocrx_word' id='word_1_497' title='bbox 3540 2703 3681 2758; x_wconf 72' lang='lat' dir='ltr'><strong>Hortante</strong></span> 
     </span>
    </p>
   </div>
   <div class='ocr_carea' id='block_1_74' title="bbox 2289 2798 3686 2870">
    <p class='ocr_par' dir='ltr' id='par_1_74' title="bbox 2289 2798 3686 2870">
     <span class='ocr_line' id='line_1_74' title="bbox 2289 2798 3686 2870; baseline -0.003 -13"><span class='ocrx_word' id='word_1_498' title='bbox 2289 2815 2422 2857; x_wconf 90' lang='lat' dir='ltr'><strong>vero</strong></span> <span class='ocrx_word' id='word_1_499' title='bbox 2452 2801 2646 2858; x_wconf 88' lang='lat' dir='ltr'><strong>abbate</strong></span> <span class='ocrx_word' id='word_1_500' title='bbox 2672 2802 2827 2858; x_wconf 90' lang='lat' dir='ltr'><strong>illum</strong></span> <span class='ocrx_word' id='word_1_501' title='bbox 2850 2817 3138 2859; x_wconf 89' lang='lat' dir='ltr'><strong>remanere</strong></span> <span class='ocrx_word' id='word_1_502' title='bbox 3167 2817 3353 2870; x_wconf 89' lang='lat' dir='ltr'><strong>secum,</strong></span> <span class='ocrx_word' id='word_1_503' title='bbox 3388 2810 3432 2857; x_wconf 86' lang='lat' dir='ltr'><strong>et</strong></span> <span class='ocrx_word' id='word_1_504' title='bbox 3452 2798 3686 2870; x_wconf 64' lang='lat' dir='ltr'><strong>spondentes:</strong></span> 
     </span>
    </p>
   </div>
   <div class='ocr_carea' id='block_1_75' title="bbox 2290 2888 3685 2964">
    <p class='ocr_par' dir='ltr' id='par_1_75' title="bbox 2290 2888 3685 2964">
     <span class='ocr_line' id='line_1_75' title="bbox 2290 2888 3685 2964; baseline -0.002 -17"><span class='ocrx_word' id='word_1_505' title='bbox 2290 2892 2368 2947; x_wconf 92' lang='lat' dir='ltr'><strong>illi</strong></span> <span class='ocrx_word' id='word_1_506' title='bbox 2419 2892 2476 2948; x_wconf 93' lang='lat' dir='ltr'><strong>in</strong></span> <span class='ocrx_word' id='word_1_507' title='bbox 2506 2894 2826 2964; x_wconf 86' lang='lat' dir='ltr'><strong>poenitentia</strong></span> <span class='ocrx_word' id='word_1_508' title='bbox 2873 2895 3353 2961; x_wconf 86' lang='lat' dir='ltr'><strong>collaboraturum,</strong></span> <span class='ocrx_word' id='word_1_509' title='bbox 3394 2888 3593 2962; x_wconf 87' lang='lat' dir='ltr'><strong>respondit</strong></span> <span class='ocrx_word' id='word_1_510' title='bbox 3630 2898 3685 2939; x_wconf 68' lang='lat' dir='ltr'><strong>ne!</strong></span> 
     </span>
    </p>
   </div>
   <div class='ocr_carea' id='block_1_76' title="bbox 2291 2975 3689 3058">
    <p class='ocr_par' dir='ltr' id='par_1_76' title="bbox 2291 2975 3689 3058">
     <span class='ocr_line' id='line_1_76' title="bbox 2291 2975 3689 3058; baseline -0.002 -20"><span class='ocrx_word' id='word_1_511' title='bbox 2291 2982 2399 3038; x_wconf 86' lang='lat' dir='ltr'><strong>sibi</strong></span> <span class='ocrx_word' id='word_1_512' title='bbox 2436 2983 2610 3040; x_wconf 90' lang='lat' dir='ltr'><strong>videri</strong></span> <span class='ocrx_word' id='word_1_513' title='bbox 2656 2985 2813 3051; x_wconf 88' lang='lat' dir='ltr'><strong>utile,</strong></span> <span class='ocrx_word' id='word_1_514' title='bbox 2874 3000 3007 3042; x_wconf 91' lang='lat' dir='ltr'><strong>cum</strong></span> <span class='ocrx_word' id='word_1_515' title='bbox 3055 2986 3252 3058; x_wconf 89' lang='lat' dir='ltr'><strong>quibus</strong></span> <span class='ocrx_word' id='word_1_516' title='bbox 3293 2982 3472 3040; x_wconf 85' lang='lat' dir='ltr'><strong>dolebat</strong></span> <span class='ocrx_word' id='word_1_517' title='bbox 3502 2995 3544 3036; x_wconf 83' lang='lat' dir='ltr'><strong>se</strong></span> <span class='ocrx_word' id='word_1_518' title='bbox 3565 2975 3689 3037; x_wconf 58' lang='lat' dir='ltr'><strong>vixisse.</strong></span> 
     </span>
    </p>
   </div>
   <div class='ocr_carea' id='block_1_77' title="bbox 2293 3063 3691 3148">
    <p class='ocr_par' dir='ltr' id='par_1_77' title="bbox 2293 3063 3691 3148">
     <span class='ocr_line' id='line_1_77' title="bbox 2293 3063 3691 3148; baseline -0.007 -19"><span class='ocrx_word' id='word_1_519' title='bbox 2293 3074 2432 3131; x_wconf 86' lang='lat' dir='ltr'><strong>velle</strong></span> <span class='ocrx_word' id='word_1_520' title='bbox 2453 3075 2500 3107; x_wconf 79' lang='lat'><strong>&#39;°</strong></span> <span class='ocrx_word' id='word_1_521' title='bbox 2550 3076 2750 3132; x_wconf 87' lang='lat' dir='ltr'><strong>amodo</strong></span> <span class='ocrx_word' id='word_1_522' title='bbox 2789 3075 2995 3145; x_wconf 89' lang='lat' dir='ltr'><strong>vivere,</strong></span> <span class='ocrx_word' id='word_1_523' title='bbox 3044 3076 3251 3148; x_wconf 89' lang='lat' dir='ltr'><strong>ipsique</strong></span> <span class='ocrx_word' id='word_1_524' title='bbox 3286 3075 3393 3131; x_wconf 91' lang='lat' dir='ltr'><strong>loco</strong></span> <span class='ocrx_word' id='word_1_525' title='bbox 3425 3071 3541 3143; x_wconf 82' lang='lat' dir='ltr'><strong>quasi</strong></span> <span class='ocrx_word' id='word_1_526' title='bbox 3568 3063 3691 3122; x_wconf 74' lang='lat' dir='ltr'><strong>coist</strong></span> 
     </span>
    </p>
   </div>
   <div class='ocr_carea' id='block_1_78' title="bbox 2294 3155 3693 3240">
    <p class='ocr_par' dir='ltr' id='par_1_78' title="bbox 2294 3155 3693 3240">
     <span class='ocr_line' id='line_1_78' title="bbox 2294 3155 3693 3240; baseline 0.001 -16"><span class='ocrx_word' id='word_1_527' title='bbox 2294 3167 2502 3224; x_wconf 89' lang='lat' dir='ltr'><strong>erroris</strong></span> <span class='ocrx_word' id='word_1_528' title='bbox 2531 3166 2620 3222; x_wconf 90' lang='lat' dir='ltr'><strong>sui</strong></span> <span class='ocrx_word' id='word_1_529' title='bbox 2647 3167 2797 3223; x_wconf 91' lang='lat' dir='ltr'><strong>nulla</strong></span> <span class='ocrx_word' id='word_1_530' title='bbox 2827 3182 2887 3223; x_wconf 91' lang='lat' dir='ltr'><strong>re</strong></span> <span class='ocrx_word' id='word_1_531' title='bbox 2905 3168 3145 3240; x_wconf 90' lang='lat' dir='ltr'><strong>amplius</strong></span> <span class='ocrx_word' id='word_1_532' title='bbox 3157 3167 3340 3223; x_wconf 88' lang='lat' dir='ltr'><strong>inesse.</strong></span> <span class='ocrx_word' id='word_1_533' title='bbox 3358 3162 3433 3219; x_wconf 87' lang='lat' dir='ltr'><strong>Sic</strong></span> <span class='ocrx_word' id='word_1_534' title='bbox 3450 3175 3544 3232; x_wconf 78' lang='lat' dir='ltr'><strong>ergo</strong></span> <span class='ocrx_word' id='word_1_535' title='bbox 3556 3155 3693 3225; x_wconf 70' lang='grc' dir='ltr'><strong>εεὶυεω</strong></span> 
     </span>
    </p>
   </div>
   <div class='ocr_carea' id='block_1_79' title="bbox 2294 3256 3767 3332">
    <p class='ocr_par' dir='ltr' id='par_1_79' title="bbox 2294 3256 3767 3332">
     <span class='ocr_line' id='line_1_79' title="bbox 2294 3256 3767 3332; baseline -0.01 -15"><span class='ocrx_word' id='word_1_536' title='bbox 2294 3259 2662 3317; x_wconf 88' lang='lat' dir='ltr'><strong>obstinatione</strong></span> <span class='ocrx_word' id='word_1_537' title='bbox 2692 3260 2900 3315; x_wconf 89' lang='lat' dir='ltr'><strong>salubri</strong></span> <span class='ocrx_word' id='word_1_538' title='bbox 2926 3260 3185 3332; x_wconf 84' lang='lat' dir='ltr'><strong>puniens,</strong></span> <span class='ocrx_word' id='word_1_539' title='bbox 3216 3258 3350 3314; x_wconf 87' lang='lat' dir='ltr'><strong>ferro</strong></span> <span class='ocrx_word' id='word_1_540' title='bbox 3368 3271 3447 3328; x_wconf 86' lang='lat' dir='ltr'><strong>per</strong></span> <span class='ocrx_word' id='word_1_541' title='bbox 3461 3256 3697 3314; x_wconf 76' lang='lat' dir='ltr'><strong>ventrempet-</strong></span> <span class='ocrx_word' id='word_1_542' title='bbox 3766 3284 3767 3295; x_wconf 57' lang='grc' dir='ltr'><strong>η</strong></span> 
     </span>
    </p>
   </div>
   <div class='ocr_carea' id='block_1_80' title="bbox 2293 3338 3767 3425">
    <p class='ocr_par' dir='ltr' id='par_1_80' title="bbox 2293 3338 3767 3425">
     <span class='ocr_line' id='line_1_80' title="bbox 2293 3338 3767 3425; baseline -0.015 -15"><span class='ocrx_word' id='word_1_543' title='bbox 2293 3368 2400 3425; x_wconf 91' lang='lat' dir='ltr'><strong>que</strong></span> <span class='ocrx_word' id='word_1_544' title='bbox 2430 3353 2657 3409; x_wconf 87' lang='lat' dir='ltr'><strong>brachia</strong></span> <span class='ocrx_word' id='word_1_545' title='bbox 2675 3361 2722 3409; x_wconf 83' lang='lat' dir='ltr'><strong>et</strong></span> <span class='ocrx_word' id='word_1_546' title='bbox 2753 3352 2916 3410; x_wconf 90' lang='lat' dir='ltr'><strong>tibias</strong></span> <span class='ocrx_word' id='word_1_547' title='bbox 2939 3354 3164 3410; x_wconf 88' lang='lat' dir='ltr'><strong>vinctus</strong></span> <span class='ocrx_word' id='word_1_548' title='bbox 3186 3351 3313 3424; x_wconf 68' lang='grc'>(48),</span> <span class='ocrx_word' id='word_1_549' title='bbox 3333 3351 3594 3422; x_wconf 77' lang='lat' dir='ltr'><strong>prosequente</strong></span> <span class='ocrx_word' id='word_1_550' title='bbox 3611 3338 3699 3393; x_wconf 75' lang='lat' dir='ltr'><strong>illus</strong></span> <span class='ocrx_word' id='word_1_551' title='bbox 3766 3344 3767 3359; x_wconf 63' lang='lat'>*</span> 
     </span>
    </p>
   </div>
   <div class='ocr_carea' id='block_1_81' title="bbox 2293 3432 3699 3526">
    <p class='ocr_par' dir='ltr' id='par_1_81' title="bbox 2293 3432 3699 3526">
     <span class='ocr_line' id='line_1_81' title="bbox 2293 3432 3699 3526; baseline -0.01 -23"><span class='ocrx_word' id='word_1_552' title='bbox 2293 3447 2488 3503; x_wconf 89' lang='lat' dir='ltr'><strong>abbate</strong></span> <span class='ocrx_word' id='word_1_553' title='bbox 2522 3462 2647 3503; x_wconf 91' lang='lat' dir='ltr'><strong>cum</strong></span> <span class='ocrx_word' id='word_1_554' title='bbox 2670 3446 2937 3512; x_wconf 90' lang='lat' dir='ltr'><strong>lacrimis,</strong></span> <span class='ocrx_word' id='word_1_555' title='bbox 2967 3444 3350 3502; x_wconf 87' lang='lat' dir='ltr'><strong>monasterium</strong></span> <span class='ocrx_word' id='word_1_556' title='bbox 3374 3432 3699 3526; x_wconf 82' lang='lat' dir='ltr'><strong>exiit,</strong></span> 
     </span>
    </p>
   </div>
   <div class='ocr_carea' id='block_1_82' title="bbox 2292 3524 3698 3621">
    <p class='ocr_par' dir='ltr' id='par_1_82' title="bbox 2292 3524 3698 3621">
     <span class='ocr_line' id='line_1_82' title="bbox 2292 3524 3698 3621; baseline -0.015 -23"><span class='ocrx_word' id='word_1_557' title='bbox 2292 3555 2419 3598; x_wconf 82' lang='lat' dir='ltr'><strong>cum</strong></span> <span class='ocrx_word' id='word_1_558' title='bbox 2472 3555 2672 3612; x_wconf 86' lang='lat' dir='ltr'><strong>magna</strong></span> <span class='ocrx_word' id='word_1_559' title='bbox 2719 3537 3030 3596; x_wconf 89' lang='lat' dir='ltr'><strong>defectione</strong></span> <span class='ocrx_word' id='word_1_560' title='bbox 3073 3537 3235 3610; x_wconf 88' lang='lat' dir='ltr'><strong>pedes</strong></span> <span class='ocrx_word' id='word_1_561' title='bbox 3273 3534 3522 3591; x_wconf 81' lang='lat' dir='ltr'><strong>Mosomum</strong></span> 
     </span>
    </p>
   </div>
   <div class='ocr_carea' id='block_1_83' title="bbox 2294 3618 3698 3712">
    <p class='ocr_par' dir='ltr' id='par_1_83' title="bbox 2294 3618 3698 3712">
     <span class='ocr_line' id='line_1_83' title="bbox 2294 3618 3698 3712; baseline -0.006 -25"><span class='ocrx_word' id='word_1_562' title='bbox 2294 3631 2369 3688; x_wconf 89' lang='lat' dir='ltr'><strong>ibi</strong></span> <span class='ocrx_word' id='word_1_563' title='bbox 2415 3631 2543 3703; x_wconf 89' lang='lat' dir='ltr'><strong>quia</strong></span> <span class='ocrx_word' id='word_1_564' title='bbox 2596 3642 2727 3689; x_wconf 91' lang='lat' dir='ltr'><strong>tunc</strong></span> <span class='ocrx_word' id='word_1_565' title='bbox 2752 3631 3022 3703; x_wconf 89' lang='lat' dir='ltr'><strong>temporis</strong></span> <span class='ocrx_word' id='word_1_566' title='bbox 3070 3631 3280 3703; x_wconf 88' lang='lat' dir='ltr'><strong>vigebat</strong></span> <span class='ocrx_word' id='word_1_567' title='bbox 3303 3622 3517 3698; x_wconf 83' lang='lat' dir='ltr'><strong>regularis</strong></span> 
     </span>
    </p>
   </div>
   <div class='ocr_carea' id='block_1_84' title="bbox 2293 3707 3700 3809">
    <p class='ocr_par' dir='ltr' id='par_1_84' title="bbox 2293 3707 3700 3809">
     <span class='ocr_line' id='line_1_84' title="bbox 2293 3707 3700 3809; baseline -0.006 -26"><span class='ocrx_word' id='word_1_568' title='bbox 2293 3726 2398 3783; x_wconf 90' lang='lat' dir='ltr'><strong>sub</strong></span> <span class='ocrx_word' id='word_1_569' title='bbox 2440 3725 2635 3782; x_wconf 89' lang='lat' dir='ltr'><strong>abbate</strong></span> <span class='ocrx_word' id='word_1_570' title='bbox 2686 3723 2945 3793; x_wconf 84' lang='lat' dir='ltr'><strong>Rodulfo,</strong></span> <span class='ocrx_word' id='word_1_571' title='bbox 2994 3725 3065 3781; x_wconf 88' lang='lat' dir='ltr'><strong>ab</strong></span> <span class='ocrx_word' id='word_1_572' title='bbox 3093 3724 3284 3781; x_wconf 88' lang='lat' dir='ltr'><strong>eodem</strong></span> <span class='ocrx_word' id='word_1_573' title='bbox 3322 3726 3523 3809; x_wconf 74' lang='lat' dir='ltr'><strong>retentus</strong></span> 
     </span>
    </p>
   </div>
   <div class='ocr_carea' id='block_1_85' title="bbox 2291 3805 3698 3904">
    <p class='ocr_par' dir='ltr' id='par_1_85' title="bbox 2291 3805 3698 3904">
     <span class='ocr_line' id='line_1_85' title="bbox 2291 3805 3698 3904; baseline -0.004 -30"><span class='ocrx_word' id='word_1_574' title='bbox 2291 3826 2527 3891; x_wconf 88' lang='lat' dir='ltr'><strong>postque</strong></span> <span class='ocrx_word' id='word_1_575' title='bbox 2549 3818 2691 3875; x_wconf 90' lang='lat' dir='ltr'><strong>duos</strong></span> <span class='ocrx_word' id='word_1_576' title='bbox 2712 3816 2827 3874; x_wconf 85' lang='lat' dir='ltr'><strong>fere</strong></span> <span class='ocrx_word' id='word_1_577' title='bbox 2863 3832 3047 3874; x_wconf 90' lang='lat' dir='ltr'><strong>annos</strong></span> <span class='ocrx_word' id='word_1_578' title='bbox 3071 3817 3130 3872; x_wconf 89' lang='lat' dir='ltr'><strong>in</strong></span> <span class='ocrx_word' id='word_1_579' title='bbox 3159 3816 3302 3872; x_wconf 90' lang='lat' dir='ltr'><strong>luctu</strong></span> <span class='ocrx_word' id='word_1_580' title='bbox 3324 3818 3383 3904; x_wconf 38' lang='lat' dir='ltr'><strong>et,</strong></span> <span class='ocrx_word' id='word_1_581' title='bbox 3401 3805 3624 3904; x_wconf 62' lang='grc' dir='ltr'><strong>ρωηίυξξιω</strong></span> 
     </span>
    </p>
   </div>
   <div class='ocr_carea' id='block_1_86' title="bbox 2293 3893 3700 3995">
    <p class='ocr_par' dir='ltr' id='par_1_86' title="bbox 2293 3893 3700 3995">
     <span class='ocr_line' id='line_1_86' title="bbox 2293 3893 3700 3995; baseline 0 -29"><span class='ocrx_word' id='word_1_582' title='bbox 2293 3928 2552 3970; x_wconf 88' lang='lat' dir='ltr'><strong>severans</strong></span> <span class='ocrx_word' id='word_1_583' title='bbox 2582 3911 2737 3969; x_wconf 87' lang='lat' dir='ltr'><strong>obiit.</strong></span> <span class='ocrx_word' id='word_1_584' title='bbox 2771 3910 2944 3983; x_wconf 85' lang='lat' dir='ltr'><strong>Cujus</strong></span> <span class='ocrx_word' id='word_1_585' title='bbox 2969 3910 3221 3981; x_wconf 85' lang='lat' dir='ltr'><strong>exemplo</strong></span> <span class='ocrx_word' id='word_1_586' title='bbox 3241 3893 3438 3980; x_wconf 72' lang='lat' dir='ltr'><strong>quidam</strong></span> <span class='ocrx_word' id='word_1_587' title='bbox 3464 3893 3700 3995; x_wconf 23' lang='lat' dir='ltr'><strong>exillii?</strong></span> 
     </span>
    </p>
   </div>
   <div class='ocr_carea' id='block_1_87' title="bbox 2292 3978 3702 4077">
    <p class='ocr_par' dir='ltr' id='par_1_87' title="bbox 2292 3978 3702 4077">
     <span class='ocr_line' id='line_1_87' title="bbox 2292 3978 3702 4077; baseline -0.016 -16"><span class='ocrx_word' id='word_1_588' title='bbox 2292 4006 2417 4062; x_wconf 91' lang='lat' dir='ltr'><strong>loco</strong></span> <span class='ocrx_word' id='word_1_589' title='bbox 2467 4013 2849 4062; x_wconf 89' lang='lat' dir='ltr'><strong>remanserant</strong></span> <span class='ocrx_word' id='word_1_590' title='bbox 2901 4004 3220 4077; x_wconf 90' lang='lat' dir='ltr'><strong>compuncti</strong></span> <span class='ocrx_word' id='word_1_591' title='bbox 3255 4009 3307 4058; x_wconf 89' lang='lat' dir='ltr'><strong>et</strong></span> <span class='ocrx_word' id='word_1_592' title='bbox 3348 4012 3446 4055; x_wconf 71' lang='lat' dir='ltr'><strong>sua:</strong></span> <span class='ocrx_word' id='word_1_593' title='bbox 3486 3978 3702 4077; x_wconf 77' lang='lat' dir='ltr'><strong>salutis</strong></span> 
     </span>
    </p>
   </div>
   <div class='ocr_carea' id='block_1_88' title="bbox 2291 4071 3703 4167">
    <p class='ocr_par' dir='ltr' id='par_1_88' title="bbox 2291 4071 3703 4167">
     <span class='ocr_line' id='line_1_88' title="bbox 2291 4071 3703 4167; baseline -0.011 -13"><span class='ocrx_word' id='word_1_594' title='bbox 2291 4107 2421 4154; x_wconf 88' lang='lat' dir='ltr'><strong>sunt</strong></span> <span class='ocrx_word' id='word_1_595' title='bbox 2442 4099 2808 4167; x_wconf 90' lang='lat' dir='ltr'><strong>sollicitiores,</strong></span> <span class='ocrx_word' id='word_1_596' title='bbox 2858 4108 2915 4154; x_wconf 88' lang='lat' dir='ltr'><strong>et</strong></span> <span class='ocrx_word' id='word_1_597' title='bbox 2957 4071 3145 4154; x_wconf 76' lang='lat' dir='ltr'><strong>abbati</strong></span> <span class='ocrx_word' id='word_1_598' title='bbox 3192 4093 3258 4152; x_wconf 91' lang='lat' dir='ltr'><strong>ad</strong></span> <span class='ocrx_word' id='word_1_599' title='bbox 3295 4083 3585 4148; x_wconf 83' lang='lat' dir='ltr'><strong>obediendum</strong></span> <span class='ocrx_word' id='word_1_600' title='bbox 3605 4071 3703 4137; x_wconf 63' lang='lat' dir='ltr'><strong>suit“</strong></span> 
     </span>
    </p>
   </div>
   <div class='ocr_carea' id='block_1_89' title="bbox 2290 4166 3704 4277">
    <p class='ocr_par' dir='ltr' id='par_1_89' title="bbox 2290 4166 3704 4277">
     <span class='ocr_line' id='line_1_89' title="bbox 2290 4166 3704 4277; baseline 0.008 -28"><span class='ocrx_word' id='word_1_601' title='bbox 2290 4193 2511 4250; x_wconf 91' lang='lat' dir='ltr'><strong>ctiores.</strong></span> <span class='ocrx_word' id='word_1_602' title='bbox 2546 4166 2903 4249; x_wconf 88' lang='lat' dir='ltr'><strong>Lambertum</strong></span> <span class='ocrx_word' id='word_1_603' title='bbox 2929 4192 3001 4248; x_wconf 90' lang='lat' dir='ltr'><strong>de</strong></span> <span class='ocrx_word' id='word_1_604' title='bbox 3038 4190 3275 4247; x_wconf 85' lang='lat' dir='ltr'><strong>maxima</strong></span> <span class='ocrx_word' id='word_1_605' title='bbox 3310 4166 3704 4277; x_wconf 35' lang='lat' dir='ltr'><strong>paupernt“?</strong></span> 
     </span>
    </p>
   </div>
   <div class='ocr_carea' id='block_1_90' title="bbox 2291 4253 3706 4361">
    <p class='ocr_par' dir='ltr' id='par_1_90' title="bbox 2291 4253 3706 4361">
     <span class='ocr_line' id='line_1_90' title="bbox 2291 4253 3706 4361; baseline 0 -20"><span class='ocrx_word' id='word_1_606' title='bbox 2291 4302 2457 4359; x_wconf 82' lang='lat' dir='ltr'><strong>gnam</strong></span> <span class='ocrx_word' id='word_1_607' title='bbox 2519 4286 2752 4359; x_wconf 84' lang='lat' dir='ltr'><strong>gloriam</strong></span> <span class='ocrx_word' id='word_1_608' title='bbox 2800 4285 2898 4341; x_wconf 91' lang='lat' dir='ltr'><strong>Dei</strong></span> <span class='ocrx_word' id='word_1_609' title='bbox 2947 4285 3130 4361; x_wconf 81' lang='lat' dir='ltr'><strong>gratia</strong></span> <span class='ocrx_word' id='word_1_610' title='bbox 3184 4253 3493 4341; x_wconf 45' lang='lat' dir='ltr'><strong>suscitatam,</strong></span> <span class='ocrx_word' id='word_1_611' title='bbox 3526 4253 3706 4361; x_wconf 47' lang='grc' dir='ltr'><strong>διίηωῷ</strong></span> 
     </span>
    </p>
   </div>
   <div class='ocr_carea' id='block_1_91' title="bbox 2290 4356 3707 4451">
    <p class='ocr_par' dir='ltr' id='par_1_91' title="bbox 2290 4356 3707 4451">
     <span class='ocr_line' id='line_1_91' title="bbox 2290 4356 3707 4451; baseline -0.015 -16"><span class='ocrx_word' id='word_1_612' title='bbox 2290 4356 2467 4451; x_wconf 79' lang='lat' dir='ltr'><strong>ipsius</strong></span> <span class='ocrx_word' id='word_1_613' title='bbox 2486 4356 2731 4437; x_wconf 78' lang='lat' dir='ltr'><strong>ecclesiae</strong></span> <span class='ocrx_word' id='word_1_614' title='bbox 2758 4356 3161 4450; x_wconf 75' lang='lat' dir='ltr'><strong>praecentorem</strong></span> <span class='ocrx_word' id='word_1_615' title='bbox 3203 4382 3256 4451; x_wconf 89' lang='lat' dir='ltr'><strong>et</strong></span> <span class='ocrx_word' id='word_1_616' title='bbox 3296 4356 3707 4451; x_wconf 31' lang='lat' dir='ltr'><strong>scolasticumillitisa</strong></span> 
     </span>
    </p>
   </div>
   <div class='ocr_carea' id='block_1_92' title="bbox 2224 4432 3708 4561">
    <p class='ocr_par' dir='ltr' id='par_1_92' title="bbox 2224 4432 3708 4561">
     <span class='ocr_line' id='line_1_92' title="bbox 2224 4432 3708 4561; baseline 0.002 -37"><span class='ocrx_word' id='word_1_617' title='bbox 2224 4504 2271 4561; x_wconf 67' lang='grc' dir='ltr'><strong>Β</strong></span> <span class='ocrx_word' id='word_1_618' title='bbox 2293 4432 2426 4527; x_wconf 55' lang='lat' dir='ltr'><strong>vero</strong></span> <span class='ocrx_word' id='word_1_619' title='bbox 2455 4432 3074 4543; x_wconf 46' lang='lat' dir='ltr'><strong>Raginoldi‘Remensis</strong></span> <span class='ocrx_word' id='word_1_620' title='bbox 3128 4450 3390 4561; x_wconf 77' lang='lat' dir='ltr'><strong>pontiﬁcis</strong></span> <span class='ocrx_word' id='word_1_621' title='bbox 3418 4465 3465 4561; x_wconf 56' lang='lat' dir='ltr'><strong>et</strong></span> 
     </span>
    </p>
   </div>
   <div class='ocr_carea' id='block_1_93' title="bbox 2295 4535 3709 4636">
    <p class='ocr_par' dir='ltr' id='par_1_93' title="bbox 2295 4535 3709 4636">
     <span class='ocr_line' id='line_1_93' title="bbox 2295 4535 3709 4636; baseline 0.007 -17"><span class='ocrx_word' id='word_1_622' title='bbox 2295 4564 2440 4620; x_wconf 91' lang='lat' dir='ltr'><strong>batis</strong></span> <span class='ocrx_word' id='word_1_623' title='bbox 2479 4535 2705 4636; x_wconf 72' lang='lat' dir='ltr'><strong>precatu</strong></span> <span class='ocrx_word' id='word_1_624' title='bbox 2743 4562 2993 4621; x_wconf 67' lang='lat' dir='ltr'><strong>ecclesiae</strong></span> <span class='ocrx_word' id='word_1_625' title='bbox 3046 4535 3195 4619; x_wconf 71' lang='lat' dir='ltr'><strong>beati</strong></span> <span class='ocrx_word' id='word_1_626' title='bbox 3241 4552 3450 4625; x_wconf 70' lang='lat' dir='ltr'><strong>Rernigii</strong></span> 
     </span>
    </p>
   </div>
   <div class='ocr_carea' id='block_1_94' title="bbox 2291 4630 3711 4731">
    <p class='ocr_par' dir='ltr' id='par_1_94' title="bbox 2291 4630 3711 4731">
     <span class='ocr_line' id='line_1_94' title="bbox 2291 4630 3711 4731; baseline -0.018 -17"><span class='ocrx_word' id='word_1_627' title='bbox 2291 4630 2625 4714; x_wconf 76' lang='lat' dir='ltr'><strong>cardinalem</strong></span> <span class='ocrx_word' id='word_1_628' title='bbox 2683 4657 2796 4730; x_wconf 77' lang='grc'>(49)</span> <span class='ocrx_word' id='word_1_629' title='bbox 2851 4671 3077 4731; x_wconf 88' lang='lat' dir='ltr'><strong>quoque</strong></span> <span class='ocrx_word' id='word_1_630' title='bbox 3129 4663 3187 4713; x_wconf 91' lang='lat' dir='ltr'><strong>et</strong></span> <span class='ocrx_word' id='word_1_631' title='bbox 3236 4651 3505 4712; x_wconf 77' lang='lat' dir='ltr'><strong>decanum,</strong></span> <span class='ocrx_word' id='word_1_632' title='bbox 3540 4630 3711 4692; x_wconf 61' lang='lat' dir='ltr'><strong>NW“</strong></span> 
     </span>
    </p>
   </div>
   <div class='ocr_carea' id='block_1_95' title="bbox 1884 4774 2564 4837">
    <p class='ocr_par' dir='ltr' id='par_1_95' title="bbox 1884 4774 2564 4837">
     <span class='ocr_line' id='line_1_95' title="bbox 1884 4774 2564 4837; baseline 0 -4"><span class='ocrx_word' id='word_1_633' title='bbox 1884 4774 2123 4834; x_wconf 64' lang='lat' dir='ltr'><strong>VARUS</strong></span> <span class='ocrx_word' id='word_1_634' title='bbox 2156 4774 2564 4837; x_wconf 82' lang='lat' dir='ltr'><strong>LECTIONES.</strong></span> 
     </span>
    </p>
   </div>
   <div class='ocr_carea' id='block_1_96' title="bbox 664 4861 1986 4938">
    <p class='ocr_par' dir='ltr' id='par_1_96' title="bbox 664 4861 1986 4938">
     <span class='ocr_line' id='line_1_96' title="bbox 664 4861 1986 4938; baseline 0.001 -15"><span class='ocrx_word' id='word_1_635' title='bbox 664 4861 715 4902; x_wconf 79' lang='grc'>⁸⁸</span> <span class='ocrx_word' id='word_1_636' title='bbox 747 4864 805 4924; x_wconf 87' lang='lat' dir='ltr'><strong>id</strong></span> <span class='ocrx_word' id='word_1_637' title='bbox 838 4866 914 4922; x_wconf 75' lang='grc'><strong>1⁵.</strong></span> <span class='ocrx_word' id='word_1_638' title='bbox 993 4864 1038 4899; x_wconf 81' lang='grc'><strong>¹⁹</strong></span> <span class='ocrx_word' id='word_1_639' title='bbox 1061 4864 1418 4938; x_wconf 86' lang='lat' dir='ltr'><strong>resipiscente</strong></span> <span class='ocrx_word' id='word_1_640' title='bbox 1444 4866 1495 4923; x_wconf 79' lang='grc'><strong>1.</strong></span> <span class='ocrx_word' id='word_1_641' title='bbox 1525 4865 1579 4921; x_wconf 78' lang='grc'><strong>5.</strong></span> <span class='ocrx_word' id='word_1_642' title='bbox 1658 4866 1704 4900; x_wconf 76' lang='grc'><strong>’⁸</strong></span> <span class='ocrx_word' id='word_1_643' title='bbox 1739 4867 1884 4925; x_wconf 92' lang='lat' dir='ltr'><strong>nolle</strong></span> <span class='ocrx_word' id='word_1_644' title='bbox 1910 4869 1986 4924; x_wconf 63' lang='grc' dir='ltr'><strong>Γ.</strong></span> 
     </span>
    </p>
   </div>
   <div class='ocr_carea' id='block_1_97' title="bbox 2100 4961 2331 5022">
    <p class='ocr_par' dir='ltr' id='par_1_97' title="bbox 2100 4961 2331 5022">
     <span class='ocr_line' id='line_1_97' title="bbox 2100 4961 2331 5022; baseline -0.009 -3"><span class='ocrx_word' id='word_1_645' title='bbox 2100 4961 2331 5022; x_wconf 62' lang='lat' dir='ltr'><strong>NOTAE.</strong></span> 
     </span>
    </p>
   </div>
   <div class='ocr_carea' id='block_1_98' title="bbox 694 5051 1412 5195">
    <p class='ocr_par' dir='ltr' id='par_1_98' title="bbox 694 5051 1412 5195">
     <span class='ocr_line' id='line_1_98' title="bbox 694 5051 1412 5195; baseline 0.004 -86"><span class='ocrx_word' id='word_1_646' title='bbox 694 5051 785 5195; x_wconf 54' lang='grc' dir='ltr'><strong>ιδ)</strong></span> <span class='ocrx_word' id='word_1_647' title='bbox 822 5052 865 5129; x_wconf 0' lang='lat' dir='ltr'><strong>lg.</strong></span> <span class='ocrx_word' id='word_1_648' title='bbox 893 5069 944 5110; x_wconf 91' lang='lat' dir='ltr'><strong>e.</strong></span> <span class='ocrx_word' id='word_1_649' title='bbox 977 5053 1057 5108; x_wconf 88' lang='lat' dir='ltr'><strong>nil</strong></span> <span class='ocrx_word' id='word_1_650' title='bbox 1082 5054 1412 5128; x_wconf 88' lang='lat' dir='ltr'><strong>suspicatus.</strong></span> 
     </span>
     <span class='ocr_line' id='line_1_99' title="bbox 695 5123 1412 5195; baseline 0.001 -17"><span class='ocrx_word' id='word_1_651' title='bbox 695 5124 764 5179; x_wconf 70' lang='grc' dir='ltr'><strong>ιϐ</strong></span> <span class='ocrx_word' id='word_1_652' title='bbox 821 5123 919 5182; x_wconf 84' lang='lat' dir='ltr'><strong>His</strong></span> <span class='ocrx_word' id='word_1_653' title='bbox 975 5125 1132 5183; x_wconf 89' lang='lat' dir='ltr'><strong>locus</strong></span> <span class='ocrx_word' id='word_1_654' title='bbox 1200 5136 1412 5195; x_wconf 71' lang='lat' dir='ltr'><strong>praeseri</strong></span> 
     </span>
    </p>
   </div>
   <div class='ocr_carea' id='block_1_99' title="bbox 597 5196 2189 5325">
    <p class='ocr_par' dir='ltr' id='par_1_99' title="bbox 597 5196 2189 5325">
     <span class='ocr_line' id='line_1_100' title="bbox 597 5196 2189 5325; baseline 0.001 -73"><span class='ocrx_word' id='word_1_655' title='bbox 597 5196 1040 5267; x_wconf 35' lang='lat' dir='ltr'><strong>tuncorarissima</strong></span> <span class='ocrx_word' id='word_1_656' title='bbox 1065 5199 1118 5253; x_wconf 91' lang='lat' dir='ltr'><strong>in</strong></span> <span class='ocrx_word' id='word_1_657' title='bbox 1147 5196 1499 5255; x_wconf 82' lang='lat' dir='ltr'><strong>monasteriis</strong></span> <span class='ocrx_word' id='word_1_658' title='bbox 1524 5206 1682 5253; x_wconf 90' lang='lat' dir='ltr'><strong>erant</strong></span> <span class='ocrx_word' id='word_1_659' title='bbox 1706 5213 1913 5270; x_wconf 83' lang='lat' dir='ltr'><strong>organa</strong></span> <span class='ocrx_word' id='word_1_660' title='bbox 1933 5241 1948 5265; x_wconf 90' lang='lat'><strong>,</strong></span> <span class='ocrx_word' id='word_1_661' title='bbox 1982 5213 2097 5325; x_wconf 55' lang='lat' dir='ltr'><strong>ﬁge</strong></span> <span class='ocrx_word' id='word_1_662' title='bbox 2119 5198 2189 5255; x_wconf 89' lang='lat' dir='ltr'><strong>de</strong></span> 
     </span>
     <span class='ocr_line' id='line_1_101' title="bbox 600 5266 2183 5325; baseline 0.001 -2"><span class='ocrx_word' id='word_1_663' title='bbox 600 5282 661 5323; x_wconf 91' lang='lat' dir='ltr'><strong>re</strong></span> <span class='ocrx_word' id='word_1_664' title='bbox 679 5266 802 5321; x_wconf 89' lang='lat' dir='ltr'><strong>vide</strong></span> <span class='ocrx_word' id='word_1_665' title='bbox 823 5283 946 5325; x_wconf 64' lang='lat' dir='ltr'><strong>qua:</strong></span> <span class='ocrx_word' id='word_1_666' title='bbox 968 5268 1211 5325; x_wconf 87' lang='lat' dir='ltr'><strong>diximus</strong></span> <span class='ocrx_word' id='word_1_667' title='bbox 1229 5269 1284 5325; x_wconf 93' lang='lat' dir='ltr'><strong>in</strong></span> <span class='ocrx_word' id='word_1_668' title='bbox 1305 5268 1616 5325; x_wconf 87' lang='lat' dir='ltr'><strong>Comment.</strong></span> <span class='ocrx_word' id='word_1_669' title='bbox 1650 5270 1708 5325; x_wconf 92' lang='lat' dir='ltr'><strong>in</strong></span> <span class='ocrx_word' id='word_1_670' title='bbox 1734 5268 1866 5325; x_wconf 72' lang='lat' dir='ltr'><strong>Rea.</strong></span> <span class='ocrx_word' id='word_1_671' title='bbox 1896 5267 1954 5325; x_wconf 91' lang='lat' dir='ltr'><strong>S.</strong></span> <span class='ocrx_word' id='word_1_672' title='bbox 2061 5269 2183 5325; x_wconf 91' lang='lat' dir='ltr'><strong>ned.</strong></span> 
     </span>
    </p>
   </div>
   <div class='ocr_carea' id='block_1_100' title="bbox 600 5266 2183 5394">
    <p class='ocr_par' dir='ltr' id='par_1_100' title="bbox 600 5266 2183 5394">
     <span class='ocr_line' id='line_1_102' title="bbox 600 5266 2183 5394; baseline 0.003 -74"><span class='ocrx_word' id='word_1_673' title='bbox 600 5266 946 5394; x_wconf 51' lang='lat' dir='ltr'><strong>ggidiegqtﬁe</strong></span> <span class='ocrx_word' id='word_1_674' title='bbox 968 5268 1211 5326; x_wconf 87' lang='lat' dir='ltr'><strong>diximus</strong></span> <span class='ocrx_word' id='word_1_675' title='bbox 1229 5269 1284 5325; x_wconf 93' lang='lat' dir='ltr'><strong>in</strong></span> <span class='ocrx_word' id='word_1_676' title='bbox 1305 5268 1616 5326; x_wconf 89' lang='lat' dir='ltr'><strong>Comment.</strong></span> <span class='ocrx_word' id='word_1_677' title='bbox 1650 5270 1708 5325; x_wconf 91' lang='lat' dir='ltr'><strong>in</strong></span> <span class='ocrx_word' id='word_1_678' title='bbox 1734 5266 1866 5343; x_wconf 78' lang='lat' dir='ltr'><strong>Reg.</strong></span> <span class='ocrx_word' id='word_1_679' title='bbox 1896 5267 1954 5325; x_wconf 91' lang='lat' dir='ltr'><strong>S.</strong></span> <span class='ocrx_word' id='word_1_680' title='bbox 1982 5266 2183 5325; x_wconf 83' lang='lat' dir='ltr'><strong>Bened.</strong></span> 
     </span>
    </p>
   </div>
   <div class='ocr_carea' id='block_1_101' title="bbox 600 5351 2188 5485">
    <p class='ocr_par' dir='ltr' id='par_1_101' title="bbox 600 5351 2188 5485">
     <span class='ocr_line' id='line_1_103' title="bbox 600 5351 2188 5485; baseline 0.003 -21"><span class='ocrx_word' id='word_1_681' title='bbox 600 5351 1205 5485; x_wconf 32' lang='grc' dir='ltr'><strong>ὲῖλῖᾂέἓῖίοιβειίρυε</strong></span> <span class='ocrx_word' id='word_1_682' title='bbox 1236 5413 1477 5469; x_wconf 86' lang='lat' dir='ltr'><strong>exterior</strong></span> <span class='ocrx_word' id='word_1_683' title='bbox 1505 5412 1552 5470; x_wconf 92' lang='lat' dir='ltr'><strong>is</strong></span> <span class='ocrx_word' id='word_1_684' title='bbox 1581 5420 1729 5480; x_wconf 91' lang='lat' dir='ltr'><strong>erat,</strong></span> <span class='ocrx_word' id='word_1_685' title='bbox 1762 5412 1856 5485; x_wconf 89' lang='lat' dir='ltr'><strong>qui</strong></span> <span class='ocrx_word' id='word_1_686' title='bbox 1883 5411 2188 5469; x_wconf 80' lang='lat' dir='ltr'><strong>exteriores</strong></span> 
     </span>
    </p>
   </div>
   <div class='ocr_carea' id='block_1_102' title="bbox 600 5481 2189 5556">
    <p class='ocr_par' dir='ltr' id='par_1_102' title="bbox 600 5481 2189 5556">
     <span class='ocr_line' id='line_1_104' title="bbox 600 5481 2189 5556; baseline 0.002 -18"><span class='ocrx_word' id='word_1_687' title='bbox 600 5481 659 5538; x_wconf 89' lang='lat' dir='ltr'><strong>in</strong></span> <span class='ocrx_word' id='word_1_688' title='bbox 687 5481 1041 5556; x_wconf 79' lang='lat' dir='ltr'><strong>monasteriis</strong></span> <span class='ocrx_word' id='word_1_689' title='bbox 1062 5485 1281 5556; x_wconf 80' lang='lat' dir='ltr'><strong>scholas</strong></span> <span class='ocrx_word' id='word_1_690' title='bbox 1308 5485 1564 5556; x_wconf 82' lang='lat' dir='ltr'><strong>regebat,</strong></span> <span class='ocrx_word' id='word_1_691' title='bbox 1616 5481 1851 5556; x_wconf 78' lang='lat' dir='ltr'><strong>sichui</strong></span> <span class='ocrx_word' id='word_1_692' title='bbox 1893 5484 2189 5556; x_wconf 83' lang='lat' dir='ltr'><strong>saeculares</strong></span> 
     </span>
    </p>
   </div>
   <div class='ocr_carea' id='block_1_103' title="bbox 600 5553 2190 5681">
    <p class='ocr_par' dir='ltr' id='par_1_103' title="bbox 600 5553 2190 5681">
     <span class='ocr_line' id='line_1_105' title="bbox 600 5553 2190 5681; baseline 0.002 -73"><span class='ocrx_word' id='word_1_693' title='bbox 600 5553 1149 5681; x_wconf 51' lang='lat' dir='ltr'><strong>pﬂerostisciplinis</strong></span> <span class='ocrx_word' id='word_1_694' title='bbox 1187 5553 1519 5613; x_wconf 74' lang='lat' dir='ltr'><strong>informabat</strong></span> <span class='ocrx_word' id='word_1_695' title='bbox 1551 5573 1563 5611; x_wconf 91' lang='lat'><strong>:</strong></span> <span class='ocrx_word' id='word_1_696' title='bbox 1594 5553 1821 5613; x_wconf 82' lang='lat' dir='ltr'><strong>interior</strong></span> <span class='ocrx_word' id='word_1_697' title='bbox 1869 5555 1965 5628; x_wconf 89' lang='lat' dir='ltr'><strong>qui</strong></span> <span class='ocrx_word' id='word_1_698' title='bbox 1992 5571 2190 5611; x_wconf 81' lang='lat' dir='ltr'><strong>mona~</strong></span> 
     </span>
     <span class='ocr_line' id='line_1_106' title="bbox 602 5639 862 5681; baseline 0 0"><span class='ocrx_word' id='word_1_699' title='bbox 602 5640 636 5681; x_wconf 84' lang='lat' dir='ltr'><strong>c</strong></span> <span class='ocrx_word' id='word_1_700' title='bbox 676 5639 757 5681; x_wconf 93' lang='lat' dir='ltr'><strong>os.</strong></span> <span class='ocrx_word' id='word_1_701' title='bbox 848 5667 862 5681; x_wconf 94' lang='lat'><strong>.</strong></span> 
     </span>
    </p>
   </div>
   <div class='ocr_carea' id='block_1_104' title="bbox 602 5639 2194 5826">
    <p class='ocr_par' dir='ltr' id='par_1_104' title="bbox 602 5639 2194 5826">
     <span class='ocr_line' id='line_1_107' title="bbox 602 5639 2194 5826; baseline 0.002 -76"><span class='ocrx_word' id='word_1_702' title='bbox 602 5639 943 5777; x_wconf 47' lang='lat' dir='ltr'><strong>mgiéﬁltec</strong></span> <span class='ocrx_word' id='word_1_703' title='bbox 975 5705 1093 5752; x_wconf 90' lang='lat' dir='ltr'><strong>erat</strong></span> <span class='ocrx_word' id='word_1_704' title='bbox 1119 5698 1248 5754; x_wconf 91' lang='lat' dir='ltr'><strong>olim</strong></span> <span class='ocrx_word' id='word_1_705' title='bbox 1262 5699 1595 5826; x_wconf 38' lang='lat' dir='ltr'><strong>(paenitentia</strong></span> <span class='ocrx_word' id='word_1_706' title='bbox 1615 5716 1807 5757; x_wconf 90' lang='lat' dir='ltr'><strong>eorum</strong></span> <span class='ocrx_word' id='word_1_707' title='bbox 1857 5699 1953 5772; x_wconf 89' lang='lat' dir='ltr'><strong>qui</strong></span> <span class='ocrx_word' id='word_1_708' title='bbox 1970 5699 2194 5771; x_wconf 88' lang='lat' dir='ltr'><strong>propin—</strong></span> 
     </span>
     <span class='ocr_line' id='line_1_108' title="bbox 607 5769 2194 5826; baseline 0 0"><span class='ocrx_word' id='word_1_709' title='bbox 607 5778 829 5826; x_wconf 73' lang='lat' dir='ltr'><strong>atnores</strong></span> <span class='ocrx_word' id='word_1_710' title='bbox 874 5777 1127 5826; x_wconf 80' lang='lat' dir='ltr'><strong>parentes</strong></span> <span class='ocrx_word' id='word_1_711' title='bbox 1172 5769 1258 5826; x_wconf 72' lang='lat' dir='ltr'><strong>ala</strong></span> <span class='ocrx_word' id='word_1_712' title='bbox 1300 5784 1353 5826; x_wconf 86' lang='grc' dir='ltr'><strong>ιο</strong></span> <span class='ocrx_word' id='word_1_713' title='bbox 1385 5771 1738 5826; x_wconf 78' lang='lat' dir='ltr'><strong>impetebant.</strong></span> <span class='ocrx_word' id='word_1_714' title='bbox 1800 5782 1857 5826; x_wconf 89' lang='lat' dir='ltr'><strong>ut</strong></span> <span class='ocrx_word' id='word_1_715' title='bbox 1903 5788 1967 5826; x_wconf 79' lang='lat' dir='ltr'><strong>ex</strong></span> <span class='ocrx_word' id='word_1_716' title='bbox 2000 5770 2194 5826; x_wconf 89' lang='lat' dir='ltr'><strong>eodem</strong></span> 
     </span>
    </p>
   </div>
   <div class='ocr_carea' id='block_1_105' title="bbox 607 5769 2194 5857">
    <p class='ocr_par' dir='ltr' id='par_1_105' title="bbox 607 5769 2194 5857">
     <span class='ocr_line' id='line_1_109' title="bbox 607 5769 2194 5857; baseline 0.008 -38"><span class='ocrx_word' id='word_1_717' title='bbox 607 5769 829 5841; x_wconf 84' lang='lat' dir='ltr'><strong>quiores</strong></span> <span class='ocrx_word' id='word_1_718' title='bbox 874 5777 1127 5846; x_wconf 86' lang='lat' dir='ltr'><strong>parentes</strong></span> <span class='ocrx_word' id='word_1_719' title='bbox 1172 5769 1353 5857; x_wconf 77' lang='lat' dir='ltr'><strong>gladio</strong></span> <span class='ocrx_word' id='word_1_720' title='bbox 1385 5770 1738 5845; x_wconf 88' lang='lat' dir='ltr'><strong>impetebant,</strong></span> <span class='ocrx_word' id='word_1_721' title='bbox 1800 5769 2194 5853; x_wconf 29' lang='lat' dir='ltr'><strong>ut&#39;exf_eodcm</strong></span> 
     </span>
    </p>
   </div>
   <div class='ocr_carea' id='block_1_106' title="bbox 2289 5033 3716 5126">
    <p class='ocr_par' dir='ltr' id='par_1_106' title="bbox 2289 5033 3716 5126">
     <span class='ocr_line' id='line_1_110' title="bbox 2289 5033 3716 5126; baseline -0.004 -15"><span class='ocrx_word' id='word_1_722' title='bbox 2289 5054 2436 5113; x_wconf 87' lang='lat' dir='ltr'><strong>ferro</strong></span> <span class='ocrx_word' id='word_1_723' title='bbox 2485 5054 2694 5111; x_wconf 90' lang='lat' dir='ltr'><strong>circulo</strong></span> <span class='ocrx_word' id='word_1_724' title='bbox 2732 5053 2985 5112; x_wconf 83' lang='lat' dir='ltr'><strong>confecto</strong></span> <span class='ocrx_word' id='word_1_725' title='bbox 3010 5068 3219 5126; x_wconf 87' lang='lat' dir='ltr'><strong>corpus</strong></span> <span class='ocrx_word' id='word_1_726' title='bbox 3257 5042 3531 5126; x_wconf 69' lang='lat' dir='ltr'><strong>paenitentis</strong></span> 
     </span>
    </p>
   </div>
   <div class='ocr_carea' id='block_1_107' title="bbox 821 5095 3715 5198">
    <p class='ocr_par' dir='ltr' id='par_1_107' title="bbox 821 5095 3715 5198">
     <span class='ocr_line' id='line_1_111' title="bbox 821 5095 3715 5198; baseline 0.002 -17"><span class='ocrx_word' id='word_1_727' title='bbox 821 5095 939 5198; x_wconf 56' lang='lat' dir='ltr'><strong>llis</strong></span> <span class='ocrx_word' id='word_1_728' title='bbox 975 5095 1505 5198; x_wconf 59' lang='lat' dir='ltr'><strong>loc5§°&#39;p&quot;r$s&#39;2§iim</strong></span> <span class='ocrx_word' id='word_1_729' title='bbox 1575 5126 1978 5194; x_wconf 87' lang='lat' dir='ltr'><strong>observandus,</strong></span> <span class='ocrx_word' id='word_1_730' title='bbox 2055 5127 2185 5197; x_wconf 89' lang='lat' dir='ltr'><strong>quia</strong></span> <span class='ocrx_word' id='word_1_731' title='bbox 2286 5095 2516 5195; x_wconf 43' lang='lat' dir='ltr'><strong>diﬁc&quot;</strong></span> <span class='ocrx_word' id='word_1_732' title='bbox 2548 5095 2984 5198; x_wconf 51' lang='grc' dir='ltr'><strong>βένθετῖἧὲτῖᾞῖ</strong></span> <span class='ocrx_word' id='word_1_733' title='bbox 3010 5095 3395 5198; x_wconf 60' lang='lat' dir='ltr'><strong>i3c§&quot;§aﬁctq.</strong></span> <span class='ocrx_word' id='word_1_734' title='bbox 3416 5095 3715 5198; x_wconf 49' lang='lat' dir='ltr'><strong>_d°&quot;?°_dﬁulf</strong></span> 
     </span>
    </p>
   </div>
   <div class='ocr_carea' id='block_1_108' title="bbox 2288 5168 3716 5290">
    <p class='ocr_par' dir='ltr' id='par_1_108' title="bbox 2288 5168 3716 5290">
     <span class='ocr_line' id='line_1_112' title="bbox 2290 5168 3714 5235; baseline -0.007 -51"><span class='ocrx_word' id='word_1_735' title='bbox 3026 5168 3152 5209; x_wconf 46' lang='grc' dir='ltr'><strong>,γη</strong></span> <span class='ocrx_word' id='word_1_736' title='bbox 3197 5168 3395 5204; x_wconf 60' lang='lat' dir='ltr'><strong>.W,</strong></span> <span class='ocrx_word' id='word_1_737' title='bbox 3438 5168 3483 5172; x_wconf 43' lang='grc' dir='ltr'>ρ</span> <span class='ocrx_word' id='word_1_738' title='bbox 3621 5168 3714 5235; x_wconf 53' lang='lat' dir='ltr'><strong>om</strong></span> 
     </span>
     <span class='ocr_line' id='line_1_113' title="bbox 2288 5188 3716 5290; baseline 0 0"><span class='ocrx_word' id='word_1_739' title='bbox 2288 5199 2764 5290; x_wconf 49' lang='lat' dir='ltr'><strong>£65r29§_,.§.een.t9</strong></span> <span class='ocrx_word' id='word_1_740' title='bbox 2776 5198 3315 5290; x_wconf 46' lang='lat'><strong>38.891511539119932</strong></span> 
     </span>
    </p>
   </div>
   <div class='ocr_carea' id='block_1_109' title="bbox 2290 5256 3717 5354">
    <p class='ocr_par' dir='ltr' id='par_1_109' title="bbox 2290 5256 3717 5354">
     <span class='ocr_line' id='line_1_114' title="bbox 2290 5256 3717 5354; baseline -0.025 -25"><span class='ocrx_word' id='word_1_741' title='bbox 2290 5256 2672 5354; x_wconf 64' lang='lat' dir='ltr'><strong>paenitentiam</strong></span> <span class='ocrx_word' id='word_1_742' title='bbox 2680 5268 3023 5354; x_wconf 43' lang='lat' dir='ltr'><strong>.Latnbertu&#39;s</strong></span> <span class='ocrx_word' id='word_1_743' title='bbox 3043 5256 3312 5354; x_wconf 43' lang='lat' dir='ltr'><strong>tanaquil-1i</strong></span> <span class='ocrx_word' id='word_1_744' title='bbox 3332 5256 3717 5354; x_wconf 34' lang='lat' dir='ltr'><strong>ﬁlix-Elimiam</strong></span> 
     </span>
    </p>
   </div>
   <div class='ocr_carea' id='block_1_110' title="bbox 2293 5317 3718 5426">
    <p class='ocr_par' dir='ltr' id='par_1_110' title="bbox 2293 5317 3718 5426">
     <span class='ocr_line' id='line_1_115' title="bbox 2293 5317 3718 5426; baseline 0.029 -31"><span class='ocrx_word' id='word_1_745' title='bbox 2293 5317 3037 5426; x_wconf 44' lang='lat' dir='ltr'><strong>assumsit—.3153;</strong></span> <span class='ocrx_word' id='word_1_746' title='bbox 3047 5317 3529 5426; x_wconf 58' lang='grc' dir='ltr'><strong>’ῆῑιῖῗᾞςέῖίιέπῗξ</strong></span> <span class='ocrx_word' id='word_1_747' title='bbox 3547 5317 3718 5426; x_wconf 52' lang='lat' dir='ltr'><strong>alii</strong></span> 
     </span>
    </p>
   </div>
   <div class='ocr_carea' id='block_1_111' title="bbox 2295 5395 3718 5503">
    <p class='ocr_par' dir='ltr' id='par_1_111' title="bbox 2295 5395 3718 5503">
     <span class='ocr_line' id='line_1_116' title="bbox 2295 5395 3718 5503; baseline 0 0"><span class='ocrx_word' id='word_1_748' title='bbox 2295 5395 2408 5470; x_wconf 29' lang='grc' dir='ltr'><strong>ἔιὶεί</strong></span> <span class='ocrx_word' id='word_1_749' title='bbox 2426 5395 3718 5503; x_wconf 39' lang='lat' dir='ltr'><strong>ademisse-seuetur-_-Ieeﬁe.?§$</strong></span> 
     </span>
    </p>
   </div>
   <div class='ocr_carea' id='block_1_112' title="bbox 2297 5472 3683 5556">
    <p class='ocr_par' dir='ltr' id='par_1_112' title="bbox 2297 5472 3683 5556">
     <span class='ocr_line' id='line_1_117' title="bbox 2297 5472 3683 5556; baseline -0.004 -15"><span class='ocrx_word' id='word_1_750' title='bbox 2297 5501 2423 5556; x_wconf 89' lang='lat' dir='ltr'><strong>cum</strong></span> <span class='ocrx_word' id='word_1_751' title='bbox 2460 5485 2835 5556; x_wconf 88' lang='lat' dir='ltr'><strong>assumpsisse</strong></span> <span class='ocrx_word' id='word_1_752' title='bbox 2856 5484 3096 5551; x_wconf 88' lang='lat' dir='ltr'><strong>videtur,</strong></span> <span class='ocrx_word' id='word_1_753' title='bbox 3119 5482 3219 5555; x_wconf 90' lang='lat' dir='ltr'><strong>qui</strong></span> <span class='ocrx_word' id='word_1_754' title='bbox 3242 5472 3683 5556; x_wconf 9' lang='lat' dir='ltr'><strong>fortassehircdflﬂ&quot;:</strong></span> 
     </span>
    </p>
   </div>
   <div class='ocr_carea' id='block_1_113' title="bbox 2299 5544 3617 5623">
    <p class='ocr_par' dir='ltr' id='par_1_113' title="bbox 2299 5544 3617 5623">
     <span class='ocr_line' id='line_1_118' title="bbox 2299 5544 3617 5623; baseline -0.012 -11"><span class='ocrx_word' id='word_1_755' title='bbox 2299 5573 2329 5612; x_wconf 91' lang='lat' dir='ltr'><strong>a</strong></span> <span class='ocrx_word' id='word_1_756' title='bbox 2369 5554 2594 5612; x_wconf 88' lang='lat' dir='ltr'><strong>librario</strong></span> <span class='ocrx_word' id='word_1_757' title='bbox 2622 5544 2864 5614; x_wconf 78' lang='lat' dir='ltr'><strong>insertus</strong></span> <span class='ocrx_word' id='word_1_758' title='bbox 2892 5563 3018 5623; x_wconf 88' lang='lat' dir='ltr'><strong>est;</strong></span> <span class='ocrx_word' id='word_1_759' title='bbox 3050 5544 3186 5610; x_wconf 76' lang='lat' dir='ltr'><strong>nam</strong></span> <span class='ocrx_word' id='word_1_760' title='bbox 3216 5567 3341 5609; x_wconf 88' lang='lat' dir='ltr'><strong>mox</strong></span> <span class='ocrx_word' id='word_1_761' title='bbox 3373 5544 3617 5603; x_wconf 64' lang='lat' dir='ltr'><strong>sententiam</strong></span> 
     </span>
    </p>
   </div>
   <div class='ocr_carea' id='block_1_114' title="bbox 2299 5628 2992 5699">
    <p class='ocr_par' dir='ltr' id='par_1_114' title="bbox 2299 5628 2992 5699">
     <span class='ocr_line' id='line_1_119' title="bbox 2299 5628 2992 5699; baseline -0.003 -14"><span class='ocrx_word' id='word_1_762' title='bbox 2299 5629 2660 5699; x_wconf 89' lang='lat' dir='ltr'><strong>interceptam</strong></span> <span class='ocrx_word' id='word_1_763' title='bbox 2690 5628 2992 5685; x_wconf 90' lang='lat' dir='ltr'><strong>continuat.</strong></span> 
     </span>
    </p>
   </div>
   <div class='ocr_carea' id='block_1_115' title="bbox 2374 5660 3720 5779">
    <p class='ocr_par' dir='ltr' id='par_1_115' title="bbox 2374 5660 3720 5779">
     <span class='ocr_line' id='line_1_120' title="bbox 2374 5660 3720 5779; baseline 0.01 -26"><span class='ocrx_word' id='word_1_764' title='bbox 2374 5660 2508 5772; x_wconf 46' lang='lat' dir='ltr'><strong>illi)”</strong></span> <span class='ocrx_word' id='word_1_765' title='bbox 2511 5660 3226 5779; x_wconf 48' lang='lat' dir='ltr'><strong>&#39;é?£315§ié§‘ii‘fépciesi9_</strong></span> <span class='ocrx_word' id='word_1_766' title='bbox 3249 5690 3423 5779; x_wconf 55' lang='lat' dir='ltr'><strong>sane:</strong></span> <span class='ocrx_word' id='word_1_767' title='bbox 3437 5660 3720 5779; x_wconf 53' lang='grc' dir='ltr'><strong>Αἷεῇεὲηῇ</strong></span> 
     </span>
    </p>
   </div>
   <div class='ocr_carea' id='block_1_116' title="bbox 2299 5746 3689 5846">
    <p class='ocr_par' dir='ltr' id='par_1_116' title="bbox 2299 5746 3689 5846">
     <span class='ocr_line' id='line_1_121' title="bbox 2299 5746 3689 5846; baseline -0.014 -15"><span class='ocrx_word' id='word_1_768' title='bbox 2299 5746 2503 5832; x_wconf 54' lang='lat' dir='ltr'><strong>satis}</strong></span> <span class='ocrx_word' id='word_1_769' title='bbox 2519 5746 3581 5846; x_wconf 54' lang='lat' dir='ltr'><strong>Eés‘t&#39;éiir‘ssﬁaca&#39;mmiedesignata,</strong></span> <span class='ocrx_word' id='word_1_770' title='bbox 3597 5750 3656 5812; x_wconf 74' lang='grc' dir='ltr'><strong>(ιω</strong></span> <span class='ocrx_word' id='word_1_771' title='bbox 3667 5746 3689 5784; x_wconf 61' lang='grc' dir='ltr'><strong>ελ</strong></span> 
     </span>
    </p>
   </div>
  </div>
