3902 6286
150 332 270 389 1555

1114 343 1511 401 CHRONICON
1553 345 1610 401 S.
1655 343 1963 403 HUBERTI
2003 349 2330 410 ANDAGIN.

3267 376 3290 430 l
3301 376 3408 434 554

146 457 512 523 praecentorem
536 466 665 525 post.
689 473 835 525 eum,
888 459 942 514 in
971 460 1461 520 illuminationibus
1502 464 1713 535 capita-
1740 465 1790 526 Δ
1818 466 1966 536 plina
1995 470 2233 541 regulari
2263 484 2493 541 praeerat
2521 475 2692 533 abbas
2722 477 2834 550 (57)
2867 484 3024 550 quasi
3049 486 3271 555 quidam
3294 493 3409 552 dux

144 545 261 599 lium
296 545 599 603 litterarum
627 559 682 605 et
706 551 1062 611 incisionibus
1093 556 1364 626 lignorum
1387 567 1442 613 et
1464 559 1708 628 lapidum

142 635 379 706 peritum,
412 638 730 697 Gozelinum
780 644 835 698 in
875 646 1101 702 scientia
1133 648 1351 703 litterali
1385 657 1440 703 et
1474 651 1708 706 consilio

138 734 467 796 promptum,
521 731 615 787 sed
676 734 880 791 nullius
930 745 1159 794 terrenae
1214 738 1708 798 administrationis

138 820 397 890 cupidum,
431 822 729 881 Guiredum
776 826 1109 886 Ebernensis
1147 831 1298 886 cella:
1326 831 1707 904 praepositum

133 919 180 964 et
204 922 321 980 post
360 912 757 972 Theodericum
799 917 864 985 ll,
912 920 1155 977 ecclesia:
1185 922 1437 979 abbatem
1483 925 1707 981 ordina-

135 1009 259 1071 tum,
290 1003 650 1077 Stephanum,
674 1008 983 1083 Remigium
1005 1021 1060 1067 et
1081 1012 1377 1069 Rodulfum
1402 1016 1707 1087 praecipuos

130 1094 180 1148 in
225 1098 403 1154 studio
443 1102 773 1173 scriptorum
800 1147 815 1171 ,
865 1104 1169 1161 Gerardum
1230 1118 1354 1179 post
1409 1109 1708 1166 Cuiredum

126 1187 484 1245 Ebernensem
540 1194 915 1264 praepositum,
955 1194 1279 1263 Quintinum
1308 1206 1363 1254 et
1405 1198 1694 1257 Heribran-

122 1281 245 1335 dum
298 1283 616 1340 ammodum
651 1287 918 1357 eruditos,
964 1291 1057 1346 sed
1095 1308 1126 1346 a
1171 1290 1510 1350 Theoderico
1548 1292 1592 1347 ll
1615 1295 1704 1349 ni-

120 1374 221 1429 mis
253 1375 545 1434 immature
605 1381 754 1438 curis
794 1384 1162 1441 exterioribus
1214 1388 1511 1458 expositos,
1571 1387 1706 1445 Her-

115 1467 323 1523 bertum
410 1470 675 1541 pictorem
748 1475 1042 1532 immatura
1105 1486 1281 1534 morte
1344 1489 1701 1550 praeventum,

114 1564 338 1619 multum
366 1568 621 1637 equidem
652 1570 968 1640 dolendum,
1006 1572 1313 1630 Guidonem
1351 1577 1702 1634 scolasticum

110 1666 162 1713 et
180 1671 591 1732 praecentorem,
621 1667 849 1723 scientia
889 1677 943 1724 et
970 1670 1216 1727 moribus
1248 1672 1538 1744 insignem,
1570 1674 1700 1729 Ful-

104 1752 329 1808 cuinum
377 1763 430 1810 et
482 1770 777 1830 utrumque
820 1759 1162 1818 Bernardum
1206 1763 1263 1818 in
1307 1766 1697 1823 ecclesiasticis

104 1845 430 1904 utilitatibus
474 1850 613 1907 bene
643 1853 903 1921 valentes,
949 1854 1232 1929 Hugonem
1277 1873 1497 1929 quoque
1521 1858 1699 1916 Mace-

102 1937 341 1994 riensem
389 1940 503 2013 (50)
548 1944 835 2001 nobilitate
862 1956 917 2002 et
954 1948 1305 2019 simplicitate
1344 1952 1695 2021 laudabilem,

103 2029 416 2087 Helbertum
441 2033 798 2093 Leodiensem
850 2040 907 2093 in
948 2042 1120 2096 abaco
1163 2045 1222 2096 ’et
1258 2044 1469 2098 musica
1500 2045 1697 2098 trium-

99 2126 377 2195 phantem,
405 2125 739 2199 Raginerum
763 2129 1076 2200 Hoiensem,
1093 2132 1507 2202 Alsemannum,
1532 2135 1698 2191 Gual-

102 2225 273 2277 terum
311 2226 366 2273 et
387 2217 766 2288 Godefridum,
797 2231 853 2277 et
897 2222 1123 2279 fratrem
1153 2224 1443 2298 Berengeri
1484 2227 1697 2285 abbatis

98 2306 470 2367 Benedictum.

161 2403 212 2457 9.
252 2402 399 2475 (l3.)
435 2404 698 2462 Conversi
730 2415 861 2463 sunt
884 2408 989 2463 sub
1017 2424 1082 2464 eo
1113 2409 1497 2466 monachicam
1525 2412 1696 2467 vitam

88 2494 321 2564 professi
386 2496 647 2554 Albertus
690 2500 988 2569 presbiter,
1056 2510 1246 2572 postea
1298 2502 1601 2560 Arduensis
1650 2507 1696 2538 ²¹¹

85 2588 455 2657 praepositus;
507 2588 880 2648 Theodericus
937 2601 990 2648 et
1050 2593 1169 2664 ipse
1212 2595 1347 2651 satis
1389 2595 1696 2654 industrius

78 2676 426 2737 CondruStri
463 2681 577 2752 (51)
612 2684 959 2754 praepositus,
1013 2693 1067 2741 et
1094 2694 1221 2756 post
1261 2702 1388 2742 eum
1429 2688 1599 2745 abbas
1623 2689 1695 2745 ab

77 2768 344 2841 episcopo
379 2770 620 2828 Henrico
648 2774 968 2843 ordinatus;
1022 2774 1349 2834 Lambertus
1381 2777 1558 2850 major
1606 2779 1693 2833 di-

72 2871 198 2918 ctus
229 2864 289 2919 in
313 2864 514 2920 eadem
550 2867 781 2924 ecclesia
816 2868 886 2923 ab
911 2868 1143 2925 infantia
1166 2871 1433 2928 eruditus.
1467 2870 1568 2927 Hic
1575 2873 1693 2944 jam

67 2956 300 3026 juvenis
334 2974 365 3013 a
404 2959 709 3017 marchissa
738 2959 984 3017 Beatrice
1021 2961 1462 3035 Langobardiam
1493 2964 1693 3021 ductus

68 3057 123 3105 et
153 3051 310 3121 apud
362 3050 678 3124 Drogonem
708 3052 1062 3111 Parmensem
1097 3056 1417 3127 aliquandiu
1442 3058 1690 3128 philoso-

68 3144 302 3212 phatus,
338 3160 470 3201 cum
507 3152 633 3215 post
669 3145 1110 3204 interfectionem
1140 3148 1478 3205 marchionis
1510 3149 1691 3206 Bone—
1719 3187 1765 3252 Ο

67 3233 198 3290 facii
259 3236 385 3309 (an.
412 3235 573 3306 1052)
620 3237 854 3307 patriam
899 3255 1057 3294 suam
1104 3249 1485 3309 reverteretur,
1523 3240 1691 3298 fami-

62 3327 321 3384 liaritate
343 3329 596 3399 ejusdem
620 3331 835 3389 abbatis
858 3341 1145 3403 attractus,
1182 3335 1288 3392 sub
1317 3350 1384 3392 eo
1407 3335 1586 3393 factus
1606 3347 1691 3395 est

56 3422 438 3489 monachus;
477 3424 637 3494 cujus
682 3426 977 3483 consilium
1019 3436 1075 3482 et
1119 3428 1385 3484 auxilium
1419 3440 1687 3502 quantum

1819 558 2101 617 industriae
2116 564 2388 621 militaris.
2410 565 2506 623 His
2528 568 2572 599 ²³
2594 572 2849 627 omnibus
2871 577 3055 631 omnia
3078 578 3254 639 factus
3275 601 3409 642 con-

1816 648 2088 708 formabat
2123 671 2181 709 se
2206 656 2457 729 singulis,
2488 660 2663 716 donec
2701 660 3033 722 formaretur
3064 668 3320 732 Christus
3350 679 3407 734 in

1812 742 1913 811 eis,
1961 761 2061 801 nec
2091 764 2422 820 quemquam
2466 754 2817 812 existimabat
2845 757 3065 818 fortuna
3092 766 3176 819 vel
3216 769 3406 825 condi-

1814 834 1980 905 tione,
2009 839 2104 894 sed
2142 842 2387 900 moribus
2407 854 2460 901 et
2500 847 2800 919 religione;
2838 860 2892 907 et
2935 869 3060 910 cum
3086 858 3155 912 ab
3183 856 3406 919 ineunte

1811 936 1969 984 aetate
2010 932 2261 1003 religiose
2301 936 2585 996 institutus
2623 943 2869 1000 modeste
2907 955 2962 1003 et
3000 958 3150 1005 caste
3186 951 3401 1022 vixerit,

1809 1025 1942 1074 tunc
1969 1019 2116 1077 hunc
2143 1023 2363 1082 sibimet
2384 1045 2544 1086 usum
2565 1032 3223 1096 vivendicontinuandum
3246 1043 3405 1099 insti-

1812 1110 1934 1177 tuit,
1960 1120 2020 1167 ut
2054 1116 2274 1172 nonnisi
2304 1123 2471 1177 semel
2516 1124 2572 1180 in
2603 1124 2692 1181 die
2738 1116 3250 1200 semperreliceret,
3287 1145 3400 1190 tam

1809 1218 1972 1272 parce
2004 1213 2207 1274 tamen,
2256 1221 2317 1266 ut
2341 1214 2701 1273 continuatim
2755 1221 3011 1288 esuriret,
3057 1233 3112 1278 et
3152 1224 3258 1280 hoc
3282 1228 3403 1283 sine

1808 1296 2001 1365 ovisret
2021 1315 2204 1368 caseo,
2235 1311 2289 1357 et
2314 1305 2521 1377 absque
2558 1312 2759 1382 saginae
2786 1314 3156 1371 condimento.
3182 1316 3240 1370 In
3263 1318 3400 1389 legi-

1809 1388 1958 1445 timis
1992 1402 2173 1448 autem
2198 1396 2673 1460 observationibus
2702 1405 2968 1462 adventus
3001 1418 3055 1462 et
3093 1410 3400 1481 quadrage-

1808 1480 1963 1537 simae
2010 1484 2265 1544 biduanis
2306 1497 2361 1544 et
2385 1491 2651 1549 triduanis
2700 1496 2925 1566 jejuniis
2978 1514 3038 1554 se
3087 1502 3402 1557 macerabat

1807 1577 2037 1632 occulte.
2083 1579 2286 1638 Praeter
2312 1600 2665 1643 communem
2696 1593 3014 1648 monasterii
3042 1595 3401 1650 elemosinam

1806 1665 2093 1724 duodecim
2125 1686 2392 1743 pauperes
2418 1677 2615 1733 cotidie
2648 1680 2845 1746 alebat,
2870 1682 3073 1753 quibus
3098 1685 3223 1740 lotis
3248 1686 3402 1754 pcdi-

1806 1760 1912 1817 bus
1956 1771 2009 1817 et
2047 1766 2326 1834 manibus,
2363 1777 2437 1829 et
2463 1769 2756 1828 refectione
2806 1773 3094 1831 sufﬁcienti
3129 1778 3399 1846 impensa,

1804 1849 1938 1905 satis
1966 1850 2249 1909 humiliter
2288 1864 2573 1927 tamquam
2620 1859 2839 1919 Christo
2883 1880 2943 1921 se
2991 1866 3073 1923 eis
3114 1867 3171 1921 in
3197 1876 3400 1922 terram

1800 1944 2129 2012 prostrabat.
2160 1945 2442 2005 Vilissimo
2466 1958 2639 2008 strato
2665 1956 2973 2027 superjecto
3001 1959 3181 2014 cilicio
3206 1960 3401 2030 paulu-

1801 2034 1916 2088 lum
1939 2037 2258 2119 quiescebat
2282 2059 2295 2107 ;
2320 2058 2389 2097 ex
2418 2059 2530 2113 quo
2566 2045 2801 2103 latenter
2822 2065 3055 2122 surgens
3076 2067 3401 2109 communes

1799 2116 2017 2197 vigilias
2053 2145 2265 2200 semper
2295 2132 2650 2204 anticipabat.
2686 2138 2889 2210 Sicque
2921 2116 3400 2213 genuflexionibus

1799 2226 1854 2272 et
1874 2219 2219 2277 orationibus
2250 2238 2376 2278 cum
2406 2224 2651 2283 lacrimis
2674 2229 2786 2286 Deo
2808 2248 2868 2287 se
2894 2234 3076 2304 ipsum
3101 2237 3396 2293 mactabat.

1797 2309 1820 2381 ί
1836 2307 1896 2363 ν.
1930 2308 2125 2366 Theod.
2153 2329 2201 2368 c.
2232 2314 2311 2385 5.)
2335 2315 2581 2383 Quadam
2610 2330 2795 2377 autem
2832 2333 2993 2381 nocte
3012 2342 3137 2382 cum
3176 2327 3269 2382 illo
3297 2345 3402 2385 suo

1797 2416 1955 2456 more
1999 2403 2214 2473 vigilias
2243 2407 2551 2478 anticipans
2592 2415 2828 2469 orationi
2870 2417 3233 2486 incumberet,
3271 2436 3401 2478 ecce

1799 2492 1856 2546 in
1884 2494 2250 2553 similitudine
2271 2514 2447 2557 cervae
2478 2503 2731 2560 diabolus
2756 2507 2805 2561 ei
2827 2508 3021 2575 adfuit,
3058 2519 3112 2564 et
3130 2513 3400 2569 orationis

1797 2585 1921 2655 ejus
1946 2586 2303 2646 intentionem
2334 2594 2493 2663 pulsu
2521 2597 2723 2666 pedum
2763 2599 3068 2671 inquietare
3093 2609 3277 2677 coepit.
3303 2608 3399 2665 ille

1797 2695 1988 2736 revera
2028 2699 2245 2740 cervam
2270 2688 2616 2760 existimans,
2647 2709 2773 2749 cum
2800 2696 3177 2769 indignatione
3206 2721 3396 2762 surre-

1798 2770 1898 2837 xit,
1935 2786 2320 2845 perspecturus
2349 2789 2534 2837 utrum
2571 2784 2794 2842 claustri
2833 2790 3036 2847 ostium
3061 2796 3399 2868 negligenter

1796 2873 2047 2934 apertum
2090 2884 2214 2925 sero
2254 2875 2631 2944 remansisset,
2674 2895 2773 2949 per
2813 2884 2961 2952 quod
3003 2887 3193 2943 eadem
3234 2906 3397 2949 cerva

1796 2963 2070 3012 nocturno
2092 2974 2280 3017 errore
2305 2971 2428 3017 acta
2453 2964 2545 3021 illo
2570 2966 2855 3025 introisset
2873 2972 2939 3027 de
2959 2976 3210 3043 proxima
3234 2979 3390 3035 silva.

1795 3047 1972 3104 Cerva
2028 3060 2249 3108 euntem
2291 3056 2455 3111 modo
2500 3061 2814 3128 prascedens
2863 3066 3026 3121 modo
3050 3069 3397 3142 subsequens

1796 3141 2062 3197 acerrime
2084 3143 2398 3215 impetebat,
2427 3148 2605 3207 donec
2640 3160 2872 3226 uterque
2899 3159 3050 3214 venit
3075 3161 3145 3215 ad
3167 3163 3395 3221 claustri

1789 3232 2041 3303 januam,
2066 3252 2188 3307 quae
2212 3238 2500 3310 diligenter
2525 3236 2933 3304 eratobserata.
2956 3249 3199 3310 Tandem
3223 3257 3393 3315 abbas

1793 3326 2207 3399 obstupefactus
2245 3331 2475 3389 horrore
2514 3336 2796 3397 diabolicae
2828 3342 3224 3416 insectationis,
3265 3366 3393 3407 cum

1791 3418 1989 3475 erectis
2018 3421 2087 3476 ad
2135 3421 2307 3478 Deum
2361 3427 2538 3484 oculis
2583 3430 2801 3504 signum
2841 3420 3045 3495 sancta:
3089 3442 3270 3498 crucis
3313 3444 3394 3500 illi

1790 3522 2091 3581 opponeret
2111 3515 2300 3573 dicens
2326 3536 2338 3571 :
2362 3517 2502 3575 Ecce
2524 3539 2732 3578 crucem
2755 3525 2993 3600 Domini,
3016 3531 3185 3603 fugite
3212 3547 3392 3605 partes

1790 3602 2045 3672 adversus,
2098 3623 2226 3664 cum
2273 3618 2426 3667 tanto
2470 3616 2701 3686 strepitu
2741 3618 2994 3679 diabolus
3042 3602 3286 3695 evanuit,
3331 3638 3394 3686 ut

52 3512 357 3583 profuerit
387 3515 649 3583 ecclesiae,
685 3519 776 3572 vix
812 3520 944 3575 olim
976 3521 1212 3592 posteris
1262 3522 1535 3579 videbitur
1562 3540 1686 3581 cre-

48 3604 258 3659 dibile.
291 3602 572 3662 Conversi
595 3618 726 3663 sunt
753 3611 857 3665 sub
872 3627 938 3666 eo
955 3612 1292 3684 Berengerus
1315 3624 1370 3669 et
1392 3615 1684 3683 Adalbero,

45 3713 319 3768 quorum
357 3704 592 3770 uterque
614 3716 726 3756 non
756 3702 929 3757 multo
961 3714 1087 3773 post
1114 3704 1336 3759 functus
1357 3715 1444 3761 est
1473 3708 1688 3762 abbatis

45 3792 246 3849 oﬂicio
279 3790 433 3863 (52).
477 3790 605 3848 Inde
640 3791 913 3851 Robertus
958 3795 1260 3853 canonicos
1284 3797 1529 3853 ecclesia:
1564 3798 1687 3854 Vir-

41 3882 372 3950 dunensis,
422 3890 477 3938 et
514 3895 639 3954 post
679 3885 1008 3956 praepositus
1054 3886 1205 3942 cellae
1232 3885 1507 3945 Cunensis
1546 3889 1683 3961 (55),

41 3977 399 4051 Raginerus
426 3974 798 4047 Maceriensis,
836 3989 1025 4050 postea
1059 3980 1387 4050 praepositus
1420 3981 1568 4037 cella:
1594 3980 1686 4035 Pi-

37 4074 266 4140 rensis,
304 4070 555 4129 Obertus
582 4071 913 4129 Teutonicus
941 4074 1038 4145 qui
1074 4074 1321 4132 ecclesiae
1347 4076 1527 4146 quoad
1550 4075 1687 4131 vixit

34 4163 345 4222 Lesuram
401 4165 516 4235 (54)
550 4167 885 4236 procuravit,
936 4182 1004 4222 ex
1046 4183 1111 4224 ea
1140 4169 1276 4224 bene
1312 4176 1496 4236 natus,
1542 4167 1683 4226 Eve~

32 4263 263 4318 rardus
309 4259 640 4328 Dionensis,
694 4261 1005 4333 Stephanus
1043 4261 1427 4330 Namueensis,
1463 4262 1680 4331 Emme,

1802 4265 2075 4321 tpparens,
2100 4269 2293 4313 omnes
2320 4258 2561 4319 basilicae
2594 4267 2825 4337 angulos
2865 4269 3152 4330 lustrando
3186 4291 3383 4345 pervo-

26 4354 303 4411 Alardus
331 4395 350 4420 ,
416 4350 839 4419 Ebremundus,
901 4352 1221 4410 Guarnerus
1268 4364 1322 4412 et
1365 4354 1682 4413 Dominicus

1804 4358 1897 4398 are
1955 4347 2136 4416 cmpit.
2190 4348 2325 4417 Qum
2374 4368 2500 4409 cum
2555 4357 2769 4428 singula
2817 4375 3132 4420 sanctorum
3184 4368 3381 4426 altaria

24 4446 348 4514 Hoiensis,
404 4443 721 4503 Fulcaudus
749 4445 1071 4514 Montensis,
1108 4462 1209 4517 pro
1245 4447 1404 4504 bonis
1435 4448 1681 4504 moribus

1803 4436 1922 4492 retis
1948 4439 2158 4496 alarum
2193 4443 2480 4513 plausibus
2506 4456 2562 4503 et
2590 4451 2829 4520 quadam
2869 4471 2985 4511 sua:
3020 4458 3172 4515 vocis
3193 4460 3374 4518 dulce-

22 4539 508 4614 cognominatus
544 4536 822 4595 Johannes
868 4541 1169 4611 apostolus,
1222 4540 1545 4609 Fulcherus,
1585 4541 1680 4597 Ri—
1703 4553 1758 4614 ι)
1782 4523 1910 4580 dine
1939 4527 2185 4586 hilariter
2197 4535 2511 4623 ξῧίυιθεεθιν
2539 4549 2820 4610 Ροειτθηιο
2845 4545 3148 4605 [enimIam
3172 4553 3379 4623 “lapsa

14 4636 251 4692 cherus
278 4641 347 4689 et
393 4630 674 4689 Gonterus
701 4631 1015 4690 Portienses
1053 4634 1166 4705 (55)
1194 4644 1445 4706 uterque,
1475 4634 1678 4692 Arnul-
1785 4630 1898 4685 (1υο
1926 4622 2253 4679 νεηθτδδίίίε
2294 4626 2379 4681 Vi“
2402 4627 2640 4698 iacebat,
2676 4635 2883 4691 tamdiu
2914 4642 3235 4709 supersedit,
3276 4622 3378 4701 do-

14 4725 116 4782 fus
150 4722 651 4791 Valentiniensis,
693 4722 1017 4793 Almannus,
1063 4724 1394 4783 Godcfridus
1429 4736 1483 4783 et
1507 4726 1678 4784 Adelo
1781 4732 1883 4773 nec
1909 4721 2142 4790 Ρυίδίηίδ
2163 4726 2361 4798 γὶείιίίε
2384 4744 2511 4785 cum
2542 4734 2939 4803 Pmdileuce
2958 4741 3235 4800 SUbU'aCla
3262 4747 3379 4804 dis-

13 4818 521 4875 Wavoraccnses
547 4815 682 4887 (56).
1563 4853 1570 4860 η
1780 4818 1982 4885 paruit.
2040 4819 2197 4889 Quod
2246 4842 2373 4883 cum
2422 4828 2623 4890 fratres
2663 4834 2759 4907 qui
2805 4837 2860 4892 in
2896 4842 3144 4898 custodia
3174 4861 3375 4905 mona-

92 4913 194 4969 10.
236 4913 411 4985 (14.)
440 4907 560 4967 liiis
583 4910 841 4968 omnibus
866 4911 1230 4970 militantibus
1252 4912 1365 4970 Deo
1386 4916 1490 4972 sub
1515 4914 1680 4971 disci-
1780 4920 1934 4974 sterii
1978 4926 2322 4987 excubabant
2367 4933 2655 5006 vidissent,
2704 4948 2760 4995 et
2784 4940 2841 4996 in
2862 4944 3162 5002 crastinum
3187 4951 3376 5010 abbati

1392 5027 1629 5086 VARUE
1666 5026 2070 5093 LECTIONES.

81 5125 136 5157 “
171 5118 649 5180 Arduennensis
678 5118 752 5174 Γ.
779 5136 808 5174 e
829 5135 968 5175 corr.
1043 5119 1092 5152 ³³
1116 5117 1186 5175 Id
1214 5128 1293 5177 est
1322 5119 1395 5194 is.

1789 3711 1953 3751 omne
1973 3697 2357 3757 dormitorium
2382 3702 2637 3778 fratrum,
2679 3712 2784 3766 sub
2809 3728 2920 3783 quo
2962 3724 3094 3773 tunc
3130 3721 3390 3789 praedicta

1784 3784 1955 3855 janua
2008 3802 2144 3858 erat,
2183 3797 2460 3855 videretur
2480 3803 2619 3856 erui.
2670 3801 2754 3874 (C.
2781 3804 2862 3875 4.)
2900 3806 3012 3865 Nec
3059 3784 3234 3869 multo
3262 3826 3391 3886 post

1788 3877 1920 3933 dum
1975 3880 2157 3940 lassus
2207 3889 2416 3946 crebris
2476 3894 2972 3963 genuflectionibus
3018 3911 3145 3957 ante
3201 3907 3387 3978 majus

1787 3971 1961 4026 altare
1980 3974 2126 4031 circa
2163 3980 2400 4036 mediam
2446 3995 2664 4042 noctem
2710 3999 3022 4058 prostratus
3062 4010 3264 4064 oraret,
3299 4016 3387 4056 re-

1783 4072 1949 4134 pente
1979 4068 2220 4126 maxima
2246 4072 2337 4128 lux
2371 4090 2470 4145 per
2496 4086 2666 4135 totam
2692 4083 2978 4141 ecclesiam
2999 4088 3217 4146 caelitus
3245 4093 3386 4147 emi-

1786 4158 1919 4226 cuit,
1954 4169 2007 4215 et
2040 4177 2166 4218 cum
2197 4164 2315 4236 ipsa
2335 4167 2457 4224 luce
2481 4172 2737 4229 columba
2767 4177 2922 4234 mirae
2954 4181 3382 4251 pulchritudinis

1588 5223 1819 5284 ΝΟΤᾸΞ.

18 5329 95 5369 us
129 5320 199 5369 et
228 5308 599 5393 facultatem.
629 5306 902 5393 habebant
922 5309 1233 5393 celebrandi
1248 5312 1513 5393 majorem
1539 5224 1819 5393 φὶῗτῶ.
1851 5324 1966 5393 (54)
2003 5324 2172 5382 Liser.
2204 5326 2269 5383 Β,

18 5329 95 5369 us
129 5325 199 5369 et
228 5325 591 5366 Iacuitatem
629 5325 902 5365 nanenant
922 5325 1513 5381 celebranutmajorem
1539 5325 1673 5372 mis-
1851 5325 1943 5393 (54
2003 5325 2172 5382 Liser.
2204 5326 2269 5383 Β,

14 5401 155 5475 exe.
186 5377 1058 5475 εκ.,ντέχί1εὲίίξ,ξί.ίῑίξπξ,ίξρὲρξε
1096 5382 1227 5475 agni
1257 5384 1351 5456 (ιιιί
1381 5388 1671 5443 ecclesiam
1783 5464 1822 5475 -
1849 5325 2064 5475 (55in;
2090 5409 2273 5475 casm.
2302 5402 2385 5475 vel
2413 5418 2553 5475 pago
2578 5403 2867 5475 Porciano,
2916 5409 2995 5465 si.
3054 5412 3370 5471 sva-01...-.-

13 5447 348 5544 indicavit:
389 5447 589 5544 grite.
606 5447 923 5544 Av‘iqe‘infra
942 5447 1063 5524 cap.
1097 5453 1189 5508 46.
1274 5447 1294 5456 ·
1433 5488 1449 5505 ς
1775 5447 2018 5544 refigit]
2038 5447 2507 5544 ὶόῐιῖεὶὶηῖυέςῖἑιῖἳὶῗ

250 5520 673 5624 ξεξξῖπξὲἓί
694 5519 920 5579 Mosam.
1009 5519 1028 5524 “
1773 5607 1795 5624 ν
1849 5519 2608 5624 (55)-ξριῆιῖἆξῖιῗῖἆῖεῗῖιηθ
2645 5550 2742 5606 des
2789 5564 2983 5624 quatre
3010 5556 3274 5611 divisions
3299 5558 3367 5613 de

90 5590 208 5696 5!)
252 5594 353 5651 Le
386 5590 670 5649 Condroz.
1773 5590 2175 5696 Luit'cmbou'rg.
2206 5613 2272 5671 R.

95 5669 180 5696 ea
249 5663 442 5696 Δ....Α
476 5660 514 5696 ς
555 5661 909 5696 ῐνοιιηηιιΙῖιι-ιὶ
938 5665 1123 5696 ἰωνικ
1153 5679 1198 5696 ι..
1235 5669 1268 5696 α
1324 5670 1663 5696 \1:..--...:___-
1858 5680 1962 5696 1......
2016 5682 2070 5696 η.
2155 5686 2188 5696 ..

91 5660 208 5755 5?)
234 5663 447 5751 Apud
476 5660 533 5718 S.
555 5661 913 5722 Laurentium
938 5665 1127 5727 Leodii
1150 5679 1203 5726 et
1235 5669 1291 5727 S.
1324 5670 1668 5734 Vincentium
1774 5660 2470 5755 ίνζξῆηὲἶιίιῗίίᾇ-’ὴοτιιω
2518 5692 2835 5753 referuntur
2877 5698 2932 5752 in
2965 5697 3083 5753 Vita
3117 5696 3364 5755 The-ode»

13 5738 423 5829 .atiﬂi‘m‘iiw
486 5804 524 5829 Β
1443 5816 1479 5825 σε
1504 5818 1549 5828 η
1604 5821 1615 5829 _
1779 5738 1897 5821 rici,
1927 5738 2019 5813 sled
2046 5772 2156 5813 non
2182 5774 2411 5829 prorsus
2440 5767 2794 5824 conveniunt.

56 5813 201 5887 (55)
235 5804 550 5903 Cana—li.
1582 5821 1615 5903 Ἰ,
1928 5804 2019 5813 --ν

426 5900 712 5966 Ρλτκοι..
752 5903 958 5970 CLIV.
1532 5912 1541 5976 ἶ,
2008 6000 2011 6003 ν
2916 5927 2993 5988 43
