3902 6286
490 348 634 406 1555

1531 322 1925 384 cnnamum
1967 322 2027 379 s.
2069 316 2380 377 unseen
2413 293 2756 373 ANDAGIN.

2889 230 2977 268 [ί

3632 312 3768 369 1556

492 465 656 539 quasi
696 457 959 519 nescienti
1015 467 1143 510 cum
1185 444 1569 504 ammiratione
1613 451 1668 498 et
1698 442 1885 497 laetitia
1929 446 2082 495 retu-
2110 438 2161 498 Δ
2185 435 2424 539 quadam
2450 429 2749 539 venerabili
2774 442 3012 539 persona
3034 427 3140 539 sibi
3172 426 3423 539 vigilanti

492 535 706 624 lissent,
760 553 851 607 ille
884 563 981 604 eos
1030 559 1158 602 cum
1187 539 1561 613 indignatione
1588 535 1886 607 redarguit,
1922 540 1979 587 et
2011 547 2081 587 ne

494 652 660 709 alicui
681 643 859 719 quoad
887 640 1095 695 viveret
1128 638 1234 692 hoc
1259 635 1443 705 ipsum
1469 632 1776 687 indicarent
1803 626 2079 699 praecepit.

494 746 700 802 Prmter
746 734 1040 794 canonicas
1081 732 1269 797 horas,
1313 742 1452 799 quas
1474 736 1535 781 ut
1560 724 1772 780 debitas
1797 722 2086 792 diligenter

494 839 612 895 Deo
650 830 985 894 exsolvebat,
1015 827 1071 881 in
1109 821 1462 880 veneratione
1498 820 1670 874 beatae
1721 815 2005 870 Trinitatis
2029 820 2086 868 et

497 932 750 1006 gloriosa
769 938 987 995 semper
1013 918 1245 992 virginis
1272 916 1477 981 Marias,
1510 914 1748 983 itemque
1779 910 1926 965 Petri
1952 922 2086 980 apo-

495 1004 621 1083 stoli
655 1020 1012 1089 omniumque
1044 1021 1360 1071 sanctorum
1402 1006 1714 1078 singillatim
1764 1004 1979 1076 vigilias
2030 1009 2088 1056 et

497 1130 692 1173 omnes
740 1113 910 1168 horas
958 1108 1065 1164 diei
1109 1103 1450 1167 decantabat,
1477 1108 1532 1156 et
1560 1098 1877 1171 psalterium
1918 1095 2085 1151 etiam

495 1207 643 1262 inter
664 1209 882 1258 noctem
908 1208 963 1253 et
990 1198 1137 1253 diem
1167 1211 1233 1250 ex
1258 1195 1472 1265 integro
1494 1205 1843 1262 percurrens,
1871 1196 1968 1242 aut
1991 1201 2088 1257 per

497 1312 560 1354 se
589 1292 875 1366 psallebat,
898 1297 992 1346 aut
1012 1289 1107 1360 qui
1135 1304 1236 1358 pro
1265 1303 1324 1343 se
1345 1286 1600 1356 psalleret
1638 1282 1987 1353 procurabat.
2026 1278 2088 1333 In

499 1390 792 1447 cotidianis
821 1402 951 1442 vero
982 1384 1279 1440 missarum
1316 1379 1657 1450 sollempniis
1690 1377 1892 1448 quibus
1918 1375 2090 1449 gemi—

499 1482 651 1538 tibus
694 1495 868 1551 quave
916 1475 1100 1531 cordis
1134 1474 1462 1530 contritione
1491 1471 1726 1525 Domino
1753 1468 2092 1525 sacrificatu-

498 1588 600 1630 rus
648 1571 948 1636 assisteret,
986 1568 1107 1639 ejus
1138 1567 1310 1623 solius
1347 1576 1430 1621 est
1460 1565 1781 1636 approbare,
1821 1562 1981 1633 cujus
2008 1570 2092 1615 est

500 1663 746 1720 omnium
773 1660 1062 1717 hominum
1097 1660 1264 1715 corda
1308 1672 1557 1728 pensare.
1589 1656 1762 1726 Cujus
1793 1654 1960 1710 fuerit
1984 1655 2089 1708 hu-

496 1750 749 1808 militatis
772 1752 829 1805 in
858 1749 1242 1820 habitu,cujus
1268 1747 1549 1819 gravitatis
1584 1747 1641 1801 in
1666 1746 1906 1812 incessu,
1933 1745 2092 1815 cujus

496 1844 830 1915 mqualitatis
852 1843 909 1897 in
939 1844 1113 1911 vultu,
1140 1841 1301 1912 cujus
1330 1839 1637 1897 honestatis
1663 1840 1719 1893 in
1751 1845 1898 1906 actu,
1925 1837 2095 1892 mira-

496 1937 667 1992 batur
695 1950 804 1991 non
826 1935 1004 1991 solum
1029 1935 1286 2007 qualibet
1318 1933 1690 1990 ecclesiastica
1714 1932 1969 2004 dignitas,
1998 1931 2094 1987 sed

496 2029 668 2084 etiam
698 2028 944 2085 fastuosa
971 2038 1025 2085 et
1048 2030 1172 2084 aliis
1202 2030 1508 2084 irreverens
1523 2026 1803 2082 sweularis
1816 2032 2090 2096 potestas;

499 2122 661 2192 cujus
689 2130 745 2177 et
776 2121 1126 2179 laudabiliter
1156 2120 1545 2191 magnificabat
1571 2118 1899 2185 absentiam,
1918 2124 1975 2172 et
1998 2116 2097 2172 hu-

498 2214 704 2271 militer
725 2216 1029 2271 honorabat
1057 2214 1425 2286 praesentiam.

574 2308 659 2361 ll.
688 2304 829 2380 (17.)
858 2306 1133 2362 Evocatus
1180 2322 1324 2377 saepe
1347 2323 1378 2361 a
1413 2305 1672 2377 religioso
1710 2306 1938 2360 Annone
1985 2303 2095 2360 Co-

497 2396 835 2453 loniensium
863 2397 1141 2468 pontifice,
1183 2398 1360 2453 amica
1397 2397 1750 2453 veneratione
1784 2397 2093 2468 excipieba-

497 2496 614 2556 tur,
639 2498 695 2544 ot
719 2490 863 2560 apud
883 2498 1099 2563 tantum
1116 2492 1295 2546 virum
1317 2490 1635 2562 aliquandiu
1662 2489 2096 2546 familiarissime

496 2583 769 2638 remorari
819 2594 1064 2652 coactus,
1095 2584 1407 2640 divinarum
1450 2585 1852 2655 scripturarum
1901 2592 2097 2640 mutuo

497 2676 675 2732 relatu
697 2677 856 2747 quasi
884 2678 942 2732 in
972 2693 1140 2733 aureo
1173 2678 1488 2734 Salomonis
1525 2678 1874 2733 reclinatorio
1916 2678 2096 2733 media

500 2769 730 2825 caritate
758 2778 1043 2826 constrato
1072 2771 1465 2826 delectabatur.
1495 2769 1599 2825 Cui
1630 2787 1755 2826 cum
1786 2770 1928 2826 forte
1954 2770 2098 2826 inter

498 2861 837 2934 loquendum
897 2862 1156 2919 familiari
1214 2861 1557 2934 jocunditate
1605 2864 1896 2933 objiceret,
1926 2879 2099 2935 quare

500 2957 771 3027 quosdam
820 2957 1089 3013 barbaros
1149 2972 1266 3014 suae
1315 2957 1624 3029 parrochia:
1676 2965 1833 3014 trans
1882 2957 2097 3013 Renum

500 3058 909 3107 commorantes
951 3050 1008 3105 in
1057 3051 1481 3123 quadragesima
1517 3051 1587 3106 ab
1630 3051 1750 3106 ovis
1793 3061 1847 3107 et
1871 3051 2010 3107 laete
2045 3058 2100 3105 et

2186 530 2327 587 utin
2361 542 2521 585 mane
2571 525 2640 581 ad
2684 524 2977 581 ecclesiam
3023 523 3228 590 delata,
3256 523 3325 579 de
3379 540 3553 580 manu
3573 526 3771 585 abbatis

2187 625 2390 681 ibidem
2420 622 2621 678 missas
2656 617 2983 676 celebraturi
3017 633 3217 688 panem
3254 616 3607 673 benedictum
3635 630 3770 690 pete.

2187 726 2293 785 ret,
2343 729 2511 786 seque
2546 714 2669 785 ejus
2723 710 3066 769 orationibus
3104 710 3417 767 sanandum
3466 712 3771 768 conﬁderet.

2187 807 2515 865 Parentibus
2560 808 2909 877 languentem
2959 802 3333 861 deferentibus
3372 814 3432 860 et
3464 805 3650 861 abbati
3690 822 3775 876 pro

2190 918 2254 959 ea
2283 898 2737 973 supplicantibus,
2766 898 2937 955 abbas
2978 912 3091 953 non
3122 897 3318 953 solitus
3348 897 3508 967 loqui
3536 899 3644 955 nisi
3670 912 3776 969 post

2190 997 2555 1067 expletionem
2582 992 2850 1064 psalterii,
2892 991 3180 1048 aversione
3206 1006 3316 1062 qua
3348 1000 3571 1061 poterat
3610 992 3776 1058 reniti,

2193 1089 2365 1162 signis
2385 1097 2440 1144 et
2464 1087 2689 1143 nutibus
2718 1087 2823 1142 hoc
2846 1101 2957 1141 non
2977 1100 3099 1142 esse
3120 1101 3285 1141 suum
3302 1088 3648 1152 eontestari;
3670 1097 3776 1141 ωε.

2193 1185 2318 1240 dem
2345 1182 2631 1239 convictus
2670 1179 3120 1236 concurrentium
3156 1178 3413 1234 lacrimis
3442 1186 3502 1233 et
3524 1180 3775 1249 precibus.

2194 1278 2441 1349 quinque
2484 1275 2698 1331 oblatas
2741 1273 3092 1339 benedicens,
3122 1272 3180 1327 in
3222 1287 3324 1327 ore
3360 1272 3673 1344 languentis
3690 1274 3781 1327 mi-

2194 1371 2269 1427 sit
2293 1389 2307 1437 ;
2342 1370 2546 1440 illaque
2575 1368 2763 1425 statim
2786 1375 3008 1437 recepto
3047 1365 3432 1421 manducandi
3463 1381 3577 1421 usu
3600 1381 3777 1421 conva-

2194 1464 2317 1520 luit.
2365 1462 2550 1520 Abbas
2597 1462 2780 1517 vitans
2816 1461 3090 1516 humanas
3111 1459 3331 1527 laudes,
3370 1459 3549 1515 citius
3576 1458 3777 1531 aufugit,

2196 1573 2300 1615 nec
2324 1558 2555 1614 ulterius
2577 1571 2673 1628 per
2694 1555 2841 1611 idem
2865 1554 2977 1610 nisi
3001 1554 3236 1610 latenter
3260 1553 3524 1609 transire
3548 1553 3717 1608 voluit.

2270 1650 2359 1706 12.
2397 1648 2536 1723 (19.)
2585 1648 2646 1705 Si
2681 1648 2905 1719 quando
2941 1663 3069 1704 vero
3103 1663 3207 1718 pro
3240 1647 3774 1718 resptmsiseeelesi:

2196 1744 2422 1801 domino
2448 1743 2778 1798 Adalberoni
2816 1740 3146 1798 hletensium
3188 1741 3469 1811 episcopo
3490 1754 3557 1797 se
3577 1756 3778 1812 pau-

2122 1800 2170 1862 l
2197 1846 2393 1905 tasset,
2434 1837 2738 1893 mirabatur
2760 1835 3116 1906 postmodum
3146 1800 3409 1905 ips-ema-
3432 1833 3501 1889 in

2199 1931 2539 1998 meminisse,
2565 1946 2674 2003 qua
2694 1945 2755 1987 se
2774 1930 2854 1985 iili
2875 1929 3185 1985 humilitate
3203 1928 3295 1984 vir
3313 1936 3499 1984 tanta
3516 1928 3781 1984 nobilitatis

2198 2035 2256 2082 et
2285 2025 2575 2096 potestatis
2604 2023 2917 2091 inclinaret,
2956 2020 3783 2093 qua

2202 2119 2272 2174 ad
2296 2133 2484 2175 secum
2534 2116 2912 2189 prandendum
2952 2115 3144 2172 sedere
3190 2114 3523 2171 collocaret.
3556 2110 3661 2171 Cui
3686 2130 3785 2170 an

2199 2210 2345 2267 forte
2367 2212 2508 2266 inter
2534 2210 2915 2282 prandendum
2939 2206 3293 2265 deferrentur
3326 2208 3588 2280 pinsum
3622 2208 3787 2278 pini-

2201 2305 2313 2373 tiae,
2347 2305 2513 2376 coepit
2535 2319 2599 2359 ea
2652 2301 2899 2375 pontifex
2940 2302 3199 2359 manibus
3242 2310 3579 2370 attrectare,
3616 2302 3785 2372 sapiu
3900 2302 3902 2353 I

2200 2398 2405 2455 olfacta
2418 2414 2585 2470 super
2604 2412 2856 2453 mensam
2881 2412 3167 2468 reponere,
3193 2405 3252 2452 et
3275 2397 3455 2468 quasi
3474 2397 3585 2454 sub
3597 2406 3783 2467 optentu

2203 2491 2493 2561 cujusdam
2540 2490 2920 2547 delectationis
2965 2489 3243 2562 tangendo
3268 2498 3329 2545 et
3368 2505 3497 2545 non
3526 2489 3783 2563 gustanda.

2198 2603 2265 2645 se
2294 2588 2351 2643 in
2394 2586 2481 2642 eis
2511 2585 2778 2641 cruciare.
2808 2582 2856 2637 Δ
2900 2583 3102 2655 quibus
3134 2597 3196 2640 se
3229 2582 3483 2640 omnino
3514 2584 3783 2643 continete.

2202 2696 2332 2737 cum
2356 2678 2480 2735 aliis
2511 2679 2603 2734 illa
2639 2676 2938 2745 divisisset,
2975 2675 3149 2733 abbas
3174 2676 3328 2748 quod
3372 2678 3602 2733 viderat
3625 2677 3787 2731 fecisse

2203 2774 2525 2845 episcopum
2548 2771 2840 2844 diligenter
2863 2771 3092 2839 notavit,
3122 2779 3180 2826 et
3218 2786 3465 2826 causam
3515 2770 3643 2827 facti
3664 2770 3787 2826 salu

2203 2885 2332 2926 cum
2373 2861 2497 2924 solo
2521 2868 2719 2924 sedens
2763 2865 3047 2922 humiliter
3086 2865 3409 2938 requisivit.
3446 2867 3536 2922 Ad
3565 2867 3789 2937 hau-pi-

2204 2978 2407 3035 scopus
2433 2963 2598 3019 altius
2642 2960 2933 3032 suspirans
2976 2959 3270 3031 ingemuit,
3293 2969 3353 3015 et
3376 2960 3515 3031 quia
3563 2961 3667 3016 hiis
3683 2960 3791 3014 alia

2202 3057 2262 3112 in
2293 3057 2581 3127 iuventute
2609 3070 2708 3112 sua
2732 3055 2900 3111 nimis
2920 3054 3224 3111 delectatus
3246 3069 3309 3110 se
3338 3070 3615 3125 peccasse
3632 3054 3795 3110 meai-

499 3155 665 3197 caseo
686 3141 1014 3198 auctoritate
1058 3142 1357 3214 pontiﬁcali
1407 3157 1519 3199 non
1555 3153 1968 3214 compesceret;
2007 3159 2099 3199 re-
2126 3156 2178 3223 ε
2202 3150 2403 3218 uisset,
2430 3149 2715 3221 respondit
2738 3163 2931 3205 secum
2955 3148 3315 3215 deliberasse,
3342 3156 3410 3202 ut
3431 3163 3538 3219 per
3556 3164 3678 3220 qua:
3699 3163 3797 3219 pes

499 3234 722 3304 spondit
766 3234 1022 3305 pontifex'
1057 3236 1448 3292 abstinentiam
1486 3246 1539 3291 et
1585 3237 1905 3308 religionem
1928 3238 2104 3294 cccle—

498 3327 783 3382 siasticam
811 3343 872 3383 se
911 3330 1137 3399 quidem
1166 3331 1393 3385 omnino
1423 3331 1746 3400 approbare,
1778 3331 2024 3387 attestari
2050 3341 2106 3387 et

498 3410 769 3473 laudare:
807 3418 1171 3476 diﬁrentiam
1216 3436 1349 3477 vero
1391 3422 1641 3476 ciborum
1680 3424 1857 3479 ﬁrmis
1897 3425 1955 3478 in
1999 3424 2104 3480 fide

499 3526 614 3567 non
660 3514 896 3569 multum
922 3515 1140 3581 obesse,
1188 3531 1314 3570 eum
1362 3513 1627 3571 Dominus
1656 3515 1711 3570 in
1748 3516 1968 3572 deserto
2008 3532 2106 3589 per

499 3620 730 3661 corvum
786 3605 963 3661 Eliam
1004 3607 1235 3678 paverit,
1284 3622 1397 3662 non
1440 3608 1685 3679 piscibus
1741 3610 1837 3666 sed
1896 3626 2100 3679 carne;

500 3700 706 3769 saepius
745 3708 930 3756 autem
970 3717 1032 3758 se
1081 3701 1135 3759 id
1161 3702 1536 3775 prohibuisse,
1579 3721 1679 3761 nec
1707 3708 2100 3777 przevaluisse:

502 3792 653 3862 quod
689 3793 976 3850 christiani
1005 3794 1110 3851 diei
1133 3803 1453 3867 paterentur
1479 3798 1716 3854 multum
1752 3815 1811 3855 se
1838 3800 2101 3872 gaudere,

502 3885 705 3940 nedum
729 3886 911 3957 aliqua
941 3887 1201 3943 violentia
1235 3888 1565 3945 absterreret
1590 3891 1813 3946 eosdem
1834 3891 2105 3948 barbaros

498 3992 535 4032 a
559 3977 857 4035 christiana
888 3979 1010 4037 fide.
1045 3980 1112 4036 Et
1135 3982 1265 4053 quia
1310 3982 1486 4039 eidem
1517 3984 1762 4054 pontifici
1805 3995 1964 4040 tanto
1988 3994 2107 4041 erat

500 4069 671 4125 abbas
702 4073 927 4143 gratior,
973 4083 1183 4145 quanto
1231 4074 1376 4145 apud
1422 4091 1549 4131 eum
1598 4078 1887 4133 constabat
1922 4078 2103 4135 hono-

496 4163 691 4220 randa
709 4165 931 4223 virtutis
974 4168 1131 4224 locus
1184 4168 1442 4238 amplior,
1474 4185 1776 4240 numquam
1803 4172 1871 4225 ab
1893 4186 1959 4226 eo
1996 4170 2106 4226 nisi

494 4259 826 4315 muneribus
848 4262 1153 4318 honoratus
1178 4262 1410 4330 redibat,
1439 4279 1564 4334 quae
1606 4273 1659 4320 et
1680 4265 1899 4321 dantem
1926 4275 1981 4322 et
2004 4280 2103 4322 ac-

498 4349 793 4420 cipientem
817 4356 1044 4410 omnino
1065 4356 1351 4412 decebant.
1379 4355 1472 4429 (V.
1518 4356 1711 4413 Theod.
1754 4375 1803 4415 c.
1838 4361 1917 4426 4.)
1950 4360 2104 4429 Qua-

501 4442 630 4498 dam
656 4460 789 4501 vero
812 4447 931 4503 vice
954 4447 1099 4504 idem
1121 4449 1292 4505 abbas
1320 4465 1447 4506 cum
1468 4453 1647 4524 gratia
1668 4453 1956 4521 orationis,
1982 4462 2105 4511 tum

2209 3252 2410 3311 casset,
2460 3258 2560 3314 per
2598 3244 2717 3298 hmo
2753 3250 2809 3298 et
2854 3257 2918 3297 se
2958 3242 3143 3312 ipsum
3190 3240 3534 3302 abstinendo
3580 3242 3795 3312 parum.
3900 3290 3902 3297 .

2210 3334 2537 3391 Edilicatus
2570 3334 2741 3391 abbas
2785 3333 3038 3405 exemplo
3060 3333 3229 3404 hujus
3251 3333 3603 3391 abstinentiae
3626 3344 3799 3404 grata-

2209 3428 2426 3484 labatur
2470 3427 2792 3484 multotiens
2837 3428 2981 3498 apud
3036 3425 3348 3484 familiares
3394 3442 3550 3494 suos,
3606 3427 3668 3482 id
3716 3427 3800 3482 εὖ

2208 3523 2445 3579 multum
2470 3531 2661 3595 postea
2680 3521 2978 3593 profuisse,
3008 3531 3065 3578 et
3085 3537 3157 3578 ne
3191 3522 3489 3579 excederet
3506 3538 3609 3595 per
3634 3522 3797 3577 iiﬁcita

2211 3615 2280 3670 ab
2300 3614 2436 3685 ipsis
2455 3613 2623 3671 licitis
2651 3629 2712 3670 se
2733 3621 3056 3671 constanter
3084 3614 3433 3671 continebat.

2282 3705 2370 3760 is.
2404 3704 2543 3777 (90.)
2578 3704 2741 3761 Anno
2773 3704 2820 3739 ιι
2843 3704 3119 3761 lncarnati
3153 3703 3322 3760 Verbi
3354 3704 3528 3773 um,
3560 3704 3801 3761 om
3900 3720 3902 3725 -

2210 3797 2378 3853 etiam
2407 3796 2748 3854 Belinandus
2797 3795 3184 3854 Landunensis
3220 3798 3563 3869 episcopus,
3592 3796 3799 3869 ejusfa-

2210 3888 2530 3945 miliaritate
2550 3889 2879 3956 delectatus,
2909 3889 3127 3944 monuit
3145 3903 3274 3946 eum
3297 3898 3357 3945 et
3384 3890 3609 3961 adjuvit
3628 3890 3801 3946 anan

2208 3999 2377 4038 unam
2423 3984 2481 4039 in
2530 3983 2811 4054 episcOpio
2840 3998 2942 4039 suo
2970 3992 3324 4051 construere,
3380 3983 3651 4039 videlicet
3694 3992 3803 4037 ate

2208 4075 2421 4132 Novum
2444 4074 2745 4133 Castellum
2778 4090 2944 4148 super
2986 4074 3237 4131 Axonam
3281 4076 3429 4147 (58),
3478 4077 3631 4148 apud
3662 4075 3803 4130 Eber-

2210 4169 2538 4237 neicurtem,
2577 4168 2669 4225 ubi
2699 4169 2768 4224 ab
2791 4168 3020 4239 antiquo
3045 4166 3369 4247 possidebat
3397 4169 3647 4224 ecclesia
3680 4166 3800 4222 beati

2209 4259 2440 4316 Huberti
2477 4261 2793 4332 quindecim
2826 4274 3053 4316 mansos
3095 4267 3298 4331 prater
3332 4269 3543 4315 terram
3578 4258 3801 4316 domini-

2210 4356 2404 4411 ealem.
2445 4352 2551 4422 Qui
2579 4355 2874 4426 episcopus
2893 4369 2962 4409 ex
2989 4368 3264 4410 consensu
3297 4352 3565 4408 Fulcardi
3590 4367 3653 4408 et
3674 4352 3799 4406 Μ

2210 4451 2729 4507 archidiaconorum
2782 4463 3033 4516 suorum,
3096 4448 3268 4502 totius
3318 4462 3551 4517 quoque
3600 4444 3803 4518 (ινδιξ

498 4539 665 4596 etiam
719 4557 907 4599 amore
954 4543 1151 4622 ductus
1194 4521 1492 4616 pontificis
1532 4546 1818 4603 Coloniam
1869 4548 2098 4619 vadens,
2133 4521 2184 4583 θ
2211 4545 2459 4601 ecclesia:
2492 4541 2899 4609 Laudunensis,
2952 4542 3129 4599 altare
3154 4540 3349 4596 matris
3392 4540 3664 4595 ecclesia:
3692 4553 3803 4610 pn-

496 4633 648 4703 apud
703 4631 975 4690 Iuliacum
1012 4646 1255 4693 castrum
1286 4653 1318 4693 a
1368 4639 1652 4694 conditore
1691 4638 1837 4695 Julio
1885 4640 2095 4698 dictum

496 4724 675 4779 voluit
699 4725 1100 4797 hospitari,nbi
1129 4738 1184 4786 et
1210 4730 1267 4785 in
1295 4747 1458 4786 mane
1488 4732 1688 4788 missas
1719 4733 2094 4791 celebraturus

502 4818 574 4874 ad
622 4820 1238 4892 ecclesiam.processit.
1284 4824 1483 4880 Mulier
1531 4835 1712 4882 autem
1748 4828 1998 4899 quaedam
2040 4830 2101 4885 in

498 4910 694 4967 eodem
738 4912 862 4969 loco
910 4916 1222 4987 languebat,
1257 4932 1381 4988 qua!
1430 4919 1659 4973 omnino
1702 4918 1827 4975 cibo
1866 4928 1922 4975 et
1965 4931 2099 4992 potu

500 5004 715 5075 privata
740 5015 795 5063 et
824 5024 1077 5080 sompno,
1108 5011 1258 5082 ipsos
1280 5013 1445 5068 etiam
1478 5014 1819 5087 propinquos
1848 5018 1999 5089 quod
2024 5018 2101 5074 vi-

503 5107 656 5154 veret
695 5099 1027 5160 fastidiebat.
1074 5103 1200 5162 Ilaec
1243 5108 1546 5167 ammonita
1592 5118 1678 5167 est
1712 5127 1811 5182 per
1857 5123 2095 5182 noctem,

2202 4637 2375 4694 dieue
2402 4638 2565 4705 villae,
2608 4635 2929 4693 substitutis
2974 4636 3052 4691 illi
3091 4634 3213 4691 aliis
3252 4647 3480 4703 novem,
3514 4635 3583 4690 in
3608 4632 3805 4689 ﬁliai

2206 4750 2407 4802 unum,
2432 4734 2492 4787 in
2512 4732 2877 4804 Pugneicorte
2898 4747 3095 4800 unum,
3116 4731 3174 4786 in
3195 4729 3448 4786 Mediana
3470 4729 3614 4784 vina
3632 4742 3807 4784 unum

2204 4831 2353 4887 inter
2375 4828 2701 4884 Provasium
2729 4836 2784 4883 et
2802 4825 3171 4881 Provisiolum
3197 4825 3327 4890 duo,
3358 4825 3421 4878 in
3448 4822 3808 4895 Gagneieuﬂt

2203 4941 2405 4993 unum,
2438 4923 2495 4979 in
2524 4922 2861 4979 Juviuicorte
2894 4921 3025 4988 duo,
3059 4921 3115 4975 in
3142 4918 3492 4974 Ranleieorte
3525 4933 3735 4981 unum,
3756 4914 3811 4967 al

2203 5020 2273 5076 ad
2296 5034 2444 5092 opus
2471 5017 2747 5089 praedictae
2791 5014 3024 5071 contulit
3063 5014 3235 5079 cellae,
3282 5027 3410 5082 quae
3447 5011 3657 5066 omnia
3695 5004 3811 5060 rate

2203 5123 2258 5170 et
2295 5113 2478 5170 ﬁrmis
2526 5107 2867 5184 privilegiis,
2934 5106 3181 5165 exclusis
3223 5119 3453 5176 quoque
3504 5098 3811 5163 eorum

1800 5246 1889 5302 VA
1898 5247 2036 5304 RIA‘]
2078 5244 2484 5306 LECTIONES.

574 5344 623 5435 ξι
745 5350 784 5406 i.
813 5368 865 5409 v.
892 5352 1134 5413 MLXXI.
1164 5356 1225 5412 in
1248 5357 1275 5412 1
1326 5366 1444 5430 post
1472 5358 1763 5431 episcopus
1788 5361 1989 5431 scripta
2020 5369 2163 5418 sunt.
2189 5361 2323 5423 Sail.
2355 5363 2467 5420 hac
2489 5379 2524 5419 α
2550 5350 2799 5435 maiae
2821 5359 2878 5415 in
2898 5356 3177 5415 verborum
3208 5361 3519 5411 conm
3549 5347 3815 5421 ἰητρῶν

501 5418 765 5477 videntur.

2016 5568 2247 5627 ΝΟΤᾹΞ.

578 5673 692 5745 (58)
722 5672 1088 5745 Negcnategu,
1119 5690 1212 5728 stu-
1237 5675 1457 5733 (Ἀίδεω.
1486 5677 1807 5734 ——-Brevius
1832 5678 1952 5736 haec
1981 5689 2097 5736 tan-

545 5742 943 5820 unturinjfita
978 5742 1182 5820 'l‘heod.
1230 5764 1279 5820 (ξ.
1316 5749 1369 5815 5,
1400 5749 1427 5820 §
1454 5750 1541 5803 51.
1591 5748 1786 5806 Postea
1820 5766 1869 5806 a.
1913 5751 2083 5819 1082,

560 5821 631 5868 et.
666 5814 752 5869 15.
782 5812 1082 5871 Elinandus
1112 5832 1205 5872 sex
1232 5818 1298 5874 de
1327 5812 1591 5877 altaribus
1618 5821 1724 5878 illis
1758 5820 1815 5876 S.
1851 5812 2092 5879 lluberto

2204 5685 2461 5815 ῗσῐὲῗνίὶω
2497 5705 2549 5744 v.
2581 5688 2762 5761 privil.
2795 5686 2893 5755 trp.
2922 5681 3081 5739 Mart.
3114 5692 3169 5739 et
3193 5674 3811 5751 Βυκηιὼῧσὶξηνλῗ·

2241 5800 2255 5827 ,
2294 5800 2417 5815 υνιο
