3902 6286
169 274 284 334 1357

1159 268 1553 331 cuuorucou
1591 268 1648 325 s.
1691 267 2001 327 HUBERTI
2036 262 2364 336 anesum.

3264 295 3411 356 ’1358

163 389 388 449 altarium
424 388 695 461 personis,
725 389 974 447 habenda
997 388 1054 445 in
1076 398 1400 462 perpetuum
1423 387 1716 445 confirma—
1743 393 1796 451 Α
1822 389 1879 445 in
1908 390 2194 461 privilegio
2221 389 2367 448 facto
2393 393 2640 463 ejusdem
2666 395 2997 457 donationis.
3019 401 3203 462 Abbas
3227 418 3410 469 autem

161 483 227 537 vit
257 481 389 538 beati
430 480 656 537 Huberti
705 481 950 538 ecclesia
980 481 1036 536 in
1087 481 1382 536 Arduenna
1430 479 1548 536 sita
1580 479 1715 552 (59).

159 573 257 631 Nec
302 575 473 631 multo
515 583 640 647 post
704 574 941 647 reposita
972 582 1055 630 est
1084 572 1326 630 ecclesia
1371 570 1721 629 Landunensi

161 668 461 727 vicissitudo
508 669 675 741 hujus
725 668 1039 727 donationis
1077 668 1146 724 ab
1172 666 1402 724 ecclesia
1438 666 1582 722 beati
1608 664 1722 723 Hu—

158 763 300 831 berti,
324 763 573 819 videlicet
601 762 929 819 bibliotheca
959 778 1069 819 una
1100 762 1265 818 totius
1291 760 1492 817 veteris
1519 767 1574 816 et
1593 759 1722 815 novi

160 857 469 914 testamenti.
507 856 660 913 Hanc
688 874 720 912 a
755 857 977 917 domino
1010 855 1314 913 Gisleberto
1350 856 1563 911 noviter
1590 872 1722 911 con-

160 948 402 1021 scriptam
432 947 734 1004 Elinandus
786 948 1028 1020 pontifex
1067 964 1193 1004 cum
1233 946 1472 1005 Josfrido
1519 946 1724 1002 Parisi-

160 1041 297 1095 censi
330 1040 585 1111 episcopo
608 1040 836 1099 Colonia
874 1040 1094 1096 rediens
1115 1049 1168 1095 et
1207 1039 1275 1094 ad
1314 1054 1415 1095 nos
1451 1038 1725 1094 diverteris

157 1129 297 1195 vidit,
339 1138 392 1184 et
419 1130 766 1187 laudantibus
811 1146 932 1186 eam
981 1130 1195 1186 clericis
1230 1128 1345 1184 suis
1394 1128 1723 1198 concupivit,

157 1221 513 1295 donatamque
557 1224 663 1281 sibi
711 1223 767 1278 in
811 1224 985 1296 gratia
1042 1223 1293 1295 specialis
1349 1231 1403 1277 et
1455 1230 1728 1293 perpetua

155 1315 397 1373 amicitia
423 1315 562 1370 inter
589 1316 874 1372 ecclesiam
922 1316 1343 1373 Laudunensem
1393 1324 1447 1370 et
1484 1323 1728 1369 nostram

155 1406 398 1478 optinuit.
444 1406 571 1463 Fuit
609 1418 791 1463 autem
839 1408 891 1463 ei
936 1425 1102 1466 causa
1147 1409 1216 1464 ad
1269 1424 1369 1465 nos
1426 1408 1728 1465 diverteudi

151 1499 304 1570 quasi
327 1499 610 1569 cujusdam
628 1500 870 1571 jocosi”
891 1510 1118 1559 eventus
1152 1501 1426 1558 miraculi.
1455 1501 1730 1557 Audierat

151 1591 314 1646 abbas
338 1589 707 1648 Theodericus
737 1602 1031 1665 utrumque
1054 1594 1366 1665 pontiﬁcem
1392 1598 1499 1666 per
1528 1593 1729 1649 Boium

148 1683 379 1739 transire
409 1692 469 1738 ut
513 1683 798 1740 Coloniam
829 1686 989 1755 irent,
1031 1688 1324 1759 missisque
1371 1688 1439 1743 ad
1461 1704 1555 1744 eos
1581 1688 1729 1745 litte-

150 1778 228 1833 ris
253 1778 531 1833 mandavit
567 1787 628 1835 ut
677 1796 771 1851 per
816 1781 1104 1836 ecclesiam
1151 1781 1293 1837 beati
1331 1780 1559 1837 Huberti
1594 1782 1734 1837 redi-

144 1878 285 1924 rent.
330 1870 549 1926 Litteris
596 1882 778 1928 autem
823 1873 1049 1944 perditis
1078 1874 1134 1929 in
1164 1873 1344 1947 Leuga
1373 1891 1497 1946 qua
1533 1876 1735 1932 dicitur

143 1960 283 2017 Mala
312 1961 453 2017 inter
482 1961 681 2018 Hoium
711 1974 766 2019 et
803 1963 1089 2033 Leodium,
1138 1981 1263 2019 cum
1294 1974 1419 2036 post
1443 1967 1732 2024 duodecim

141 2052 255 2109 fere
282 2054 399 2109 dies
423 2056 709 2125 pontifices
742 2056 982 2111 redirent
1008 2071 1105 2126 per
1143 2057 1391 2111 eamdem
1434 2058 1601 2125 viam,
1636 2060 1733 2115 ob-

141 2148 264 2201 tulit
299 2146 381 2203 eis
423 2148 603 2202 viator
664 2148 887 2220 quidam
950 2149 1165 2204 noviter
1234 2148 1481 2205 inventas
1532 2150 1733 2207 ibidem

142 2241 359 2298 easdem
387 2240 618 2299 litteras.
646 2240 725 2296 Illi
747 2249 932 2297 autem
964 2257 1074 2297 non
1102 2243 1220 2297 sine
1244 2243 1510 2303 miraculo
1534 2247 1735 2303 divina

138 2334 441 2390 voluntatis
460 2349 647 2390 secum
669 2343 982 2405 reputantes
995 2334 1075 2390 rei
1097 2346 1374 2402 eventum,
1400 2337 1549 2391 nullo
1569 2337 1732 2397 modo

136 2436 613 2499 prasumpserunt
664 2428 1078 2499 pratermittere
1135 2428 1344 2484 abbatis
1392 2430 1729 2489 mandatum.

143 2520 438 2577 Venientes
462 2536 594 2578 vero
633 2521 801 2577 abbas
833 2519 1232 2578 officiosissima
1261 2524 1612 2593 processione
1638 2542 1736 2582 ex-

135 2614 302 2685 cepit,
343 2628 449 2687 per
473 2612 703 2668 biduum
749 2621 989 2668 retentos
1034 2612 1316 2667 allluenter
1344 2610 1559 2683 refecit,
1595 2632 1735 2686 pra-

134 2703 373 2759 sentatis
411 2702 554 2758 inter
577 2702 954 2774 prandendum
984 2700 1052 2758 ad
1091 2702 1486 2775 jocuuditatem
1534 2710 1733 2764 ammi-

132 2798 392 2854 rantium
422 2796 602 2867 carpis
629 2796 674 2829 ²⁶
695 2806 749 2851 et
778 2797 1021 2868 piscibus
1043 2797 1204 2852 vivis.
1235 2796 1431 2854 Postea
1459 2798 1735 2871 digressos

129 2888 490 2961 impensibus
512 2887 756 2943 ecclesiae
796 2887 1106 2945 Mosomum
1156 2904 1332 2960 usque
1380 2890 1574 2947 deduci
1596 2908 1736 2964 pra-

131 2983 301 3055 cepit,
353 2981 564 3055 gratias
600 2990 820 3053 agentes
866 2980 978 3036 Deo
1009 2997 1108 3053 pro
1132 2990 1354 3053 experta
1386 2984 1633 3051 caritate,
1682 2994 1735 3043 et

124 3076 375 3149 probata
403 3074 457 3129 in
483 3074 605 3130 loco
628 3074 821 3129 eodem
846 3073 1019 3128 nobili
1042 3082 1095 3128 et
1129 3075 1424 3129 venerabili
1450 3077 1730 3147 religione,

128 3183 308 3238 quam
340 3165 453 3221 nisi
481 3165 655 3221 oculis
694 3165 1037 3237 probassent,
1069 3164 1220 3219 nullo
1251 3165 1433 3234 modo,
1485 3175 1545 3220 ut
1589 3182 1738 3224 asse-

124 3260 359 3325 rebant,
396 3254 746 3314 narrantibus
781 3258 1161 3314 credidissent.

204 3352 301 3407 14.
336 3350 479 3421 (22.)
509 3349 669 3407 Anno
689 3348 854 3406 Verbi
926 3349 1196 3407 incarnati
1241 3351 1399 3419 1074,
1454 3350 1737 3425 Philippus

116 3446 307 3500 etiam
340 3458 443 3498 rex
465 3441 802 3499 Francorum
826 3444 895 3501 ab
913 3445 1101 3500 eodem
1125 3443 1318 3500 abbate
1340 3454 1585 3516 rogatus,
1614 3460 1736 3499 om-

117 3554 231 3593 nes
267 3534 520 3605 capellas
538 3534 675 3591 Novi
692 3536 935 3605 Castelli,
962 3538 1107 3608 quod
1144 3546 1277 3592 tunc
1306 3538 1542 3605 tenebat,
1574 3538 1737 3595 matri

113 3644 247 3686 sua
277 3626 542 3683 ecclesia
567 3626 739 3684 beatae
763 3626 949 3682 Mariae
995 3643 1117 3706 qua
1161 3637 1245 3682 est
1270 3628 1326 3681 in
1355 3626 1739 3684 Eberneicorte

112 3718 470 3791 recognovit
497 3726 550 3773 et
578 3718 830 3786 reddidit,
859 3735 1059 3790 easque
1080 3718 1366 3790 privilegio
1400 3735 1513 3774 sua
1547 3732 1739 3776 aucto-

108 3815 316 3872 ritatis
335 3829 473 3869 cum
488 3812 744 3885 pradicta
762 3812 895 3868 cella
917 3811 1161 3867 ecclesia
1183 3811 1328 3866 beati
1349 3810 1495 3866 Petri
1519 3820 1573 3866 et
1594 3812 1739 3868 beati

111 3904 378 3963 Huberti
411 3904 691 3962 habendas
721 3902 1084 3960 confirmavit.

190 4001 292 4055 15.
359 3997 507 4071 (25.)
535 3997 694 4052 Anno
752 3994 916 4051 Verbi
970 3995 1239 4050 inearnati
1297 3993 1456 4061 l068,
1510 3995 1740 4051 Arnulfo

108 4092 328 4149 comiti
359 4088 718 4145 Chiniacensi
745 4088 856 4160 (60)
878 4104 943 4143 ex
965 4088 1297 4159 patrimonio
1344 4104 1445 4143 suo
1475 4104 1741 4159 provene-

103 4196 202 4242 rat
236 4184 399 4242 cella
428 4181 689 4239 Pirensis.
737 4181 840 4250 Qui
890 4182 1014 4238 licet
1042 4182 1280 4254 juvenis,
1318 4183 1515 4239 ductus
1559 4191 1741 4239 tamen

104 4280 345 4353 optima
381 4275 536 4331 fama
559 4284 615 4331 et
642 4291 827 4331 amore
852 4274 1171 4330 Theoderici
1199 4275 1446 4343 abbatis,
1478 4284 1740 4333 attractus

96 4374 291 4429 etiam
320 4377 565 4443 propter
592 4368 809 4439 optima
835 4367 1115 4440 religionis
1140 4367 1366 4423 odorem
1399 4371 1738 4440 sepulturam

1825 481 1953 537 data
1983 485 2413 541 commutatione
2438 486 2857 557 prabendarum
2892 492 3094 550 ibidem
3116 499 3271 567 prius
3293 517 3412 559 ser-

1827 576 2100 632 vientibus
2160 578 2414 647 clericis,
2483 594 2552 635 ex
2612 596 2885 639 consensu
2936 585 3123 643 domui
3163 590 3413 651 Mauasse

1827 666 2126 725 Remorum
2175 670 2450 741 pontificis
2484 687 2583 742 pro
2620 674 2701 729 eis
2737 677 3040 733 monachos
3081 696 3211 739 suos
3238 684 3292 738 in
3319 700 3414 741 eo-

1826 760 1953 816 dem
2017 762 2141 818 loco
2227 764 2511 821 substituit
2565 764 2600 819 8
2663 764 2791 823 ldus
2844 770 2889 801 "’
2946 771 3190 839 ejusdem
3259 777 3411 831 anni.

1834 848 1930 921 (V.
1967 850 2160 933 Theod.
2194 869 2227 909 c
2255 852 2335 924 4.)
2357 853 2498 910 Cum
2527 855 2583 909 in
2613 857 2890 928 gallicinio
2934 862 3107 932 gratia
3150 865 3416 923 orationis

1830 942 2060 998 intraret
2106 945 2249 1001 idem
2292 947 2464 1007 abbas
2511 949 2799 1005 ecclesiam
2843 952 2988 1009 beati
3034 953 3228 1010 Hilarii
3280 958 3413 1029 (62),

1831 1034 2060 1107 contigit
2080 1035 2135 1090 in
2162 1051 2225 1092 ea
2254 1039 2537 1095 candelam
2560 1040 2822 1099 divinitus
2846 1044 3095 1112 accendi,
3125 1055 3185 1100 ut
3218 1046 3291 1101 ibi
3312 1048 3417 1103 cla-

1832 1137 1976 1183 reret
2017 1129 2302 1186 advenisse
2330 1131 2502 1188 filium
2550 1134 2711 1204 lucis,
2756 1144 2882 1192 ante
2937 1137 3095 1208 cujus
3120 1140 3417 1198 adventum

1833 1219 2032 1276 ibidem
2057 1221 2152 1276 lux
2178 1222 2417 1279 caelestis
2448 1227 2690 1283 emicuit.

1905 1312 1992 1368 16.
2033 1312 2169 1386 (24.)
2228 1313 2525 1373 Pradictus
2577 1335 2798 1391 quoque
2855 1320 3099 1393 pontifex
3140 1323 3419 1383 Manasses

1834 1405 2032 1461 ductus
2080 1407 2253 1477 gratia
2292 1409 2533 1482 religiosi
2562 1412 2794 1481 abbatis,
2831 1430 2899 1471 ex
2935 1431 3211 1472 consensu
3258 1419 3423 1475 cleri-

1837 1512 2027 1553 corum
2064 1500 2309 1557 ecclesia
2333 1499 2623 1558 Remensis
2649 1504 2821 1560 altare
2866 1508 3011 1565 beati
3049 1506 3241 1563 Hilarii
3272 1511 3421 1579 quod

1835 1599 1921 1647 est
1961 1590 2019 1646 in
2073 1590 2379 1661 Guisliaco,
2434 1612 2561 1652 cum
2612 1599 2816 1668 capella
2879 1599 3198 1668 Guarcensi,
3252 1603 3424 1657 altare

1836 1683 2003 1739 etiam
2029 1694 2233 1740 sancta
2262 1685 2446 1742 Maria
2469 1687 2525 1742 in
2552 1687 2833 1747 Noviando
2874 1692 2984 1763 (65)
3025 1708 3187 1763 super
3215 1693 3422 1750 Mosam

1838 1774 1987 1831 dedit
2012 1777 2257 1833 ecclesia
2284 1778 2459 1833 sancti
2482 1777 2731 1847 Huberti,
2761 1790 2817 1837 et
2855 1783 3097 1840 exclusis
3138 1785 3195 1839 in
3230 1800 3425 1855 perpe-

1836 1874 1994 1927 tuum
2023 1870 2341 1925 eorumdem
2374 1870 2632 1927 altarium
2672 1875 2958 1943 personis,
3008 1876 3215 1932 donum
3259 1893 3421 1934 suum

1836 1959 2096 2031 legitimis
2123 1961 2421 2032 privilegiis
2449 1963 2663 2034 publice
2690 1962 2851 2020 factis
2872 1973 2926 2021 et
2954 1964 3013 2020 in
3035 1968 3285 2024 conciliis
3308 1969 3426 2025 suis

1837 2051 2133 2120 recognitis
2174 2043 2539 2109 conﬁrmavit.
2585 2054 2827 2128 Contigit
2874 2066 3056 2112 autem
3101 2074 3211 2114 non
3254 2059 3430 2117 multo

1836 2153 1981 2212 post,
2036 2150 2097 2197 ut
2138 2144 2396 2199 Adeladis
2432 2160 2574 2199 uxor
2613 2146 2824 2205 Amulli
2862 2148 2999 2219 (64),
3039 2165 3196 2205 soror
3244 2162 3426 2207 autem

1840 2232 1995 2289 Ebali
2019 2233 2365 2300 Roceiensis,
2394 2235 2652 2293 defuncta
2691 2240 2747 2293 in
2777 2239 3006 2295 introitu
3032 2242 3279 2298 ecclesia
3303 2258 3432 2298 ver-

1840 2341 1938 2382 sus
1959 2327 2261 2383 claustrum
2309 2329 2664 2399 sepeliretur;
2690 2328 2970 2393 Mauasses
2992 2349 3218 2404 quoque
3261 2333 3434 2390 frater

1839 2418 2087 2489 ejusdem
2116 2416 2325 2475 Amulli
2365 2420 2553 2476 divino
2582 2420 2793 2493 ﬂagello
2824 2424 3188 2493 compellente
3231 2440 3432 2482 mona-

1840 2511 1979 2566 chus
2006 2510 2327 2578 efl‘ectus,et
2362 2522 2488 2583 post
2538 2511 2680 2568 infra
2730 2529 2977 2571 mensem
3030 2526 3284 2573 mortuus
3328 2517 3433 2575 ibi-

1839 2604 1964 2658 dem
1991 2612 2375 2675 apponeretur.
2407 2602 2578 2660 Erant
2621 2616 2883 2676 praterea
2921 2618 3159 2678 quatuor
3196 2607 3427 2677 fratres,

1839 2695 2091 2751 videlicet
2109 2693 2265 2767 llugo
2287 2704 2342 2751 et
2361 2694 2695 2764 Ludovicus,
2722 2695 3025 2755 Rodericus
3052 2708 3108 2755 et
3130 2697 3425 2769 Riquinus,

1840 2786 1938 2842 ﬁlii
1970 2786 2299 2845 Richezonis
2334 2804 2403 2844 ex
2428 2787 2691 2863 Liegarde
2735 2790 2904 2845 amita
2931 2790 3146 2846 Arnultl
3186 2792 3428 2848 comitis.

1840 2876 2048 2935 Horum
2098 2880 2243 2937 unus
2292 2879 2565 2952 Riquinus
2606 2881 2677 2937 ab
2728 2880 3069 2939 Heribrando
3112 2882 3429 2941 Bulionensi

1840 2970 2160 3030 interfectus
2185 2972 2254 3029 ad
2276 2981 2440 3044 caput
2466 2974 2738 3045 pradicta
2761 2973 3018 3030 Adeladis
3046 2984 3131 3031 est
3160 2976 3429 3046 sepultus.

1840 3063 1981 3121 Hinc
2038 3082 2169 3137 erga
2212 3067 2396 3122 locum
2440 3064 2568 3123 facti
2614 3066 2924 3127 devotiores
2966 3074 3022 3123 et
3071 3066 3336 3124 Arnulfus
3378 3077 3435 3124 et

1843 3170 2069 3232 nepotes
2099 3161 2238 3231 ejus,
2271 3171 2498 3232 nepotes
2521 3159 2742 3234 quidem
2775 3176 2876 3233 pro
2919 3158 3087 3216 fratre
3120 3176 3224 3217 suo
3275 3160 3434 3217 dede-

1841 3260 1972 3307 runt
1999 3251 2245 3308 ecclesia
2274 3252 2536 3324 quicquid
2562 3252 2844 3313 habebant
2895 3253 3042 3324 apud
3081 3250 3337 3310 Linaium
3376 3261 3434 3309 et

1841 3343 2162 3413 Carnetum,
2221 3353 2277 3401 et
2330 3352 2582 3417 quartam
2633 3354 2849 3417 partem
2897 3345 3084 3417 pontis
3141 3360 3265 3417 qua
3315 3354 3436 3402 erat

1840 3453 2031 3493 eorum
2080 3437 2225 3507 apud
2256 3435 2540 3494 Gabelium
2579 3436 2732 3511 (65);
2768 3436 3037 3494 Arnulfus
3070 3453 3201 3494 vero
3230 3450 3430 3510 prater

1842 3530 2036 3587 cellam
2105 3528 2420 3598 Pirensem,
2468 3545 2634 3602 quam
2678 3537 2739 3585 ut
2763 3529 2973 3586 dictum
3000 3538 3085 3587 est
3108 3531 3270 3589 beato
3314 3531 3431 3589 Hu-

1839 3622 1996 3677 berto
2053 3624 2370 3690 donaverat,
2426 3623 2640 3679 remisit
2677 3623 2736 3677 in
2795 3631 3117 3696 perpetuum
3170 3625 3433 3683 eeclasia

1842 3715 2159 3770 exactiones
2196 3716 2464 3784 quasdam
2494 3717 2564 3770 ab
2594 3716 2797 3786 iniquis
2828 3718 3098 3775 ministris
3119 3728 3433 3777 antecesso-

1841 3822 1964 3861 rum
1993 3822 2222 3861 suorum
2258 3807 2401 3877 apud
2446 3806 2732 3863 Gabelium
2772 3810 2938 3864 rebus
2968 3812 3175 3869 nostris
3205 3812 3433 3883 imposi-

1840 3906 1926 3955 tas
1977 3897 2353 3954 fraudulenter
2407 3907 2463 3954 et
2512 3898 2753 3970 injuste,
2810 3899 3021 3956 scilicet
3082 3902 3153 3956 40
3211 3904 3426 3960 modios

1842 4008 2027 4050 avena
2067 4008 2340 4048 mensura
2380 4000 2604 4060 nostra,
2654 4002 2710 4047 et
2753 4008 2919 4048 unam
2957 4002 3229 4050 carratam
3274 3996 3428 4064 fani,

1842 4086 2072 4143 alteram
2113 4101 2245 4141 vero
2280 4085 2563 4141 straminis
2587 4126 2606 4155 ,
2642 4101 2766 4157 qua
2811 4086 3172 4158 exigebantur
3210 4088 3278 4144 ad
3304 4105 3432 4159 pas-

1840 4180 2074 4237 cendum
2113 4196 2315 4251 equum
2336 4179 2574 4248 comitis,
2602 4180 3018 4252 quatuordecim
3040 4180 3207 4237 etiam
3237 4185 3435 4254 garbas

1842 4273 2070 4329 cultura
2126 4272 2561 4342 indominicata,
2623 4282 2832 4345 septem
2889 4274 3078 4346 spelta
3119 4282 3177 4330 et
3230 4287 3433 4346 septem

1843 4381 2048 4434 avena,
2077 4382 2200 4438 qua
2222 4366 2495 4423 dabantur
2522 4367 2785 4435 scabinis,
2817 4375 2872 4423 et
2890 4368 3077 4427 villico
3116 4370 3432 4441 deputatum

100 4481 284 4521 suam
318 4459 542 4518 ibidem
568 4460 920 4530 constituere,
946 4460 1227 4531 praefatam
1259 4461 1451 4517 cellam
1497 4464 1742 4520 ecclesia
1767 4458 1820 4520 D
1845 4476 2018 4521 unum
2045 4460 2291 4519 modium
2320 4458 2603 4516 frumenti.
2631 4460 2948 4518 Pontenarii
2978 4472 3199 4535 Quoque
3222 4479 3350 4519 cum
3375 4464 3434 4519 in

93 4557 264 4617 beati
314 4553 488 4610 Petri
531 4562 583 4608 et
631 4553 774 4608 beati
828 4551 1057 4609 Huberti
1129 4564 1391 4627 perpetuo
1439 4556 1742 4617 habendam

72 4649 387 4721 elegaliter
419 4643 670 4713 donavit,
708 4645 911 4701 addens
952 4646 1003 4701 ei
1032 4645 1295 4718 quicquid
1336 4647 1474 4705 inter
1507 4647 1743 4709 Marbais

88 4750 149 4799 et
184 4740 471 4800 Fanium
518 4736 628 4810 (61)
673 4738 759 4793 sui
783 4747 901 4793 erat
930 4737 1096 4810 juris,
1148 4747 1209 4795 ut
1242 4738 1405 4796 latius
1434 4742 1744 4799 continetur

1852 4556 2260 4627 transponenda
2284 4555 2499 4612 decima
2526 4554 2923 4626 injuriarentur
2956 4556 3240 4613 ministros
3255 4557 3433 4613 eccle-

1850 4650 1968 4718 sia,
1993 4650 2250 4706 meliores
2278 4649 2474 4721 garbas
2506 4648 2775 4706 violenter
2800 4655 3076 4721 rapientes
3094 4650 3223 4717 sibi,
3247 4658 3437 4722 agente

1854 4742 2198 4801 Theoderico
2223 4742 2516 4813 praposito
2553 4742 2611 4801 in
2655 4742 2811 4799 curia
2836 4744 2982 4800 beati
3010 4741 3239 4799 Huherti
3276 4757 3435 4796 mana

1478 4837 1710 4894 VARUS
1743 4837 2146 4896 LECTIONES.

174 4934 233 4969 ”
253 4929 534 4990 Jocundi
560 4928 831 5000 lsttperscr.
863 4928 949 4982 vel
978 4928 1160 4998 jocosi
1200 4929 1250 4982 1.
1281 4930 1329 4962 ’⁸
1365 4930 1563 5001 capris.
1610 4932 1684 4987 l'.
1724 4935 1768 4965 ²⁷
1800 4949 1987 4988 nomen
2027 4932 2222 4987 mensis
2258 4932 2418 4988 deest.

1690 5025 1922 5083 NOTE.

170 5122 312 5198 (59)
345 5118 643 5198 Δῌήείζιηςξ,
678 5118 1062 5198 _Pugnic9ur_t,
1100 5115 1418 5198 :Midivif‘le,
1439 5115 1746 5198 “Prouasy,

81 5185 461 5261 Prbvdsily,
497 5185 869 5261 Guigm‘court,
893 5188 1287 5261 Juvignigourt,
1312 5185 1643 5261 Ranlicourt.
1672 5185 1747 5261 La

80 5257 416 5322 donatiorf
461 5268 562 5330 gest
605 5257 905 5330 ’rapportée
954 5257 1055 5330 par
1115 5257 1430 5326 Bertholet,
1482 5258 1620 5314 Hist.
1673 5260 1747 5315 du

77 5276 407 5395 angar
456 5276 562 5382 a
582 5276 745 5384 aa

135 5354 223 5394 ΠΧ
398 5373 413 5386 .
539 5370 553 5395 ν
732 5372 745 5384 .

162 5406 325 5479 (60)
338 5401 586 5479 ϐιζῐῃυ.-
611 5400 897 5479 _Qomitem
926 5401 993 5479 de
1028 5399 1230 5479 Warclt
1273 5400 1505 5472 appellat
1553 5408 1746 5458 auctor

73 5471 250 5535 Vitae
283 5471 354 5542 ⁵5,
409 5473 495 5543 '57
524 5472 627 5543 rubi
657 5471 1059 5543 hacibreviterp
1074 5472 1268 5543 tangit.

158 5548 304 5619 (61)
339 5541 653 5619 διατραὶε
669 5549 729 5619 e_t_
764 5542 1007 5619 Ruinan
1040 5541 1257 5619 Littera
1283 5542 1661 5619 donationis‘s.
1688 5543 1743 5600 d.

69 5611 475 5678 edita'sunt
530 5612 583 5667 in
614 5612 751 5669 Coll.
784 5612 962 5684 AmpL
985 5611 1028 5681 Ι,
1076 5613 1181 5669 472
1221 5622 1275 5671 et
1298 5614 1352 5669 in
1382 5613 1549 5671 Mirai
1580 5613 1742 5686 0pp.,

72 5692 247 5741 Din]-
303 5685 422 5741 Ν.
481 5683 614 5738 504.

71 5692 247 5762 Dipl.
303 5692 422 5753 ιν,
481 5692 614 5738 504.

160 5760 303 5834 (62)
346 5758 423 5813 In
456 5753 599 5810 villa
624 5752 801 5810 Piros.

1926 5118 2042 5190 (65)
2077 5115 2586 5190 Guilfais,_Wurcq
2626 5130 2797 5190 prope
2838 5113 3125 5190 Macerias,
3166 5115 3440 5190 Nouuion-

1850 5186 2180 5244 sur-Meuse.
2214 5186 2574 5245 Privilezium'
2612 5186 2902 5242 ediderunt
2927 5186 3167 5244 Martene
3208 5200 3261 5244 et
3302 5188 3433 5245 Dur-

1844 5260 1988 5317 Coll.
2024 5260 2204 5331 Ampi.
2260 5258 2302 5325 Ι,
2355 5258 2497 5331 499,
2529 5258 2716 5313 datum
2745 5274 2796 5313 a.
2844 5258 3005 5325 1079,
3050 5260 3143 5331 sed
3204 5260 3437 5316 alterum

1849 5333 2003 5402 prius
2032 5330 2221 5386 datum
2250 5330 2526 5387 exstitisse
2568 5339 2800 5401 oportet,
2844 5345 2972 5387 nam
3013 5330 3219 5403 ex__ﬁne
3247 5332 3439 5403 capitis

1848 5399 2075 5486 apparet
2260 5412 2406 5485 gesta
2604 5399 2746 5486 ante,
2786 5409 3033 5486 tempora
3069 5399 3331 5458 Heinrici
3347 5418 3435 5473 ep.

1850 5472 2192 5540 Leodiensis,
2270 5472 2333 5527 ui
2360 5472 2502 5529 sedit
2525 5489 2576 5527 a.
2610 5472 2936 5527 1075-1091.
3360 5472 3397 5517 ί

1866 5616 1871 5617 ν
1922 5544 2035 5617 (64)
2065 5543 2220 5611 Com.
2238 5489 2987 5603 (tbiniacensisw—Roceium
3010 5554 3093 5603 est
3123 5542 3346 5615 Ησαίου,
3366 5542 3434 5600 ad

1849 5616 2118 5671 Axonam.

1922 5687 2034 5753 (65)
2071 5686 2262 5766 Ligny,
2299 5685 2566 5752 Carniére,
2608 5684 2774 5741 Civet.
2806 5686 2871 5741 Β.
