3902 6286
579 354 722 417 1559

1606 328 2006 390 CHRONICON
2049 330 2107 384 S.
2148 323 2451 382 HUBERT]
2490 321 2818 378 ANDAGIN.
3575 344 3662 404 1.5m

581 473 734 532 dav“
795 487 890 529 eos
932 466 1120 524 venire
1164 456 1428 514 Ανηυπυε
1474 464 1660 510 comes
1687 491 1701 517 ,
1749 464 1816 503 ex
1886 448 2170 519 optimati-
2199 459 2246 520 Α
2272 441 2561 514 presbiter,
2605 438 2873 495 decimam
2911 447 3171 496 sartorum
3201 442 3291 498 sibi
3324 457 3501 507 conatus
3528 454 3663 516 absus.

582 567 689 623 bus
745 565 861 622 suis
917 556 1217 630 Riquinum
1264 561 1319 606 et
1378 548 1708 621 Algoldum,
1775 542 2174 600 Theodericum

584 668 642 715 et
666 658 946 712 Albertum
1002 662 1191 705 secum
1232 644 1307 700 ibi
1347 643 1583 708 habens,
1621 650 1675 695 et
1720 638 1923 693 indicta
1952 634 2175 693 hannali

585 747 904 808 evocatione
948 742 1119 798 totius
1169 735 1508 794 Gabeliensis
1564 731 1870 804 potestatis,
1904 728 2179 800 adjuravit

587 839 923 911 antiquiores
943 843 999 891 et
1020 833 1274 889 meliores
1302 827 1625 899 interposito
1653 830 2001 882 sacramento
2023 820 2179 876 facta

589 935 695 991 sibi
736 931 1014 988 ﬁdelitatis
1039 972 1054 997 ,
1108 936 1170 983 ut
1235 925 1511 980 edicerent
1573 921 1622 975 ei
1676 918 1962 974 veritatem
2012 916 2179 986 hujus

589 1024 1026 1084 consuetudinis.
1058 1020 1141 1075 Illi
1164 1017 1331 1074 locuti
1363 1031 1489 1072 cum
1518 1010 1749 1069 consilio
1779 1009 2180 1081 responderunt

562 1140 565 1141 '
590 1119 782 1175 comiti
818 1133 914 1189 per
939 1114 1271 1172 Rodericum
1300 1107 1655 1182 praepositum
1678 1114 1732 1161 et
1756 1103 2055 1160 Gobertum
2080 1101 2181 1155 vil-

589 1211 781 1277 licum,
818 1208 963 1263 sicut
994 1213 1152 1261 erant
1190 1200 1447 1274 adjurati,
1472 1197 1786 1255 exactiones
1818 1195 1953 1250 istas
1979 1193 2048 1248 ab
2071 1190 2180 1245 ini-

592 1301 721 1371 quis
752 1296 1017 1353 ministris
1060 1295 1413 1359 dominorum
1442 1305 1564 1347 esse
1602 1289 1854 1343 inventas
1884 1294 1937 1340 et
1981 1284 2182 1355 injuste

594 1401 650 1448 et
676 1376 1052 1447 fraudulenter
1095 1386 1341 1444 ecclesiae
1388 1383 1697 1454 impositas,
1736 1380 1784 1435 ei
1820 1378 1942 1433 ideo
1973 1375 2182 1447 judicio

561 1500 809 1551 eorum,
843 1484 891 1538 si
914 1480 1138 1553 justicia
1161 1484 1493 1542 servaretur,
1525 1472 1842 1528 omnimodo
1857 1471 1901 1502 ²⁸
1930 1467 2182 1524 adnichi-

595 1576 808 1633 laudas.
852 1566 1005 1631 ‘Hiis'
1031 1587 1218 1630 comes
1259 1568 1491 1635 auditis,
1547 1565 1810 1637 Vigonem
1859 1563 2184 1634 magistrum

600 1668 893 1726 scabinum
953 1667 1153 1739 garbas
1224 1672 1475 1734 acceptas
1536 1675 1605 1715 ex
1676 1659 1889 1714 cultura
1947 1655 2184 1712 domini—
2263 1656 2269 1675 ‘

599 1761 706 1817 cali
755 1759 1071 1816 videntibus
1119 1754 1361 1813 cunctis'r
1377 1756 1597 1826 proprio
1644 1754 1782 1808 collo
1816 1750 1946 1806 fecit
1979 1748 2187 1805 referre

601 1860 659 1908 et
710 1839 974 1922 reponere
1034 1850 1089 1904 in
1162 1850 1360 1904 horreo
1416 1847 1560 1902 beati
1624 1845 1871 1901 Huberti.
1927 1843 2188 1911 Quadam

600 1960 735 1998 vero
788 1932 1003 2009 venna,
1059 1956 1183 2012 qua
1255 1941 1395 2013 apud
1447 1955 1544 1995 eos
1604 1939 1806 1995 dicitur
1870 1938 2077 2005 radius,
2131 1936 2188 1991 in

600 2032 741 2090 Huia
776 2035 889 2105 (66)
922 2034 1176 2100 habetur,
1211 2040 1265 2089 et
1293 2042 1653 2104 quacumque
1696 2041 1922 2101 captura
1952 2029 2187 2101 piscium

600 2127 676 2182 ibi
719 2126 1031 2197 provenerit
1077 2142 1109 2180 a
1151 2141 1298 2181 nona
1347 2125 1636 2181 dominica
1684 2124 1861 2179 noctis
1905 2138 2082 2193 usque
2122 2123 2191 2179 ad
2261 2130 2266 2135 '

598 2234 885 2290 vesperam
930 2218 1213 2289 sequentis
1262 2217 1402 2285 diei,
1446 2233 1607 2274 suum
1655 2215 1766 2289 (67)
1816 2200 1911 2271 est.
1947 2216 2193 2272 ecclesia

599 2320 804 2368 nostra
832 2327 897 2365 ex
938 2310 1337 2367 consuetudine
1360 2310 1564 2377 veteri;
1589 2319 1643 2364 et
1672 2310 1894 2380 quando
1924 2309 2067 2365 idem
2104 2326 2194 2365 ra-

600 2404 727 2461 dius
767 2403 1092 2459 lirmabatur
1119 2401 1232 2475 (68)
1275 2417 1306 2457 a
1346 2401 1526 2457 villico
1560 2409 1772 2467 nostro,
1801 2402 2050 2473 exigebat
2088 2402 2193 2459 sibi

602 2494 897 2550 obsonium
923 2495 1142 2551 comitis
1169 2495 1405 2550 villicus.
1432 2491 1544 2549 Has
1579 2508 1771 2549 omnes
1803 2493 2100 2563 injustitias
2126 2508 2195 2549 ne

603 2586 842 2656 amplius
876 2603 908 2642 a
956 2603 1238 2660 quoquam
1277 2587 1646 2660 exigerentur,
1684 2586 1907 2641 bannali
1955 2585 2196 2642 auctori-

603 2686 911 2735 tatecomes
933 2680 1236 2747 interdixit,
1251 2680 1588 2750 pontenariis
1606 2680 1949 2735 constituens
1971 2680 2038 2736 de
2058 2696 2197 2735 una-

602 2786 822 2842 quaque
842 2780 1079 2840 carrata,
1104 2772 1529 2843 transponenda
1550 2772 1776 2828 decima
1791 2788 1955 2827 unam
1969 2774 2197 2845 garbam

605 2865 876 2936 accipere,
906 2873 961 2921 et
991 2865 1039 2921 si
1067 2864 1201 2936 quid
1225 2866 1410 2921 minus
1431 2864 1597 2921 fuerit
1621 2865 1689 2920 de
1717 2865 1929 2937 integra
1958 2875 2195 2934 carrata,

604 2957 893 3013 dimidiam
938 2957 1019 3013 illi
1063 2958 1110 2991 "
1159 2958 1476 3030 provenire,
1529 2958 1671 3015 sicut
1711 2959 1981 3030 placuerit
2034 2960 2199 3015 mini-

605 3060 725 3107 stro
791 3051 1066 3121 ecclesia,
1129 3059 1185 3108 et
1258 3052 1364 3108 hoc
1438 3052 1557 3109 sine
1624 3054 1732 3108 ulla
1808 3053 2194 3110 decertatione.

2278 533 2439 601 here;
2478 532 2620 586 unde
2644 547 2771 586 cum
2800 530 2990 602 viginti
3017 531 3197 603 garbas
3226 534 3490 607 abstulisset,
3508 540 3667 605 Theodo.

2278 627 2428 683 ricus
2456 625 2849 696 superveniens
2876 625 3184 695 prapositus
3221 626 3289 681 illi
3313 645 3415 684 cum
3441 637 3606 692 maxima
3623 641 3669 696 iu-

2279 717 2594 790 dignatione
2612 716 2760 788 quod
2777 714 2982 770 invenit
2999 716 3255 771 residuum
3274 718 3454 777 decima
3470 735 3670 786 constante

2280 811 2496 867 induxit
2548 811 2748 864 horreo
2786 809 3056 877 ecclesia,
3093 824 3303 879 eumque
3339 812 3395 868 ad
3430 816 3671 888 episcopale:

2256 905 2615 961 audientiam
2661 902 2832 959 edixit
2881 918 3063 959 secum
3111 905 3298 960 venire.
3340 904 3532 964 Evocatis
3562 924 3672 969 autem

2282 997 2688 1070 antiquioribus
2707 996 2926 1063 vicinis,
2951 996 3195 1067 episcopo
3212 997 3336 1067 apud
3347 1009 3533 1055 sanctum
3543 1001 3673 1059 [luber-

2282 1102 2398 1149 tum
2431 1092 2798 1147 commoranti
2826 1103 3056 1161 uterque
3083 1105 3139 1146 se
3157 1093 3473 1161 prasentavit;
3496 1095 3548 1150 ibi
3564 1111 3675 1153 conn

2283 1185 2378 1240 illo
2405 1193 2751 1240 sacramento
2771 1183 3131 1239 veridieorum
3145 1184 3445 1254 comprobata
3457 1189 3619 1255 veritate,
3627 1190 3676 1259 in»

2284 1276 2429 1332 dicio
2451 1276 2684 1331 Bosonis
2704 1274 3075 1330 archidiaconi
3091 1273 3357 1345 Ragueuus
3368 1276 3675 1349 presbiterqu-

2285 1385 2406 1426 cam
2427 1368 2699 1440 justitiam
2729 1367 2858 1423 fecit
2882 1366 3211 1422 Theoderico
3236 1366 3416 1433 abbati,
3435 1377 3475 1421 et
3489 1368 3591 1436 jussu
3606 1370 3678 1437 epi-

2286 1461 2438 1532 scopi
2464 1459 2732 1515 decimam
2768 1473 2935 1529 quam
2972 1456 3256 1512 abstulerat
3283 1471 3368 1511 suo
3390 1457 3570 1512 vehiculo
3584 1458 3681 1512 redu-

2286 1562 2433 1610 ctam
2478 1552 2718 1624 propriis
2745 1550 3002 1606 manibus
3034 1551 3089 1605 in
3114 1550 3298 1604 horreo
3318 1550 3510 1605 ecclesiae
3524 1552 3677 1620 reposuit.

2358 1668 2446 1724 17.
2477 1644 2633 1738 (Ἡ.)
2652 1644 2983 1719 Namucensi
3010 1662 3121 1734 (71)
3141 1661 3410 1728 comitatui,
3434 1661 3528 1717 licet
3554 1661 3680 1731 injuste,

2289 1760 2610 1831 subiacebat
2642 1756 2958 1812 centenaria
2992 1755 3199 1825 justitia
3232 1753 3521 1819 Anseromize,
3545 1765 3579 1808 et
3603 1754 3682 1806 viue-

2290 1854 2555 1910 comitum
2588 1850 2849 1906 violentia
2876 1849 3210 1922 ailligebatur
3234 1848 3380 1904 nimis
3409 1847 3583 1903 ecclesia
3601 1845 3684 1900 imi-

2290 1946 2384 2001 lia.
2426 1945 2615 2001 Acturi
2657 1960 2857 2000 causas
2898 1942 3067 2013 hujus
3106 1941 3384 1997 exactionis
3420 1937 3687 1994 Guillelmusde

2292 2037 2478 2094 Viwia
2508 2053 2634 2094 cum
2684 2036 3024 2093 Herimanno
3070 2043 3125 2090 et
3166 2033 3321 2089 fratre
3358 2033 3457 2102 ejus
3486 2029 3692 2086 Boduliode

2292 2129 2543 2188 Houhaia
2579 2129 2692 2202 (72)
2724 2130 2813 2185 die
2860 2128 3112 2185 condicta
3157 2128 3246 2182 illo
3283 2132 3581 2187 convenerunt,
3606 2131 3639 2175 et
3660 2120 3694 2174 in

2294 2223 2613 2282 dominicali
2654 2223 2807 2278 curia
2835 2238 3066 2294 porcum
3091 2235 3257 2276 unum
3294 2218 3554 2273 invenientes
3573 2215 3609 2267 in
3626 2227 3695 2267 cc-

2295 2331 2422 2371 nam
2473 2330 2630 2372 suam
2675 2312 2851 2369 occidi
2900 2321 2955 2367 et
3005 2310 3190 2383 parari
3230 2310 3488 2380 jusserunt.
3522 2303 3696 2357 Bullientes
3782 2318 3783 2379 t

2295 2422 2492 2464 carnes
2533 2407 2667 2462 satis
2710 2406 2916 2461 multus
2957 2405 3104 2476 ignis
3141 2409 3404 2475 suggestus
3435 2390 3698 2468 coquebatsei

2296 2501 2447 2555 nullo
2478 2499 2642 2554 modo
2669 2489 2904 2569 decoqui
2933 2505 3206 2570 poterant,
3242 2506 3291 2549 et
3312 2492 3525 2548 ministris
3557 2489 3600 2540 de
3618 2498 3701 2539 mou

2298 2590 2747 2662 attemptantibus
2772 2604 2887 2656 eas,
2920 2588 3244 2644 cruditatem
3266 2600 3404 2641 suam
3420 2592 3463 2637 et
3479 2577 3701 2651 sanguineum

2298 2685 2585 2740 horrorem
2628 2683 2969 2754 ingerebant.
3005 2679 3283 2737 Canaturi
3309 2675 3594 2733 dominicum
3616 2666 3701 2722 tadio

2299 2777 2643 2833 adicerentur
2677 2775 2844 2845 hujus
2885 2774 3297 2846 expectationis,
3337 2783 3495 2827 carnes
3526 2764 3606 2819 illis
3633 2774 3706 2830 Ψ·

2300 2869 2618 2940 lescumque
2661 2875 2849 2924 essent
2886 2867 2990 2923 sibi
3035 2862 3313 2938 jusserunt
3338 2856 3708 2933 apponi,sedcw

2300 2963 2492 3019 eadem
2518 2961 2626 3017 illis
2661 2961 2854 3016 ultima
2884 2959 2991 3014 fuit
3015 2978 3030 3015 :
3064 2975 3191 3014 nam
3215 2956 3492 3013 Guillelmus
3510 2967 3533 3004 a
3551 2944 3710 3003 deuotio

2303 3063 2555 3126 arreptus
2583 3062 2638 3109 et
2666 3052 2909 3107 Virviam
2939 3051 2997 3106 in
3028 3050 3318 3125 gestatoria
3342 3048 3505 3121 relatus
3540 3035 3712 3126 uisenti-
3782 3086 3783 3089 η

605 3141 811 3199 Deinde
851 3159 1036 3201 comes
1063 3159 1165 3216 pro
1208 3144 1316 3200 hiis
1343 3153 1397 3201 et
1449 3145 1571 3201 aliis
1603 3145 1890 3217 injustitiis
1940 3147 2018 3215 ³ο,
2061 3163 2199 3219 quas
2227 3169 2274 3233 ρ
2302 3125 2440 3204 liter,
2460 3146 2755 3218 expiravit;
2805 3136 3339 3201 Ηεινίωαωιιιείγειυο
3369 3149 3417 3195 et
3450 3130 3636 3190 Rodulius
3661 3125 3715 3179 tli-

605 3236 691 3292 vel
746 3252 777 3292 a
832 3252 892 3293 se
940 3237 1026 3292 vel
1080 3252 1113 3293 a
1169 3237 1286 3294 suis
1326 3239 1644 3310 recognovit
1688 3238 1862 3295 factas
1919 3239 2196 3307 ecclesia,
2235 3224 2274 3233 “
2303 3240 2568 3315 quamdiu
2609 3255 2737 3296 cum
2782 3238 2955 3294 nimio
2993 3238 3184 3293 dolore
3217 3232 3495 3305 superstites
3524 3224 3719 3315 deiecerat!)

609 3330 826 3399 culpam
852 3347 1011 3385 suam
1047 3329 1336 3388 confessus
1375 3340 1460 3387 est
1489 3333 1725 3403 publice,
1758 3341 1814 3387 et
1848 3331 2047 3388 Ottone
2087 3333 2201 3388 tilio
2304 3310 2428 3392 sine
2447 3332 2767 3405 poenitentia
2789 3330 3057 3387 et'divina
3084 3310 3720 3405 recognitione.

586 3424 718 3476 'suo
766 3436 952 3477 secum
987 3423 1219 3478 deducto
1256 3423 1479 3481 veniens
1517 3426 1585 3481 ad
1620 3428 2036 3492 monasterium,
2073 3425 2201 3481 Flo-
2303 3428 2559 3483 Albertus
2580 3441 2765 3482 comes
2794 3422 3161 3479 Namucensis
3190 3436 3310 3477 cum
3348 3419 3397 3472 in
3422 3411 3623 3468 Arduenna
3638 3399 3723 3454 silva

616 3511 980 3568 herimontem
1011 3510 1122 3583 (69)
1155 3510 1293 3569 cum
1310 3512 1514 3571 familia
1556 3525 1610 3572 et
1640 3506 1954 3572 molendino
1978 3517 2202 3573 donavit
2304 3527 2614 3575 moraretur
2636 3516 2809 3591 gratia
2837 3514 3098 3583 venandi,
3125 3522 3180 3569 et
3198 3508 3504 3566 veneratione
3524 3496 3596 3554 loci
3620 3492 3723 3591 (litt?

612 3602 775 3659 beato
805 3602 1051 3660 Huberto
1080 3605 1323 3678 legaliter
1354 3608 1686 3689 habendum.
1718 3607 1839 3662 Filii
1865 3625 2082 3680 quoque
2116 3611 2200 3665 sui
2305 3621 2444 3668 teret
2469 3627 2594 3667 cum
2616 3583 2788 3666 uxore
2813 3624 2913 3664 sua
2936 3605 3056 3675 Ida,
3086 3622 3209 3678 qua
3242 3604 3384 3675 prius
3400 3600 3540 3654 fuerat
3562 3583 3725 3689 umidu-

612 3697 867 3752 dextram
893 3714 1055 3769 super
1076 3701 1253 3772 majus
1282 3700 1454 3756 altare
1476 3700 1619 3756 beati
1644 3681 1789 3757 Petri
1812 3678 2120 3774 applicavit,
2149 3714 2203 3760 et
2304 3706 2386 3761 cis
2405 3703 2680 3759 Frederici
2709 3701 2843 3774 (75),
2875 3700 2941 3756 ad
2962 3699 3251 3756 ecclesiam
3272 3693 3402 3751 beati
3421 3684 3608 3747 Huberti,
3628 3678 3725 3774 TW

592 3816 595 3819 ν
616 3797 681 3844 ιιι
703 3790 887 3846 omnia
911 3808 1032 3862 qua
1059 3793 1234 3849 eidem
1257 3793 1503 3849 ecclesia
1525 3772 1948 3861 donaverat,vcl
1969 3797 2203 3867 injustas
2305 3797 2523 3853 dericus
2558 3772 2729 3851 abbas
2757 3792 3087 3865 pradictum
3109 3791 3408 3847 comitatum
3430 3772 3729 3869 Anseromiftti'
3782 3816 3783 3869 ‘

615 3881 930 3940 exactiones
953 3892 1007 3938 et
1031 3886 1459 3942 consuetudines
1489 3902 1629 3957 quas
1656 3864 2054 3958 annullaverat,
2087 3890 2204 3961 ipse
2307 3890 2472 3945 tinuit
2513 3890 2583 3945 ab
2610 3889 2691 3945 eis
2724 3864 2989 3959 pcrpetuo
3018 3883 3395 3941 remittendum
3427 3869 3614 3932 ecclesia

614 3976 780 4031 etiam
808 3976 1167 4047 jurejurando
1207 3979 1257 4033 ei
1287 3956 1637 4034 conﬁrmaret
1667 3979 1889 4049 proprio
1925 3996 2020 4036 ore
2042 3956 2202 4052 jura-
2304 4000 2397 4037 an.
2433 3981 2616 4053 1066).
2649 3956 2744 4036 Ea
2767 3956 2949 4035 tamen
2986 3978 3302 4035 conditione
3329 3974 3366 4005 ³¹
3405 3961 3649 4035 interposita
3666 3956 3731 4007 huic

615 4076 743 4124 turo
774 4068 1018 4137 dictavit,
1069 4070 1435 4140 prasentibus
1477 4069 1555 4123 ibi
1598 4069 1927 4140 quibusdam
1973 4074 2206 4144 optima-
2309 4074 2644 4141 remissioni,
2671 4081 2734 4127 ut
2763 4071 2957 4145 viginti
2985 4070 3206 4127 modios
3233 4080 3403 4123 avena
3425 4066 3586 4116 nostra
3601 4058 3731 4105 mem
3782 4058 3783 4101 ἓ

618 4158 766 4215 tibus
809 4160 941 4215 suis.
988 4158 1274 4216 Gabelium
1310 4167 1493 4214 autem
1534 4161 1702 4215 semel
1748 4161 1805 4216 in
1847 4162 2079 4220 dicendo
2122 4164 2208 4219 in-
2307 4166 2730 4237 raprapositus
2749 4163 3095 4220 Anseromia
3116 4170 3249 4234 quot
3273 4157 3418 4214 annis
3448 4147 3737 4237 exsolveret“?

618 4252 822 4322 gressi,
846 4334 847 4337 η
872 4253 1089 4309 videtur
1137 4253 1271 4309 utile
1314 4252 1708 4310 notiticandum
1764 4258 2031 4327 posteris,
2080 4259 2208 4316 licet
2309 4227 2561 4323 nitatui,
2608 4256 2823 4312 villicus
2869 4270 3001 4310 vero
3051 4227 3196 4309 villa
3238 4250 3303 4306 de
3346 4249 3614 4314 ullatluaque
3782 4240 3783 4321 ἒ

619 4334 1004 4416 praoccupato
1045 4344 1239 4400 ordine
1294 4345 1588 4414 narrandi,
1631 4347 1764 4418 quid
1807 4348 1882 4404 ibi
1921 4350 2210 4423 contigerit
2288 4352 2555 4422 ejusdem
2598 4349 2883 4422 potestatis
2932 4348 3184 4405 modium
3223 4358 3385 4401 unum
3423 4348 3575 4395 avenae
3782 4362 3783 4423 ξ

619 4443 866 4506 tempore
912 4434 1121 4491 domini
1167 4433 1410 4492 Heinrici
1450 4436 1713 4507 episcopi.
1761 4432 1954 4495 omnis
1996 4410 2208 4496 decima
2310 4410 2411 4517 p-ro
2429 4410 2704 4515 praedictis
2737 4442 2936 4498 modiis
2963 4441 3161 4513 viginti
3190 4433 3525 4509 reponendum
3546 4410 3736 4481 domitu“E

620 4526 955 4595 ubicumque
996 4524 1177 4595 jaceat
1217 4526 1361 4581 intra
1411 4526 1678 4583 bannales
1730 4529 1992 4585 terminos
2037 4531 2208 4588 totius
2240 4520 2287 4579 D
2317 4536 2502 4594 curias.
2534 4535 2602 4591 Et
2624 4537 2741 4592 haec
2764 4536 3007 4592 conditio
3038 4534 3256 4590 ﬁrmata
3284 4540 3364 4586 est
3395 4523 3591 4582 maxime

621 4614 873 4681 Gabellii,
909 4621 1126 4670 constat
1144 4629 1267 4672 esse
1287 4615 1357 4671 ab
1384 4614 1614 4687 antiquo
1652 4618 1897 4674 ecclesia
1923 4620 2071 4675 beati
2096 4618 2211 4676 Hu-
2318 4630 2464 4685 tibus
2491 4629 2733 4697 villanis,
2762 4628 2859 4700 qui
2897 4642 2993 4698 per
3027 4625 3360 4683 exactionem
3394 4615 3631 4674 comitatus

622 4706 781 4773 berti.
825 4706 983 4776 Apud
1020 4706 1222 4762 villam'
1248 4723 1379 4763 vero
1411 4706 1709 4764 Fisealium
1757 4710 1869 4783 (70)
1913 4711 2114 4769 excisis
2152 4715 2209 4770 in
2313 4721 2680 4793 gravabantur
2714 4687 3110 4777 extraneis.
3148 4716 3352 4771 —lloc
3384 4712 3524 4769 etiam
3550 4687 3742 4793 templi“:

624 4797 826 4856 foreste
876 4799 1060 4866 sartis,
1111 4798 1342 4857 fecunda
1396 4800 1473 4857 ibi
1521 4780 1858 4872 provenerat
1889 4805 2107 4861 messis.
2148 4804 2207 4860 In
2311 4780 2623 4871 ἶνίιιειηιυε
2656 4829 2841 4870 comes
2888 4811 3334 4869 Nomannomm
3380 4796 3612 4860 debellatis
3782 4780 3783 4839 3

625 4892 767 4949 hanc
813 4892 1108 4964 irrepserat
1160 4893 1391 4950 latenter
1436 4892 1730 4966 Raguenus
1772 4896 2019 4967 ejusdem
2066 4900 2208 4957 villa
2310 4904 2489 4962 factus
2512 4916 2597 4963 est
2620 4922 2717 4963 rex
2738 4921 2967 4975 eorum;
2994 4904 3114 4978 qui,
3138 4918 3209 4959 ne
3236 4902 3467 4973 ingratus
3490 4881 3746 4950 esselW

1982 5056 2215 5114 VARIE
2254 5059 2659 5120 LECTIONES.

1505 5166 1798 5239 “justitiis
1828 5170 1878 5224 1.
1956 5172 2000 5204 ³³
2031 5174 2277 5232 conditio
2306 5176 2356 5232 1.
2436 5177 2482 5209 ³³
2520 5178 2662 5233 deest
2695 5178 2745 5233 1.
2779 5178 2849 5233 1⁸.

2169 5307 2397 5369 NOTAE.

604 5430 609 5435 ι
699 5395 813 5470 (66)
852 5396 931 5451 La
956 5395 1191 5477 Haeme,
1221 5397 1542 5477 aﬂlueptde
1578 5400 1628 5455 la
1662 5400 1868 5477 Mense,
1901 5402 1995 5475 qui
2035 5405 2210 5477 prend
2392 5406 2505 5477 (70)
2532 5406 2833 5477 Feschaux.
2859 5404 2925 5460 R.
2986 5476 2993 5477 γ
3171 5475 3183 5477 _
3324 5474 3332 5477 Α
3535 5464 3546 5477 ,
3595 5459 3639 5477 ._
3666 5448 3705 5477 _.;

626 5456 1243 5550 εειῖξρέινςθειυ-ἀθεεὶμε
1270 5471 1338 5527 de
1365 5468 1628 5550 οθιέίηῑιθ-
1661 5471 1727 5527 Β·
2324 5548 2331 5550 .
2391 5456 3019 5550 ἒάὕξῐιᾶἶιὲἆὺὲξά,
3047 5474 3418 5550 remittemus
3453 5456 3749 5550 εεσέεξὲεηξβὲ

702 5522 847 5624 (67).
940 5522 1333 5624 εήεήρὶοῇθῖιῖᾳξ
1360 5522 1816 5624 modo—loquendi.
1838 5545 1893 5624 in
1909 5545 2027 5624 _hoc
2047 5562 2213 5619 opere
2318 5522 2887 5624 int‘e-r-lM-ittajcul-a'
2920 5522 3613 5624 Eswleguntur.
3644 5522 3701 5580 “hi
3717 5524 3747 5566 ⁸³

626 5611 838 5684 passim
866 5611 1051 5684 obvio,
1076 5618 1138 5664 ut
1167 5626 1217 5667 c.
1246 5614 1333 5667 19.
1366 5612 1422 5668 in
1462 5614 1590 5681 line,
1622 5611 1671 5671 ἒ.
1702 5615 1773 5669 27
1804 5616 1979 5673 initio.
2080 5611 2102 5619 “
2318 5630 2510 5677 nostro
2539 5621 2723 5676 addita
2747 5634 2870 5676 esse
2893 5618 3172 5675 existimo.

854 5681 1097 5806 ἔῗνηξενο
2394 5691 2506 5823 (72)
2555 5689 3058 5773 νὶενυεηΗρηιΙιευς
3088 5687 3202 5767 R."
3334 5742 3338 5743 ,

926 5749 1181 5807 olumont.
1217 5748 1284 5808 Η.
1953 5772 1966 5785 ⁸
2009 5768 2043 5789 κ·
2398 5763 2486 5823 (75
2548 5762 2933 5823 Lothartngta,
2966 5776 3056 5823 qui
3089 5759 3230 5815 obut
3258 5754 3338 5814 101

727 5748 819 5822 69)
854 5749 1181 5807 Flolu'mont.
1217 5748 1284 5808 Η.
1953 5772 1966 5785 ⁸
2009 5768 2043 5789 κ·
2398 5748 2506 5833 (75)
2548 5748 2933 5839 Lotharingia,
2966 5748 3056 5832 (ιῖιὶ
3089 5756 3230 5815 obiit
3252 5754 3408 5832 .1065.

700 5161 746 5194 ⁸⁸
779 5161 1003 5219 omnino
1042 5164 1118 5218 l‘.
1151 5164 1198 5199 ”
1225 5165 1334 5222 illis
1354 5166 1427 5223 1⁸.
