3902 6286
160 277 272 340 1561

154 501 353 561 quaque
402 486 641 542 evocatis
683 490 1111 560 praeceptoribus
1140 492 1443 566 religiosis,
1475 497 1723 554 ordinem

149 579 385 651 perfectae
434 579 722 651 religionis
750 581 834 635 vel
882 583 1120 639 instituit
1160 584 1244 641 vel
1285 586 1630 657 reformavit,
1669 597 1724 646 et

148 687 237 745 per
260 672 543 727 exterioris
576 672 1095 732 amministrationis
1117 676 1163 709 ⁸³
1187 677 1334 749 leges
1377 680 1625 751 publicas
1653 682 1721 738 ad

147 764 293 821 civile
323 765 490 821 decus
528 764 785 821 excoluit.
828 764 976 822 Idem
1028 783 1123 824 rex
1168 777 1230 825 ut
1272 779 1389 826 erat
1436 772 1621 846 largus
1664 774 1720 831 in

145 858 413 926 donariis,
462 876 587 916 cum
634 860 691 915 in
750 860 1145 933 solempnitate‘
1191 867 1439 936 paschali
1490 869 1720 926 militem

142 952 420 1022 quemdam
448 953 658 1009 videret
686 969 811 1010 cum
834 954 1189 1015 offerentibus
1218 976 1328 1017 non
1351 962 1566 1031 offerre,
1594 980 1721 1022 evo-

141 1053 312 1101 catum
379 1046 738 1119 interrogavit
776 1063 877 1104 cur
906 1049 1041 1105 non'
1068 1051 1314 1124 offerret;
1357 1055 1451 1112 illo
1493 1074 1720 1130 respon-

137 1136 290 1192 dente
331 1138 436 1193 sibi
472 1139 662 1195 deesse
702 1142 849 1211 quod
870 1139 1315 1215 'p0sset'0ﬂ'erre,
1358 1165 1452 1205 rex
1498 1162 1717 1208 centum

136 1224 297 1283 libras
318 1228 669 1284 denariorum
696 1230 774 1284 illi
799 1230 967 1301 jussit
986 1231 1207 1303 deferri,
1237 1253 1376 1308 quas
1403 1239 1493 1296 ille
1518 1241 1571 1295 in
1603 1242 1717 1297 cla-

134 1318 276 1374 mide
313 1336 412 1376 sua
465 1318 751 1393 susceptas
799 1322 920 1379 sine
962 1327 1295 1385 retractione
1342 1347 1508 1403 super
1547 1334 1718 1391 altare

132 1425 322 1469 omnes
348 1413 462 1470 Deo
490 1415 706 1472 obtulit.
745 1417 973 1478 Miratus
998 1437 1095 1477 rex
1130 1438 1254 1478 cum
1301 1424 1498 1481 ceteris
1532 1436 1718 1483 astan-

127 1503 272 1561 tibus
314 1507 475 1564 lidem
525 1509 834 1581 offerentis,
879 1515 1142 1587 quicquid
1190 1517 1426 1587 pascalis
1473 1520 1717 1577 muneris

127 1597 230 1653 sibi
260 1599 453 1656 eodem
494 1601 735 1659 delatum
775 1616 880 1671 est,
919 1608 1076 1664 militi
1118 1609 1379 1666 restituit.
1409 1611 1717 1668 —Britan-

121 1689 249 1745 nico
281 1691 327 1723 “
351 1693 568 1750 cuidam
597 1696 799 1753 clerico
844 1697 1184 1771 Marbodoni,
1215 1718 1340 1759 cum
1376 1706 1717 1762 recumberet

122 1781 190 1837 ad
216 1784 511 1852 prandium
528 1786 804 1844 Guillelmi
826 1806 992 1863 regis,
1019 1764 1197 1850 delata
1220 1805 1305 1851 est
1326 1797 1395 1852 ab
1418 1797 1715 1853 bibendum
1746 1764 1794 1827 Β

118 1885 379 1946 argentea
412 1878 457 1910 ³⁸
488 1881 675 1950 navis;
708 1897 877 1953 quam
908 1883 1039 1939 dum
1078 1885 1135 1939 in
1161 1901 1327 1942 manu
1362 1897 1592 1956 teneret,
1628 1898 1715 1946 ta-

117 1966 224 2021 lem
259 1970 329 2025 de
356 1970 448 2026 illa
477 1989 698 2029 versum
725 1976 905 2033 dixit.:

188 2059 306 2116 Nec
331 2065 447 2133 pice
475 2081 567 2119 nec
587 2066 752 2121 clavis
772 2077 884 2139 eget
909 2069 1021 2124 haec
1045 2070 1292 2142 argentea
1324 2076 1494 2130 navis.

115 2151 273 2225 Hugo
328 2152 696 2227 Lingoncnsis
753 2160 1047 2231 episcopus
1103 2161 1216 2235 (74)
1277 2162 1713 2239 Hierosolymam

117 2246 315 2314 iturus,
358 2248 430 2303 ad
471 2252 834 2320 expetendum
868 2254 969 2309 vim
1005 2254 1310 2311 subsidium
1341 2259 1593 2314 eumdem
1622 2275 1743 2316 re-.

111 2353 228 2410 gem
268 2340 431 2409 adiit,
455 2342 616 2413 eique
650 2345 809 2416 quasi
850 2346 918 2401 ad
945 2346 1227 2404 decentem
1255 2350 1488 2420 gratiam
1519 2352 1715 2423 hujus-

106 2433 256 2488 modi
294 2433 690 2492 salutationem
725 2440 1113 2508 praesentavit:

48 2522 53 2527 ”
173 2523 236 2607 Si
264 2529 397 2599 quis
423 2529 480 2582 in
514 2538 638 2584 ante
664 2531 806 2587 videt
829 2533 921 2604 qui
952 2541 1001 2588 te
1030 2535 1414 2607 circumspicit,
1443 2555 1508 2593 ea:
1536 2547 1585 2594 te

172 2606 433 2692 Colligit,
463 2630 587 2677 ante
615 2639 807 2693 comes,
831 2641 924 2681 rex
948 2626 1124 2695 modo,
1153 2606 1323 2685 aesar
1347 2632 1467 2687 erit.

95 2708 232 2778 Qua:
253 2713 394 2770 laus
428 2715 729 2773 multorum
752 2717 942 2775 favore
974 2721 1223 2792 exposita
1254 2730 1309 2780 et
1333 2727 1715 2784 commendata

94 2820 220 2862 cum
251 2809 572 2880 placuisset
602 2812 737 2883 regi,
777 2813 1003 2886 longum
1039 2823 1126 2872 est
1163 2820 1456 2875 memorari
1488 2834 1623 2891 quot
1661 2833 1717 2879 et

92 2903 326 2970 quantis
384 2903 548 2959 donis
592 2904 911 2977 episcopum
955 2909 1329 2967 honoraverit.
1369 2911 1515 2968 Idem
1558 2912 1715 2989 Hugo

96 3010 227 3051 cum
256 3012 503 3069 puerum
529 2999 822 3069 quemdam
852 3001 1162 3059 ordinasset
1181 3005 1532 3073 exorcistam,
1559 3005 1714 3080 Hugo

95 3088 525 3163 Lugdunensis
555 3094 1005 3167 archiepiscopus
1055 3108 1110 3153 et
1157 3097 1421 3156 Romanae
1467 3102 1788 3184 ecclesitec

94 3183 320 3256 legatus
344 3184 600 3240 eamdem
631 3187 1034 3245 ordinationem
1068 3190 1237 3247 nimis
1263 3192 1557 3249 indiscrete
1586 3194 1713 3249 irri-

88 3285 207 3330 tam
237 3275 541 3345 judicavit,
582 3277 796 3349 ipsique
828 3296 999 3350 puero
1018 3283 1276 3354 acceptos
1316 3287 1485 3342 semel
1509 3287 1713 3360 gradus

86 3384 194 3425 sua
229 3370 593 3427 ordinatione
623 3372 859 3431 iteravit.
894 3374 1047 3434 Hanc
1081 3378 1339 3449 injuriam
1370 3383 1456 3438 sui
1501 3384 1713 3455 episco-

77 3477 197 3533 pus
223 3462 487 3518 mordaci
509 3464 638 3534 joco
660 3470 912 3538 removit,
944 3479 999 3526 et
1022 3471 1338 3544 hujusmodi
1366 3476 1509 3533 sales
1529 3478 1712 3534 archi-

76 3556 372 3627 episcopo
402 3556 457 3610 in
489 3555 685 3614 faciem
709 3562 939 3632 rejecit:

157 3646 229 3705 Si
256 3657 470 3704 veteres
496 3665 745 3707 renovare
769 3654 967 3724 gradus
997 3667 1053 3711 ut
1080 3662 1319 3715 carmina
1344 3666 1530 3730 nostis,

158 3741 331 3798 Unde
366 3759 519 3797 reum
546 3760 628 3799 me
649 3746 869 3818 quisque
891 3763 1036 3803 meus
1067 3752 1386 3822 prrejudieat
1414 3756 1600 3821 hostis,

143 3834 292 3891 Jam
322 3834 485 3889 uideo
509 3836 649 3907 quod
679 3840 932 3910 quicquid
954 3858 1052 3913 ago
1078 3853 1285 3901 mutare
1307 3850 1557 3918 potestis;

151 3928 271 3986 Sed
314 3928 480 3983 doleo
503 3932 642 4002 quod
664 3949 768 3987 non
794 3934 941 3989 valeo
962 3936 1043 3991 vel
1070 3954 1221 3994 nosse
1243 3942 1382 4013 quod
1400 3945 1546 3998 estis.

147 4021 219 4080 Si
252 4023 469 4095 priscae
491 4024 709 4093 pietatis
732 4016 882 4082 amor
904 4020 991 4084 vos
1004 4024 1355 4103 'detiu'uisset,

146 4115 232 4171 Et
259 4132 489 4171 servum
510 4119 602 4189 qui
633 4128 801 4175 vester
824 4140 970 4178 eram
1000 4141 1105 4179 non
1132 4126 1466 4198 deseruisset,

140 4208 273 4265 Pro
304 4225 486 4281 puero
517 4210 639 4265 licet
663 4214 861 4269 eximio
887 4233 989 4271 non
1019 4229 1151 4274 esset
1176 4223 1457 4292 agendum.

142 4302 503 4374 Pontiﬁcem
534 4304 647 4359 sine
667 4305 878 4375 judicio
904 4311 983 4364 sic
1012 4311 1423 4385 destituendum,

136 4395 310 4465 Quid
343 4395 561 4451 latuit?
583 4414 701 4469 qua:
731 4418 896 4456 causa
925 4403 1069 4473 fuit?
1097 4407 1201 4477 fuit
1229 4409 1381 4464 utilis
1412 4411 1540 4465 ordo

134 4491 265 4547 Per
291 4508 391 4546 me
420 4493 514 4563 qui
539 4482 783 4564 quartus,
815 4513 909 4567 per
929 4514 1015 4553 vos
1042 4500 1145 4570 fuit
1173 4502 1225 4556 in
1253 4504 1600 4562 decue/tardo.

126 4584 279 4641 Iam
305 4586 597 4641 decimare
617 4589 758 4659 quod
781 4598 860 4644 est
879 4593 1094 4661 poterit,
1117 4594 1444 4669 multumque
1467 4599 1702 4672 benigne,

134 4677 286 4734 Tres
311 4678 531 4750 poterit
551 4688 807 4748 prastare
827 4684 1025 4754 gradus
1053 4694 1103 4739 et
1136 4687 1363 4756 psallere
1385 4689 1558 4763 digne.

1732 4477 1789 4540 D

1171 279 1571 343 CHRONICON
1608 280 1666 345 S.
1705 283 2371 379 HUBERTLANDAGIN.

155 412 183 452 a
207 393 309 448 Deo
337 388 442 446 sibi
468 388 672 457 collati,
704 403 800 462 per
830 392 1083 450 emnobia
1126 399 1293 454 totius
1321 399 1529 472 Anglia:
1554 403 1728 459 unde-
1754 407 1803 467 Δ
1860 444 1863 447 -
1900 407 1986 463 l8.
2014 384 2179 503 126.).
2205 413 2397 470 Gozilo
2425 416 2908 499 comesﬁhaniae
2949 428 3063 503 (75)

3268 323 3292 379 i
3303 322 3412 383 56’

1860 444 1863 447 -
1901 438 1986 463 ιο.
2031 438 2169 483 μυ.)
2205 438 2397 470 υυιιιο
2425 438 2908 499 comesgmanue
2949 438 3063 503 (75)
3096 438 3241 506 apud
3269 439 3417 499 Mar.

1825 498 1992 556 lidam
2037 490 2421 566 dominicalem
2466 512 2692 570 domum
2732 517 2998 577 violenter
3035 523 3217 600 fregit,
3255 542 3310 588 et
3344 537 3413 594 ad

1824 598 2085 669 placitum
2136 620 2298 662 suum
2341 609 2548 667 abusus
2580 613 2781 671 ibidem
2810 598 3413 704 quibusque—inventis,

1824 709 1914 753 res
1948 699 2113 756 etiam
2148 702 2535 761 ecclesiasticae
2568 705 2789 766 familiae
2817 713 3146 775 satellitibus
3182 723 3299 779 suis
3329 699 3414 781 di;

1825 789 2101 860 ripiendas
2122 796 2394 866 permisit,
2418 805 2474 853 et
2500 814 2627 855 cum
2659 813 2911 862 coenatus
2933 811 3278 878 protraheret
3312 831 3411 873 no-

1823 890 1965 940 ctem
1997 885 2139 956 jocis
2163 898 2216 945 et
2250 892 2617 962 sermonibus,
2645 908 2867 968 repente
2887 916 3184 972 percussus
3206 908 3413 966 ultione

1821 974 2007 1071 divina
2029 978 2085 1071 in
2119 980 2241 1051 ipso
2285 986 2610 1055 crepusculo
2654 987 2830 1046 ﬁnivit
2876 992 3043 1050 vitam
3076 998 3188 1067 (an.
3226 998 3410 1071 1064).

1822 1064 1975 1123 Uxor
2020 1070 2142 1141 ejus
2185 1073 2568 1138 Ermentrudis
2612 1082 2680 1138 de
2725 1086 3024 1144 commisso
3067 1092 3277 1146 domini
3326 1092 3412 1147 sui

1822 1158 2085 1215 humilem
2112 1164 2541 1228 satisfactionem
2573 1172 2735 1230 beato
2758 1173 3001 1234 Huberto
3023 1188 3078 1235 et
3103 1181 3283 1237 abbati
3316 1199 3413 1255 per

1821 1250 2112 1321 optimates
2140 1270 2272 1313 suos
2301 1263 2602 1332 mandavit,
2642 1275 2698 1322 et
2729 1276 2789 1323 ut
2827 1268 3029 1326 ibidem
3061 1287 3262 1344 corpus
3288 1250 3409 1345 ejus

1820 1343 2144 1414 sepeliretur
2188 1352 2447 1421 expetiit."
2481 1353 2666 1415 Abbas
2703 1375 2770 1415 ex
2813 1362 3048 1419 consilio
3090 1343 3330 1421 fratrum
3357 1375 3413 1423 et

1820 1436 2181 1496 satisfactioni
2225 1452 2280 1498 et
2330 1442 2578 1515 petitioni
2616 1454 2836 1521 annuit,
2888 1457 3210 1529 sepultoque
3248 1459 3412 1517 Gozi—

1821 1526 1965 1595 Ione,
2004 1528 2347 1590 Summeium
2392 1537 2655 1595 allodium
2700 1558 2825 1598 cum
2874 1526 3050 1602 matre
3080 1526 3311 1605 ecclesia
3356 1558 3413 1606 et

1820 1618 2030 1678 familia
2058 1624 2128 1680 ab
2159 1625 2523 1687 Ermentrude
2546 1648 2720 1691 uxore
2745 1636 2914 1706 illius,
2953 1650 3002 1695 et
3027 1639 3272 1709 Conone,
3301 1640 3413 1697 Ho-

1819 1713 1993 1783 dulfo,
2031 1716 2266 1776 Widone
2294 1732 2350 1778 et
2371 1722 2608 1783 Henrico
2635 1727 2762 1785 ﬁliis
2789 1730 2930 1801 ejus,
2959 1732 3207 1805 lcgaliter
3236 1735 3413 1791 eccle-

1822 1808 1918 1865 siae
1958 1810 2223 1869 donatum
2272 1817 2565 1887 acquisivit
2607 1820 2741 1893 (76).
2787 1822 2901 1880 Sub
2937 1825 3129 1881 eodem
3170 1833 3415 1898 tempore

1819 1901 1987 1959 simul
2014 1915 2193 1977 empta
2212 1910 2301 1963 est
2328 1907 2446 1963 fieri
2475 1917 2600 1965 octo
2624 1913 2858 1967 turrium
2882 1931 3109 1984 corona,
3135 1925 3191 1972 et
3210 1932 3333 1988 qua:
3357 1918 3413 1972 in

1818 2006 1977 2067 prato
2009 2007 2095 2054 est
2131 2000 2187 2054 in
2238 2000 2446 2058 honore
2487 2003 2629 2059 beati
2672 2004 2875 2076 ΑΞεῄῦί
2920 2006 3176 2077 ecclesia,
3220 2024 3416 2064 murus

1818 2103 2039 2160 quoque
2064 2091 2211 2147 circa
2236 2094 2633 2149 monasterium
2657 2096 2749 2166 qui
2775 2096 2944 2152 nimia
2966 2105 3237 2154 vetustate
3260 2112 3417 2169 paene

1819 2186 1967 2239 totus
1987 2174 2293 2250 corruerat,
2321 2185 2624 2241 claustrum
2655 2202 2876 2258 quoque
2903 2198 2958 2244 et
2980 2190 3175 2260 cripta.

1889 2273 1978 2332 l9.
2012 2274 2151 2347 (27.)
2182 2275 2440 2332 Adeladis
2461 2277 2741 2333 comitissa
2769 2278 3071 2335 Aratleonis
3098 2280 3277 2335 fuerat
3305 2279 3418 2335 lilia

1817 2366 2161 2424 nobilissima
2176 2367 2334 2423 ducis
2351 2367 2700 2437 Theoderici,
2716 2386 2873 2427 soror
2892 2386 3025 2427 vero
3042 2370 3285 2443 Sigifridi
3300 2372 3417 2445 (77)

1816 2462 1989 2535 patris
2025 2462 2349 2518 marchisszc
2387 2462 2668 2520 Bcatricis.
2711 2463 2888 2536 Hujus
2934 2467 3158 2538 quidam
3189 2467 3419 2524 cubicu-

1817 2556 2049 2634 larius,a
2094 2555 2290 2611 rabido
2355 2572 2492 2612 eanc
2535 2572 2757 2614 morsus
2813 2569 2868 2614 et
2935 2557 3192 2629 infectus,
3233 2560 3416 2617 solum

1816 2647 1962 2721 quod
2008 2657 2295 2720 supererat
2325 2649 2376 2705 ei
2421 2649 2722 2706 remedium
2774 2650 2988 2720 salutis,
3020 2653 3086 2708 ad
3118 2653 3263 2709 beati
3300 2651 3419 2708 Hu-o

1817 2741 1955 2798 bcrti
1997 2742 2365 2813 patrocinium
2397 2740 2665 2815 confugit.
2713 2741 2846 2826 Ejus
2873 2743 3019 2799 enim
3049 2749 3195 2816 apud
3239 2743 3414 2801 Deum

1817 2835 2028 2892 meritis
2059 2836 2291 2892 habetur
2316 2836 2370 2890 in
2399 2835 2523 2892 loco
2543 2835 2735 2891 eodem
2762 2836 3039 2910 singulare
3064 2836 3415 2909 privilegium

1816 2926 2059 2996 probata:
2113 2926 2354 2994 virtutis,
2400 2935 2462 2981 ut
2488 2925 2533 2982 si
2577 2925 2704 2997 quis
2731 2924 2969 2983 infectus
3015 2942 3203 2983 morsu
3235 2926 3416 2984 rabidi

1818 3018 1970 3074 canis
2004 3008 2099 3073 aut
2127 3019 2243 3089 lupi
2268 3029 2365 3074 aut
2393 3018 2794 3090 cujuscumque
2818 3018 3001 3074 insani
3025 3019 3297 3090 peecoris,
3321 3019 3416 3075 illo

1816 3107 2139 3180 confugiens
2163 3108 2372 3165 incisus
2403 3108 2588 3177 fuerit,
2614 3109 2889 3179 ritumque
2910 3108 3155 3180 ejusdem
3189 3109 3417 3166 incisio-

1815 3202 1902 3259 nis
1925 3202 2227 3258 servaverit
2257 3202 2393 3274 (78),
2418 3203 2538 3259 sine
2560 3202 2728 3258 dubio
2753 3201 2934 3259 evadit
2958 3203 3266 3274 periculum
3289 3219 3414 3260 eer-

1815 3295 2039 3351 tissinue
2076 3294 2291 3350 mortis.
2328 3293 2415 3361 Et,
2443 3304 2502 3350 ut
2521 3311 2619 3366 per
2647 3312 2934 3355 excessum
2967 3311 3092 3352 vera
3114 3296 3415 3367 probemus

1752 3440 1761 3448 .
1813 3405 1935 3447 esse
1967 3406 2091 3463 qua:
2121 3390 2381 3457 dicimus,
2419 3391 2661 3448 vidimus
2690 3393 2794 3464 ipsi
2826 3392 3035 3449 nostris
3068 3391 3413 3464 temporibus

1812 3482 1952 3540 duos
1973 3484 2205 3555 juvenes
2234 3484 2300 3540 de
2334 3498 2473 3557 pago
2496 3482 2826 3556 Hasbanico,
2856 3486 2952 3558 qui
2994 3483 3183 3541 infecti
3213 3501 3244 3540 a
3267 3498 3411 3556 quo-

1812 3576 1938 3632 dam
1967 3593 2102 3634 canc
2127 3578 2339 3645 rabido,
2374 3592 2442 3633 ne
2467 3578 2535 3633 ad
2559 3578 2818 3635 meritum
2842 3578 2987 3634 beati
3012 3575 3243 3633 Huberti
3272 3591 3412 3633 con-

1814 3671 2064 3741 fugerent
2086 3672 2293 3727 seducti
2318 3681 2447 3728 sunt
2471 3689 2501 3727 a
2524 3674 2764 3744 quodam
2792 3672 3126 3744 presbitero;
3155 3668 3413 3742 promisit

1811 3776 1945 3817 vero
1966 3762 2047 3817 eis
2073 3764 2372 3832 quihudam
2405 3764 2875 3821 incantationibus
2909 3774 2965 3820 et
2994 3760 3412 3820 medicamentis

1813 3853 2196 3910 certitudinem
2229 3855 2501 3922 sanitatis,
2546 3866 2881 3927 acceptoque
2917 3856 3044 3912 inde
3091 3854 3408 3922 commodo,

1811 3947 1943 4003 fecit
1988 3963 2086 4004 eos
2126 3946 2425 4018 persistere
2468 3948 2638 4016 domi,
2674 3946 3123 4020 confugientibus
3171 3948 3294 4003 aliis
3340 3947 3410 4002 ad

1812 4041 2101 4097 ecclesiam
2127 4040 2270 4096 beati
2293 4039 2545 4109 Huberti,
2566 4042 2660 4114 qui
2686 4040 2937 4098 videlicet
2958 4040 3027 4096 ab
3053 4040 3245 4096 eodem
3272 4052 3411 4094 cane

1813 4132 2033 4190 fuerant
2064 4134 2248 4191 infecti
2278 4155 2290 4190 :
2325 4135 2528 4206 quibus
2564 4137 2715 4192 sanis
2744 4134 3125 4202 redeuntibus,
3161 4131 3408 4206 pradicti
3462 4184 3465 4185 ν

1806 4228 2038 4300 juvenes
2059 4227 2220 4285 furiis
2241 4238 2295 4285 et
2316 4227 2602 4286 doloribus
2625 4230 2804 4285 vexati
2827 4238 3113 4299 coeperunt
3141 4226 3405 4293 insanire,

1811 4330 1872 4377 ut
1900 4321 2014 4393 lupi
2050 4321 2283 4391 ululare,
2317 4331 2377 4379 ut
2403 4338 2570 4379 canes
2609 4323 2828 4391 latrare,
2860 4322 3061 4393 vixque
3103 4321 3170 4377 ad
3209 4334 3406 4375 mona-

1813 4414 2042 4469 sterium
2078 4415 2295 4471 deducti
2321 4424 2376 4471 et
2399 4415 2472 4471 ibi
2508 4415 2732 4481 mortui,
2756 4414 3071 4471 videntibus
3100 4423 3157 4470 et
3179 4412 3407 4468 audien-

1814 4509 1963 4564 tibus
1987 4509 2341 4564 incusserunt
2371 4516 2577 4564 metum
2606 4508 2832 4564 maximi
2868 4506 3139 4563 horreris.
3164 4503 3271 4562 Sed
3299 4504 3408 4561 hoc

1813 4618 1911 4675 per
1924 4618 2233 4659 excessum.
2249 4601 2551 4658 Praedictus
2562 4612 2744 4658 autem
2762 4602 3133 4658 cubicularius
3148 4599 3405 4655 Adeladis

1813 4712 1879 4753 ex
1921 4712 2077 4752 more
2124 4682 2343 4753 incisus
2377 4704 2432 4752 et
2481 4696 2661 4753 soluto
2708 4695 3008 4767 capitalitio
3051 4694 3166 4754 (79ὶ
3209 4707 3403 4783 servus

1334 4785 1349 4796 °
1416 4806 1648 4864 unus
1686 4809 2095 4869 LECTIONES.

122 4890 176 4923 ³³
206 4887 779 4979 θῳηιὶηἰεῑςξηίοηεε
807 4890 856 4945 1.
890 4946 894 4950 ,
954 4894 999 4925 ³⁸
1026 4894 1433 4979 Britannieo_—
1453 4901 1608 4957 navis
1640 4920 1758 4979 ρρει
1788 4905 2021 4976 psallere
2049 4905 2213 4979 digne
2240 4906 2501 4962 collocata
2521 4915 2647 4962 sunt
2675 4906 2734 4961 in
2761 4907 2811 4961 l.
2838 4905 2930 4961 sed
2963 4922 3057 4977 per
3095 4903 3400 4959 litterarum

34 4963 220 5036 signa
249 4962 634 5032 transposita.
713 4963 757 4994 ³⁵
789 4978 953 5020 aurea
984 4982 1245 5038 superscr.
1275 4971 1361 5026 vel
1386 4962 1651 5043 argentea.
1672 4976 1726 5032 1.

1594 5063 1824 5124 ΝΟΤΛΕ.

150 5148 261 5222 74)
308 5147 461 5222 ᾼῙίςι
483 5148 705 5222 nomine
726 5149 906 5206 dictus
932 5149 1242 5210 Hainardus
1266 5153 1594 5214 1065-1085.

150 5219 262 5300 '75)
311 5219 973 5300 Béltogueudependance
995 5223 1068 5279 du
1095 5225 1269 5300 bourg
1291 5226 1357 5300 de
1385 5226 1703 5300 Hochefort,

33 5290 147 5418 ἱειιί
198 5290 367 5418 ἐξῆ
407 5291 465 5345 lc
505 5290 765 5347 chef-lieu
814 5294 888 5348 du
936 5295 1184 5367 doyenné
1233 5290 1507 5369 Bobania;
1547 5290 1703 5356 Mar-1

55 5383 192 5418 oue.
304 5405 322 5418 .

28 5367 192 5421 Ioue.
240 5367 322 5418 Β.

94 5383 293 5513 ﬁgi;
304 5405 971 5513 bipl.-edidit_8ertholet
992 5438 1094 5513 lll_,_
1112 5438 1351 5513 Preuves
1369 5483 1386 5511 ,
1412 5458 1466 5513 p.
1500 5443 1589 5499 29.

116 5503 138 5582 ζ
147 5503 257 5581 77)
309 5503 784 5582 irrio_Fridcrici;
821 5510 983 5566 vidua
1025 5503 1341 5569 Waleranni
1372 5503 1514 5569 com.
1546 5515 1701 5572 Arae-

25 5575 243 5637 ieonis
277 5579 425 5635 sive
452 5575 793 5634 Arlunensis.

113 5652 254 5725 (78)
305 5648 971 5725 Hactenusperseverat
990 5656 1130 5725 apud
1174 5654 1230 5711 S.
1272 5655 1575 5713 Hubertum
1608 5659 1700 5715 ille

20 5719 195 5783 ritus
228 5719 590 5788 incisionis,
618 5719 672 5776 la
707 5721 873 5779 taille.
905 5719 1175 5783 Nimirum
1203 5744 1235 5783 a
1262 5728 1453 5784 rabido
1476 5730 1698 5785 animali

20 5797 301 5862 morsis,
354 5799 502 5862 post
527 5794 771 5865 deposita
806 5796 870 5852 ad
900 5800 1238 5863 sacerdotem
1266 5808 1510 5874 peccata,
1539 5817 1696 5867 sacra

1810 5162 2197 5220 communione
2220 5161 2439 5220 refectis
2473 5163 2535 5219 lit
2557 5180 2683 5221 cum
2717 5163 3082 5220 instrumento
3116 5162 3174 5218 in
3216 5162 3398 5221 fronte

1809 5251 1979 5307 parva
2006 5235 2218 5303 incisio,
2242 5243 2297 5290 et
2320 5236 2374 5289 in
2396 5236 2630 5307 vulnere
2658 5236 2923 5292 inseritur
2941 5233 3208 5307 particula
3243 5236 3398 5293 stolae

1811 5306 1869 5361 S.
1904 5305 2151 5389 Huberti,
2176 5322 2342 5389 quam
2369 5306 2538 5389 linteo
2568 5308 2635 5389 ad
2658 5306 2895 5363 frontem
2921 5305 3150 5389 alligato
3171 5316 3268 5389 per
3295 5322 3397 5389 no:

1806 5393 1928 5456 vom
1968 5377 2086 5433 dies
2127 5378 2297 5456 morsi
2352 5378 2874 5456 deferun_t,_certam
2920 5377 3395 5456 interimgvivendi

1805 5448 2078 5505 rationem
2126 5451 2517 5515 observantes,
2566 5449 2788 5506 indubie
2847 5450 2967 5505 sani
3022 5452 3391 5505 revertuntur.

1808 5518 1987 5577 Huius
2012 5521 2177 5576 etiam
2201 5521 2342 5577 ritus
2368 5521 2617 5576 meminit
2637 5529 2830 5577 auctor
2855 5521 2982 5577 libri
3002 5519 3392 5577 Miraculorum

1813 5589 1869 5647 S.
1898 5589 2146 5664 Huberti,
2178 5608 2297 5662 cap.
2326 5593 2392 5647 14
2421 5592 2564 5664 apud
2585 5592 2853 5649 Joannem
2876 5590 3122 5648 Roberti.
3150 5590 3223 5647 Μ.

1880 5663 1993 5735 (79)
2032 5662 2110 5718 La
2155 5662 2470 5736 prcstation'
2498 5663 2798 5736 demandée
2847 5664 2880 5719 ὲ
2931 5672 3082 5720 toute
3097 5676 3395 5736 Apersonne

1805 5731 2014 5863 lt’ail‘léeﬁ
2032 5736 2125 5807 qui
2156 5731 2407 5793 oblenait
2437 5736 2487 5792 le
2509 5736 2637 5794 titrc
2664 5735 2732 5792 de
2752 5736 2951 5813 pelerin
2984 5736 3049 5794 de
3085 5731 3392 5793 Sciat-Ha.

1836 5823 1893 5862 er
1921 5849 1934 5863 .
2020 5848 2035 5863 .

1804 5807 1934 5864 bert.
1969 5807 2035 5868 Β.
