3902 6286
474 320 616 380 i503

1509 295 1904 358 CHBONICON
1943 294 2002 351 S.
2043 292 2349 350 HUBERTI
2387 289 2713 347 ANDAGIN.

475 434 655 493 sancti
675 431 924 495 eﬁ'ectus,
956 427 1022 482 ad
1049 424 1271 487 missgm
1294 417 1671 473 matutinalem
1692 415 1956 470 deductus
1976 422 2060 467 est
2090 414 2136 473 Α
2162 411 2298 466 urbe
2326 409 2609 476 Remensi,
2644 405 2846 461 valenti
2885 405 3182 461 admodum
3203 405 3349 474 viro,
3375 414 3431 460 et
3460 408 3749 477 promptis—

477 524 988 585 commumcandus.
1018 517 1251 571 lntnitus
1286 522 1469 568 autem
1504 511 1704 565 fratres
1732 508 1980 563 ordinate
2012 514 2065 561 et

473 625 786 674 reverenter
823 609 1209 671 consistentes,
1255 605 1515 659 inclinato
1552 603 1749 671 capite,
1791 614 2065 669 nusquam

476 712 667 767 oculos
709 704 1061 766 declinantes,
1102 714 1295 754 eorum
1340 698 1395 751 in
1437 695 1712 751 oil‘erendo
1755 693 2063 748 ordinatam

476 800 880 858 successionem
911 804 966 850 et
994 793 1360 859 devotionem,
1396 792 1449 845 in
1483 790 1663 845 eundo
1705 799 1760 843 et
1787 788 2065 845 redeundo

474 893 837 964 compositam
879 891 1200 962 gravitatem
1246 887 1571 942 ammiratus
1612 891 1697 937 est
1741 882 1797 935 in
1846 881 1949 948 eis,
2005 888 2065 934 ut

474 998 593 1043 erat
618 987 704 1041 vir
737 984 1037 1051 saecularis,
1065 982 1225 1054 quasi
1256 978 1551 1052 quamdam
1590 974 1881 1045 imaginem
1914 988 2063 1028 mor--

476 1079 823 1143 tiﬁcationis;
856 1092 1222 1147 reversusque
1275 1074 1344 1128 ad
1392 1069 1674 1126 dominam
1715 1084 1891 1136 suam,
1942 1080 2066 1137 quae

474 1174 689 1228 viderat
717 1172 768 1227 ei
816 1171 1166 1227 renuntiavit.
1208 1167 1303 1222 llla
1340 1163 1671 1236 quantocius
1713 1162 1883 1217 missa
1913 1161 2063 1231 lega-

474 1267 623 1321 tione
662 1266 729 1319 ad
752 1264 1023 1329 abbatem,
1051 1261 1266 1333 magnis
1288 1258 1543 1329 precibus
1582 1263 1643 1308 ut
1678 1254 1745 1309 ad
1770 1269 1828 1309 se
1854 1253 2066 1308 veniret

475 1358 734 1428 optinuit,
762 1358 1097 1427 veniensque
1142 1356 1398 1411 nuntium
1433 1355 1702 1410 adventus
1738 1350 1820 1406 sui
1866 1351 1933 1405 ad
1972 1366 2065 1406 cov

476 1451 747 1505 mitissam
772 1451 1052 1519 praemisit.
1082 1448 1212 1505 Viso
1236 1448 1429 1503 nuntio
1452 1446 1648 1501 mulier
1672 1443 1845 1499 virilis
1870 1442 2062 1509 animi,

474 1551 528 1596 ct
559 1557 680 1612 quae
716 1542 935 1597 conscia
982 1541 1217 1612 propriae
1256 1538 1561 1595 nobilitatis
1595 1536 1800 1591 nullius
1837 1534 2068 1589 curabat

474 1633 797 1703 dignitatem
842 1634 928 1688 vel
982 1648 1276 1704 personam
1317 1633 1437 1702 ejus
1482 1628 1776 1699 temporis,
1829 1625 2066 1681 surrexit

472 1725 733 1779 velociter
761 1734 821 1780 ut
844 1734 1158 1780 occurreret
1191 1725 1406 1792 abbati;
1437 1722 1766 1778 mirantibus
1790 1720 1917 1776 ﬁliis
1942 1719 2064 1789 ejus

471 1819 714 1875 Fulcone
745 1831 800 1876 et
840 1821 1188 1877 Gualeranno
1228 1836 1351 1891 qua:
1389 1828 1534 1876 esset
1568 1817 1712 1888 apud
1750 1832 1872 1873 eam
1906 1814 2065 1869 novi-

471 1912 602 1967 tatis
646 1913 811 1981 hujus
866 1913 1178 1979 veneratio,
1222 1927 1414 1967 eorum
1470 1916 1778 1966 sustentata
1819 1905 2064 1962 brachiis

472 2004 690 2058 obviam
716 2006 983 2073 processit
1021 2005 1224 2072 abbati,
1253 2005 1540 2073 visumque
1577 2017 1703 2056 cum
1746 2000 1859 2068 jam
1887 1998 1955 2052 ab
1999 2012 2063 2051 ea

469 2104 658 2163 posset
707 2096 915 2162 audiri,
965 2097 1227 2152 inclinato
1272 2095 1450 2164 capite
1498 2093 1809 2147 humillima
1857 2090 2066 2146 saluta-

470 2184 618 2237 tione
658 2186 974 2250 honoravit;
1025 2195 1080 2239 et
1127 2201 1251 2240 cum
1296 2191 1420 2253 post
1460 2183 1770 2237 orationem
1810 2180 2065 2234 licentius

474 2274 680 2342 alloqui
741 2290 864 2328 eum
917 2285 1144 2343 posset:
1204 2272 1463 2339 Gratias,
1531 2274 1739 2343 inquit,
1788 2288 1885 2343 ago
1937 2272 2061 2338 tibi,

472 2364 785 2419 venerabilis
856 2376 1039 2435 pater,
1104 2367 1254 2434 cuius
1317 2366 1556 2437 ﬁliorum
1610 2374 1814 2419 tantum
1880 2364 2062 2418 audivi

472 2456 801 2527 religionem,
834 2466 1042 2529 tamque
1074 2475 1257 2513 rarum
1280 2458 1439 2530 hujus
1463 2460 1631 2514 nostri
1656 2457 1906 2527 temporis
1938 2474 2064 2511 san-

469 2558 569 2603 cta:
612 2550 877 2621 opinionis
919 2552 1152 2608 odorem.
1207 2553 1458 2624 Cumque
1511 2559 1891 2607 renumeraret
1942 2565 2065 2621 quae

466 2644 731 2699 retulerat
752 2645 804 2698 ei
828 2646 1205 2703 cubicularius
1238 2663 1395 2714 suus,
1438 2655 1494 2703 et
1521 2663 1617 2718 per
1657 2656 1849 2702 mutua
1888 2645 2060 2701 aedili-

467 2737 703 2793 cationis
735 2739 1010 2811 colloquia
1060 2741 1401 2811 aliquamdiu
1444 2741 1500 2795 in
1544 2739 1780 2795 Domino
1819 2739 2060 2793 delecta-

465 2837 677 2896 rentur,
702 2828 901 2886 obtulit
924 2830 1111 2886 abbati
1132 2832 1421 2888 ecclesiam
1446 2832 1514 2887 dc
1541 2831 1677 2887 ﬁsco
1695 2830 1930 2886 Anslaro
1947 2828 2059 2900 (80)

472 2930 741 2991 perpetuo
769 2923 1076 2979 habendam
1115 2926 1170 2980 in
1209 2941 1344 2983 usus
1375 2924 1631 2991 fratrum,
1656 2924 1899 2995 prwfatis
1932 2923 2062 2977 ﬁliis

465 3012 585 3082 ejus
608 3014 960 3074 laudantibus
982 3026 1037 3072 et
1056 3018 1511 3074 conﬁrmantibus
1534 3019 1639 3073 hoc
1662 3018 1805 3072 idem
1828 3018 2054 3072 donum.

2167 505 2307 559 simo
2336 504 2502 573 hujus
2523 502 2660 557 artis
2685 512 2741 557 et
2758 500 3114 571 peritissimo.
3163 498 3485 555 ΛΕΜωῆ
3516 508 3578 554 et
3600 499 3748 554 altare

2166 597 2220 652 in
2247 598 2457 651 honore
2490 606 2695 651 sanctae
2726 604 2783 649 et
2824 594 3121 649 individua:
3166 592 3463 648 Trinitatis
3506 592 3581 646 ad
3608 593 3747 662 pedes

2163 691 2309 747 beati
2351 688 2598 753 Huberti,
2644 688 2737 743 ubi
2785 696 2840 743 et
2886 688 3127 743 maxima
3164 697 3495 741 δεσποινα-πω
3541 685 3748 755 [ignora

2165 783 2437 853 deposuit.
2469 781 2602 848 Qum
2629 781 2816 835 omnia
2842 796 2955 835 non
2979 781 3157 836 multo
3186 792 3315 851 post
3340 778 3629 834 Henricus
3648 779 3752 849 epi-

2166 892 2398 946 scopus,
2450 886 2732 944 assumpto
2788 890 2979 931 secum
3018 874 3307 931 Francone
3355 873 3754 945 Bellagrademi

2164 970 2420 1040 pontiﬁce
2446 969 2582 1039 (8i),
2615 969 2711 1041 qui
2740 983 2928 1025 secum
2958 977 3091 1024 tunc
3127 968 3403 1038 temporis
3446 968 3755 1022 morabatur

2166 1059 2377 1127 Leodii,
2404 1060 2461 1114 in
2490 1075 2689 1132 magna
2723 1060 2893 1131 gioria
2921 1070 2977 1115 et
2999 1059 3187 1115 latitia
3210 1060 3514 1116 dedicavit.
3539 1058 3759 1115 Perfecit

2166 1154 2331 1208 etiam
2360 1154 2652 1223 prmdictus
2675 1154 2847 1209 abbas
2875 1153 3119 1208 tabulam
3147 1167 3383 1207 auream
3426 1161 3559 1207 ante
3591 1153 3759 1222 majus

2167 1247 2361 1313 altare,
2390 1246 2538 1317 quod
2569 1257 2653 1302 est
2682 1247 2738 1301 in
2790 1246 2999 1302 honore
3026 1246 3173 1302 beati
3203 1243 3361 1301 Petri
3393 1245 3759 1316 apostolorum

2165 1340 2452 1410 principis,
2487 1355 2653 1410 qnam
2679 1340 2811 1395 olim
2836 1349 3079 1410 coeperat
3103 1339 3371 1394 Albertus
3394 1339 3585 1405 abbas,
3607 1354 3758 1395 oea-

2169 1432 2330 1488 sione
2364 1432 2680 1487 conterendi
2729 1431 2958 1488 calicem
2985 1447 3160 1487 unum
3210 1446 3457 1486 aureum
3504 1430 3760 1485 librarum

2166 1524 2380 1593 viginti,
2427 1525 2523 1595 qui
2570 1532 2800 1580 eotenus
2827 1534 3207 1595 permanserat
3239 1524 3300 1578 in
3331 1524 3488 1589 loco,
3540 1523 3765 1578 donatas

2167 1613 2297 1670 olim
2330 1614 2490 1669 beato
2534 1613 2777 1671 Huberto
2814 1631 2846 1671 a
2886 1614 3166 1670 Ludovico
3212 1613 3317 1668 Pio
3358 1611 3564 1667 Κποὶί
3598 1611 3759 1683 Iapi

2169 1707 2517 1779 imperatoris
2553 1707 2687 1763 ﬁlio.
2716 1706 2883 1763 Plura
2921 1715 3101 1763 autem
3146 1707 3385 1762 donaria
3421 1723 3543 1761 non
3572 1716 3759 1761 tantula

2169 1801 2225 1856 in
2256 1812 2480 1873 argento
2508 1812 2563 1857 et
2591 1817 2750 1869 auro,
2779 1818 2972 1858 verum
3002 1802 3169 1857 etiam
3220 1803 3281 1855 in
3318 1816 3475 1856 auro
3507 1802 3669 1857 textis
3688 1817 3765 1856 (πε

2170 1896 2447 1951 namentis
2472 1905 2527 1952 et
2556 1896 2732 1962 libris,
2758 1904 2871 1951 tam
2912 1911 2943 1950 a
2978 1894 3207 1965 prcfato
3235 1895 3529 1966 principe,
3553 1911 3710 1966 quam
3736 1912 3763 1949 a

2170 1989 2489 2045 Gualcaudo
2517 1990 2772 2059 pontiﬁce
2793 1989 2972 2044 eidem
2998 1989 3119 2044 loco
3155 1988 3366 2043 collata
3402 1986 3635 2042 fuerant
3664 2005 3765 2058 qua

2168 2084 2257 2137 vel
2286 2082 2713 2137 inhabitantium
2748 2080 3096 2151 simplicitas,
3124 2080 3211 2134 vel
3242 2087 3661 2135 extraneorum
3686 2081 3765 2133 ab-

2172 2176 2362 2232 batum
2391 2175 2502 2246 (82)
2546 2185 2642 2231 aut
2677 2176 3094 2246 praepositorum
3134 2174 3443 2244 dissipant
3484 2176 3763 2229 temeritas:

2171 2285 2268 2333 aut
2295 2277 2597 2348 asportavit
2620 2290 2720 2347 per
2751 2274 3070 2331 abusionem
3115 2280 3174 2329 et
3208 2273 3597 2344 cupiditatem
3621 2273 3760 2327 efre-

2170 2379 2301 2425 nata
2332 2370 2679 2440 impudenter
2712 2368 2953 2422 licentia.
3000 2367 3105 2422 Sed
3151 2374 3209 2421 et
3244 2366 3361 2438 ipsi
3406 2367 3626 2423 nostris
3646 2376 3763 2419 tem-

2169 2463 2399 2533 poribus
2445 2462 2684 2516 vidimus
2732 2460 2999 2532 quosdam
3040 2474 3182 2531 quos
3243 2474 3356 2517 nec
3405 2457 3764 2515 nominandus

2169 2554 2508 2621 censuimus,
2530 2554 2626 2624 qui
2660 2552 2820 2624 quasi
2847 2553 3136 2608 occasione
3155 2567 3273 2607 non
3299 2552 3580 2608 curanda:
3599 2564 3761 2608 vetas-

2169 2649 2297 2703 tatis
2324 2647 2495 2702 multa
2524 2646 2885 2702 incenderunt
2903 2661 2972 2701 ex
2999 2644 3205 2700 eisdem
3236 2659 3391 2700 auro
3420 2645 3588 2701 textis
3614 2660 3761 2700 orna-

2167 2742 2388 2807 mentis,
2412 2756 2472 2795 re
2512 2749 2694 2795 autem
2743 2753 2875 2794 vera
2919 2738 3026 2793 hoc
3067 2737 3246 2793 moliti
3296 2738 3604 2808 cupiditate
3644 2737 3753 2791 auri

2166 2835 2366 2889 exinde
2391 2833 2660 2904 rapiendi.
2691 2831 2835 2899 Quid
2877 2830 2947 2886 de
2973 2830 3244 2886 librorum
3287 2830 3645 2901 dispersione
3681 2831 3757 2883 vel

2166 2924 2521 2981 distractione
2543 2924 2981 2990 memorandum,
3011 2939 3140 2979 cum
3163 2931 3218 2979 et
3247 2922 3445 2993 ipsum
3470 2938 3613 2978 auro
3638 2923 3759 2978 scri-

2163 3026 2319 3086 ptum
2346 3017 2689 3087 psalterium,
2717 3015 2867 3087 quod
2894 3015 3159 3072 Ludovici
3195 3016 3570 3086 imperatoris
3596 3014 3757 3071 fuel-at

466 3104 671 3165 Videas
695 3109 867 3205 abbas
900 3111 1115 3181 copiam
1144 3127 1471 3184 magnorum
1502 3111 1742 3182 lapidum
1771 3111 1825 3165 in
1863 3108 2061 3166 funda-
2090 3142 2133 3205 ο
2165 3112 2449 3183 proprium
2475 3154 2490 3181 ,
2541 3112 2665 3183 ejus
2706 3111 2947 3184 imagine
2989 3113 3046 3166 in
3094 3111 3379 3181 principio
3421 3112 3757 3182 insignitus.

463 3208 651 3254 mento
691 3202 893 3258 veteris
934 3203 1209 3273 quondam
1260 3203 1520 3272 civitatis,
1551 3220 1699 3260 nunc
1734 3212 1917 3259 autem
1958 3218 2061 3275 pro

467 3293 679 3347 castelli
706 3295 987 3352 moenibus
1010 3296 1366 3364 adbreviatis,
1412 3307 1737 3369 suggerente
1766 3297 2062 3353 Lambcrto

465 3383 696 3453 majore,
724 3402 790 3439 ex
827 3387 1033 3442 eisdem
1068 3389 1342 3458 lapidibus
1390 3390 1637 3446 ecclesiae
1664 3391 1859 3445 donari
1890 3407 2055 3461 expe-

466 3475 554 3530 tiit
581 3485 848 3547 quantum
882 3478 1154 3534 sulliceret
1201 3482 1267 3536 ad
1295 3481 1717 3536 aediﬁcationem
1751 3482 1938 3551 criptae
1974 3483 2060 3536 vel

463 3571 711 3628 claustri.
760 3570 1018 3627 Libenter
1069 3572 1160 3628 illa
1210 3574 1357 3644 quod
1412 3574 1700 3643 petebatur
1748 3574 2057 3642 concessit;

463 3664 559 3718 sed
588 3672 643 3717 et
671 3664 939 3733 operariis
968 3665 1234 3734 ecclesiae,
1267 3666 1531 3737 quamdiu
1573 3667 1649 3723 ibi
1687 3675 2057 3736 morarentur,

470 3763 527 3809 et
557 3756 858 3826 hospitium
900 3766 953 3812 et
989 3757 1195 3814 victum
1231 3759 1504 3830 promisit.
1539 3759 1840 3831 Respondit
1888 3761 2061 3816 abbas

467 3848 676 3919 gratias
703 3848 814 3905 Deo
842 3851 1221 3922 omnipotenti,
1247 3852 1496 3922 Adeladi,
1521 3864 1578 3911 et
1608 3855 1735 3912 ﬁliis
1761 3855 1881 3926 ejus
1904 3871 2058 3911 reve-

462 3947 651 3995 renter
671 3940 949 4010 valedixit,
983 3950 1038 3998 et
1060 3944 1128 3999 ad
1160 3946 1559 4002 monasterium
1595 3947 1775 4003 rediit.
1823 3946 2059 4018 Moxque

461 4046 494 4087 a
523 4030 729 4088 Leodio
753 4035 1051 4091 caesoribus
1086 4035 1395 4105 conductis,
1426 4038 1659 4107 criptam
1680 4047 1733 4093 et
1753 4038 2057 4093 claustrum

462 4125 519 4180 in
552 4135 877 4195 praesentem
922 4136 1125 4184 statum
1164 4131 1492 4201 composuit,
1532 4130 1775 4187 advectis
1818 4131 1888 4186 ab
1916 4132 2058 4186 Ara-

460 4220 641 4276 leonis
673 4222 984 4294 columpnis
1019 4241 1144 4280 cum
1187 4227 1457 4297 capitellis
1494 4236 1551 4283 et
1583 4228 1809 4285 basibus
1844 4230 1963 4285 suis
2003 4240 2059 4285 et

465 4313 723 4369 altarium
752 4316 979 4373 mensis.
1027 4317 1196 4374 Auxit
1238 4319 1405 4375 etiam
1436 4320 1677 4376 oratoria
1707 4338 1739 4377 a
1769 4321 1974 4377 dextris
2002 4331 2058 4376 et

463 4421 495 4460 a
532 4406 775 4463 sinistris
797 4410 1042 4466 ecclesiae
1066 4429 1080 4479 ;
1106 4421 1159 4466 et
1187 4429 1217 4467 a
1241 4413 1448 4470 dextris
1474 4413 1695 4485 quidem
1729 4412 2053 4469 memoriam

2167 3207 2312 3277 apud
2350 3208 2543 3263 urbem
2590 3206 2913 3263 Tullensem'
2939 3204 3106 3261 fuerit
3153 3206 3477 3273 venditum,
3528 3207 3687 3278 quasi
3712 3208 3760 3258 ia

2165 3307 2352 3356 extera
2377 3300 2661 3371 provincia
2691 3300 2942 3355 securius
2986 3299 3062 3353 ibi
3090 3299 3414 3354 celandum.
3444 3299 3647 3354 Divina
3690 3310 3761 3353 ta-

2165 3410 2291 3450 men
2347 3393 2637 3464 dispositio
2690 3392 2933 3449 restituit
3000 3392 3134 3447 illud
3190 3393 3442 3448 ecclesia:
3490 3408 3607 3447 sua:
3666 3393 3763 3445 hoc

2164 3486 2351 3542 modo.
2407 3486 2578 3542 Mater
2621 3487 2810 3543 domui
2858 3501 3012 3558 papae
3063 3484 3379 3540 Leonile
3422 3485 3541 3556 (85)
3576 3486 3765 3539 venale

2165 3580 2300 3635 illud
2331 3579 2614 3636 inveniens
2640 3579 2794 3647 emit,
2827 3588 2880 3634 ct
2911 3578 3087 3634 eidem
3140 3577 3257 3633 ﬁlio
3300 3591 3409 3634 suo
3451 3585 3590 3633 tunc
3629 3576 3758 3631 Bru-

2163 3673 2316 3740 noni,
2344 3673 2481 3728 utin
2510 3688 2579 3729 eo
2622 3674 2870 3743 psalmos
2917 3671 3230 3727 addiscerct
3257 3671 3650 3742 dispensavit;
3674 3670 3754 3725 sed

2165 3782 2291 3821 cum
2336 3766 2391 3821 in
2438 3766 2834 3835 alioaquolibet
2860 3764 3122 3835 psalterio
3148 3772 3205 3818 et
3250 3764 3416 3834 plane
3453 3764 3683 3836 legeret,
3710 3774 3757 3815 et

2163 3858 2326 3915 facile
2341 3859 2484 3930 quod
2513 3858 2762 3914 discebat
2779 3856 3052 3923 redderet,
3084 3857 3143 3909 in
3159 3856 3254 3910 illo
3275 3864 3502 3911 tantum
3524 3857 3757 3911 incurre-

2161 3950 2257 4006 bat
2277 3951 2411 4006 tales
2433 3949 2785 4016 offensiones,
2815 3958 2873 4004 ut
2896 3947 3069 4003 nimio
3095 3947 3261 4003 taedio
3282 3963 3318 4002 a
3349 3948 3593 4003 lectione
3616 3947 3757 4001 vidc-

2161 4049 2315 4096 retur
2338 4042 2588 4096 deﬁcere.
2617 4039 2850 4096 Nolebat
2874 4038 3022 4095 enim
3047 4037 3288 4109 Spiritus
3311 4049 3567 4104 sanctus,

2162 4133 2447 4189 electionis
2479 4149 2579 4189 vas
2617 4134 2761 4188 idem
2789 4148 2926 4204 puer
2955 4131 3179 4189 futurus
3219 4142 3363 4199 erat,
3408 4148 3487 4187 ne
3531 4132 3760 4201 alicujus

2163 4226 2434 4298 sacrilegii
2475 4235 2733 4281 contactu
2781 4226 2866 4281 vel
2903 4226 3219 4297 ignoranter
3259 4226 3759 4281 contaminaretur.

2161 4317 2394 4374 Mirante
2418 4334 2551 4374 vero
2589 4328 2764 4373 matre
2803 4318 2886 4374 sic
2930 4317 3105 4373 ﬁlium
3154 4317 3211 4371 in
3255 4317 3529 4387 psalterio
3568 4318 3759 4373 adver—

2162 4411 2299 4478 sari,
2330 4412 2539 4467 audivit
2583 4411 2841 4483 vulgante
2897 4410 3041 4465 fama
3096 4408 3269 4465 fuisse
3321 4410 3463 4466 illud
3516 4410 3761 4466 om

460 4498 635 4556 beata;
676 4500 865 4558 Mariae
904 4504 973 4559 ad
997 4504 1238 4560 medium
1269 4507 1442 4562 altare
1469 4523 1628 4563 novae
1661 4508 1853 4577 criptzc
1893 4516 2053 4562 tran-
2087 4526 2134 4587 Ι)
2159 4505 2305 4561 beati
2326 4504 2578 4572 Huberti,
2610 4513 2665 4558 et
2692 4503 2978 4574 multiplici
3011 4503 3359 4558 anathemate
3381 4518 3489 4573 per
3514 4504 3763 4559 diversas

462 4594 637 4663 stulit,
667 4603 721 4649 et
769 4594 971 4651 ibidem
1016 4597 1189 4653 altare
1221 4599 1395 4654 sancti
1447 4597 1708 4669 Stephani
1741 4608 2053 4669 protomar-

461 4686 598 4756 tyris
646 4686 973 4757 substituit;
1018 4705 1050 4744 a
1081 4689 1326 4747 sinistris
1371 4708 1501 4747 vero
1542 4692 1865 4746 memoriam
1903 4691 2050 4745 beati

2161 4598 2412 4670 regiones
2453 4597 2730 4667 publicam
2775 4596 2897 4667 ejus
2918 4596 3278 4667 quaestionem
3314 4594 3462 4650 ﬁeri.
3516 4594 3641 4652 Nec
3676 4596 3761 4651 dia

2160 4699 2377 4747 morata
2402 4690 2471 4745 ad
2491 4691 2676 4746 locum
2700 4689 3041 4760 properavit,
3063 4703 3413 4759 puerumque
3436 4705 3644 4745 secn-
3673 4691 3761 4744 oe-

2158 4785 2337 4851 duxit,
2368 4790 2423 4838 ct
2449 4782 2854 4840 absolutionem
2878 4781 3045 4852 hujus
3073 4796 3190 4836 sua:
3208 4782 3543 4849 ignorantia:
3578 4782 3763 4837 humi—

2156 4878 2284 4933 liter
2355 4878 2734 4948 expostulans,
2789 4875 3114 4946 psalterium
3184 4874 3437 4931 ecclesia:
3498 4876 3759 4931 reddidit.

2159 4970 2370 5028 Obtulit
2390 4969 2554 5027 etiam
2582 4984 2684 5040 pro
2722 4966 3100 5025 satisfactione
3134 4966 3340 5022 librum
3368 4983 3551 5022 unum
3578 4981 3766 5022 saera»

462 5059 877 5114 resurrcctionis
924 5061 1203 5117 contineat
1245 5078 1559 5132 expressam
1606 5063 2041 5119 similitudinem.
2160 5073 2492 5130 mentorum,
2531 5062 2627 5134 qui
2672 5070 2863 5134 postea
2890 5061 3129 5116 donatus
3163 5069 3249 5115 est
3287 5060 3547 5116 ecclesia
3592 5060 3762 5113 heat:

461 5148 792 5207 llluminavit
824 5169 1046 5225 quoque
1087 5155 1327 5211 oratoria
1358 5171 1482 5228 quae
1530 5165 1873 5214 exstruxerat
1916 5160 2041 5229 pul-
2154 5173 2373 5228 semper
2392 5156 2623 5227 virginis
2665 5154 2871 5223 Maria,
2902 5169 3026 5226 quae
3061 5168 3163 5210 sua
3196 5152 3313 5225 (84)
3346 5162 3439 5211 est
3464 5151 3621 5209 δειιὶ
3656 5148 3761 5205 ἥδ

459 5243 747 5300 cherrimis
790 5245 1061 5316 fenestris,
1098 5250 1340 5321 quodam
1388 5249 1605 5324 Rogero
1652 5252 1924 5309 conducto
1973 5253 2044 5308 ab
2153 5249 2295 5305 berti
2324 5248 2469 5319 apud
2498 5247 2802 5304 Gabelium.

1944 5369 2178 5429 NOTIE.

2157 5466 2345 5609 12:852.)
2394 5534 2749 5609 Prumienses
2784 5533 3079 5605 aliquando
3126 5531 3541 5604 Andaginense,
3566 5542 3744 5583 mona-
3892 5500 3893 5571 ι

2159 5604 2389 5666 sterium
2418 5608 2624 5661 rexisse
2655 5604 2926 5661 feruntur.

460 4774 681 4833 Mar'tini
730 4788 791 4834 ut
840 4779 1019 4836 fuerat
1060 4782 1301 4853 reliquit,
1350 4784 1659 4855 ibidemque
1703 4784 2047 4840 extrinsecus

461 4886 665 4926 novum
717 4874 1020 4929 oratorium
1067 4876 1355 4943 exstruxit,
1389 4877 1535 4947 quod
1574 4876 1773 4931 dicitur
1813 4876 1880 4932 ad
1911 4893 2041 4931 san-

461 4976 604 5017 ctum
644 4960 972 5034 Jerusalem,
1022 4982 1089 5022 eo
1130 4969 1274 5039 quod
1320 4964 1609 5025 dominica:
1652 4971 1943 5042 sepulturae
1992 4978 2048 5025 ct

532 5455 646 5526 (80)
681 5456 890 5518 Anlier.
914 5459 979 5516 Β.

530 5530 647 5610 ς81)
676 5528 930 5613 Quis-hic
960 5532 1145 5613 fuerit,
1173 5548 1446 5613 nusquam
1476 5535 1694 5613 inveni;
1727 5552 1794 5592 eo
1822 5538 2049 5613 nomine

461 5600 702 5677 episcopi
751 5600 1014 5677 Albarum
1075 5600 1495 5677 Maritiniarum,
1536 5600 1689 5660 Zara'
1733 5609 1960 5677 vecchia,
1992 5612 2047 5664 in

466 5672 759 5751 llalmatia,
809 5681 869 5751 et
932 5674 1192 5751 Albarum
1253 5675 1557 5751 Iuliarum,
1610 5672 1955 5751 Qarlsburg,
1992 5682 2047 5734 in
2174 5750 2177 5751 ν
2233 5680 2347 5751 (85)
2386 5677 2678 5751 [leilewide
2728 5689 2955 5751 vocatur
2993 5693 3022 5731 a
3061 5675 3324 5742 Wiberto,
3360 5673 3654 5730 comitis“
3694 5678 3752 5722 ﬂ

465 5740 880 5823 Transylvania,
914 5747 1102 5823 nescio
1136 5740 1824 5823 an__etiam__Alb:eRegiae,
1858 5740 2050 5806 St'ulil-
2158 5740 2364 5823 ferunt,
2384 5748 2809 5823 Pasburgensis.

466 5816 833 5887 weissenburg,
882 5817 966 5872 usi
1016 5825 1161 5872 sunt.
1211 5816 1352 5874 Num
1404 5816 1898 5892 Bclgradvfsuﬂa
1940 5824 2043 5878 col.
2383 5818 2502 5877 Le.
2534 5816 2774 5893 ιπὸρτίει.

2143 5905 2155 5915 ι

2121 5918 2149 5933 ,Α

2084 5936 2173 5987 ..ν
