3902 6286
122 226 248 284 1256ξί

1138 226 1530 287 CHRONICON
1569 229 1628 288 S.
1669 232 1976 295 HUBERTI
2011 239 2338 303 ANDAGIN.

3243 267 3379 326 i368

186 343 278 446 20..
318 340 457 413 (28.)
514 341 877 446 Tbieboldus-
902 342 1201 446 advoca-tus
1264 346 1692 446 ecclesiasticam
1720 353 1765 410 A
1792 332 2035 412 iluberto
2083 360 2422 431 devoverint,
2464 365 2779 441 quibusque
2824 374 3071 446 probatis
3127 389 3378 444 consola-

120 435 372 494 familiam
400 437 726 507 quibusdam
754 437 913 494 novis
938 437 1225 508 injustitiis
1254 440 1562 511 opprimere
1589 458 1688 499 vo-

118 531 275 597 lebat,
297 530 447 600 quod
474 531 605 602 quia
633 532 829 588 abbate
852 531 1083 588 viriliter
1110 530 1413 588 obsistente
1440 534 1695 593 evincere

116 639 224 677 non
250 623 595 692 praevalebat,
621 631 683 680 ut
728 640 789 681 se
827 623 895 680 de
921 639 989 680 eo
1014 624 1340 690 vindicaret,
1371 625 1693 686 occasiones

114 716 407 786 qua-rebat.
434 714 589 772 Unde
612 724 667 772 et
696 717 764 772 ad
801 717 998 774 ducem
1027 715 1384 774 Godel‘ridum
1425 720 1693 792 majorem

117 825 174 863 se
198 809 450 877 contulit,
494 817 664 881 utque
707 809 774 864 ad
812 810 1138 866 ﬁrmandum
1166 815 1367 872 vallum
1400 815 1565 875 castri
1605 815 1693 872 sui

112 899 460 958 Bullonensis
489 901 534 933 “
555 903 795 975 exigeret
821 904 1077 975 injustam
1100 910 1383 979 angariam
1418 910 1486 966 de
1513 909 1695 965 homi-

112 1001 274 1056 nibus
298 1001 470 1056 sancti
500 1000 744 1070 Huberti,
775 1004 1086 1075 importune
1115 1008 1408 1079 suggessit.
1452 1007 1574 1063 Dux
1604 1008 1693 1063 in—

111 1093 266 1148 terim
294 1111 363 1150 ne
387 1096 658 1163 abbatem,
683 1113 844 1168 quem
859 1100 1139 1155 humiliter
1160 1102 1468 1169 verebatur,
1486 1103 1695 1174 inquie-

110 1196 267 1254 taret,
300 1196 432 1244 tunc
472 1190 691 1260 quidem
735 1191 907 1259 siluit,
949 1193 1122 1249 donec
1172 1195 1241 1249 ad
1297 1197 1693 1252 monasterium

111 1280 337 1337 veniens
364 1298 423 1337 se
451 1282 650 1338 ibidem
681 1286 857 1357 excipi
900 1287 1071 1357 petiit.
1122 1287 1393 1359 Exceptus
1427 1305 1554 1345 cum
1595 1291 1695 1346 ho-

109 1388 242 1429 nore
264 1382 317 1429 et
345 1390 443 1445 per
469 1376 693 1433 biduum
730 1378 985 1436 detentus
1004 1381 1074 1435 ab
1108 1381 1304 1437 abbate
1332 1383 1385 1436 in
1414 1383 1534 1438 loco
1563 1383 1695 1438 sub-

103 1466 265 1533 stitit,
298 1474 353 1523 et
381 1468 522 1524 inter
546 1471 879 1542 loquendum
912 1476 1315 1544 suggestionem
1360 1474 1692 1542 Thietboldi,

105 1558 227 1629 ipso
247 1575 472 1633 quoque
490 1572 781 1633 praesente,
805 1565 988 1620 abbati
1016 1567 1221 1621 retulit.
1245 1568 1430 1624 Abbas
1449 1569 1695 1625 evocatis

105 1650 453 1710 Heribrando
479 1656 697 1713 seniore
718 1660 1038 1725 castellano,
1061 1670 1116 1715 et
1136 1659 1381 1732 Erigone,
1407 1661 1691 1729 Gualtero,

104 1744 381 1803 Roderico
420 1759 477 1805 et
524 1749 771 1821 ilugone,
805 1762 1092 1823 perorante
1150 1754 1444 1812 Lamberto
1485 1757 1695 1827 majore

99 1837 365 1906 antiquas
386 1840 681 1909 provinciae
701 1844 1148 1911 consuetudines,
1181 1846 1257 1900 rei
1286 1846 1570 1902 veritatem
1610 1847 1695 1903 di-

98 1927 336 1998 ligenter
384 1930 765 2005 investigavit,
812 1945 867 1991 et
928 1937 1244 1993 testimonio
1308 1939 1693 2008 praedictorum

100 2023 417 2093 principum
447 2041 665 2082 omnem
693 2029 955 2084 familiam
983 2032 1250 2096 ecclesias,
1278 2049 1403 2103 quae
1420 2036 1511 2089 vix
1544 2032 1694 2089 suﬁi—

97 2124 247 2172 ceret
269 2115 328 2171 in
348 2118 703 2176 restituendis
737 2130 792 2177 et
831 2124 1177 2181 continendis
1204 2122 1394 2184 ofﬁciis
1421 2135 1475 2184 et
1504 2128 1692 2183 muni-

100 2208 350 2266 tionibus
392 2214 731 2281 monasterii,
762 2215 927 2285 hujus
965 2218 1268 2276 exactionis
1304 2221 1530 2276 liberam
1571 2232 1694 2278 esse

95 2311 426 2359 constanter
449 2320 637 2361 coram
664 2307 801 2363 duce
827 2312 1221 2380 comprobavit.
1255 2313 1337 2367 Ad
1364 2315 1480 2370 lucc
1512 2314 1694 2369 Thict—

94 2394 297 2453 boldus
331 2396 469 2453 dum
510 2399 670 2453 vellet
712 2399 891 2455 abbati
943 2400 1229 2471 obsistere,
1276 2406 1385 2460 dux
1425 2406 1691 2462 malitiam

91 2490 213 2560 ejus
241 2490 585 2562 intelligens,
618 2501 677 2547 ut
718 2500 837 2548 erat
878 2495 1219 2554 vehementis
1251 2500 1442 2567 animi,
1478 2500 1534 2554 in
1564 2514 1691 2556 eum

89 2580 424 2653 indignatus
471 2584 712 2654 graviter
748 2583 920 2639 :‘Hcec
947 2596 1045 2653 est,
1098 2588 1293 2659 inquit,
1346 2598 1437 2644 tua
1464 2604 1589 2662 erga
1614 2606 1694 2645 me

87 2674 358 2744 fidelitas,
387 2683 445 2729 ut
474 2688 587 2731 meo
620 2685 833 2748 peccato
877 2679 1216 2750 iniquitatem
1259 2691 1312 2736 et
1345 2683 1695 2753 cupiditatem

88 2777 239 2824 tuam
262 2768 511 2840 expleas,
535 2771 662 2825 dum
686 2774 959 2828 mendacio
981 2782 1071 2827 tuo
1097 2788 1180 2829 me
1202 2786 1459 2845 provocas
1480 2790 1695 2846 peccare

84 2862 142 2915 in
175 2860 363 2917 Deum
386 2872 438 2917 et
472 2864 528 2917 in
570 2864 686 2934 ejus
732 2865 1015 2936 familiam.
1060 2864 1128 2922 Et
1155 2868 1355 2923 sedens
1386 2876 1447 2922 ut
1488 2868 1697 2924 solebat

89 2956 147 3011 in
196 2957 489 3013 audientia
517 2960 721 3030 publici
762 2960 907 3030 juris
931 2962 1148 3032 agendi,
1187 2962 1421 3019 consilio
1445 2971 1502 3018 et
1542 2962 1695 3018 testi-

89 3053 291 3108 monio
312 3052 479 3123 legali
499 3052 709 3123 judicio
740 3054 1066 3124 Optimaium
1115 3069 1343 3111 suorum
1374 3055 1518 3110 hanc
1565 3070 1693 3111 sen-
1724 3080 1772 3149 ρ

91 3146 331 3201 tentiam
365 3146 667 3213 constituit,
700 3154 754 3202 et
802 3162 871 3203 ne
909 3148 1204 3219 aliquando
1249 3156 1620 3204 removeretur
1664 3164 1697 3204 a

86 3240 352 3309 qualibet
382 3253 635 3309 persona,
670 3239 906 3295 ﬁrmavit
942 3250 1003 3296 ut
1048 3242 1229 3299 omnis
1269 3241 1474 3297 familia
1519 3242 1697 3298 eccle-

85 3333 188 3388 size
219 3333 294 3388 ab
337 3333 444 3388 hac
491 3335 777 3390 exactione
821 3334 876 3389 in
918 3342 1240 3405 perpetuum
1285 3336 1481 3392 amodo
1526 3334 1699 3391 libera

79 3432 262 3491 esset,
304 3425 426 3481 sive
450 3440 571 3483 eam
595 3429 837 3495 deberet,
869 3428 985 3484 sive
1015 3444 1125 3483 non
1161 3429 1397 3485 deberet.

158 3517 256 3571 2i.
298 3515 445 3589 (29.)
492 3519 652 3575 Anno
694 3521 849 3576 i074.
900 3520 1015 3577 Sub
1055 3522 1246 3578 eodem
1296 3531 1541 3594 tempore
1578 3533 1699 3580 orta

77 3608 459 3668 contentione
482 3611 622 3665 inter
649 3612 898 3667 abbatem
944 3624 998 3667 et
1022 3613 1318 3669 advocatos
1341 3615 1409 3670 de
1435 3616 1699 3671 comitatu

80 3703 358 3769 abbatiie,
401 3702 456 3758 in
507 3705 795 3775 praesentia
845 3705 1001 3761 ducis
1042 3703 1297 3787 ejusdem”
1333 3706 1445 3779 (85)
1494 3706 1701 3778 ﬁliique

80 3799 210 3869 ejus
260 3791 555 3853 Godei’ridi
603 3799 828 3854 omnino
879 3797 1224 3869 adjudicatus
1266 3805 1352 3854 est
1399 3807 1453 3854 et
1496 3798 1700 3855 conﬁr-

81 3899 280 3946 matus
311 3888 552 3945 abbatis:
581 3899 633 3946 et
657 3891 900 3949 ecclesia:
932 3891 1162 3965 ejusque
1204 3893 1497 3961 ministris,
1538 3902 1703 3964 prout

81 3982 164 4038 illi
197 3981 476 4053 placeret.

155 4072 254 4128 22.
306 4070 455 4144 (50.)
503 4069 702 4130 Tribus
746 4089 845 4145 per
891 4080 1095 4131 annum
1137 4075 1512 4132 oblationibus
1554 4076 1702 4133 circa

84 4165 303 4223 festum
334 4163 488 4220 beati
525 4162 793 4221 Johannis
830 4167 1081 4238 baptistze
1122 4168 1352 4225 ecclesia
1380 4168 1526 4224 beati
1556 4166 1704 4223 Petri

83 4269 139 4315 ct
164 4257 324 4315 beati
350 4255 584 4313 Huberti
612 4256 982 4329 sollempniter
1004 4261 1330 4329 honoratur,
1371 4276 1494 4333 quae
1540 4262 1703 4333 vulgo

82 4367 293 4409 cruces
338 4348 754 4407 Falmenienses
804 4350 939 4424 (86),
989 4351 1327 4410 Palatienses
1356 4363 1410 4410 et
1454 4356 1705 4410 Arduen-

1794 448 2037 545 tionibus
2086 454 2327 545 lcgaliter
2378 459 2482 514 sibi
2522 462 2819 523 lirmandas
2857 469 2912 524 in
2942 482 3266 545 perpetuum
3293 480 3380 535 in-

1795 538 2091 608 stituerint,
2150 543 2245 613 qui
2312 545 2478 603 latius
2534 549 2818 610 addiscere
2869 538 3124 629 voluerit,
3177 565 3381 638 relegat

1795 637 2003 726 textum
2055 636 2447 695 miraculorum
2498 644 2743 713 praedicti
2794 651 3012 718 patroni
3069 652 3205 726 (87).
3268 636 3381 717 llas

1795 725 1971 782 edicto
1995 727 2257 787 Ludovici
2282 731 2366 789 Pii
2399 735 2747 807 imperatoris
2771 741 2868 797 ﬁlii
2902 742 3088 801 Karoli
3117 747 3296 821 Magni
3326 761 3382 809 et

1796 822 2043 892 synodali
2077 824 2259 882 banno
2280 826 2583 888 Gualcaudi
2619 832 2943 894 Leodiensis
2972 842 3247 909 pontiﬁcis
3277 844 3382 900 ibi-

1794 911 1919 969 dem
1942 916 2197 973 novimus
2220 921 2485 992 addictas,
2507 932 2562 980 et
2580 927 2744 983 certis
2758 929 2962 985 ﬁnibus
2984 930 3147 1003 legali
3164 932 3384 992 ﬁrmato

1794 1006 2079 1079 privilegio
2123 1011 2529 1072 determinatas.
2553 1049 2620 1060 -—-
2643 1018 2804 1076 Anno
2830 1021 2991 1078 l075.
3024 1022 3238 1082 Nostris
3278 1043 3380 1083 au-

1796 1107 1905 1155 tem
1931 1104 2270 1172 temporibus
2299 1106 2656 1167 Godiscalcus
2685 1113 2854 1170 abbas
2874 1113 3245 1174 Hasteriensis
3267 1119 3385 1191 (88)

1795 1190 2122 1251 Palatiensis
2157 1214 2348 1256 cruces
2396 1200 2771 1261 fraudulenter
2799 1215 3160 1279 temptaverat
3197 1190 3384 1268 immi-

1798 1302 1986 1354 nuere,
2020 1296 2073 1342 et
2099 1292 2421 1349 muneribus
2447 1296 2789 1365 presbiteros
2806 1300 3060 1357 villarum
3093 1303 3385 1374 sedueens,

1796 1377 2063 1447 llarncas,
2099 1380 2404 1452 Gabelium,
2442 1384 2786 1458 Wilerceias,
2828 1401 3090 1464 utrasque
3123 1393 3386 1452 Bursivas

1797 1481 1852 1528 et
1877 1482 2140 1545 utrasque
2163 1474 2393 1545 Letires,
2417 1477 2632 1548 Nevies,
2658 1481 2944 1554 Gedinam,
2972 1484 3245 1543 Granthes
3270 1486 3386 1559 (89)

1797 1565 2093 1622 detrahens
2130 1578 2365 1637 nostrae,
2410 1587 2525 1628 suae
2565 1581 2868 1632 attraxerat
2916 1579 3178 1635 ecclesiae.
3232 1577 3387 1635 Hanc

1798 1650 1921 1722 ejus
1939 1654 2419 1724 praesumptionem
2453 1668 2789 1730 compertam
2820 1663 2991 1721 abbas
3015 1664 3388 1724 Theodericus

1798 1745 2031 1816 graviter
2057 1748 2199 1815 tulit,
2228 1757 2284 1803 et
2308 1758 2367 1804 ut
2390 1751 2516 1806 inde
2538 1753 2645 1808 sibi
2677 1755 3034 1826 responderet
3065 1759 3122 1813 in
3150 1758 3389 1814 concilio

1796 1838 2227 1909 presbiter-orum
2268 1840 2476 1898 Grades
2518 1843 2631 1915 (90)
2657 1845 3012 1904 denominato
3040 1864 3138 1919 per
3174 1847 3386 1905 Fredu‘

1798 1931 1993 1986 ardum
2022 1933 2291 1988 decanum
2321 1936 2589 1991 evocavit.
2624 1934 2703 1992 lbi
2732 1936 3093 1997 Godiscalcus
3122 1951 3391 2012 praesente

1796 2022 2011 2079 Bosonc
2058 2027 2471 2095 archidiacono,
2514 2027 2847 2087 Ernetboldo
2876 2032 3065 2087 altaris
3102 2034 3389 2101 advocato,

1797 2116 2084 2172 convictus
2120 2119 2331 2187 judicio
2373 2129 2427 2174 et
2456 2122 2560 2176 sub
2588 2123 2916 2179 clamatione
2943 2124 3113 2180 totius
3147 2124 3390 2192 concilii,

1796 2209 2043 2265 ecclesiae
2089 2210 2235 2265 beati
2277 2210 2507 2268 Huberti
2536 2215 2684 2285 quod
2718 2232 2882 2271 suum
2918 2226 3036 2272 erat
3067 2219 3137 2273 ab
3162 2219 3392 2290 antiquo

1796 2301 2014 2371 publice
2040 2304 2386 2373 recognovit;
2412 2321 2824 2378 assurgensque
2846 2307 3187 2365 Theoderico
3209 2309 3392 2365 abbati

1793 2392 2024 2462 iustitia:
2046 2395 2269 2451 vadium
2293 2397 2343 2451 ei
2372 2414 2471 2468 per
2502 2401 2778 2455 manicam
2827 2403 3027 2458 tunicae
3056 2419 3170 2458 suae
3198 2419 3393 2473 porre-

1798 2488 1898 2552 xit,
1930 2503 2032 2557 pro
2062 2502 2173 2558 quo
2206 2497 2260 2544 et
2293 2490 2456 2546 vades
2498 2491 2686 2547 decem
2735 2493 3001 2549 librarum
3036 2502 3265 2550 exactus
3300 2494 3393 2550 des

1798 2580 2003 2651 posuit,
2031 2588 2085 2635 et
2106 2581 2186 2637 sic
2216 2580 2477 2654 deinceps
2504 2600 2535 2639 a
2559 2585 2989 2656 praesumptione
3010 2602 3109 2642 sua
3135 2588 3389 2643 cessavit.

1868 2677 1958 2731 25.
2006 2676 2144 2747 (52.)
2193 2677 2316 2750 (Αη.
2364 2677 2524 2735 1069.
2576 2678 2663 2735 Cf.
2707 2679 2846 2734 Ann.
2901 2681 3225 2752 Bertholdi.)
3273 2681 3392 2738 Dux

1800 2769 2132 2826 Godefridus
2155 2771 2212 2826 in
2241 2771 2395 2828 Italia
2428 2773 2764 2842 inﬁrmatus,
2796 2784 2851 2830 et
2876 2775 3075 2831 exinde
3099 2774 3393 2831 Bulouium

1800 2874 2072 2933 revectus,
2098 2880 2223 2921 cum
2255 2867 2368 2938 jam
2402 2868 2718 2939 desperaret
2760 2870 2887 2925 vitae
2916 2884 3050 2937 suae,
3100 2870 3288 2926 missis
3325 2869 3394 2925 ad

1801 2956 2055 3012 abbatem
2080 2956 2479 3016 Theodericum
2507 2962 2720 3033 legatis,
2752 2962 2889 3018 satis
2916 2960 3217 3030 humiliter,
3245 2970 3307 3016 ut
3336 2975 3396 3016 se

1801 3051 2051 3108 visitaret
2081 3053 2324 3123 expetiit.
2379 3054 2569 3126 Neque
2602 3056 2750 3111 enim
2785 3054 3080 3127 processus
3120 3062 3240 3110 erat
3276 3054 3396 3125 ejus

1802 3147 1871 3203 de
1897 3148 2234 3204 monasterio
2275 3147 2475 3215 facilis,
2519 3149 2759 3204 maxime
2790 3164 2921 3204 vero
2953 3149 3132 3221 gratia
3162 3146 3396 3217 alicujus

1802 3258 2051 3313 personae
2079 3244 2378 3299 saecularis.
2419 3242 2662 3299 Tandem
2688 3243 2758 3298 ad
2777 3258 2903 3298 eum
2929 3243 3234 3314 ingressus,
3269 3255 3395 3296 eum

1802 3343 1973 3391 tanta:
2017 3337 2172 3407 prius
2219 3337 2507 3407 potestatis
2534 3337 2717 3393 virum
2766 3336 2840 3391 ita
2864 3335 3074 3391 videret
3118 3332 3395 3400 affectum,

1803 3429 2034 3486 elevatis
2086 3429 2262 3485 oculis
2299 3429 2369 3484 ad
2406 3427 2579 3484 Deum
2627 3447 2640 3483 :
2683 3426 2783 3495 Tu,
2836 3427 3035 3498 inquit,
3095 3425 3395 3480 humiliasti

1804 3524 1945 3578 sicut
1976 3522 2313 3578 vulneratum
2341 3523 2642 3593 superbum.
2678 3521 2797 3576 Dux
2824 3521 2892 3577 ad
2924 3520 3155 3575 verbum
3183 3517 3397 3574 abbatis

1805 3620 2169 3685 compunctus
2214 3633 2226 3668 :
2279 3614 2469 3685 Pater,
2507 3615 2603 3683 ait,
2639 3614 2939 3681 Itarissime,
2989 3611 3153 3666 nichil
3196 3611 3391 3666 verius.

1806 3706 1873 3761 Et
1899 3723 2195 3778 erumpens
2224 3710 2280 3763 in
2309 3710 2589 3776 lacrimas,
2639 3710 2729 3763 vix
2782 3724 2897 3780 prie
2943 3707 3275 3779 singultibus
3302 3719 3396 3761 co-

1806 3805 1970 3852 natus
2005 3798 2210 3868 oloqui,
2234 3810 2429 3868 puram
2456 3799 2864 3855 confessionem
2890 3815 2992 3869 pro
3018 3796 3397 3869 expectatione

1807 3890 2004 3947 mortis
2039 3890 2153 3946 Deo
2188 3906 2376 3946 coram
2420 3891 2617 3945 abbate
2666 3890 2922 3957 reddidit,
2964 3906 3141 3960 caque
3183 3889 3394 3945 reddita

1807 3984 2049 4056 gladium
2099 4000 2262 4041 suum
2295 3983 2400 4040 sibi
2430 3981 2635 4039 deferri
2670 3982 2857 4053 jussit,
2904 3997 3067 4052 quem
3106 3982 3399 4036 assistento

1807 4077 1922 4135 ﬁlio
1954 4094 2057 4135 suo
2099 4076 2412 4147 Godcfrido,
2444 4077 2765 4133 continuato
2807 4075 3012 4147 gemitu
3041 4072 3395 4146 poenitentiae,

1809 4172 1992 4227 abbati
2018 4171 2352 4227 reddendum
2382 4169 2754 4240 priesentavit,
2784 4182 3021 4238 eumque
3055 4166 3158 4223 sibi
3203 4172 3400 4220 testem

1809 4262 2056 4319 futurum
2088 4264 2144 4318 in
2169 4262 2378 4335 judicio
2414 4260 2512 4317 Dei
2539 4278 2638 4332 pro
2675 4259 3161 4317 abrenunciatione
3190 4257 3399 4313 militia:

1811 4356 2093 4413 saecularis
2111 4356 2246 4412 satis
2268 4354 2569 4420 humiliter,
2606 4355 2782 4425 magis
2806 4369 2935 4409 vero
2957 4354 3202 4408 dolenter
3223 4351 3398 4406 incla-

84 4462 301 4503 ncnses
334 4445 622 4502 dicuntur.
648 4443 859 4513 Quibus
890 4455 1071 4502 autem
1104 4450 1525 4507 necessitatibus
1549 4460 1706 4506 com-
1738 4445 1789 4500 D
1811 4449 1999 4503 mavit.
2026 4447 2274 4515 Quantas
2285 4455 2467 4503 autem
2482 4446 2738 4501 lacrimas
2760 4446 2829 4500 ab
2841 4445 3017 4500 oculis
3029 4445 3399 4501 circumstan—

81 4542 238 4611 pnlsi
287 4539 665 4613 provinciales
709 4540 810 4596 has
841 4541 1266 4599 consuetudines
1305 4542 1418 4598 Deo
1449 4550 1507 4599 et
1538 4544 1697 4601 beato

1818 4544 1956 4598 tium
1967 4541 2270 4598 excusserit
2284 4541 2420 4595 tanti
2438 4539 2646 4597 doloris
2663 4537 3404 4611 spcctaculum,pensandum

1431 4652 1518 4713 VA
1527 4646 1663 4715 [HE
1708 4647 2112 4718 LECTIONES.

160 4753 210 4787 “
231 4754 323 4809 ita
361 4744 418 4805 1.
442 4746 534 4804 sed
559 4758 741 4819 postea
763 4757 1064 4805 constanter
1085 4744 1452 4806 Buloniensis.

1588 4821 1820 4881 NOTE.

163 4983 289 5057 (85)
324 4977 451 5057 Sed
476 4978 543 5057 is
556 4979 694 5035 obiit
716 4980 781 5035 Si
805 4979 934 5037 Dec.
976 4981 1134 5037 1069.
1174 4980 1367 5053 Itaque
1394 4998 1575 5041 annus
1599 4985 1705 5040 mi-

289 5053 447 5108 situs
472 5047 648 5108 falsus
676 5061 777 5107 est.

289 5068 447 5108 suus
472 5068 648 5108 “usus
676 5068 777 5107 esr.

189 5068 290 5192 gl?)
327 5119 591 5192 Faméne,
625 5120 893 5191 Palizeul,
922 5122 1184 5179 Ardenne.
1215 5118 1279 5178 Β.

189 5126 265 5181 86
327 5126 591 5192 Fanténe,
625 5126 893 5191 Palizeul,
922 5126 1184 5179 Ardenne.
1215 5126 1279 5178 R.

165 5126 291 5267 £87)
344 5200 475 5263 cap.
531 5192 587 5263 8,
640 5194 731 5249 ubi
777 5211 828 5251 a.
877 5194 982 5251 857
1031 5196 1294 5252 instituta
1348 5211 1472 5253 esse
1515 5197 1709 5254 dicun-

86 5277 206 5325 tur.

1817 4998 1879 5063 ac
1906 4980 2048 5035 oboli
2075 4995 2229 5052 quem
2250 4979 2423 5063 ivulgo
2452 4977 2726 5063 Priquetle
2756 4984 2965 5063 uocant.
3003 4975 3159 5063 llltra
3187 4976 3280 5060 nos
3306 4994 3404 5063 au-

1818 5062 1921 5109 tem
1982 5047 2141 5125 pagos
2192 5051 2262 5105 ad
2316 5047 2455 5105 idem
2506 5047 2748 5134 tenentur
2788 5047 3123 5132 infrasc'ripli
3167 5049 3403 5132 ejusdem

1818 5124 2107 5175 damnatus
2127 5122 2438 5175 Gradensis.
2474 5120 2582 5175 vid.
2613 5119 2899 5175 Paltmm.
2937 5118 3197 5175 thlancc.
3226 5118 3401 5174 Hars-

1818 5122 2107 5177 decan‘atus
2127 5122 2438 5187 Gradensis,
2474 5122 2582 5175 vid.
2613 5122 2899 5187 Palimm,
2937 5122 3197 5186 Villancc,
3226 5122 3399 5174 Mais-

1817 5200 1927 5274 359,
1984 5194 2329 5265 Vencgmont,
2392 5191 2715 5274 lolionuille,
2768 5190 3032 5274 Oghanips
3052 5234 3066 5255 ,
3121 5189 3399 5274 (vinique,

1823 5261 2148 5332 sarisareuaS,
2191 5283 2314 5336 cunt
2354 5264 2749 5336 appendicibus,
2804 5261 3404 5336 Bouillon,_Noir]on-

166 5336 291 5421 (88)
325 5351 483 5393 casn.
510 5334 782 5421 Ilastiéres
825 5338 891 5393 ad
928 5337 1157 5422 Mosam,
1189 5339 1242 5395 d.
1294 5338 1636 5408 Leodieusis,
1659 5352 1715 5397 et
1823 5336 1985 5404 tuine,
2025 5336 2243 5406 Crufoz,
2278 5332 2540 5420 Briahan,
2592 5332 2849 5417 chniont
2891 5334 3038 5460 (sip),
3085 5332 3400 5401 Bothasart,

168 5408 612 5460 alcrodorenSIs.
644 5425 732 5460 cui
763 5410 893 5460 illud
937 5411 1240 5460 subiectum
1273 5420 1427 5460 erat:
1462 5418 1515 5460 r-
1546 5410 1711 5460 Mirmi
1821 5402 2064 5460 Bellium:
2095 5426 2214 5460 cum
2245 5408 2641 5460 appendicibus.
2679 5404 2821 5460 l'aus
2843 5404 2918 5459 les
3002 5422 3210 5460 eneurs.
3238 5405 3399 5460 Asse-

89 5407 733 5481 walciqdorensis,_icui
762 5410 894 5466 illud
937 5411 1240 5481 subjectum
1273 5420 1429 5481 erat;
1462 5418 1515 5468 v.
1545 5410 1711 5468 Mirati

88 5476 682 5624 "pliaiﬁ'rapﬁr‘f’ii;

93 5619 316 5679 manus
361 5619 505 5693 fecit
562 5620 837 5693 Willerey,
887 5619 1110 5679 Barsine
1153 5624 1207 5679 la
1248 5625 1421 5689 vieille
1444 5634 1494 5680 et
1526 5643 1704 5693 ncuve,

91 5692 312 5761 Loitte,
350 5689 591 5759 Naomé,
629 5689 844 5761 Gedine,
872 5694 1188 5762 Grandltez;
1226 5703 1281 5751 et
1307 5696 1457 5752 addit
1489 5714 1500 5749 :
1538 5689 1703 5751 Nota.

97 5767 256 5826 Istos
299 5777 480 5836 pagos
516 5764 679 5820 teneri
701 5764 772 5819 ad
796 5764 1129 5823 «solutionem
1154 5784 1387 5825 annuam
1430 5785 1705 5823 caseorum

1820 5402 2064 5464 Belnaux
2095 5402 2214 5461 cum
2231 5402 2650 5478 appendicibus,
2670 5402 2821 5478 ’ἔξηνε
2843 5402 2918 5459 les

1818 5498 1919 5551 noy
1943 5523 1959 5548 ,
2017 5478 2247 5547 Grcidc;

3002 5422 3210 5472 eneurs,
3238 5405 3399 5460 Asse-

2351 5481 2540 5547 icnne,
2595 5475 2863 5545 Hoﬁ‘dgr,
2924 5476 3101 5550 Oysg,
3159 5475 3401 5545 Geihbre,

383 5564 558 5620 ancar
597 5551 762 5606 vertit
802 5552 1027 5620 Harnie,
1070 5551 1375 5617 Wileursie.
1423 5554 1567 5610 unde
1603 5555 1719 5611 alia
1812 5552 2016 5606 Bieure.

1885 5623 1996 5693 (90)
2042 5638 2190 5701 nunc
2219 5620 2434 5701 Qraidc,
2462 5637 2494 5676 a
2513 5620 2600 5701 Δ8.
2634 5617 2877 5701 litiberto
2916 5620 2984 5675 ad
3019 5618 3355 5701 occidentem
3380 5661 3397 5686 ,

1814 5687 2012 5750 nomen
2040 5694 2191 5749 dedit
2225 5692 2465 5750 decania:
2508 5690 2795 5758 GradenSi,
2830 5689 2886 5745 in
2915 5708 3024 5766 qua
3047 5690 3189 5747 villae
3212 5687 3403 5747 Vitan-

1810 5767 1915 5835 cia,
1939 5766 2281 5834 Palatiolum,
2318 5774 2420 5822 etc.
