3902 6286
617 234 754 290 1567

1651 220 2044 285 CHRONICON
2082 226 2139 284 S.
2183 222 2489 291 HUBERTI
2528 214 2863 283 ANDAGIN.
3596 250 3676 307 ,πθ

610 351 797 423 potius
843 348 1180 415 censuimus,
1227 360 1391 416 quam
1427 344 1793 400 referendum.
1839 346 2011 416 Cujus
2052 345 2198 401 enim

2306 344 2513 399 viderat
2551 343 2694 398 inter
2732 351 2942 414 patrem
2972 347 3025 397 et
3052 342 3209 399 ﬁlium
3234 340 3675 427 pactamv‘sponstom,

608 461 707 501 cor
736 461 844 500 non
875 444 1160 506 emolliret,
1193 439 1351 508 cujus
1375 439 1459 493 vel
1484 438 1814 493 inhumanos
1845 438 2202 494 aﬁ'eetus’non

610 537 901 595 inclinaret
914 531 1232 603 poenitentia
1245 542 1355 585 tam
1369 531 1563 586 devota
1580 538 1799 602 tamque
1812 532 2034 586 humilis
2058 532 2203 589 illius

618 629 898 699 quondam
933 622 1361 678 nominatissimi
1394 623 1656 679 Romanae
1697 624 1850 679 urbis
1887 624 2122 695 patricii,
2150 634 2204 680 et

617 719 861 791 praefecti
888 716 1279 783 Anchonitani,
1301 727 1354 772 et
1372 717 1558 772 Pisani
1586 717 1942 784 marchionis,
1966 727 2018 773 et
2036 718 2200 773 totius

611 809 988 881 interjacentis
1023 809 1239 865 Tusciae
1268 818 1323 865 et
1369 810 1536 865 ltalim
1585 811 1965 878 dominatoris,
2013 812 2201 867 invicti

611 918 831 972 quoque
853 900 1281 956 Virdunensium
1306 903 1526 957 comitis
1546 910 1600 956 et
1629 902 1997 974 Lotharingim
2021 903 2198 971 ducis,

610 993 831 1050 Henrici
872 995 1035 1049 etiam
1066 996 1414 1066 imperatoris
1449 1011 1545 1067 per
1584 1004 1667 1051 tot
1719 1014 1894 1053 annos
1945 999 2200 1055 acerrimi

609 1084 1032 1157 impugnatoris.
1084 1085 1196 1143 Nec
1237 1087 1411 1141 multo
1444 1096 1567 1157 post
1615 1088 1681 1143 ad
1724 1090 2011 1146 ecclesiam
2055 1091 2197 1146 beati

606 1176 755 1232 Petri
779 1187 932 1232 trans
979 1188 1200 1247 pontem
1250 1179 1414 1234 sitam
1455 1181 1623 1250 jussit
1653 1183 2031 1252 transportari,
2068 1199 2199 1253 pro-

610 1269 969 1338 sequentibus
1027 1284 1152 1322 cum
1203 1269 1398 1325 abbate
1445 1270 1783 1327 Theoderico
1842 1284 1895 1328 et
1941 1274 2199 1329 Gonzone

607 1358 921 1415 Florinensi
963 1368 1017 1414 et
1050 1359 1359 1416 Hermendo
1388 1362 1719 1419 Virdunensi
1750 1365 1971 1437 ﬁlioque
2016 1367 2197 1423 Gede-

607 1449 754 1506 frido
783 1467 907 1507 cum
945 1452 1304 1521 optimatibus
1356 1455 1490 1510 suis.
1538 1454 1615 1510 lbi
1648 1456 1753 1511 sibi
1790 1456 1991 1511 deferri
2032 1458 2199 1528 jussit

609 1559 831 1614 capsam
857 1545 1178 1613 eburneam,
1196 1562 1319 1617 quae
1340 1546 1519 1602 fuerat
1534 1547 1810 1604 Bonefacii
1836 1551 2194 1619 marcbionis,

607 1638 823 1707 plenam
850 1639 1107 1708 pretiosis
1132 1649 1449 1695 sanctorum
1465 1643 1736 1711 reliquiis,
1754 1643 1896 1698 inter
1910 1660 2049 1715 quas
2067 1647 2200 1700 emi-

607 1729 772 1784 nebat
808 1731 985 1799 portio
1017 1748 1215 1802 magna
1267 1734 1557 1789 dominicae
1607 1736 1808 1803 crucis,
1862 1745 1917 1793 et
1957 1747 2198 1809 gestato-

608 1822 753 1876 rium
786 1824 956 1879 altare
981 1840 1131 1894 papae
1164 1825 1455 1881 Johannis.
1501 1827 1577 1882 Ea
1609 1839 1831 1900 accepta
1860 1831 1915 1885 in
1941 1833 2197 1889 manibus

607 1929 794 1970 coram
822 1917 991 1973 altare
1019 1918 1163 1973 beati
1188 1918 1355 1988 Petri,
1387 1921 1504 1976 sine
1533 1923 1767 1994 alicujus
1798 1928 2197 1983 sustentatione

607 2006 661 2061 in
684 2009 849 2077 pedes
874 2011 1040 2067 libere
1062 2014 1330 2080 constitit,
1351 2023 1406 2069 et
1426 2017 1740 2085 praedictam
1761 2036 1981 2091 capsam
2004 2030 2197 2080 tenens

604 2103 881 2157 recensuit
911 2120 977 2159 ex
1005 2106 1229 2173 ordine,
1273 2107 1525 2164 videlicet
1565 2126 1629 2165 ex
1683 2113 1863 2169 edicto
1902 2113 2197 2170 Alexandri

604 2200 1098 2276 papae‘separatum
1146 2215 1204 2254 se
1234 2215 1355 2256 esse
1387 2217 1418 2256 a
1457 2204 1763 2261 marchissa
1813 2206 2095 2277 Beatrice,
2144 2217 2199 2263 et

607 2297 709 2352 pro
743 2285 989 2354 ejusdem
1024 2292 1389 2360 separationis
1418 2295 1733 2358 conditione
1762 2307 2100 2355 strueturum
2139 2316 2198 2356 se

606 2378 1086 2450 congregationem
1130 2387 1533 2442 monachorum
1560 2389 1627 2444 de
1653 2392 2042 2449 communibus
2067 2408 2192 2464 pos-

605 2470 947 2529 sessionibus
978 2475 1269 2547 utriusque
1299 2477 1412 2534 Deo
1438 2481 1745 2538 devovisse.
1799 2483 2031 2540 Easdem
2057 2502 2197 2557 quo-

606 2576 715 2633 que
758 2567 1139 2634 possessiones
1169 2571 1456 2627 amborum
1490 2589 1767 2630 consensu
1815 2577 2196 2635 denominatas

605 2657 929 2726 praedictum
953 2676 1149 2732 papam
1173 2665 1519 2722 auctoritatis
1546 2684 1659 2723 suae
1688 2669 1973 2742 privilegio
1998 2672 2198 2727 conﬁr-

602 2764 808 2817 masse,
858 2768 1209 2826 quocumque
1257 2758 1361 2813 sibi
1407 2759 1648 2829 placeret
1681 2762 1803 2817 illas
1828 2764 2108 2833 addicere;
2143 2773 2197 2820 et

604 2844 735 2913 quia
760 2856 1132 2917 prazgravatus
1161 2849 1478 2908 inﬁrmitate
1510 2855 1562 2909 id
1586 2870 1682 2925 per
1704 2872 1762 2911 se
1794 2857 1971 2927 ipsum
2001 2858 2195 2929 exequi

603 2949 715 2992 non
752 2948 961 3007 posset,
1008 2957 1169 2998 orare
1198 2943 1598 3002 Theodericum
1627 2948 1902 3018 abbatem,
1941 2959 2001 3005 ut
2031 2951 2196 3022 hujus

2301 438 2416 509 jam
2444 454 2553 493 non
2576 437 2845 492 dubitavit
2879 437 3316 496 conclamantibus
3346 443 3383 475 ³⁸
3403 446 3554 516 adesse,
3575 459 3676 510 mi.

2305 527 2525 582 deretur
2553 525 2791 582 fructum
2821 525 3149 597 paenitentiae
3175 531 3431 598 peccatoris
3458 536 3507 592 de
3528 555 3569 595 se
3585 548 3680 601 coal-

2304 620 2483 675 dentis
2504 628 2772 691 quantum
2802 620 2857 674 in
2885 634 2944 674 se
2973 628 3114 676 esset
3145 620 3312 693 aliquo
3337 628 3466 682 modo
3483 630 3678 693 deft-audis.

2305 727 2393 779 se;
2423 702 2485 768 et
2496 712 2724 783 propius
2758 710 3036 767 accedenti
3064 729 3077 768 :
3101 711 3387 772 Karrissime
3408 729 3533 790 pater,
3550 724 3620 781 ἁιιι
3637 727 3682 783 ir-

2303 800 2560 877 quit,'per
2595 805 2730 859 hanc
2780 822 3028 876 capsum,
3071 814 3123 861 et
3150 807 3196 861 ei
3239 811 3441 878 porrexit
3463 814 3579 881 illam,
3606 837 3680 873 cou-

2304 900 2459 954 mitto
2496 899 2591 953 tibi
2621 896 2777 969 hujus
2814 916 2942 954 mea:
2969 899 3247 955 devotionis
3275 919 3443 972 curam,
3477 917 3519 962 ut
3544 910 3581 963 in
3602 914 3685 967 tall-

2305 1000 2408 1046 tem
2441 992 2636 1045 anima:
2665 1007 2793 1045 meae
2823 1008 2919 1062 pro
2947 1007 3093 1062 posse
3116 1000 3199 1046 tuo
3222 998 3454 1065 exequaris
3472 1016 3566 1053 eam.
3592 1002 3686 1057 Adﬁ-

2301 1084 2435 1139 lium
2465 1093 2645 1139 autem
2678 1102 2691 1137 :
2722 1081 2860 1150 Tibi,
2886 1083 3084 1154 inquit,
3109 1085 3247 1138 edico
3268 1086 3317 1139 in
3343 1087 3427 1157 ﬁde
3440 1088 3687 1163 debilium

2302 1178 2466 1232 missa
2502 1178 2646 1248 patri
2686 1176 3044 1246 adjutorium,
3088 1181 3510 1249 cooperatiouemet
3535 1186 3687 1255 delatio-

2302 1286 2418 1325 nem
2440 1270 2596 1340 hujus
2620 1271 2942 1324 executionis
2968 1270 3246 1324 secundum
3266 1274 3593 1329 ammoniacum
3605 1279 3689 1333 istius

2302 1361 2533 1430 abbatis,
2560 1362 2919 1433 dextramque
2938 1363 3058 1433 ejus
3083 1363 3342 1420 astrictam
3370 1366 3565 1436 implicuit
3579 1369 3690 1424 dextra

2300 1455 2429 1525 ﬁlii;
2463 1465 2775 1526 praesentem
2800 1457 2962 1510 etiam
2989 1456 3259 1511 ecclesiam
3279 1457 3399 1511 beati
3422 1457 3531 1512 Petri
3550 1464 3690 1531 apostoli.

2300 1565 2416 1620 quia
2444 1550 2546 1603 mei
2575 1558 2653 1603 est
2675 1549 3012 1619 patrimonii,
3044 1548 3223 1619 delega
3249 1550 3301 1602 in
3328 1560 3559 1620 perpetuum
3583 1555 3691 1605 consti-

2302 1640 2510 1695 tuendis
2560 1642 2616 1693 in
2638 1658 2701 1694 ea
2731 1640 3037 1707 monachis,
3071 1649 3372 1711 matremque
3408 1643 3496 1712 ejus
3521 1641 3690 1696 Saltim:

2299 1730 2469 1784 rivum
2490 1732 2745 1801 conﬁrmo
2766 1747 2949 1786 eorum
2972 1731 3168 1785 ditioni
3188 1773 3202 1797 ,
3221 1731 3421 1786 exclusis
3438 1735 3584 1786 omnino
3600 1735 3692 1787 haca-

2301 1838 2397 1876 nus
2428 1822 2723 1876 tenentibus
2754 1839 2872 1875 eam
2908 1821 3140 1875 clericis.
3174 1820 3365 1876 Prteter
3384 1824 3691 1892 possessionum

2299 1932 2430 1987 quas
2482 1915 2605 1968 huic
2657 1932 2788 1970 mete
2844 1915 3111 1969 devotioni
3161 1915 3411 1986 privilegio
3445 1927 3483 1968 et
3516 1919 3694 1969 auctoritati

2298 2008 2595 2063 Alexandri
2650 2026 2802 2080 papa?
2850 2009 3195 2079 conﬁrmavi,
3244 2024 3306 2063 ea:
3348 2025 3541 2063 consents
3562 2010 3692 2079 τοιίιᾳίε

2300 2119 2429 2158 mea:
2480 2102 2746 2157 Beatricis
2769 2145 2784 2169 ,
2824 2112 2916 2157 tuo
2953 2119 3159 2174 quoque
3185 2145 3200 2169 ,
3248 2103 3317 2155 mi
3355 2102 3555 2157 [rarissime
3574 2103 3692 2169 ﬁlim

2300 2211 2506 2266 sponsa:
2540 2204 2644 2249 tua:
2689 2193 2973 2248 Mathildis
2999 2236 3014 2260 ,
3048 2195 3110 2247 in
3139 2210 3266 2247 auro
3288 2235 3302 2259 ,
3343 2202 3516 2263 argento
3550 2193 3692 2260 istiista

2300 2289 2656 2354 ornamentis,
2687 2303 2902 2341 censum
2954 2285 3108 2341 mille
3155 2286 3398 2340 librarum
3433 2299 3697 2339 meum

2300 2380 2577 2434 mobilium
2604 2380 2881 2451 aggregavi
2896 2421 2911 2445 ,
2938 2395 3060 2450 qua:
3089 2388 3270 2432 vestrm
3312 2378 3529 2431 committo
3553 2375 3644 2444 ﬁdei,
3669 2382 3697 2423 ιι

2299 2473 2458 2544 hujus
2498 2472 2733 2528 ecclesiw
2777 2472 3069 2544 proﬁciant
3097 2471 3340 2526 utilitati.
3369 2468 3473 2524 Haac
3496 2466 3699 2532 omniaapa-

2300 2578 2383 2623 tre
2409 2567 2661 2623 condicta
2691 2576 2744 2621 et
2773 2582 2804 2620 a
2839 2565 2952 2619 ﬁlio
2978 2566 3228 2631 laudata,
3270 2563 3451 2628 abbas,
3477 2570 3521 2614 ut
3542 2567 3614 2613 erat
3633 2556 3692 2609 se

2298 2662 2423 2733 plex
2445 2669 2500 2716 et
2521 2672 2728 2727 rectus,
2750 2659 2980 2715 credidit
3007 2674 3138 2715 esse
3167 2668 3302 2724 rata,
3335 2656 3542 2725 omnique
3564 2649 3697 2706 dilatum

2298 2763 2511 2811 remota
2538 2754 2826 2810 collocavit
2858 2753 3065 2809 ibidem
3109 2752 3374 2809 deservire
3398 2749 3487 2803 Deo
3511 2747 3598 2803 satis
3618 2744 3701 2795 lm-

2301 2860 2415 2905 stas
2459 2863 2724 2920 personas
2751 2846 2979 2916 majoris
3010 2862 3132 2902 suae
3170 2844 3424 2911 ecclesias,
3452 2840 3598 2897 scilicet
3612 2834 3702 2887 ANK-

2299 2942 2431 2997 dum
2472 2942 2778 3008 custodem,
2831 2938 3192 2994 Lambertum
3245 2937 3494 3008 majorem,
3530 2929 3702 2984 Lieba'tll

605 3029 693 3084 sui
714 3032 825 3086 voti
854 3031 1445 3109 euram'exequendam
1471 3057 1572 3112 pro
1594 3058 1653 3098 se
1683 3043 2004 3114 susciperet.
2029 3044 2199 3099 Erant
2226 3060 2267 3118 α
2299 3045 2490 3107 postea
2535 3037 2640 3093 sub
2671 3052 2729 3092 se
2772 3037 2893 3106 ejus
2928 3034 3036 3090 loci
3060 3034 3429 3105 praepositum,
3458 3022 3645 3081 Amulium
3663 3034 3706 3118 cf

604 3136 739 3177 vero
783 3123 916 3195 ipsa:
944 3131 1323 3197 possessiones
1366 3132 1479 3189 fere
1509 3130 1702 3191 omnes
1729 3137 1963 3191 militum
1995 3137 2200 3207 stipen-

606 3213 815 3282 diariae,
841 3218 934 3287 qui
959 3220 1001 3250 ³⁷
1027 3221 1154 3276 licet
1175 3224 1355 3293 palam
1386 3241 1495 3281 non
1537 3229 1803 3285 auderent
1825 3230 1952 3285 duci
1974 3245 2068 3285 eas
2095 3231 2199 3285 sibi

606 3306 919 3362 ratibabcre
950 3314 1349 3382 contradicere,
1384 3333 1485 3387 pro
1535 3320 1639 3375 hoc
1676 3322 1794 3391 ipso
1832 3330 2013 3377 tamen
2066 3324 2199 3379 sub-

608 3400 1032 3455 murmurabant
1068 3403 1210 3458 inter
1240 3422 1300 3460 se
1325 3424 1450 3462 cum
1507 3413 1749 3467 maxima
1804 3415 2196 3486 indignatione.

615 3485 799 3544 Sensit
831 3491 1001 3548 abbas
1053 3494 1248 3551 ducem
1302 3497 1505 3554 frustra
1553 3503 1652 3556 niti
1686 3506 1832 3573 quod
1865 3507 2199 3576 intendebat,

606 3595 734 3633 cum
778 3581 1127 3656 intelligeret
1181 3590 1755 3649 submurmurantium
1821 3598 2198 3669 calumpnias,

607 3675 915 3740 praesertim
973 3693 1099 3733 cum
1151 3697 1218 3736 ex
1275 3683 1393 3753 ipsa
1442 3686 1541 3740 ﬁlii
1574 3687 1693 3758 ejus
1728 3691 1965 3761 quadam
2005 3693 2198 3748 adver-

609 3765 764 3822 sione
789 3777 1006 3827 notaret
1028 3789 1156 3846 erga
1179 3785 1391 3847 patrem
1430 3780 1546 3851 jam
1583 3782 1725 3840 laesae
1752 3784 1971 3855 pietatis
2002 3786 2200 3859 imagi—

607 3875 756 3928 nem,
794 3865 940 3921 unde
961 3875 1016 3923 et
1051 3873 1343 3927 ametando
1387 3874 1500 3946 (9i)
1523 3876 1740 3946 longius
1767 3879 2070 3948 absistens,
2116 3896 2202 3936 re-

606 3956 828 4023 spondit
855 3958 982 4015 duci
1007 3962 1504 4037 quod‘rogabatur
1533 3985 1592 4024 se
1621 3972 1818 4043 exequi
1860 3989 1968 4029 non
2014 3990 2198 4044 posse,

605 4048 776 4104 alium
804 4052 988 4122 potius
1013 4068 1303 4127 quaereret,
1336 4076 1498 4130 quem
1523 4064 1669 4119 votis
1699 4064 1815 4120 suis
1839 4068 2201 4135 procurandis

607 4142 983 4203 substitueret.
1024 4147 1135 4206 Nec
1165 4151 1324 4207 latuit
1347 4154 1542 4211 ducem
1574 4158 1719 4226 quod
1762 4158 1932 4214 abbas
1963 4160 2197 4229 timeret,

604 4242 661 4289 et
682 4235 975 4295 inclamato
1002 4242 1113 4297 ﬁlio
1143 4261 1270 4300 cum
1302 4248 1689 4316 amaritudine,
1741 4251 1943 4320 objeeit
1993 4252 2064 4324 ei}
2102 4268 2202 4308 cur

606 4334 718 4383 tam
762 4330 1109 4403 impudenter
1145 4353 1275 4411 erga
1316 4356 1375 4395 se
1405 4341 1638 4398 violaret
1671 4343 1799 4413 jura
1835 4353 2065 4412 naturae,
2100 4361 2201 4401 cur

2303 3129 2600 3199 pellanum.
2654 3126 2902 3195 Quorum
2949 3126 3212 3198 religioso
3266 3132 3318 3179 et
3365 3124 3544 3177 honesto
3563 3116 3705 3169 conm“

2304 3223 2416 3278 dux
2438 3222 2573 3277 adeo
2595 3220 3004 3286 consolabatur,
3038 3226 3124 3286 ut,
3147 3219 3273 3273 licet
3292 3213 3548 3271 inﬁrmitate
3563 3221 3624 3263 sua
3638 3215 3710 3256 sel
3774 3288 3775 3291 η

2304 3334 2402 3390 per
2423 3316 2762 3371 increscente
2790 3320 3137 3385 gravaretur,
3164 3309 3359 3366 auditis
3386 3300 3588 3390 compulit
3598 3295 3711 3365 (1⁸³³⁸⁵
3774 3294 3775 3359 1

2305 3388 2456 3464 horae
2517 3406 2796 3461 canonica;
2852 3403 3186 3458 monachico
3249 3401 3355 3455 ritu
3409 3388 3713 3482 signiﬁalnlllﬁb
3774 3396 3775 3455 ξ

2305 3501 2549 3572 ejusdem
2587 3497 2923 3554 inﬁrmitatis
2949 3496 3116 3567 quasi
3151 3494 3382 3560 oblitus,
3410 3486 3581 3561 quadam

2307 3562 2583 3646 hilaritate
2612 3562 2984 3645 recrearetur:
3007 3585 3231 3642 Interea
3256 3598 3375 3641 cum
3407 3578 3509 3637 vita
3528 3562 3714 3659 sueiunlr
3774 3608 3775 3615 η

2306 3691 2396 3738 tus
2439 3682 2733 3747 difﬁderet,
2773 3677 3084 3733 Virdunum
3133 3691 3194 3731 se
3248 3660 3713 3758 devehendum‘slfﬂlb

2306 3776 2399 3831 ubi
2429 3774 2562 3831 olim
2592 3790 2651 3830 se
2671 3772 2991 3829 eondixerat
3018 3768 3243 3841 sepeliri
3282 3763 3442 3839 gratia
3465 3752 3715 3816 saliuam

2305 3886 2374 3925 ex
2422 3885 2534 3941 quo
2583 3867 2833 3923 eamdem
2882 3863 3167 3919 civitatem
3213 3856 3529 3918 succenderat
3553 3848 3591 3901 in
3619 3845 3715 3941 6001:?

2307 3926 2468 4017 melia
2507 3960 2727 4016 Henrici
2779 3955 3130 4028 imperatoris
3182 3952 3314 4026 (92).
3373 3926 3718 4030 Ρηῧιδτέτθρξ

2307 4071 2423 4112 suae
2458 4056 2625 4126 hujus
2663 4052 2987 4118 evectionis,
3019 4049 3157 4106 fecit
3202 4062 3260 4104 se
3309 4043 3513 4116 primum

2305 4124 2594 4208 ecclesiam
2629 4148 2771 4204 beati
2813 4145 2962 4201 Petri
2993 4145 3135 4216 (95),
3169 4141 3263 4197 ubi
3285 4154 3340 4196 se
3365 4124 3720 4220 commendtﬂit‘li‘

2301 4245 2657 4317 patrociniis,
2689 4241 2962 4312 simulque
3007 4215 3201 4294 abbati
3243 4243 3295 4290 et
3334 4227 3554 4317 fratribus
3585 4215 3720 4317 01mg“:

2276 4299 2427 4392 -vale
2460 4334 2669 4391 faciens
2722 4347 2849 4387 cum
2898 4329 3185 4397 lacrimis,
3240 4323 3402 4397 jussit
3443 4314 3525 4375 sibi
3560 4299 3720 4381 vim“

607 4423 745 4477 adeo
782 4400 1115 4494 prodidisset
1150 4400 1609 4503 sevdegenerasse
1646 4400 1707 4490 u't
1748 4437 1912 4492 saluti
1959 4400 2201 4508 paterna:
2233 4414 2279 4469 Ῑ)
2307 4428 2365 4484 in
2394 4429 2561 4485 domo
2588 4424 2844 4483 bannalis
2865 4422 3015 4477 fumi
3042 4420 3253 4492 Ρέιΐπί·
3282 4418 3396 4483 Quo
3417 4400 3721 4508 (κδ’θθωδζ

609 4511 871 4568 deﬁceret
908 4515 963 4570 in
997 4518 1101 4573 hac
1151 4536 1409 4590 suprema
1434 4525 1790 4593 necessitate;
1842 4542 1952 4581 non
2001 4527 2199 4583 debere

604 4623 731 4660 cum
754 4609 991 4677 praedam
1021 4610 1199 4668 facere
1221 4615 1441 4672 sceleris
1467 4619 1551 4672 sui
1581 4634 1755 4689 pauca
1779 4620 1868 4674 illa
1884 4636 2007 4691 qua:
2027 4620 2198 4676 desti-

606 4702 773 4758 nabat
806 4704 1167 4776 redemptioni
1198 4710 1395 4765 animae
1426 4727 1559 4779 sute,
1588 4728 1714 4768 cum
1750 4714 1800 4768 ei
1848 4713 2087 4783 plurima
2112 4728 2200 4769 re-

605 4795 878 4866 linqueret
918 4808 1108 4869 parata
1142 4817 1244 4858 suo
1290 4802 1496 4860 labore.
1539 4804 1919 4876 Respondente
1980 4806 2091 4861 ﬁlio
2141 4806 2197 4861 in

606 4889 756 4943 nullo
800 4906 858 4945 se
888 4891 1208 4950 defuturum
1252 4897 1373 4967 ejus
1410 4899 1680 4954 voluntati
1708 4920 1720 4954 :
1750 4898 1969 4967 Accede,
2022 4900 2201 4971 inquit

574 4981 578 4984 ’
604 4990 778 5051 pater,
799 4986 870 5040 da
895 4988 1135 5043 osculum
1161 4991 1319 5045 michi
1337 4993 1391 5046 in
1418 4993 1717 5048 conditione
1739 4993 2011 5048 servandae
2040 4993 2198 5064 hujus

608 5081 715 5127 tua:
735 5076 859 5144 fidei
890 5090 939 5133 et
966 5084 1357 5152 promissionis,
1396 5086 1709 5156 interposito
1739 5094 2052 5142 testamento
2078 5087 2200 5141 vita:

576 5210 579 5215 ν
608 5165 717 5221 tum
746 5178 793 5222 et
816 5172 1049 5230 honoris.
1082 5176 1173 5233 Sic
1208 5179 1378 5235 abbas
1426 5180 1625 5235 iterum
1675 5181 1986 5251 iterumque
2034 5180 2205 5237 recla-

604 5272 792 5318 matus
827 5266 894 5321 ab
915 5278 1171 5341 utroque,
1205 5287 1331 5328 cum
1359 5288 1547 5329 veram
1571 5289 1695 5331 esse.
1723 5275 2001 5342 crederet,
2031 5280 2200 5346 quam

2311 4520 2667 4592 sequentibus
2698 4533 2827 4574 eum
2867 4488 3063 4570 abbate
3094 4524 3150 4569 et
3190 4512 3302 4566 lilio
3344 4504 3587 4571 multisque
3608 4488 3724 4592 αξξ

2309 4578 2695 4684 ορίίιιιθιίὺιιε,
2742 4624 2868 4664 cum
2916 4607 3092 4662 electo
3143 4621 3177 4659 a
3225 4619 3284 4659 se
3323 4602 3433 4656 loco
3476 4601 3611 4649 coram
3645 4578 3723 4684 illi?

2308 4678 2675 4778 deponeretur
2703 4721 2715 4756 :
2745 4700 2944 4771 Hujus,
2975 4697 3179 4768 inquit,
3216 4694 3438 4766 ofﬁcim?
3459 4678 3725 4780 WPf'LP":
3774 4688 3775 4703 ἶ

2312 4762 2464 4856 raior
2499 4816 2609 4854 esse
2638 4797 2959 4862 debuissem,
2991 4794 3039 4847 si
3065 4791 3233 4846 michi
3255 4787 3470 4861 propitia
3500 4762 3725 4863 dirimi???

2308 4854 2455 4950 mala
2490 4909 2609 4965 qua:
2642 4891 2778 4963 gessi
2800 4904 3017 4961 parcere
3036 4885 3311 4941 voluisset.
3328 4879 3439 4948 Quo
3456 4886 3555 4931 cum

2307 4953 2760 5047 convenientibus
2788 4983 2855 5039 ad
2897 4998 2957 5037 se
2981 4979 3252 5036 mendicis
3284 4978 3358 5016 ——'-
3378 4988 3440 5027 ex
3461 4979 3550 5038 quo
3566 4953 3727 5047 culmi“:

2306 5091 2464 5157 perat
2486 5078 2774 5145 inﬁrmari,
2798 5077 2979 5132 nullos
3000 5074 3266 5130 convivas
3287 5069 3388 5125 nisi
3406 5040 3727 5153 pauperiem

2306 5176 2479 5206 manu
2571 5204 2602 5206 ν,
2661 5175 2835 5206 :ncnm
2891 5168 3185 5206 hannalnm
3234 5160 3484 5206 omninam
3523 5122 3725 5206 ίιπιιιιθεέ

3539 5167 3564 5204 ll

2264 5218 2271 5223 -
2306 5176 2483 5233 voluit
2540 5204 2604 5218 σ-
2661 5175 2837 5244 ipsam
2863 5239 2866 5241 λ
2891 5168 3188 5225 bannalem
3234 5160 3484 5244 ofﬁcinam

2309 5231 2606 5327 donatione
2634 5231 2797 5325 beato
2829 5239 2994 5321 Petro
3026 5231 3725 5326 contndidit,iutinWW

1910 5363 2143 5424 VARIE
2180 5363 2588 5449 LECTIONES.

683 5448 735 5483 ⁸⁹
759 5467 868 5523 que
898 5455 949 5510 l.
1031 5455 1073 5489 ³⁸
1102 5459 1323 5516 inclam.
1355 5478 1617 5532 superscr.
1648 5464 1736 5523 vel
1760 5462 1936 5520 concl.
1978 5462 2029 5517 1.

697 5644 788 5717 91)
826 5644 1130 5717 recedendo
1158 5650 1315 5717 quasi
1338 5667 1365 5707 a
1392 5662 1558 5709 meta.

697 5647 788 5713 91)
826 5647 1054 5701 receden

675 5647 788 5791 292)
815 5734 866 5774 a.
892 5715 1054 5777 1047.

2147 5554 2374 5615 NOTAE.

2384 5645 2496 5723 (95)
2518 5644 2773 5702 Bulionii.
