3902 6286
79 312 208 370 1569

1091 300 1487 363 CHRONICON
1527 304 1586 363 S.
1628 296 1935 364 HUBERTI
1983 304 2310 369 ANDAGIN.

3199 310 3343 379 1570

77 424 368 485 deserviret
388 418 789 482 monachorum
834 420 1082 490 utilitati,
1113 421 1241 479 licet
1273 424 1380 479 hoe
1426 422 1652 493 frustra,
1684 428 1733 489 Α
1760 426 2181 483 cxhortantibus
2206 427 2392 494 cessit,
2424 434 2627 484 etcum
2653 423 2947 487 Godefrido
2975 431 3044 488 ad
3075 434 3339 492 scrinium

76 521 211 579 sicut
237 526 291 575 et
311 518 418 573 alia
447 519 631 574 omnia
663 533 815 590 paene
850 514 1059 572 fecerit.
1084 514 1317 577 Namrab
1345 517 1570 587 abbate,
1596 527 1657 574 ut

76 614 454 678 destinaverat,
488 610 793 666 Virdunum
824 610 1093 667 deductus
1116 653 1130 677 ,
1163 626 1290 666 cum
1345 611 1524 667 adhuc
1574 612 1657 667 vi-

74 724 201 763 vens
242 706 443 761 ibidem
474 714 813 773 moraretur,
847 720 1207 777 quaecumque
1252 704 1579 775 promiserat
1604 705 1655 761 ei

72 799 328 856 mentitus
368 809 451 855 est
501 798 681 868 ﬁlius,
730 807 786 853 et
839 798 896 853 in
946 799 1246 868 dampnum
1279 798 1405 853 vitae
1451 814 1564 853 sure
1603 807 1655 854 et

71 893 294 950 honoris
322 893 525 947 oblitus
550 902 636 949 est
665 891 1058 949 misericordiae
1085 900 1140 947 et
1158 891 1426 947 veritatis.
1457 890 1655 949 Factus

70 983 210 1037 enim
249 982 363 1051 jam
401 989 596 1052 potens
641 982 956 1039 hereditatis
1001 990 1262 1053 paternae,
1290 982 1658 1039 dissimulavit

71 1073 381 1128 meminisse
405 1073 537 1143 quid
565 1090 625 1129 se
653 1082 920 1145 praesente
939 1083 993 1129 et
1016 1073 1272 1129 laudante
1301 1074 1657 1145 deputaverat

67 1175 217 1238 pater
257 1166 620 1237 redemptioni
649 1168 846 1223 animae
878 1183 1010 1224 suae.
1069 1166 1478 1239 Suggerebatur
1525 1169 1574 1225 ei
1623 1186 1655 1225 a

66 1260 390 1332 quibusdam
420 1276 649 1317 suorum
674 1276 863 1317 revera
888 1260 1209 1328 inﬁdelium,
1238 1263 1397 1331 quasi
1440 1262 1507 1318 ad
1532 1279 1655 1334 gra-

66 1359 216 1426 tiam,
273 1375 385 1414 non
439 1360 637 1415 debere
685 1376 811 1416 eum
860 1360 1089 1431 perdere
1129 1360 1364 1438 militum
1426 1377 1654 1436 suorum

63 1453 382 1520 amicitiam,
436 1453 493 1507 in
527 1469 694 1508 manu
725 1469 919 1509 eorum
969 1469 1125 1509 suam
1178 1463 1432 1511 constare
1468 1455 1654 1509 valen—

61 1544 212 1613 tiam,
243 1545 510 1601 defecisse
544 1556 753 1617 patrem
791 1562 954 1603 suum
976 1563 1007 1602 a
1032 1542 1196 1604 sensu
1226 1546 1445 1617 proprio
1476 1547 1530 1600 in
1559 1561 1656 1601 ex-

63 1638 272 1705 tremis,
305 1639 618 1695 consuleret
666 1640 851 1710 potius
893 1641 1059 1696 rebus
1113 1640 1264 1707 suis,
1301 1654 1465 1710 quam
1506 1637 1654 1693 illius

59 1730 461 1800 obtemperaret
498 1732 889 1789 deliramentis.
919 1731 1009 1789 Sic
1034 1733 1300 1790 deductus
1330 1749 1360 1787 a
1384 1732 1654 1788 sententia

1757 520 2036 577 dividendi
2059 521 2305 578 thesauri
2336 520 2427 576 vix
2452 522 2770 594 compulsus
2804 526 3054 581 accessit.
3088 524 3341 583 Godefri-

1756 613 1861 671 dus
1884 615 2079 671 ablatis
2108 615 2233 671 inde
2252 616 2610 688 septingentis
2636 617 2877 675 marchis
2895 620 3105 690 argenti
3130 620 3185 674 in
3208 636 3340 676 ean-

1758 706 2017 774 dclabris,
2060 708 2115 763 in
2146 709 2367 782 scyphis
2387 717 2441 764 et
2471 710 2715 766 scutellis
2738 710 2970 782 aliisque
3009 712 3338 769 utensilibus

1757 799 1948 866 variis,
1981 800 2165 857 abbati
2201 811 2381 857 cetera
2414 802 2653 873 reliquit,
2709 818 2773 859 ea
2808 811 2991 859 tamen
3027 805 3338 861 conditione

1758 900 1817 946 ut
1839 908 1902 947 ea
1928 893 2246 964 disponeret
2273 904 2527 966 respectu
2560 896 2776 951 consilii
2826 896 2931 952 sui.
2982 895 3226 952 Consilio
3253 909 3338 953 ta-

1757 1000 1881 1039 men
1906 982 2228 1041 Hcribrandi
2261 986 2546 1042 castellani
2574 986 2920 1058 aliorumque
2943 986 3184 1042 ﬁdelium
3206 1001 3336 1041 suo-

1757 1094 1902 1144 rum,
1933 1078 2028 1149 qui
2064 1079 2113 1133 ei
2150 1090 2446 1151 suggerunt
2487 1097 2555 1137 ne
2596 1081 2675 1137 sic
2711 1081 3009 1135 inhumane
3033 1079 3341 1135 annullaret

1757 1171 2113 1227 elemosinam
2162 1176 2336 1244 patris
2375 1175 2459 1231 sui
2498 1191 2663 1247 super
2701 1173 3016 1246 praedictam
3066 1187 3336 1229 summam

1757 1266 1999 1337 argenti,
2057 1265 2329 1337 disposuit
2396 1269 2577 1325 abbati
2634 1278 2687 1325 et
2754 1267 3169 1325 successoribus
3219 1265 3339 1336 ejus

1756 1356 1961 1413 Bellam
2001 1359 2197 1414 vallem
2231 1358 2343 1431 (95)
2381 1376 2506 1416 cum
2532 1360 2739 1417 familia
2770 1360 3047 1416 ct‘banno
3075 1365 3130 1413 et
3163 1355 3341 1412 omni-

1755 1450 1859 1507 bus
1889 1451 2092 1508 ﬁnibus
2122 1462 2176 1508 ct
2216 1453 2569 1524 acquestibus
2612 1454 2761 1521 suis,
2794 1454 2862 1509 ad
2910 1468 3051 1524 opus
3105 1449 3338 1506 fratrum

1756 1543 2183 1600 deservientinm
2205 1545 2317 1602 Deo
2347 1547 2400 1601 in
2427 1546 2659 1602 ecclesia
2690 1547 2835 1601 beati
2860 1544 3039 1613 Petri;
3069 1544 3212 1615 quod
3240 1558 3339 1597 va-

1756 1635 1907 1692 dium
1925 1638 2109 1708 quiete
2134 1638 2203 1693 ab
2225 1638 2306 1694 eis
2330 1654 2649 1709 possessum
2672 1648 2755 1693 est
2785 1637 3048 1709 quamdiu
3070 1636 3214 1692 idem
3236 1634 3345 1692 Ge.-

1756 1728 2000 1786 defridus
2023 1729 2245 1785 advixit.

59 1791 343 1878 servanda:
382 1825 632 1894 pietatis,
664 1826 731 1882 de
762 1826 1103 1898 disponenda
1134 1826 1434 1882 elemosina
1482 1825 1655 1898 patris
1688 1791 1730 1851 Β
1829 1822 1918 1877 21.
1972 1820 2109 1894 (54.)
2154 1820 2285 1875 Erat
2305 1837 2415 1876 non
2444 1822 2601 1894 longe
2624 1839 2654 1878 a
2693 1822 2889 1893 majori
2909 1820 3141 1878 ecclesia
3180 1816 3346 1873 ﬁscus

60 1912 501 1983 interpellantem
535 1933 594 1973 se
621 1918 875 1975 abbatem
900 1919 1093 1975 callide
1116 1919 1424 1991 suspendit,
1461 1934 1658 1989 quam-

61 2005 152 2060 diu
181 2007 405 2076 quidem
433 2009 608 2078 'pater
655 2012 975 2081 supervixit.
1012 2011 1322 2083 Supervixit
1374 2028 1504 2068 vero
1543 2011 1658 2067 fere

61 2114 153 2169 per
177 2114 448 2158 mensem.
483 2100 715 2158 Virduni
756 2104 823 2158 15
866 2103 1140 2161 Kalendas
1166 2103 1414 2160 Januarii
1440 2104 1658 2160 terribi-

63 2189 181 2245 liter
214 2192 409 2247 czelum
443 2193 702 2261 intonuit,
747 2204 801 2250 et
850 2196 906 2250 in
937 2197 1240 2252 crastinum
1298 2197 1409 2252 vita
1462 2197 1658 2252 deces-

71 2280 136 2335 sit
162 2281 270 2351 (an.
305 2282 469 2349 1069,
499 2283 627 2339 Dec.
654 2284 769 2357 2|).
823 2284 865 2339 Τ
873 2302 981 2342 unc
1009 2288 1229 2343 tandem
1255 2288 1445 2358 junior
1474 2287 1656 2342 Gode-

62 2366 231 2427 fridus
260 2371 362 2442 qui
396 2382 541 2429 esset
567 2375 841 2446 apparuit,
862 2384 916 2431 et
943 2384 1260 2433 recurrente
1280 2376 1349 2432 ad
1376 2392 1435 2432 se
1463 2377 1658 2432 abbate

60 2475 155 2530 pro
189 2470 527 2519 testamento
561 2466 868 2523 ordinando
890 2466 1134 2523 defuncti
1160 2469 1365 2539 patris,
1392 2483 1503 2524 non
1536 2478 1659 2524 tan-

59 2558 170 2608 tum
214 2555 516 2611 consilium
548 2565 603 2613 et
627 2558 895 2614 auxilium
949 2576 1111 2615 suum
1156 2560 1235 2615 illi
1277 2560 1528 2632 negavit,
1563 2560 1658 2617 sed

58 2643 219 2699 etiam
266 2646 441 2703 minis
473 2656 528 2702 et
558 2648 778 2719 injuriis
811 2665 842 2704 a
875 2665 934 2705 se
979 2650 1397 2706 absterrcndum
1426 2651 1471 2683 ³⁸
1497 2659 1660 2722 puta-

57 2739 148 2794 vit.
174 2738 430 2797 lnfcrens
452 2742 702 2809 instanti,
728 2744 835 2798 hoc
863 2744 1145 2815 negotium
1170 2760 1279 2799 non
1307 2745 1428 2817 ejus
1445 2754 1660 2817 tempo-

57 2832 131 2888 ris
162 2848 306 2903 esse,
334 2850 491 2890 nunc
516 2851 626 2891 non
658 2852 773 2893 suae
798 2837 1020 2892 utilitati
1051 2825 1345 2895 convenire
1372 2839 1660 2895 monachi-

58 2940 177 2981 cam
220 2929 710 3000 congregationem
776 2931 1109 3002 disponere,
1170 2943 1222 2988 et
1276 2934 1529 2989 militiam
1572 2933 1658 2989 sui

64 3015 375 3075 ducaminis
402 3027 765 3090 postponere;
799 3038 921 3091 qua:
945 3023 1022 3077 illi
1051 3034 1207 3093 pater
1228 3023 1474 3080 curanda
1505 3041 1659 3081 com-

63 3108 289 3166 miserat
307 3112 448 3167 bene
478 3123 719 3180 curaret,
749 3114 975 3171 alterius
1018 3116 1338 3173 intentionis
1364 3133 1552 3173 curam
1599 3134 1659 3174 se

62 3202 309 3259 actitare.
347 3194 534 3258 Talem
569 3212 791 3275 tamque
820 3207 1062 3261 subitam
1108 3223 1290 3264 rerum
1341 3219 1651 3265 commuta-

60 3290 265 3348 tionem
292 3295 464 3351 abbas
488 3296 795 3367 obstupuit,
825 3305 878 3352 et
902 3298 1062 3369 quasi
1086 3309 1394 3356 monstrum
1427 3302 1509 3358 sic
1535 3317 1565 3356 a
1594 3317 1654 3358 se

58 3382 338 3441 diversum
384 3386 701 3460 indignatus
733 3389 1039 3445 exhorruit.
1083 3388 1160 3446 Ne
1182 3400 1364 3448 tamen
1388 3408 1485 3464 per
1512 3394 1654 3449 hanc

58 3477 341 3546 repulsam
375 3479 650 3536 videretur
691 3480 961 3540 defecisse
992 3500 1022 3538 a
1054 3485 1326 3556 promissa
1376 3485 1481 3542 ﬁde
1535 3503 1655 3543 ser-

57 3567 234 3623 vanda
263 3609 277 3633 ,
340 3566 741 3626 lleribrandum
797 3576 1068 3631 seniorem
1116 3586 1438 3649 ceterosque
1491 3594 1652 3650 pares

57 3660 245 3727 castri,
308 3675 452 3729 quos
501 3662 718 3719 ﬁdelius
757 3665 955 3721 ducem
1004 3669 1244 3724 coluisse
1292 3671 1651 3738 meminerat,

57 3751 458 3823 interpellavit,
499 3761 560 3810 ut
591 3771 777 3811 secum
809 3758 875 3813 de
905 3760 1127 3830 negotio
1175 3760 1348 3830 patris
1404 3760 1657 3818 Godefri-

57 3846 187 3901 dum
231 3846 771 3905 adratiocinarentur
811 3866 905 3907 eos
957 3852 1236 3907 conduxit.
1289 3851 1383 3910 Ille
1436 3853 1655 3910 tandem

58 3936 263 4006 pudore
307 3938 619 4008 convictus,
659 3938 944 4012 respondit
978 3943 1358 4014 possessiones
1407 3945 1657 4001 denomi-

58 4037 238 4095 natas,
275 4045 419 4100 quas
468 4030 670 4088 milites
718 4034 803 4089 sui
850 4034 1242 4106 stipendiarias
1276 4036 1563 4105 tenebant,
1597 4052 1658 4093 se

58 4138 158 4179 nec
185 4125 328 4179 velle
355 4140 458 4180 nec
492 4142 654 4197 posse
701 4129 1027 4186 subtrahere
1075 4132 1408 4201 tenentibus,
1441 4133 1660 4197 Astine;

58 4225 172 4272 tum
202 4218 318 4292 (94)
341 4235 472 4275 vero
507 4236 633 4277 cum
656 4222 839 4278 hanno
867 4232 922 4278 et
951 4225 1212 4281 comitatu
1243 4236 1298 4281 et
1325 4226 1476 4281 omni
1500 4225 1660 4281 fami‘

58 4307 128 4363 lia
175 4319 229 4365 et
279 4320 517 4382 quaestu,
577 4323 632 4369 et
684 4314 1092 4372 denominatam
1126 4328 1335 4388 partem
1391 4317 1657 4389 Chevoni,

60 4400 353 4459 bannalem
419 4419 641 4478 quoque
711 4409 962 4464 cambam
1042 4408 1389 4468 Buloniensis
1459 4410 1617 4485 burgi
1643 4454 1659 4482 ,

1759 1913 2090 1971 Caviniacus
2142 1913 2256 1986 (96)
2295 1931 2361 1970 ex
2410 1916 2745 1985 patrimonio
2780 1915 3059 1971 Richeldis
3095 1912 3346 1968 Monten-

1760 2008 1837 2063 sis
1867 2007 2161 2064 comitissre
2186 2051 2200 2075 ,
2239 2023 2363 2078 qua:
2399 2007 2621 2064 viduata
2660 2006 2928 2061 Balduino
2959 2006 3160 2076 juvene
3181 2003 3345 2056 Fian-

1757 2097 2040 2153 drensium
2075 2098 2274 2152 comite
2321 2099 2432 2167 (an.
2496 2098 2692 2169 1070),
2752 2096 3019 2152 Flandras
3054 2094 3347 2160 amiserat,

1758 2190 1943 2248 occiso
1968 2191 2080 2245 ﬁlio
2110 2206 2213 2245 suo
2243 2190 2474 2250 Arnulfo
2498 2207 2529 2245 a
2562 2198 2759 2260 patruo
2784 2190 2906 2260 ejus
2938 2176 3184 2244 Roberto
3223 2184 3349 2240 Fri-

1758 2299 1892 2340 sone
1916 2282 2026 2352 (an.
2055 2282 2216 2350 1071,
2246 2280 2378 2338 Feb.
2404 2282 2520 2354 22),
2552 2298 2649 2352 per
2670 2297 2869 2336 manus
2899 2280 3188 2351 cujusdam
3214 2277 3352 2334 Ger-

1757 2374 1992 2431 badonis
2024 2376 2089 2428 ⁸⁰.
2117 2373 2223 2442 Qui
2243 2375 2517 2429 Gerhaldo
2559 2389 2668 2428 non
2697 2374 2871 2429 multo
2909 2380 3036 2443 post
3086 2369 3354 2427 confusus

1759 2467 2094 2523 conscientia
2122 2475 2286 2521 tantae
2319 2465 2603 2537 injustitite
2654 2475 2708 2519 et
2765 2464 3091 2543 temeritatis
3121 2462 3353 2517 Romam

1758 2559 1933 2630 petiit,
1969 2568 2023 2614 et
2063 2573 2260 2613 manus
2301 2557 2504 2628 quibus
2531 2556 2817 2612 dominum
2862 2569 3023 2610 suum
3060 2550 3352 2627 interfece.

1758 2661 1845 2708 rat
1872 2653 2075 2708 domno
2105 2666 2259 2723 papa:
2286 2649 2552 2722 Gregorio
2583 2647 2693 2715 Vll,
2722 2663 2823 2720 pro
2851 2644 3172 2718 pcenitentia
3202 2643 3358 2714 ejus-

1759 2746 1884 2803 dem
1911 2744 2162 2802 criminis
2191 2742 2602 2801 detruncandas
2629 2741 2844 2797 obtulit.
2889 2737 3188 2810 Gregorius
3224 2749 3354 2791 exe-

1762 2840 2039 2895 cutionem
2064 2840 2230 2911 hujus
2259 2835 2694 2895 detruncationis
2740 2831 3006 2905 magistro
3049 2842 3354 2901 coquorum

1761 2948 1991 2989 suorum
2026 2934 2243 3004 publice
2266 2931 2565 2989 commisit.
2622 2928 2833 2984 Educto
2860 2924 3185 2982 Gerbodone
3216 2921 3260 2953 ⁸⁵
3284 2919 3356 2976 ad

1761 3043 1981 3101 poenam
2002 3042 2169 3098 quam
2194 3026 2512 3081 decreverat
2536 3022 2671 3094 pati,
2695 3020 3017 3093 praedictum
3040 3015 3356 3072 ministrum

1687 3149 1727 3206 ρ
1761 3136 1902 3192 papa
1925 3119 2176 3176 revocari
2205 3116 2485 3189 praecepit,
2528 3115 2689 3186 eique
2715 3120 2929 3169 secreto
2958 3108 3151 3176 edixit,
3200 3113 3267 3206 ut
3309 3104 3358 3160 si

1759 3214 1969 3270 elevato
1992 3213 2140 3269 ferro
2168 3214 2354 3283 aliquo
2396 3208 2559 3265 modo
2589 3207 2846 3263 manibus
2875 3203 3044 3260 motis
3090 3200 3359 3257 titubaret

1757 3308 2024 3364 continuo
2082 3322 2176 3362 cas
2242 3304 2536 3372 incideret;
2580 3302 2626 3358 si
2665 3316 2798 3357 vero
2859 3306 3177 3356 constanter
3235 3308 3361 3365 per-

1758 3402 2020 3467 sisteret,
2060 3398 2337 3471 patientiae
2360 3394 2731 3468 .persistentis
2759 3393 2945 3450 statim
2983 3396 3198 3446 retento
3244 3386 3357 3442 ictu

1755 3500 2026 3563 parceret.
2091 3489 2344 3546 Gerbodo
2397 3487 2466 3543 ad
2518 3487 2688 3541 ictum
2743 3480 3006 3555 perstitit,
3061 3476 3359 3547 statimque

1756 3589 2086 3646 incolumem
2147 3587 2439 3657 deputatus
2501 3595 2793 3655 percursor
2855 3591 3009 3649 papae
3041 3586 3360 3656 repraesen-

1755 3683 1911 3737 tavit.
2012 3680 2252 3735 Laetatus
2345 3692 2484 3749 papa
2585 3675 2666 3732 sic
2710 3672 2737 3728 ',
2766 3662 3089 3744 provenisse
3176 3662 3357 3738 poeni-

1758 3771 1985 3824 tentiam
2043 3767 2428 3833 Gerbodonis,
2507 3780 2707 3820 manus
2754 3778 2895 3834 quas
2948 3755 3360 3816 detruncandas

1757 3861 2029 3917 obtulerat
2060 3859 2177 3930 jam
2217 3874 2327 3913 non
2359 3872 2490 3912 suas
2527 3858 2622 3912 sed
2655 3854 2874 3910 Domini
2912 3868 3035 3909 esse
3064 3848 3359 3923 judicavit,

1756 3957 2120 4031 praecepitque
2148 3955 2198 4010 ei
2230 3964 2289 4009 ut
2320 3968 2416 4025 per
2459 3951 2742 4007 dominum
2771 3948 3056 4020 Hugonem
3092 3945 3361 4000 Clunien-

1759 4064 1875 4105 sem
1905 4049 2159 4103 abbatem
2188 4052 2491 4110 revertens,
2518 4040 2749 4097 referret
2771 4038 2820 4095 ei
2842 4053 3062 4094 omnem
3097 4036 3178 4090 rei
3206 4033 3357 4089 ordi-

1760 4156 1908 4208 nem,
1935 4155 2103 4209 seque
2131 4137 2255 4209 ejus
2280 4134 2515 4192 eonsilio
2559 4133 2822 4188 crederet.
2863 4128 2959 4184 Ille
3002 4127 3071 4184 ad
3102 4126 3356 4182 abbatem

1759 4231 2016 4298 veniens,
2052 4229 2173 4301 ejus
2219 4224 2698 4284 exhortationibus
2751 4220 3001 4289 credidit,
3057 4226 3114 4274 et
3169 4224 3357 4287 postea

1761 4324 1998 4382 eximius
2032 4322 2136 4379 sub
2184 4337 2251 4378 eo
2281 4320 2593 4377 monachus
2646 4316 2847 4373 claruit
2882 4314 3017 4388 (97).
3061 4310 3359 4369 Comitissa

1761 4431 1892 4471 vero
1928 4414 2102 4488 gratia
2151 4412 2420 4468 Flandras
2457 4408 2835 4481 recuperandi,
2865 4415 2920 4463 et
2968 4405 3143 4461 ﬁlium
3195 4416 3356 4459 suum

59 4511 181 4567 quae
228 4500 440 4556 nullius
482 4510 642 4556 erant
691 4501 866 4571 feodi,
916 4505 1229 4562 elemosime
1258 4507 1431 4578 patris
1472 4507 1558 4563 sui
1602 4524 1662 4564 se
1693 4515 1738 4571 Ι)
1764 4508 2009 4563 occisum
2065 4504 2399 4571 vindicandi,
2435 4502 2747 4573 Philippum
2778 4499 3115 4555 Francorum
3144 4509 3358 4566 regem,

59 4604 456 4664 recognoscere
491 4602 544 4649 et
583 4595 941 4665 conﬁrmare,
973 4598 1225 4655 relictum
1268 4615 1397 4656 vero
1434 4601 1659 4656 thesau-

59 4697 182 4738 rum
213 4701 409 4741 rerum
438 4686 560 4757 ejus
596 4688 885 4744 mobilium
924 4690 980 4745 in
1027 4693 1315 4762 praesentia
1365 4709 1559 4750 eorum
1601 4680 1664 4752 se.

59 4775 195 4833 velle
221 4794 351 4835 cum
393 4780 591 4837 abbate
625 4782 896 4852 dividere;
934 4786 1041 4842 hoc
1078 4784 1165 4841 ‘illi
1196 4788 1312 4859 jam
1370 4788 1657 4858 sufﬁceret,

58 4882 158 4925 nec
190 4887 250 4927 se
300 4873 543 4943 amplius
578 4890 744 4946 super
781 4876 889 4933 hiis
942 4878 1279 4936 molestaret.
1324 4880 1661 4939 Adhortatus

59 4960 230 5021 abbas
262 4975 325 5022 ut
355 4967 577 5024 interim
603 4986 727 5041 quae
749 4971 1189 5028 concedebantur
1212 4975 1534 5046 susciperet,
1559 4990 1659 5032 ne-

58 5069 166 5126 que
189 5057 456 5130 juvenem
485 5062 815 5134 quandoque
852 5063 1254 5122 meliorandum
1285 5077 1659 5139 exasperat-et,

1765 4601 1946 4673 ipsum
1994 4615 2215 4671 quoque
2243 4592 2598 4653 Godcfridum
2627 4596 2823 4651 ducem
2852 4602 2907 4650 et
2952 4584 3236 4647 Albértum
3267 4603 3361 4643 co-

1763 4672 1951 4749 mitem
2001 4672 2407 4748 Nainucenscm
2448 4689 2762 4759 multosque
2806 4686 2944 4741 alios
2991 4680 3361 4771 Lotharingize

1763 4795 1820 4843 et
1847 4787 2096 4843 Franciae
2123 4785 2403 4857 principes
2446 4783 2711 4839 adversus
2747 4779 3049 4835 Robertum
3083 4773 3358 4839 condixit,

1768 4889 1953 4936 taxato
1983 4880 2217 4952 singulis
2240 4877 2417 4949 pretio
2465 4877 2711 4947 ejusdem
2742 4872 3131 4931 condictionis.
3160 4868 3360 4923 Fuerat

1767 4983 1950 5030 autem
1988 4974 2280 5045 praedictus
2314 4971 2484 5028 abbas
2528 4972 2694 5043 longo
2718 4976 2843 5024 ante
2868 4976 3114 5038 tempore
3147 4972 3201 5019 et
3231 4958 3356 5016 Bal-

1767 5069 1939 5125 duino
1991 5077 2047 5124 et
2097 5066 2345 5123 Richeldi
2398 5066 2535 5121 adeo
2578 5062 2868 5120 familiaris
2913 5070 2970 5117 et
3011 5059 3262 5124 dilectus,
3298 5059 3355 5111 tl

1375 5202 1614 5262 VARLE
1653 5204 2058 5264 LECTIONES.

131 5316 181 5354 ⁸³
205 5319 641 5379 abstemendum
673 5322 723 5378 1.
800 5322 848 5357 ⁸ο
884 5324 965 5379 ita
995 5323 1047 5378 1.

1560 5460 1798 5522 NOTAE.

64 5573 276 5701 Iug?)
347 5576 581 5649 Assenoy
609 5620 623 5645 ,
693 5588 746 5636 et
801 5578 1068 5655 Girogne,
1148 5580 1295 5638 iuxta
1355 5579 1653 5638 Scdanum.

158 5718 250 5789 95)
286 5718 627 5776 Bellercaux.
669 5720 737 5778 Β.

158 5788 250 5862 96)
296 5789 584 5867 Chévigny.
616 5791 681 5851 Β.

1845 5575 1959 5652 (97)
2001 5578 2294 5636 Arnulfum
2337 5593 2369 5634 a
2404 5578 2725 5652 Gerbodone
2749 5570 3105 5652 interfectum
3127 5582 3283 5652 esse,“
3304 5572 3362 5652 et

1772 5637 1954 5708 totam,
1992 5652 2060 5707 de
2086 5653 2192 5707 hoc
2213 5651 2583 5706 narrationem
2611 5648 2816 5705 eisdem
2853 5646 2965 5701 fere
2996 5642 3177 5698 verbis
3196 5637 3364 5695 refert

1770 5723 2111 5850 Giséebgrtus
2140 5724 2193 5780 in
2239 5723 2445 5811 Chron.
2488 5720 2811 5789 Hannonize,
2843 5718 2930 5773 ed.
2966 5715 3046 5770 Du
3078 5710 3363 5779 Chasteler

1762 5809 1817 5869 Ρ·
1897 5837 1911 5865 υ
1989 5836 2002 5853 ο
2370 5809 2375 5813 ’
3148 5820 3156 5826 ’

1806 5837 1817 5852 α
1859 5836 1911 5865 ν’
1961 5836 2002 5853 ὀ
