3902 6286
572 253 708 308 1371

1599 250 1992 310 CilBONlCON
2035 251 2093 306 S.
2134 248 2440 304 HUBERTI
2477 248 2805 308 ANDAGIN.

3715 258 3814 313 εἴ)ἲὲ

571 368 890 426 multotiens
940 370 1012 426 ab
1063 371 1146 425 eis
1188 378 1476 433 exoratus,
1525 369 1844 438 aliquandiu
1891 367 2143 422 F-landris
2178 374 2215 427 Λ
2247 367 2426 433 ciniis,
2460 383 2586 423 cum
2617 384 2683 421 ex
2726 368 2829 422 hoe
2866 366 3002 422 nihil
3038 367 3156 439 ipse
3207 366 3545 439 profecerit,
3590 370 3815 430 callidam:

569 471 882 519 moraretur
926 477 1048 517 cum
1082 461 1209 529 illis,
1243 470 1297 515 ct
1319 469 1514 532 prater
1558 461 1730 516 multa
1761 460 1988 517 donaria
2016 460 2142 530 qui-

567 554 673 611 bus
727 556 797 609 ab
847 563 1078 622 utroque
1127 552 1339 608 redibat
1377 554 1697 622 honoratus,
1751 552 1860 609 duo
1911 552 2141 623 allodia,

567 646 771 701 scilicet
804 638 1145 699 Sulmodium
1171 645 1283 718 (98)
1307 647 1441 703 satis
1463 647 1780 718 contiguum
1811 645 2142 703 monasterio

563 747 619 792 et
638 736 837 791 Tavers
852 736 906 791 in
933 733 1226 807 Hasbania,
1245 739 1403 813 legali
1427 740 1721 796 donatione
1735 740 1978 796 ecclesiae
1999 740 2141 796 beati

563 827 785 883 Huberti
832 829 886 883 in
930 840 1252 902 perpetuum
1307 833 1501 889 collata
1541 834 1790 904 optinere
1844 843 2142 889 mereretur

564 919 696 992 (99).
731 916 795 973 Et
828 937 953 977 cum
980 923 1226 979 eamdem
1254 924 1591 980 comitissam
1617 925 1741 980 licet
1772 941 1799 979 a
1833 925 2015 995 priore
2043 940 2141 996 po-

560 1024 754 1071 testate
803 1017 1070 1089 dejcctam
1105 1021 1305 1092 saepius
1348 1030 1525 1077 tamen
1564 1022 1842 1088 reviseret,
1876 1036 1942 1075 ex
1971 1020 2138 1091 priori

558 1110 801 1165 amicitia
850 1114 1140 1169 occasione
1191 1114 1461 1185 prmdicta:
1494 1113 1870 1170 conductionis
1905 1112 1948 1144 “
1980 1112 2140 1169 Cavi-

558 1199 775 1254 niacum
804 1200 993 1256 iiscum
1022 1202 1110 1256 illa
1139 1204 1189 1258 ei
1216 1205 1271 1259 in
1296 1205 1453 1260 vadio
1468 1204 1839 1275 accipiendum
1856 1220 1953 1275 per
1973 1202 2137 1258 Lam-

556 1290 770 1345 bertum
818 1293 1079 1364 majorem
1111 1296 1325 1352 obtulit.
1360 1294 1599 1353 Lanatus
1627 1298 1797 1352 abbas
1827 1298 1931 1353 sibi
1955 1296 2136 1352 offerri

554 1382 934 1453 Cnviniacum,
966 1403 1129 1460 quem
1175 1389 1291 1460 jam
1326 1388 1421 1445 diu
1464 1388 1866 1446 desideraverat
1895 1389 2138 1445 ecclesiae

554 1478 966 1548 ncquirendum,
997 1492 1265 1552 praesente
1295 1491 1348 1537 et
1373 1492 1646 1538 annuente
1674 1483 1810 1537 duce
1844 1480 2137 1537 Godel‘rido

551 1567 878 1639 quingentos
936 1570 1207 1628 bizantios
1238 1575 1359 1628 auri
1407 1574 1474 1629 de
1521 1574 1817 1631 elemosina
1845 1575 2019 1645 patris
2049 1576 2133 1630 sui

550 1655 842 1716 Caviniaco
878 1665 1249 1734 superposuit,
1276 1674 1330 1720 et
1358 1666 1436 1721 sic
1466 1666 1658 1722 iiscum
1686 1666 1936 1723 eumdem
1988 1668 2129 1723 inte-

2248 460 2533 514 aversione
2586 459 2963 515 imminentem
3020 459 3125 516 sibi
3172 461 3361 516 acrius
3425 459 3620 517 vitare
3677 478 3813 536 eam

2245 550 2481 609 Coactus
2506 553 2722 607 tandem
2747 552 2915 609 abbas
2935 554 3002 608 de
3023 568 3090 608 eo
3130 553 3459 626 desperare,
3489 566 3556 609 ut
3584 566 3703 611 erat
3720 562 3818 614 ani-

2246 646 2504 701 crssimus
2538 645 2764 701 domino
2804 644 3139 700 Herimanno
3175 645 3525 702 Metensium
3573 648 3814 721 episeopo,

2244 737 2517 807 disposuit
2540 753 2665 792 cum
2692 750 2757 793 eo
2780 735 3006 792 Romam
3030 738 3111 793 ire
3133 737 3307 811 (102),
3330 739 3543 795 volens
3569 739 3648 795 de
3673 752 3817 797 event:

2241 846 2426 885 rerum
2477 847 2671 902 papam
2719 830 3041 901 Gregorium
3087 828 3179 885 VII
3227 832 3566 897 consulere,
3626 842 3680 887 et
3722 836 3823 890 iuta

2242 923 2482 979 eundum
2528 925 2596 979 de
2642 924 2848 979 eisdem
2880 936 3039 993 agerc
3073 936 3198 979 cum
3246 924 3586 981 marchissa
3619 925 3823 984 Bcatria

2245 1014 2357 1088 (an.
2392 1014 2571 1088 1074).
2622 1014 2860 1094 Ingressi
2893 1016 3037 1069 viam
3100 1014 3293 1071 Romae
3349 1031 3535 1087 pasta
3590 1018 3823 1073 celebrare

2241 1108 2556 1176 certabant,
2617 1108 2711 1163 sed
2762 1107 3107 1162 tardantibus
3164 1122 3265 1163 eos
3333 1109 3714 1178 quibusdam,
3756 1115 3819 1180 qui

2241 1200 2469 1255 obsonia
2494 1200 2755 1271 episcopo
2798 1201 3047 1255 certatim
3078 1200 3513 1270 impendebant,
3549 1202 3625 1255 ad
3648 1201 3824 1257 Luna-

2240 1306 2355 1347 sem
2399 1299 2614 1361 portum
2644 1298 3013 1362 pervenerunt
3040 1291 3270 1360 majoris
3319 1290 3705 1346 hebdomada
3724 1292 3820 1347 ierit

2239 1382 2429 1452 quinta
2458 1382 2607 1454 (Apr.
2640 1381 2751 1453 17).
2793 1381 2871 1438 lbi
2904 1383 3146 1438 occurrit
3187 1383 3304 1437 illis
3329 1383 3569 1454 legatus
3592 1386 3818 1439 manliis-

2239 1488 2313 1530 sae
2341 1473 2625 1544 Beatricis,
2652 1491 2779 1531 cum
2815 1476 3067 1547 precibus
3102 1476 3275 1531 etiam
3301 1475 3447 1532 ﬁlize
3490 1478 3624 1548 ejus
3648 1475 3820 1531 Hamil-

2235 1568 2339 1634 dis,
2395 1577 2455 1623 ut
2490 1566 2650 1626 Pisas
2703 1568 3053 1636 divertere-nt,
3090 1577 3153 1624 ut
3181 1567 3340 1640 apud
3379 1582 3493 1624 eas
3547 1572 3816 1640 proli-II

2234 1674 2398 1730 pasca
2432 1661 2928 1731 sollempnizarent.
2950 1661 3254 1718 Consultos
3280 1662 3479 1718 abbas
3510 1663 3586 1718 ab
3607 1664 3817 1735 episeopo

548 1748 652 1802 rim
707 1752 809 1805 sub
858 1754 1088 1810 testibus
1144 1756 1421 1828 legitimis,
1447 1757 1699 1812 videlicet
1746 1758 2005 1829 Segardo,
2029 1758 2133 1812 Ar-
2163 1737 2204 1798 Β
2233 1751 2363 1823 quid
2393 1752 2519 1807 inde
2546 1753 2826 1808 videretur
2853 1753 2978 1821 sibi,
3025 1754 3326 1825 respondit
3356 1753 3466 1810 ille
3509 1768 3626 1809 non
3665 1757 3815 1811 debet!

546 1837 719 1907 nnlfo,
749 1840 1015 1912 Gozuino,
1063 1855 1117 1900 et
1166 1846 1482 1918 Tietboldo,
1520 1849 1573 1903 in
1628 1850 1846 1906 vadium
1898 1853 2123 1924 accepit.

544 1929 821 1992 Richcldis
861 1954 986 1992 vero
1022 1954 1146 1993 cum
1178 1941 1397 1997 amissis
1422 1948 1501 1997 tot
1527 1944 1780 2015 expensis
1808 1945 1976 2001 nichil
2002 1963 2127 2018 pro-

541 2023 779 2095 fecisset,
826 2026 1013 2100 fugato
1053 2033 1215 2087 etiam
1249 2034 1499 2106 Philippo
1556 2034 1889 2092 Francorum
1935 2055 2061 2111 rege
2094 2057 2125 2096 a

540 2112 779 2173 Roberto
828 2119 1078 2190 Frisone,
1122 2126 1189 2179 ad
1227 2126 1507 2181 dominum
1564 2127 1943 2187 Theoduinum
1982 2132 2125 2190 Leo—

540 2206 786 2262 diensem
839 2211 1154 2283 epise0pum
1186 2230 1244 2269 se
1270 2218 1521 2284 contulit,
1566 2226 1621 2274 et
1647 2221 1696 2274 ei
1726 2219 2008 2279 Montense
2034 2241 2125 2280 ca-

538 2306 710 2352 strum
736 2318 860 2355 cum
874 2306 1021 2359 omni
1052 2305 1259 2363 honore
1274 2309 1350 2363 illi
1372 2312 1618 2382 subjecto
1632 2314 1699 2383 δ’,
1723 2325 1922 2373 sancta}
1940 2317 2124 2376 Mariae

536 2399 832 2463 sanctoque
857 2390 1148 2453 Lamberto
1171 2400 1422 2457 eumdem
1452 2404 1667 2461 obtulit.
1700 2405 1832 2475 Quae
1852 2412 2122 2481 coemptio

534 2480 795 2540 ecclesias
848 2487 1110 2559 episcopii
1191 2492 1383 2548 aillixit
1457 2497 1780 2567 gravissime
1853 2480 2118 2574 (100-71),

532 2584 775 2632 nostram
803 2594 1023 2651 quoque
1057 2583 1309 2653 spoliavit
1341 2601 1407 2641 ex
1438 2590 1677 2647 maxima
1722 2601 1892 2664 parte.
1932 2593 2117 2650 inten-

529 2666 691 2751 dcbat
758 2672 903 2726 enim
949 2674 1233 2733 comitissa
1290 2678 1499 2737 viribus
1553 2684 1796 2755 episcopi
1856 2686 2116 2745 adversus

529 2755 828 2814 Robertum
878 2776 937 2817 se
964 2764 1171 2835 aliquid
1208 2783 1369 2837 posse
1399 2770 1609 2840 moliri,
1636 2773 1731 2829 sed
1773 2789 1881 2829 non
1905 2790 2113 2845 praeva-

528 2846 645 2906 luit.
679 2850 967 2911 Vcnditum
985 2864 1166 2913 tamen
1212 2871 1455 2922 castrum
1490 2880 1613 2921 cum
1640 2866 1754 2927 suis
1785 2868 2114 2947 appcadiliis

527 2948 581 3002 in
615 2952 833 3009 feodnm
864 2961 1085 3029 recepit.

598 3048 685 3101 ‘23.
726 3049 861 3122 (55.)
893 3051 1262 3113 Grassabatur
1294 3059 1503 3118 interea
1531 3063 1821 3121 discidium
1853 3066 1995 3123 inter
2016 3064 2112 3123 ab-

524 3132 703 3195 batem
734 3152 787 3197 et
815 3138 1031 3231 ducem,
1060 3148 1197 3205 duce
1239 3154 1459 3223 quidem
1490 3172 1519 3210 a
1544 3158 1645 3212 lide
1672 3159 1812 3230 patri
1835 3161 2107 3231 promissa

523 3232 747 3289 omnino
778 3230 1091 3310 deﬁciente,
1114 3244 1306 3300 abbate
1333 3263 1462 3303 vero
1490 3257 1549 3303 ut
1577 3265 1696 3305 eam
1724 3230 2027 3311 exsolveret
2052 3256 2107 3311 in

521 3326 929 3397 emancipandis
961 3335 1227 3391 eondictis
1279 3339 1348 3392 ab
1382 3355 1447 3394 eo
1498 3344 1940 3409 possessionibus
1970 3363 2106 3402 con-

528 3422 733 3470 stanter
755 3419 1021 3489 exigente.
1050 3420 1155 3478 Sed
1180 3443 1354 3495 neque
1393 3429 1653 3485 frustrata
1679 3442 1763 3488 est
1790 3435 2106 3506 imprecatio

520 3507 711 3599 patris,
736 3525 925 3579 quam,
953 3513 1241 3570 ut'dictum
1267 3528 1370 3585 est,
1397 3520 1508 3574 ﬁlio
1535 3522 1834 3581 moriturus
1858 3526 2104 3599 ingessit,

520 3596 773 3668 imposita
805 3602 1116 3660 conditione
1145 3606 1270 3662 vita:
1300 3625 1414 3665 sua:
1439 3618 1493 3665 et
1519 3613 1774 3686 honoris;
1815 3596 1941 3674 nam
1966 3596 2105 3677 uxor

520 3687 639 3780 tjus
682 3686 918 3746 Matildis
952 3706 1018 3747 eo
1071 3695 1262 3752 relicto
1303 3698 1733 3773 Langobardiam
1783 3710 1963 3780 rediit,
1997 3718 2119 3769 sa3-‘

519 3774 753 3847 piusque
795 3781 1087 3840 mandante
1128 3788 1325 3844 marito
1377 3799 1438 3846 ut
1494 3792 1713 3864 rediret,
1765 3814 1873 3855 non
1921 3774 2098 3858 solum

520 3878 630 3923 non
660 3870 1073 3947 obtemperavit,
1102 3895 1292 3936 verum
1322 3882 1495 3940 edixit
1522 3890 1825 3959 mandanti,
1858 3901 1917 3947 ut
1942 3894 2010 3950 ad
2040 3912 2099 3952 se

517 3958 606 4015 ille
631 3966 871 4035 veniret,
900 3978 953 4024 et
980 3971 1122 4028 sicut
1147 3990 1205 4030 se
1231 3987 1448 4033 curaret
1492 3995 1711 4052 eapsam
1743 3985 2099 4057 reliquiarum

512 4058 816 4156 patriswi
838 4060 1104 4123 Bonifacii
1145 4068 1249 4124 sibi
1292 4069 1546 4129 deferret.
1572 4074 1840 4136 Seductus
1883 4081 1972 4138 ille
2003 4094 2097 4156 spe

513 4151 868 4209 conciliandae
897 4156 1000 4211 sibi
1046 4160 1317 4232 conjugis,
1346 4164 1626 4234 przel‘atam
1665 4184 1886 4242 capsam
1929 4151 2093 4230 ebur-

509 4257 668 4298 ncam
695 4261 821 4303 cum
858 4251 1107 4323 reliquiis
1149 4254 1331 4311 abbati
1352 4258 1618 4317 violenter
1640 4264 1867 4321 abstulit
1892 4274 1946 4323 et
1989 4268 2098 4325 Ilia-

508 4335 663 4435 thildi
686 4343 891 4435 retulit,
918 4346 1109 4403 relicto
1140 4357 1321 4406 tamen
1353 4353 1510 4408 altari
1553 4357 1700 4427 quod
1730 4356 1909 4416 fuerat
1938 4379 2091 4435 papae

2232 1845 2446 1917 gravari
2472 1845 2844 1918 dignationem
2873 1861 3085 1918 magnae
3097 1847 3432 1918 petitionis,
3461 1862 3645 1919 neque
3665 1847 3809 1903 dida-

2229 1942 2313 1992 ret
2341 1937 2602 1995 invitatus
2630 1954 2969 2010 occurrrere,
3000 1956 3124 1996 cum
3164 1941 3486 2013 negotium
3514 1942 3813 1998 adﬁnia:

2229 2028 2572 2088 incumberet
2599 2033 2870 2105 utrisque.
2911 2031 3001 2089 Sic
3025 2033 3385 2090 divertentes
3422 2032 3588 2089 Pisas
3610 2034 3803 2089 beam-

2227 2122 2410 2179 biliter
2442 2125 2684 2196 suscepti
2734 2134 2866 2182 sunt
2904 2141 2934 2181 a
2978 2135 3154 2182 matre
3203 2135 3267 2182 et
3301 2141 3335 2181 a
3367 2126 3529 2188 ﬁlia.
3556 2129 3665 2182 satis
3688 2130 3801 2184 emi.

2226 2217 2503 2274 nentiores
2544 2219 2744 2275 ceteris
2774 2219 3073 2275 curialibus
3120 2219 3307 2274 habiti
3336 2220 3407 2274 in
3447 2222 3631 2276 eadem
3656 2222 3797 2275 mia.

2225 2305 2284 2361 In
2330 2310 2676 2366 exsolvendis
2726 2312 3039 2382 pascalibus
3095 2309 3301 2367 oﬂiciis
3344 2326 3717 2368 convenerant
3748 2313 3803 2366 ita“

2224 2410 2430 2471 septem
2466 2404 2727 2474 episcopi,
2760 2403 2976 2475 hiisque
3018 2405 3287 2460 omnibus
3339 2406 3675 2475 postpositis
3700 2406 3805 2459 cele-

2222 2492 2394 2551 britas
2425 2496 2722 2552 missarum
2754 2497 3040 2553 dominica:
3066 2499 3531 2553 resurrectionis
3552 2502 3656 2570 (an.
3682 2497 3801 2553 ιοῑι.

2219 2586 2351 2657 Apr.
2379 2588 2495 2662 20.)
2528 2591 2709 2647 oblata
2739 2599 2823 2647 est
2859 2592 3066 2663 agenda
3119 2591 3491 2649 Herimanno
3522 2593 3801 2649 Metensim

2220 2684 2497 2755 episcopo.
2524 2683 2750 2740 Videres
2794 2696 2990 2756 praeter
3034 2686 3407 2742 saecularium
3446 2686 3797 2742 eandm-etim

2219 2779 2551 2850 multiplices
2577 2778 2802 2850 glorias,
2846 2776 3173 2833 clericorum
3210 2778 3443 2835 diversi
3477 2780 3685 2835 ordinis
3720 2779 3799 2832 ire

2217 2874 2520 2953 quentiant,
2553 2872 2903 2934 ecclesiastica
2964 2871 3266 2932 ministerii
3317 2887 3466 2927 vasa
3499 2874 3621 2929 auri
3649 2882 3696 2926 et
3731 2887 3799 2924 εγ·
3834 2927 3853 2948 ⁸

2215 2973 2359 3046 genti
2388 2971 2814 3044 quamplurima,
2845 2970 3047 3025 diversi
3086 2980 3403 3041 apparatus
3440 2983 3631 3028 vestes
3670 2987 3795 3042 pcre-

2215 3067 2425 3137 grinas,
2464 3064 2765 3120 Bcatrieem
2801 3072 2854 3118 et
2881 3061 3198 3118 Mathildem
3257 3066 3635 3135 procedentes
3671 3066 3799 3135 quasi

2214 3157 2501 3228 cujusdam
2556 3156 2949 3213 dominationis
2995 3155 3389 3227 praefecturas.
3440 3157 3712 3229 Episcopo
3760 3160 3799 3209 is

2211 3250 2305 3306 tali
2333 3266 2526 3322 pompa
2562 3249 2760 3305 missas
2783 3249 3110 3316 celebrante,
3138 3248 3318 3305 abbas
3346 3251 3404 3304 in
3455 3252 3697 3321 quodam
3722 3266 3799 3303 εει-

2210 3345 2337 3417 gulo
2366 3360 2424 3401 sc
2445 3343 2678 3410 celabat,
2703 3352 2892 3414 operto
2931 3342 3109 3415 capite
3132 3343 3274 3399 satis
3296 3342 3578 3397 humiliter
3603 3358 3805 3398 vacans

2208 3436 2524 3507 psalmodize
2567 3452 2693 3491 cum
2751 3434 3043 3490 Lamberto
3083 3434 3304 3506 majore
3351 3440 3399 3491 et
3433 3437 3665 3489 minore.
3688 3433 3802 3488 lla-

2210 3528 2396 3586 thildis
2442 3528 2889 3599 circumspiciens
2934 3528 3302 3599 deprehendit
3341 3528 3596 3584 abbatem
3637 3529 3796 3584 latere

2206 3624 2543 3680 laborantem
2566 3665 2581 3691 ,
2612 3630 2667 3677 et
2700 3621 2869 3677 nichil
2919 3620 3122 3693 glorias
3152 3628 3272 3677 tam
3323 3620 3543 3678 festivae
3572 3632 3791 3677 ostenta-

2205 3717 2371 3772 tionis
2403 3723 2704 3771 curantem.
2759 3713 3065 3771 Assistebat
3097 3705 3237 3769 vero
3262 3715 3315 3769 ei
3362 3715 3420 3770 in
3451 3715 3789 3771 decantandis

2202 3808 2428 3881 psalmis
2449 3807 2706 3862 dominus
2728 3805 3019 3863 Anselmus
3043 3814 3167 3877 post
3186 3803 3579 3863 Alexandrum
3618 3825 3783 3879 papam

2202 3901 2485 3956 ordinatus
2520 3899 2786 3955 Lucensis
2812 3901 3125 3971 episcopus,
3149 3901 3237 3955 vir
3260 3901 3576 3957 admodum

2201 4011 2317 4063 sus,
2348 4004 2401 4049 et
2430 4010 2541 4049 non
2570 3993 2742 4049 multo
2768 4001 2891 4065 post
2922 3990 3067 4049 felici
3097 4009 3334 4050 excessu
3368 3996 3779 4052 clarescentibus

2199 4086 2481 4142 miraculis
2516 4088 2659 4143 inter
2685 4094 2908 4143 sanctos
2929 4103 2961 4141 a
2997 4084 3234 4143 Domino
3261 4098 3617 4160 assumptus.
3651 4087 3777 4142 [iure

2198 4177 2266 4234 ad
2306 4180 2557 4235 abbatem
2606 4179 2779 4248 misit,
2803 4188 2859 4235 et
2882 4187 2944 4235 ut
2972 4179 3228 4250 superius
3265 4182 3607 4237 ascenderet
3646 4198 3775 4235 mn-

2196 4272 2361 4327 davit.
2392 4270 2609 4329 Etcum
2641 4271 2914 4328 obedienti
2947 4272 3105 4327 sedes
3127 4272 3371 4339 deesset,
3398 4272 3680 4329 Mathiidis
3705 4286 3776 4327 as-

2196 4382 2426 4439 surgens
2461 4366 2511 4422 ei
2539 4383 2717 4434 suam,
2751 4373 2812 4421 ut
2832 4374 2950 4421 erat
2975 4372 3188 4437 parata,
3213 4367 3565 4434 transmisit,
3596 4367 3773 4422 miran-

506 4422 788 4533 Johannis.
823 4431 927 4533 Sed
963 4452 1064 4533 nec
1092 4438 1172 4495 sic
1199 4440 1421 4511 quidem
1446 4445 1589 4516 apud
1626 4463 1749 4502 eam
1777 4422 2081 4509 maritalem
2114 4473 2161 4528 ι)
2186 4422 2332 4515 tibuus
2360 4459 2575 4533 cunctis
2604 4475 2726 4530 qua:
2776 4464 2921 4514 esset
2971 4422 3207 4529 persona
3249 4467 3423 4515 tanta:
3482 4460 3629 4531 apud
3674 4476 3771 4515 eam

504 4527 737 4624 gratiam
786 4527 1053 4624 optinuit,
1095 4538 1418 4605 spretusque
1468 4536 1537 4592 ab
1582 4554 1643 4593 ea
1675 4547 1729 4595 et
1767 4540 1980 4603 inactus
2015 4546 2084 4603 ab
2118 4527 2126 4528 ί
2190 4529 2491 4624 dignitatis.
2519 4527 2875 4608 Discessurus
2897 4527 3077 4606 autem
3096 4551 3151 4605 in
3166 4527 3655 4622 crastinumapr.
3681 4552 3773 4615 Sil,

502 4610 654 4670 Italia
685 4613 1092 4693 Lotharingiam
1124 4624 1305 4680 rediit.
1337 4625 1605 4685 Conscius
1635 4647 1765 4689 vero
1804 4650 1863 4691 se
1913 4637 2080 4695 abba-

2189 4660 2315 4700 cum
2340 4644 2390 4698 ei
2439 4644 2580 4699 inter
2609 4650 2789 4699 cetera
2839 4642 3228 4699 familiaritatis
3273 4644 3589 4716 colloquia,
3640 4645 3772 4700 deet-

500 4708 610 4760 tem
636 4706 858 4778 gravius
890 4704 1182 4770 oﬂ‘endisse
1203 4730 1303 4786 pro
1328 4714 1524 4774 ablatis
1549 4728 1867 4779 sanctorum
1893 4735 2079 4796 patro-
2186 4740 2343 4807 ptum
2364 4752 2423 4793 se
2438 4752 2471 4791 a
2495 4735 2792 4792 Godel‘rido
2814 4736 2880 4791 de
2890 4734 3188 4791 elemosina
3211 4737 3393 4808 patris
3417 4704 3489 4805 δέ,
3634 4750 3775 4809 super

1800 4834 2035 4894 VARUE
2075 4841 2483 4905 LECTIONES.

569 4910 648 5016 tu
676 4910 777 4984 leg.
835 4914 1219 4976 eondictionis.
1294 4920 1340 4954 δ’
1386 4925 1716 4984 contradens
1768 4931 2029 4988 eacidisse
2076 4937 2302 4995 videlur.
2383 4943 2429 4974 ⁸³
2466 4949 2899 5013 conquereretur
2951 4942 3030 4998 vel
3078 4941 3232 4996 aliud
3284 4944 3395 4999 tale
3459 4946 3639 5001 deesse
3686 4962 3771 5016 ιρ-

498 4990 667 5049 paret.

2000 5094 2234 5162 NOTAE.

566 5160 679 5303 (98)
712 5167 847 5225 alias
878 5168 1059 5228 Smuz.
1090 5171 1155 5229 Η.

588 5231 657 5286 99
706 5234 1025 5299 Donationis
1060 5260 1155 5303 ora

588 5231 1025 5328 29):_Donationis
1060 5253 1391 5328 pqceptqm
1433 5249 1565 5328 ες).
1601 5251 1895 5328 ediderunt
1920 5246 2063 5328 Fop-

494 5315 629 5385 Pe"?
655 5306 919 5385 ,ἰηέιίίῖωί
956 5312 1038 5385 Op

492 5374 785 5453 randngoll.
813 5374 1058 5453 smpti;
1088 5374 1211 5441 487.

1039 5317 1285 5407 ρ’ἶοὲίωο
1311 5317 1402 5386 Π,
1446 5320 1567 5389 185,
1600 5320 1842 5381 Martene
1869 5337 1924 5383 et
1963 5317 2074 5383 D-u-
2176 5317 2548 5391 ni'caoi‘nit'u—

2179 5413 2291 5478 tera
2317 5408 2407 5463 hic
2428 5417 2573 5463 recte
2600 5418 2822 5464 narrata
2852 5419 3000 5478 sunt,
3026 5409 3261 5466 Romam
3291 5423 3418 5467 ante
3451 5408 3763 5471 electionem

2219 5194 2327 5249 trod
2373 5194 2491 5250 Kal.
2524 5194 2682 5251 Maiis
2728 5196 2869 5251 1075
2905 5198 3095 5253 datum
3125 5207 3229 5254 est.
3283 5198 3368 5254 Eo
3407 5212 3597 5257 autem
3639 5220 3771 5259 anno

3286 5273 3575 5340 paschalis
3596 5274 3758 5329 Doni

2228 5266 2473 5348 regorius
2512 5283 2548 5320 ι
2584 5266 2703 5321 Kal.
2736 5267 2863 5322 Mai.
2902 5268 3108 5325 electus
3145 5279 3252 5336 est,
3286 5273 3635 5340 paschalis!)

2228 5351 2296 5390 ;ca
2334 5336 2438 5390 fuit
2486 5353 2524 5391 ιι
2563 5336 2682 5392 Kal.
2726 5338 2948 5399 Aprilis.
2995 5334 3375 5397 Theodericus
3402 5357 3543 5399 orto
3576 5346 3635 5399 si

3676 5358 3767 5401 ω’

917 5444 933 5453 .
1043 5444 1055 5453 ι
2179 5444 2291 5461 ιυιιι
2317 5444 2407 5463 Iuv
2430 5444 2573 5463 suum...
2600 5444 2822 5464 ιιαιιαιιι
2852 5444 2980 5466 auus
3026 5444 3261 5466 ιιυιιιιιιιι
3291 5444 3418 5467 alltc
3451 5444 3760 5471 ςιπιιυιπιι

595 5444 1011 5559 Whitte"
1029 5456 1212 5559 .535:
1239 5462 1429 5559 me
1492 5462 1702 5559 ιπευςιξε
1733 5465 2071 5559 seems
2175 5473 2420 5559 Gtesm'ﬁ
2467 5480 2714 5559 reliquu-
2758 5479 2880 5559 Quo
2927 5453 3000 5536 δι’
3035 5489 3098 5559 ιιρ
3144 5482 3249 5539 uer
3284 5485 3407 5559 eius
3450 5501 3504 5559 φ.
3538 5487 3677 5559 wn.
3704 5488 3760 5540 sa

528 5520 624 5607 ΓΒ)
646 5520 981 5607 ειῳεξιιίρε
1019 5527 1213 5607 A_ureze
1239 5528 1408 5587 Vallis
1444 5550 1492 5588 ρ.
1526 5536 1580 5603 3,
1611 5537 1705 5607 qui
1728 5520 2069 5597 sane;

509 5587 623 5643 oris
646 5587 903 5648 Ecclesia:
925 5588 1089 5653 Leod.
1121 5611 1425 5657 enumerat.

935 5664 1115 5754 Xitram
1145 5670 1367 5753 .Theod.
1394 5671 1483 5742 IV,
1504 5674 1716 5754 liii-iiii,
1737 5678 1815 5736 lbi
1850 5698 2069 5754 quoque

486 5730 824 5805 privilegium
864 5752 897 5794 a
932 5735 1197 5809 Gregorio
1235 5730 1482 5812 praesens
1509 5730 1815 5809 obtinuisse

2175 5549 2640 5627 attribuendum,
2661 5551 2849 5627 nescio
2878 5566 2963 5627 an
2976 5553 3193 5627 _etiamr
3210 5549 3601 5627 privilegium.
3632 5555 3758 5612 Nam

2170 5618 2399 5747 i$111075
2429 5620 2669 5678 excludit
2700 5620 2931 5693 epistola
2967 5618 3380 5696 Gregorii-mox
3426 5618 3757 5685 commemo-

2313 5708 2364 5746 a.
