3902 6286
100 315 231 372 1575

1118 310 1512 370 CHRONICON
1552 311 1609 367 S.
1653 311 1960 368 HUBERTI
1994 311 2319 371 ANDAGIN.

3210 318 3236 376 1
3248 320 3353 378 574

99 433 199 488 hiis
226 428 515 486 dominum
534 442 733 500 papam
767 428 1163 486 consulendum
1183 431 1485 502 respondit,
1523 438 1581 486 et
1612 438 1669 485 ut
1697 433 1744 493 Α
1772 429 1959 502 vigilia
2006 429 2427 502 soiiempnitatis
2492 429 2637 485 beati
2686 426 2911 487 Huberti
2955 446 3079 487 cum
3129 433 3356 493 honesta

96 524 385 581 faciliorem
414 522 623 578 aditum
644 522 912 578 inveniret
940 524 1084 593 apud
1104 538 1230 579 eum
1246 523 1524 593 optinendi
1546 539 1671 594 qua:

95 617 293 691 vellet,_
327 615 540 671 litteras
590 615 641 670 ei
695 614 1098 685 deprecatorias
1158 616 1489 686 composuit,
1533 631 1670 687 quas

93 708 387 780 apostolico
415 707 667 763 redderet
705 724 773 763 ex
803 708 1028 764 nomine
1058 706 1364 776 Mathildis,
1392 710 1594 765 indicta
1617 710 1669 765 ei

91 802 392 860 conditione
417 816 516 874 per
542 817 600 856 se
622 801 904 868 redeundi,
920 810 975 857 et
998 817 1121 872 quae
1149 802 1254 856 sibi
1290 802 1570 857 evenirent
1591 802 1668 857 illi

92 895 375 952 referendi.
420 892 654 951 Veniens
687 909 818 965 ergo
848 893 1076 950 Romam
1107 910 1233 951 cum
1266 896 1545 967 episcopo,
1574 897 1667 951 lit-

90 1001 228 1045 teras
275 986 552 1044 Mathildis
599 989 948 1057 praesentavit
989 988 1309 1059 apostolico,
1370 998 1425 1044 et
1456 1004 1553 1059 per
1574 1004 1666 1046 eas

87 1079 494 1135 commendatus
546 1086 824 1149 gratanter
870 1089 1155 1150 susceptus
1203 1089 1289 1135 est
1341 1080 1411 1135 ab
1440 1096 1527 1136 eo.
1563 1080 1668 1137 Per

85 1181 287 1243 septem
306 1181 489 1226 autem
505 1171 624 1228 dies
649 1171 707 1226 in
729 1169 875 1228 Urbe
896 1172 1233 1238 demoratus,
1260 1180 1316 1228 et
1338 1173 1498 1243 cujus
1522 1184 1668 1229 esset

85 1265 202 1319 vitae
247 1273 301 1320 et
322 1264 611 1334 probitatis
638 1273 975 1336 perspectus,
1018 1265 1154 1321 adeo
1199 1264 1374 1322 factus
1401 1275 1485 1323 est
1512 1282 1667 1337 papae

82 1357 329 1424 dilectus,
359 1366 421 1412 ut
454 1357 543 1412 die
571 1356 809 1428 quadam
831 1359 902 1413 ab
927 1358 1063 1414 hora
1085 1360 1265 1429 prima
1287 1359 1345 1414 in
1378 1374 1532 1416 saera
1568 1376 1663 1415 ca-

82 1450 217 1518 pella
249 1465 374 1520 quae
430 1450 633 1506 dicitur
679 1451 749 1506 ad
799 1462 1052 1508 sanctum
1103 1451 1459 1508 Laurentium
1493 1452 1661 1525 (105),

82 1539 167 1593 ubi
202 1556 329 1594 cum
356 1540 617 1596 sandaliis
656 1540 951 1598 dominicis
981 1542 1285 1598 retinentur
1305 1543 1483 1614 capita
1532 1559 1665 1614 apo-

76 1633 343 1688 stolorum
403 1632 549 1688 Petri
597 1640 653 1690 et
692 1633 873 1703 Pauli,
919 1636 1123 1706 pariter
1170 1636 1271 1692 soli
1317 1636 1663 1693 considentes

1772 523 2143 593 processione,
2166 522 2575 594 responsorium
2602 521 2750 579 Cives
2776 525 3136 595 apostolorum
3165 529 3359 586 decan-

1773 620 1946 680 tante,
1972 613 2220 670 ecclesia).
2242 614 2441 669 intulit.
2467 613 2534 670 Et
2556 630 2624 670 ex
2646 623 2778 672 tunc
2812 616 2867 670 in
2897 619 3085 674 eadem
3113 621 3201 677 die
3230 637 3354 677 cum

1773 707 2293 762 commemoratione
2352 705 2577 779 Benigni
2646 709 2904 780 martyris
2975 708 3352 782 Divionensis,

1771 795 1985 852 Claudii
2048 813 2267 869 quoque
2317 798 2688 854 celebritatem
2758 798 3020 872 agendam
3074 805 3353 861 communi

1771 903 2003 945 assensu
2036 890 2472 962 congregationis
2499 891 2755 947 instituit.

1840 980 1929 1036 26.
1990 981 2125 1053 (36.)
2163 981 2303 1045 Cum
2344 998 2473 1039 vero
2521 982 2842 1041 Theoduino
2891 985 3182 1043 Leodiensi
3238 986 3355 1059 epi-

1771 1095 1937 1149 scopo
1974 1078 2185 1135 litteras
2226 1094 2377 1151 papae
2396 1096 2495 1152 pro
2531 1080 2823 1137 Godefrido
2847 1084 2897 1137 ei
2942 1083 3143 1139 missas
3181 1086 3351 1140 tradi-

1768 1172 1959 1238 disset,
1998 1180 2053 1226 et
2091 1172 2255 1242 paulo
2291 1182 2417 1243 post
2454 1173 2800 1246 privilegium
2862 1174 3167 1231 Romanum
3196 1177 3352 1246 quod

1768 1264 1888 1334 ejus
1931 1264 2286 1321 concessione
2335 1274 2391 1320 et
2437 1267 2594 1322 laude
2642 1266 2887 1323 ecclesiae
2929 1267 3072 1323 beati
3125 1265 3352 1326 Huherli

1768 1360 2109 1430 optinuerat,
2154 1360 2313 1431 quasi
2351 1364 2712 1433 congavisuro
2749 1364 3057 1430 obtulisset,
3084 1358 3150 1419 de
3183 1380 3351 1422 manu

1765 1452 1885 1523 ejus
1913 1453 2122 1523 accepit
2142 1453 2278 1508 illud
2306 1453 2728 1511 archidiaconus
2753 1456 2918 1524 Boso,
2952 1456 3043 1511 cui
3080 1465 3137 1512 et
3163 1457 3348 1512 omnia

1766 1561 1867 1600 sua
1910 1546 2256 1616 procuranda
2324 1547 2467 1601 idem
2517 1548 2808 1617 episcopus
2852 1548 3159 1604 crediderat
3226 1564 3348 1618 spe-

1765 1637 1982 1705 cialius,
2014 1645 2075 1692 ut
2111 1647 2231 1693 erat
2257 1636 2538 1695 confectus
2575 1638 2747 1695 senio.
2781 1637 2930 1695 Idem
2973 1639 3118 1696 Boso
3166 1639 3348 1694 abbati

75 1726 253 1781 amica
289 1726 665 1783 vicissitudine
699 1727 901 1785 divinis
926 1729 1162 1800 eloquiis
1188 1731 1551 1807 intenderent,
1594 1747 1660 1787 eo
1696 1800 1731 1807 _
1760 1737 1877 1807 jam
1903 1737 1995 1791 diu
2032 1734 2284 1791 infensus
2329 1744 2465 1803 erat,
2502 1752 2568 1791 eo
2598 1736 2746 1806 quod
2790 1737 3137 1807 praebendam
3183 1751 3346 1791 unam

75 1832 252 1887 usque
278 1826 341 1873 ut
372 1827 531 1874 nocte
575 1822 993 1889 superveniente
1039 1832 1285 1880 armatus
1331 1822 1494 1879 Urbis
1521 1839 1660 1894 prm-
1694 1800 1737 1856 Β
1763 1828 1980 1884 cuidam
2011 1827 2196 1898 nepoti
2234 1841 2336 1883 suo
2366 1825 2616 1883 Nasonis:
2641 1829 2942 1899 expetierat
2965 1843 3067 1884 nec
3093 1828 3351 1899 impetra-

76 1908 250 1967 fectus
288 1930 428 1984 papa
455 1915 680 1985 jubente
730 1919 801 1975 ad
851 1920 1149 1991 hospitium
1196 1938 1357 1978 suum
1407 1922 1659 1977 abbatem

77 2020 198 2060 cum
249 2006 367 2062 suis
419 2010 720 2065 reduceret.
756 2009 911 2067 Unde
946 2021 1003 2067 et
1042 2014 1183 2069 inter
1228 2023 1407 2069 cetera
1438 2030 1561 2085 qum
1589 2015 1659 2070 ab

76 2111 138 2153 eo
185 2098 362 2169 gratia
397 2097 788 2157 familiaritatis
828 2105 1075 2173 expetiit,
1117 2105 1461 2175 privilegium
1493 2106 1658 2159 etiam

79 2189 385 2259 apostolicae.
425 2187 759 2247 defensionis
796 2193 1046 2249 ecclesiae.
1096 2210 1210 2249 suae
1258 2193 1656 2250 auctorizatum

80 2281 325 2349 optinuit,
354 2290 416 2337 ut
454 2282 697 2339 ecclesia;
736 2283 997 2340 Romana:
1041 2284 1255 2341 firmata
1297 2294 1352 2341 et
1377 2286 1655 2343 defensata

76 2372 269 2427 auxilio
292 2382 350 2429 et
376 2374 725 2442 auctoritate,
751 2375 977 2432 immota
1026 2376 1321 2431 stabilitate
1350 2378 1657 2432 monastico

74 2464 243 2519 ordini
271 2465 331 2520 in
366 2474 691 2537 perpetuum
717 2468 1055 2537 persisteret,
1080 2476 1135 2522 et
1163 2468 1214 2523 ei
1239 2468 1354 2539 jam
1376 2468 1577 2524 donata
1603 2480 1658 2525 et

72 2558 260 2613 amodo
285 2558 545 2615 donanda
581 2560 927 2617 anathemate
959 2570 1164 2616 aeterno
1202 2562 1525 2631 interposito
1558 2562 1655 2616 lir-

70 2648 224 2703 miter
252 2658 595 2705 constarent.
651 2646 769 2705 Hoc
816 2651 955 2707 idem
989 2652 1334 2725 privilegium
1370 2668 1507 2724 papa
1534 2668 1564 2709 a
1596 2667 1656 2710 se

70 2739 323 2799 dictatum
391 2751 443 2799 et
496 2742 551 2799 in
606 2743 822 2814 publica
874 2747 1204 2802 consistorio
1271 2746 1655 2803 Lateranensis

68 2836 247 2904 palatii
270 2836 426 2907 quod
464 2836 663 2892 dicitur
712 2837 792 2893 Ad
824 2838 1130 2908 speculum,
1174 2853 1360 2894 coram
1406 2840 1655 2910 pluribus

70 2929 336 3000 episcopis
370 2939 429 2984 et
449 2930 818 2986 cardinalibus
842 2932 1092 2987 ecclesia).
1123 2931 1385 2988 Romanae
1400 2934 1653 3005 recogni-

74 3028 185 3076 tum
211 3032 266 3078 et
283 3024 569 3090 relectum,
595 3025 917 3095 subscripsit
936 3042 1104 3081 manu
1132 3027 1352 3097 propria
1382 3047 1394 3081 :
1431 3027 1654 3081 Misera-

74 3114 241 3170 tiones
290 3124 414 3182 tuas,
464 3114 717 3182 Domine,
749 3132 908 3186 super
962 3118 1142 3170 omnia
1168 3133 1327 3188 opera
1373 3126 1484 3172 tua.
1514 3117 1650 3173 Cum
1681 3149 1722 3209 α

74 3220 198 3259 vero
242 3222 274 3261 a
327 3206 580 3262 condicta
626 3206 919 3263 Godefrido
962 3209 1330 3279 promissione
1378 3210 1548 3267 abbas
1595 3226 1653 3267 se

71 3299 462 3354 absolvendum
510 3310 849 3372 exposceret,
876 3302 1007 3373 quia
1027 3302 1083 3355 in
1135 3318 1197 3358 ea
1242 3303 1506 3374 explenda
1556 3304 1651 3358 lilii

68 3387 186 3456 ejus
232 3389 498 3445 auxilium
536 3391 643 3447 sibi
675 3392 910 3461 deesset,
960 3394 1296 3464 apostolicus
1354 3411 1467 3450 non
1516 3411 1651 3452 con-

66 3479 262 3545 sensit,
312 3482 407 3536 sed
448 3483 666 3540 Annoni
702 3485 1015 3542 Coloniensi
1055 3495 1112 3542 et
1144 3485 1465 3563 Tbeoduino
1513 3488 1653 3545 Leo-

64 3570 243 3626 dicnsi
296 3576 611 3642 apostolica:
672 3581 1013 3635 auctoritatis
1076 3579 1338 3636 formatas
1394 3582 1651 3653 epistolas

65 3663 382 3732 destinavit,
414 3674 471 3720 ut
507 3664 861 3722 Godefridum
898 3671 965 3724 ad
990 3671 1094 3725 hoc
1121 3673 1268 3741 quod
1298 3676 1439 3741 patri
1480 3676 1650 3728 mori-

68 3764 188 3810 turo
220 3755 543 3813 condixerat
564 3759 973 3827 exsolvendum,
1009 3761 1095 3815 vel
1145 3763 1373 3816 consilio
1419 3762 1650 3818 inclina-

65 3854 204 3913 rcnt,
234 3849 319 3903 vel
345 3848 718 3914 ecclesiastico
747 3851 1052 3908 ministerio
1080 3852 1480 3910 inobedientem
1503 3870 1653 3911 com-

68 3940 349 4008 pellerent.
380 3940 653 4000 Reversus
677 3944 844 4001 abbas
885 3962 979 4017 per
1005 3944 1336 4014 Mathildem,
1360 3957 1422 4003 ut
1445 3948 1495 4003 ei
1522 3964 1652 4004 con-

68 4031 301 4102 dixerat,
352 4034 585 4091 exsolvit
624 4037 674 4091 ei
714 4039 1204 4095 commendationis
1254 4056 1369 4096 sum
1410 4041 1648 4113 gratias,

70 4125 308 4183 referens
351 4145 474 4199 qua:
498 4146 566 4184 ex
612 4132 879 4187 sententia
923 4130 999 4186 illi
1046 4132 1229 4187 omnia
1272 4132 1413 4203 apud
1454 4148 1649 4204 papam

68 4229 465 4289 provenerant;
518 4222 608 4277 illa
656 4223 783 4279 licet
838 4223 1113 4279 nolentem
1152 4224 1485 4295 aliquamdiu
1524 4240 1649 4279 eum

69 4325 255 4367 secum
292 4314 537 4382 retinuit,
563 4323 617 4370 et
656 4314 843 4371 casula
885 4333 993 4371 una
1024 4317 1145 4371 alba
1173 4333 1295 4387 qua:
1333 4315 1510 4371 fuerat
1549 4316 1649 4372 do-

70 4404 199 4459 mini
246 4422 403 4477 papae
431 4405 629 4463 Leonis
668 4402 759 4477 IX,
793 4404 1167 4465 subdiaconali
1200 4425 1419 4480 quoque
1465 4410 1650 4466 tunica

1760 1932 1942 1988 verat,
1983 1921 2128 1975 unde
2166 1928 2221 1975 et
2246 1919 2474 1975 collecto
2520 1919 2694 1974 livore
2740 1920 3088 1976 occasionem
3121 1936 3181 1976 se
3216 1919 3340 1975 vin-

1761 2012 1980 2069 dicandi
2015 2013 2277 2068 attentius
2300 2012 2597 2081 qurerebat.
2637 2010 2903 2081 Explicita
2940 2027 3073 2083 ergo
3106 2021 3259 2069 earta
3299 2020 3349 2065 et

1761 2105 2005 2161 offensus
2029 2103 2235 2175 ignotis
2262 2103 2369 2160 sibi
2398 2105 2464 2159 ad
2492 2104 2777 2174 legendum
2804 2102 2969 2169 notis,
2994 2104 3193 2173 quibus
3220 2118 3349 2159 con-

1761 2197 2080 2253 scribuntur
2121 2195 2406 2267 privilegia
2450 2195 2712 2251 Romana:
2756 2196 3099 2252 auctoritatis
3152 2196 3299 2268 (105)
3334 2217 3346 2251 :

1762 2287 1909 2356 Non,
1934 2288 2131 2359 inquit,
2163 2287 2382 2342 dubium
2411 2289 2536 2359 quin
2564 2287 2650 2341 hic
2678 2287 2845 2341 lateat
2884 2287 3115 2363 alicujus
3143 2289 3350 2358 fraudis

1759 2378 2111 2449 prestigium,
2140 2378 2282 2449 quod
2308 2377 2486 2448 utique
2508 2377 2646 2430 celat
2669 2375 2941 2432 barbaries
2977 2377 3169 2432 harum
3194 2387 3351 2433 nota—

1760 2488 1897 2525 rum.
1924 2469 2162 2541 Raptum
2201 2470 2271 2525 ab
2299 2484 2396 2525 ore
2425 2469 2545 2539 ejus
2568 2468 2794 2523 verbum
2825 2469 2984 2539 quasi
3014 2470 3082 2524 ad
3121 2470 3350 2540 gratiam

1759 2563 1992 2619 dicentis
2018 2563 2273 2634 palatina:
2304 2576 2469 2618 canes
2510 2570 2861 2632 exceperunt,
2903 2570 3191 2618 censentes
3225 2563 3353 2618 dili-

1759 2656 1975 2729 gentius
1992 2653 2470 2727 perscrutandum,
2490 2653 2635 2724 quod
2660 2663 2719 2708 ut
2740 2653 2953 2709 difﬁcile
2969 2653 3036 2708 ad
3064 2654 3349 2726 legendum

1758 2750 2046 2805 videbatur
2080 2749 2370 2805 incertum.
2418 2745 2661 2802 Tandem
2693 2747 2911 2802 easdem
2946 2755 3104 2801 notas
3146 2746 3346 2803 sensim

1756 2853 2169 2911 perscrutantes
2191 2840 2267 2895 bii
2289 2840 2381 2911 qui
2408 2841 2548 2895 inter
2568 2839 2797 2895 clericos
2814 2837 3207 2910 jactitabantur
3228 2853 3351 2909 per-

1758 2933 2107 3004 spicaciores,
2137 2931 2611 3004 deprehenderunt
2639 2949 2755 2987 rem
2774 2944 2833 2987 ut
2855 2942 2991 2997 erat,
3021 2932 3227 2988 scilicet
3256 2947 3348 2987 ec-

1757 3027 1983 3083 clesiam
2006 3026 2151 3082 beati
2174 3024 2403 3081 Huberti
2431 3025 2721 3095 specialius
2743 3024 3107 3095 mancipatam
3131 3037 3351 3094 aposto-

1756 3119 1875 3176 hcre
1902 3118 2231 3187 defensioni,
2276 3129 2588 3189 aeternoque
2618 3118 2965 3173 anathemate
3001 3117 3350 3172 interdictum

1756 3211 2084 3279 cuicumque
2110 3225 2359 3280 persona:
2392 3208 2477 3264 vel
2505 3207 2786 3278 potestati,
2808 3223 2877 3263 ne
2902 3209 3027 3279 quis
3057 3208 3108 3263 ei
3137 3223 3349 3278 praesun

1756 3312 1870 3358 mat
1897 3303 2195 3373 dampnum
2233 3301 2436 3357 inferre
2457 3302 2540 3356 vel
2572 3300 2850 3371 injuriam,
2874 3301 2956 3355 vel
2979 3300 3035 3355 in
3064 3298 3365 3372 acquisitisr

1754 3397 1841 3453 vel
1864 3397 1921 3452 in
1967 3395 2338 3466 acquirendis,
2390 3403 2558 3465 utque
2604 3394 2960 3449 monachicus
3003 3393 3140 3449 ordo
3182 3392 3257 3448 ibi
3291 3392 3347 3448 in

1754 3499 2077 3561 perpetuum
2122 3478 2234 3544 Deo
2260 3488 2532 3544 deserviat
2566 3487 2703 3542 liber
2731 3487 2900 3542 totius
2931 3484 3344 3557 inquietudinis.

1754 3582 1835 3638 Ad
1869 3584 1985 3639 haec
2024 3582 2168 3638 Boso
2212 3591 2367 3653 rapta
2412 3581 2703 3637 occasione
2746 3579 3141 3647 insimulandi,
3186 3587 3351 3648 caput

1755 3691 1917 3730 suum
1947 3676 2200 3745 quatiens
2232 3691 2357 3730 cum
2407 3674 2686 3744 suspiriis,
2725 3683 2780 3728 et
2827 3673 3067 3728 maxima
3086 3670 3201 3742 jam
3253 3668 3347 3725 diu

1756 3774 1935 3834 coepta
1976 3766 2352 3835 indignatione
2386 3766 2765 3833 succlamavit,
2796 3766 3047 3821 abbatem
3091 3762 3346 3819 Theode-

1754 3854 1930 3909 ricum
1976 3854 2249 3908 abbatiam
2297 3856 2470 3909 sancti
2512 3853 2736 3908 Huberti
2777 3855 3002 3909 omnino
3042 3853 3346 3925 prodidisse

1755 3944 2005 4001 Romano
2029 3945 2294 4017 pontifici,
2319 3945 2608 4001 ecclesiam
2631 3942 2983 3999 Leodicnsem
3013 3945 3067 3998 in
3091 3945 3196 3999 hoc
3224 3945 3342 4014 ipso

1754 4037 2049 4093 incurrisse
2072 4037 2370 4107 dampnum
2404 4036 2761 4102 intolerabile,
2794 4044 2869 4102 et,
2908 4035 3014 4089 nisi
3055 4034 3343 4105 episcopus

1754 4130 1983 4201 ejusque
2008 4130 2194 4185 ﬁdeles
2224 4129 2496 4185 maturius
2520 4128 2900 4200 advigilarent,
2929 4126 3097 4183 nichil
3144 4126 3248 4181 sibi
3276 4125 3343 4181 de

1753 4231 1906 4277 tanto
1934 4222 2145 4277 honore
2189 4222 2453 4277 hactenus
2484 4220 2671 4276 habito
2696 4219 3046 4275 remansisse.
3078 4215 3344 4273 Intellexit
3378 4232 3381 4233 '

1752 4329 1819 4369 ex
1848 4314 2061 4385 privato
2103 4314 2228 4370 odio
2256 4313 2426 4369 abbas
2456 4312 2729 4383 publicam
2766 4312 2869 4368 sibi
2900 4310 3156 4366 suscitari
3198 4308 3341 4364 iuvi-

1753 4409 1921 4476 diam,
1948 4417 2001 4464 et
2030 4408 2343 4480 indignatus
2389 4423 2445 4463 se
2490 4406 2770 4462 criminari
2816 4413 3011 4476 printer
3054 4402 3339 4460 conscien-

70 4509 217 4565 papae
262 4496 528 4568 Stephani
574 4499 668 4569 qui
711 4500 888 4556 dictus
941 4501 1070 4556 olim
1115 4500 1426 4558 Fridericus
1478 4500 1648 4557 frater
1678 4497 1726 4561 l)
1751 4503 1906 4568 tiam,
1946 4500 2226 4572 respondit
2263 4508 2579 4556 constanter
2613 4499 2776 4571 hujus
2805 4496 3161 4569 malignitatis
3204 4510 3339 4551 con-

68 4587 241 4648 fuerat
269 4593 430 4650 ducis
473 4586 753 4651 Godefridi
803 4596 1049 4667 majoris;
1096 4613 1127 4651 a
1156 4613 1214 4653 se
1253 4596 1644 4668 digredientem
1745 4594 2018 4665 jecturam
2051 4608 2153 4649 nec
2183 4609 2241 4649 se
2277 4593 2561 4664 Quaesisse,
2589 4607 2690 4648 nec
2722 4591 3083 4662 apostolicum
3110 4603 3339 4646 conces-

69 4682 375 4744 bonoravit.
421 4686 533 4744 Nec
566 4698 778 4745 tantum
816 4691 921 4746 hac
967 4688 1084 4746 sola
1112 4690 1231 4745 vice
1265 4691 1433 4763 gratia
1479 4692 1646 4747 curiae

68 4775 208 4834 illius
240 4782 488 4838 ecclesize
514 4791 716 4838 nostrae
739 4780 963 4853 profuit,
997 4783 1091 4839 sed
1131 4792 1188 4839 et
1227 4790 1470 4856 tempore
1493 4799 1647 4854 papm

66 4870 358 4930 Alexandri
393 4872 459 4943 ll,
483 4891 606 4930 cum
644 4874 785 4931 idem
815 4876 984 4933 abbas
1007 4876 1180 4933 Roma
1210 4866 1436 4934 rediens
1464 4878 1645 4933 diver~

68 4967 200 5019 teret
230 4965 300 5021 ad
328 4974 565 5021 matrem
598 4972 653 5022 et
691 4965 857 5022 filiam
895 4966 1037 5038 apud
1074 4966 1436 5024 Fraxinutum
1469 4966 1639 5041 (104),

67 5071 173 5126 quo
216 5068 643 5116 construxerant
687 5061 1081 5118 monasterium
1138 5062 1534 5119 monachorum
1585 5062 1642 5116 in

65 5144 289 5219 Alpibus
332 5151 675 5223 Appennini,
711 5168 808 5225 per
841 5160 1045 5225 septem
1093 5153 1208 5210 dies
1251 5152 1532 5221 detentus,
1566 5151 1641 5208 ibi

68 5241 255 5298 cotidie
277 5244 447 5315 pallio
472 5261 583 5301 uno
622 5256 942 5302 muneratus
971 5254 1059 5302 est
1095 5246 1164 5303 ab
1184 5246 1283 5302 eis.
1307 5243 1369 5301 In
1401 5245 1491 5301 die
1513 5261 1641 5301 vero

65 5328 418 5404 digressionis
440 5354 554 5394 suae
574 5338 699 5395 data
713 5348 797 5396 est
818 5354 982 5411 capsa
1007 5356 1115 5395 una
1130 5340 1368 5394 eburnea
1397 5337 1642 5409 reliquiis

67 5420 275 5484 Claudii
306 5432 564 5505 martyris
616 5432 876 5504 pretiosa,
895 5448 1060 5504 quam
1087 5447 1273 5487 secum
1300 5430 1561 5487 revehens
1584 5429 1639 5483 in

1541 5540 1631 5601 ΝΟ

165 5635 264 5692 105

162 5706 262 5761 104

165 5776 263 5835 105

318 5655 376 5710 in
415 5639 615 5710 palatio
654 5638 1028 5695 Laterane'nsi.

316 5709 657 5778 Frassinoro,
691 5711 746 5765 in
772 5711 969 5765 ducatu
1000 5709 1308 5766 Mutinensi.

320 5779 744 5854 Langobardicis
764 5782 977 5838 litteris.

140 5632 162 5850 ἒ

266 5638 285 5851 ἔ

1753 4685 1922 4753 sisse;
1947 4685 2196 4741 venirent
2222 4685 2555 4756 quicumque
2581 4684 2912 4756 eliggrentur
2944 4683 3218 4739 fideliores
3243 4696 3335 4737 ec-

1752 4780 1930 4838 clesia:
1951 4779 2291 4848 Leodicnsis,
2316 4788 2569 4849 paratum
2593 4795 2653 4835 se
2675 4771 2907 4834 Romam
2931 4777 3127 4844 redire,
3152 4775 3337 4845 ibique

1752 4874 1833 4931 eis
1857 4874 2216 4944 probaturum
2249 4873 2463 4943 publice
2490 4872 2697 4929 crimen
2728 4871 2876 4942 quod
2896 4870 3001 4927 sibi
3024 4868 3336 4941 imputaba-

1750 4976 1842 5023 tur
1866 4967 2032 5021 nichil
2066 4982 2220 5034 esse;
2262 4982 2327 5021 ea
2362 4976 2543 5022 tamen
2569 4964 2900 5033 conditione,
2937 4972 2999 5020 ut
3030 4962 3334 5019 secundum

1749 5070 1937 5117 sacros
1958 5066 2196 5114 canones
2228 5073 2421 5130 poenas
2460 5056 2612 5114 falsae
2646 5055 3065 5123 criminationis,
3109 5070 3168 5111 se
3204 5070 3335 5125 pur-

1747 5160 1894 5224 gato,
1939 5151 2318 5208 criminatores
2344 5153 2703 5207 exsolverent.
2754 5144 3044 5205 Praesensit
3091 5146 3234 5202 Boso
3274 5162 3334 5203 se

1749 5248 1851 5298 suo
1893 5242 2216 5313 capiendum
2253 5243 2469 5314 laqueo,
2514 5252 2811 5313 actumque
2845 5250 2913 5298 de
2941 5256 3025 5309 se,
3061 5239 3109 5296 si
3145 5236 3334 5294 Rom

1747 5347 2171 5407 prosequeretur
2228 5336 2442 5393 abbatis
2492 5336 2808 5393 reclamatio
2861 5333 3030 5405 (106).
3090 5331 3332 5389 Locutus

1748 5426 1934 5502 itaque
1956 5444 2082 5487 cum
2109 5429 2363 5495 consilio,
2394 5444 2507 5487 non
2532 5446 2592 5487 se
2621 5439 2903 5487 assuetum
2935 5427 3205 5498 Romano,
3232 5424 3328 5496 ait,

1636 5541 1771 5599 TIE.

1818 5635 1966 5762 sit)?
2006 5635 2232 5693 Factum
2274 5644 2458 5694 tamen
2489 5648 2606 5705 est;
2639 5652 2765 5694 nam
2795 5636 3087 5710 Gregorius
3126 5636 3331 5718 episto-

1740 5709 1793 5764 la
1844 5704 1885 5764 ῐ.
1954 5708 2006 5764 l.
2038 5724 2160 5764 qua:
2181 5710 2306 5764 data
2327 5719 2406 5764 est
2431 5724 2465 5763 x
2491 5708 2609 5764 Kal.
2638 5709 2767 5764 Anr.
2797 5727 2847 5764 a.
2875 5710 3032 5764 1075.
3058 5706 3331 5763 Theodui-

1992 5724 2160 5794 ,_q_ua:
2181 5710 2306 5765 data
2327 5719 2406 5794 est
2431 5724 2465 5794 x
2491 5708 2609 5764 Kal.
2797 5727 2847 5794 al.
2865 5706 3032 5794 3.075,
3058 5706 3333 5794 Theodui-

1746 5794 1882 5837 num
1908 5779 2157 5838 hortatur
2185 5796 2254 5839 ne
2296 5781 2546 5839 abbatem
2568 5779 2838 5856 privilegii
2863 5781 3007 5837 illius
3028 5793 3194 5836 causa
3215 5792 3332 5834 ams
