3902 6286
41 322 169 375 m7
1045 291 1439 353 cunouwou
1481 293 1536 346 s.
1581 289 1882 346 HUBERTI
1923 289 2246 348 ANDAGIN.
3153 295 3297 355 1578

39 437 264 510 iudicum
296 447 358 483 ac
381 425 719 483 saecularium
751 433 1095 492 personarum
1122 416 1258 468 hanc
1280 411 1614 467 constitutio-
1641 415 1688 471 Α
1712 411 1945 466 busdam
1985 409 2288 466 curialibus
2334 409 2452 463 suis
2483 408 2700 463 vadium
2732 408 3050 464 humillimae
3086 412 3306 468 satisfa-

40 499 116 585 ius
163 532 350 580 nostra:
395 520 643 591 paginam
681 521 1039 586 agnoscentes,
1071 518 1258 585 contra
1291 522 1408 560 eam
1443 504 1616 559 uenire
1714 502 1912 558 ctionis
1935 516 2075 571 genu
2105 499 2245 554 ﬂexo
2277 499 2539 569 porrexit,
2584 514 2642 553 se
2680 513 2916 564 errasse,
2948 514 3006 553 se
3048 515 3306 570 peccasse

44 609 680 688 temptaverit,potestatis
703 607 1019 676 honorisque
1041 602 1123 656 sui
1138 600 1398 671 dignitate
1415 607 1615 663 careat,
1716 594 1773 650 in
1825 593 1995 648 Deum
2045 603 2099 648 et
2126 601 2336 663 patrem
2385 607 2545 648 suum
2589 601 2673 647 est
2719 590 3024 658 confessus,
3061 607 3306 650 errorem

41 725 279 780 reumque
306 722 359 760 se
387 681 564 758 divino
584 701 792 772 judicio
817 699 1039 753 existere
1076 695 1140 748 de
1173 700 1473 763 perpetrata
1511 690 1619 742 ini-
1720 702 1939 757 quoque
1969 701 2130 741 suum
2159 685 2357 739 amodo
2386 700 2444 739 se
2467 694 2841 738 correCturum
2875 681 3178 754 professus.
3203 683 3304 740 Mi.-

40 774 236 874 quilale
262 803 560 867 cognoscat,
589 801 636 847 et
668 792 771 846 nisi
800 789 877 844 vel
901 806 963 843 ea
983 802 1099 858 quae
1121 784 1185 838 ab
1211 783 1306 837 illo
1335 791 1458 836 sunt
1488 781 1623 834 male
1721 789 1874 834 ratus
1900 779 2067 834 abbas
2091 786 2145 833 et
2177 777 2390 832 laetatus
2416 776 2471 830 iu
2511 775 2764 840 Domino,
2801 774 2896 845 qui
2925 774 2993 829 ad
3023 775 3166 845 quod
3197 776 3311 832 vult

42 868 220 950 ablata
266 889 576 952 restituerit,
609 885 686 939 vel
734 884 895 954 digna
922 878 1232 951 paenitentia
1279 874 1468 927 illicite
1505 883 1625 926 acta
1723 872 1949 927 inclinat
1995 872 2160 927 corda
2189 871 2434 925 omnium
2477 869 2714 923 ﬁliorum
2753 868 3062 933 hominum,
3112 883 3311 940 sugge-

41 985 327 1056 de/leverit,
361 1001 393 1036 a
414 978 781 1036 sacratissimo
807 989 1019 1044 corpore
1043 981 1092 1025 et
1121 967 1375 1038 sanguine
1403 964 1500 1018 Dei
1533 966 1628 1018 do-
1726 976 1878 1020 rente
1920 964 2176 1034 episcopo
2196 963 2321 1018 duci
2352 961 2643 1017 recredidit
2667 962 2811 1032 quod
2848 961 2951 1017 sibi
2997 970 3314 1032 porrexerat

42 1080 168 1133 mini
204 1077 248 1109 ‘°
301 1072 643 1144 redemptoris
687 1068 855 1123 nostri
887 1065 1016 1120 Jesu
1045 1061 1244 1120 Christi
1275 1060 1478 1114 alienus
1508 1056 1627 1125 ﬁat,
1725 1059 1968 1125 vadium,
2002 1058 2058 1112 in
2092 1059 2259 1113 verbo
2296 1059 2503 1114 scilicet
2523 1055 2758 1111 viventis
2798 1054 2978 1109 adhuc
3004 1053 3174 1125 patris
3201 1053 3314 1120 sui1

41 1180 194 1240 atque
217 1169 276 1221 in
304 1175 497 1223 (eterna
526 1162 768 1218 examine
804 1158 1062 1213 districta:
1103 1153 1293 1207 ultioni
1335 1149 1627 1219 subjaceat.
1729 1167 1839 1221 quo
1869 1166 1994 1206 eum
2017 1149 2360 1220 adjuraverat
2389 1150 2454 1216 δί,
2484 1149 2609 1203 vitae
2631 1163 2744 1203 sua:
2777 1156 2831 1201 et
2867 1146 3094 1201 honoris
3121 1146 3312 1201 condi-

44 1237 261 1317 Cunctis
297 1269 474 1312 autem
487 1256 640 1325 justa
667 1250 995 1308 servantibus
1024 1247 1192 1301 eidem
1214 1244 1350 1310 loco,
1379 1257 1486 1312 pax
1529 1240 1628 1294 do-
1730 1243 1875 1299 tione
1903 1242 2253 1312 interposita;
2279 1242 2464 1298 statim
2493 1242 2580 1296 ille
2601 1256 2702 1312 pro
2729 1240 2836 1294 hiis
2859 1255 2981 1309 quae
3002 1239 3068 1293 de
3091 1237 3315 1309 praafato

40 1355 169 1407 mini
196 1353 366 1407 nostri
395 1351 524 1406 Jesu
552 1350 772 1416 Christi,
805 1356 863 1401 ut
891 1346 972 1398 hic
1010 1343 1244 1412 fructum
1283 1339 1431 1392 bonae
1458 1336 1631 1389 actio»
1733 1335 1988 1390 thesauro
2023 1333 2357 1390 subduxerat
2383 1333 2586 1400 abbati,
2611 1331 2813 1386 Bellum
2844 1329 3036 1383 vallem
3059 1328 3125 1382 ad
3155 1344 3315 1384 usum

41 1447 120 1499 nis
171 1445 452 1516 recipiant,
501 1452 550 1498 et
595 1441 735 1513 apud
786 1437 1091 1493 districtum
1131 1432 1368 1503 judicem
1412 1429 1630 1499 praemia
1730 1426 1962 1482 fratrum
2005 1425 2054 1482 ei
2101 1426 2370 1496 deposuit,
2419 1434 2472 1479 et
2515 1424 2801 1480 ecclesiam
2847 1420 3045 1478 Montis
3074 1418 3316 1475 Munien-

39 1548 252 1592 wternw
283 1511 446 1606 pacis
492 1511 783 1599 inveniant,
835 1529 1021 1584 Amen.
1078 1521 1415 1592 Subscripsit
1451 1529 1632 1575 autem
1733 1520 1810 1576 sis
1857 1517 2004 1589 (109)
2042 1533 2168 1573 cum
2202 1517 2378 1572 tribus
2429 1515 2638 1572 mansis
2682 1523 2842 1570 terrae
2879 1514 3040 1569 beato
3075 1511 3234 1567 Petro
3265 1512 3318 1564 in

39 1646 208 1684 manu
232 1628 455 1699 propria
483 1627 719 1682 domnus
743 1638 881 1694 papa
914 1639 928 1675 :
960 1619 1328 1699 Miserationes
1353 1627 1477 1681 tute,
1519 1612 1633 1666 Do-
1734 1619 2054 1682 perpetuum
2078 1609 2460 1680 possidendam
2487 1607 2728 1679 legaliter
2756 1607 2998 1662 tradidit.

39 1722 200 1787 mine,
228 1695 389 1790 super
409 1719 584 1772 omnia
608 1732 764 1786 opera
794 1723 907 1767 tua.
935 1711 1075 1765 Bene
1091 1695 1284 1764 valete.
1310 1707 1508 1760 Datum
1528 1703 1637 1757 La-
1806 1703 1896 1758 28.
1939 1703 2075 1775 (59.)
2116 1703 2318 1758 Eodem
2357 1718 2503 1757 anno
2535 1701 2718 1773 (1075,
2753 1699 2882 1754 Jun.
2915 1699 3006 1768 2'5)
3045 1697 3320 1754 Theodui-

39 1813 242 1866 temnis
273 1813 331 1864 in
361 1812 404 1843 ⁵ο
431 1809 560 1863 Kal.
595 1807 729 1862 Maii
775 1822 866 1876 per
895 1820 1082 1857 manus
1123 1802 1272 1856 Petri
1300 1810 1499 1855 sanctae
1526 1797 1634 1851 Ro-
1668 1809 1709 1867 Β
1739 1813 1844 1852 nus
1906 1795 2224 1851 Leodiensis
2273 1794 2563 1864 episcopus
2611 1793 2724 1849 vita
2773 1791 3033 1858 decessit,
3097 1797 3324 1858 ortaque

39 1897 215 1955 mana?
243 1901 481 1956 ecclesia:
507 1899 782 1971 presbiteri
815 1895 1105 1950 cardinalis
1137 1911 1198 1947 ac
1227 1890 1630 1955 bibliothecarii,
1739 1889 1884 1961 (110)
1925 1887 2272 1943 contentione
2321 1886 2462 1940 inter
2508 1901 2758 1956 quosque
2809 1893 3058 1954 potentes
3106 1881 3326 1954 agendae

39 2010 176 2047 anno
206 1993 385 2062 primo
411 1993 750 2062 pontiﬁcatus
779 1989 980 2042 domini
1008 1985 1247 2056 Gregorii
1300 1983 1432 2050 VII,
1461 1998 1632 2052 papae,
1736 1981 2040 2048 electionis,
2105 1981 2236 2035 dum
2298 1979 2482 2050 plures
2535 1977 2652 2033 ﬁeri
2712 1977 3012 2032 voluissent
3064 1975 3322 2046 episcopi,

39 2087 338 2140 indictione
359 2085 658 2138 undecima.
1737 2069 1872 2124 nulli
1900 2084 2088 2123 eorum
2128 2076 2188 2122 ut
2235 2069 2525 2137 episcopus
2570 2070 2723 2122 ﬁeret
2771 2064 3014 2135 contigit.
3046 2062 3183 2117 Nam
3217 2064 3327 2116 dux

102 2179 195 2232 27.
241 2177 386 2250 (58.)
415 2175 627 2232 interea
656 2173 898 2229 monitus
929 2168 1255 2226 Godefridus
1281 2183 1348 2222 ex
1377 2165 1637 2220 mandato
1739 2161 2082 2228 Godefridus,
2109 2161 2205 2230 qui
2235 2170 2366 2214 tunc
2402 2159 2542 2215 forte
2577 2160 2896 2214 morabatur
2917 2173 3042 2212 cum
3072 2155 3328 2210 Heinrico

39 2289 189 2344 papa:
234 2288 266 2326 a
319 2269 638 2326 Coloniensi
682 2269 921 2337 itemque
958 2261 1246 2318 Leodiensi
1277 2258 1551 2329 pontiﬁce,
1578 2267 1640 2311 ut
1740 2271 1902 2326 rege,
1959 2269 2084 2308 cum
2134 2253 2225 2306 vix
2263 2243 2520 2308 tenuiter
2575 2251 2958 2322 persensisset'
3013 2249 3328 2317 episcopum

39 2361 357 2416 condictam
374 2360 516 2430 patri
537 2358 816 2413 veritatem
832 2335 891 2409 et
911 2353 1068 2408 ﬁdem
1091 2351 1414 2415 exsolveret,
1441 2348 1639 2416 illeque
1741 2345 1966 2410 obiisse,
2017 2344 2270 2413 precibus
2315 2335 2452 2398 suis
2481 2342 2716 2412 optinuit
2758 2339 2902 2410 apud
2947 2347 3092 2404 eum,
3127 2337 3330 2392 nemini

39 2468 133 2507 nec
158 2460 460 2506 monentes
491 2464 592 2504 nec
617 2455 909 2518 arguentes
953 2443 1143 2498 audire
1179 2450 1416 2506 curaret,
1442 2436 1641 2492 accidit
1741 2436 2149 2491 concedendum
2179 2435 2380 2488 donum
2411 2426 2694 2502 episc0pii,
2721 2431 2827 2486 nisi
2850 2446 3011 2499 quem
3048 2430 3138 2483 ille
3195 2443 3334 2497 prae-

39 2553 90 2597 ut
111 2543 368 2596 domnus
395 2539 782 2604 Herimauuus,
807 2522 1064 2590 Metensis
1085 2532 1396 2602 episcopus,
1416 2529 1484 2583 ad
1512 2542 1639 2582 eum
1743 2537 1982 2583 sentaret
2035 2527 2125 2595 ei;
2185 2541 2419 2596 moxque
2467 2525 2536 2580 ad
2574 2523 2888 2578 Heinricum
2939 2519 3332 2576 Virdunensem

39 2635 338 2689 Bulonium
389 2633 618 2688 veniret.
669 2630 800 2684 Erat
849 2637 1031 2683 autem
1069 2624 1330 2681 dominici
1378 2622 1642 2677 adventus
1745 2622 2190 2676 archidiacouum
2224 2620 2268 2650 ⁵³
2299 2619 2467 2686 misit,
2517 2628 2571 2673 et
2620 2618 2670 2672 ei
2711 2625 2772 2671 ut
2814 2623 3024 2670 remota
3053 2613 3203 2668 omni
3250 2613 3334 2667 di-

40 2727 318 2782 lominica
361 2724 621 2790 secunda,
653 2731 708 2777 et
729 2731 788 2776 ut
817 2736 979 2776 suum
1008 2727 1093 2774 est
1111 2717 1231 2787 ejus
1256 2713 1538 2784 temporis,
1565 2711 1645 2765 iu-
1744 2715 1946 2769 latione
1975 2714 2042 2768 ad
2079 2729 2138 2769 se
2167 2714 2377 2768 veniret
2407 2711 2702 2767 mandavit.
2754 2709 3052 2764 Festinavit
3079 2708 3166 2762 ille
3209 2705 3334 2762 duci

39 2830 336 2877 horruerat
383 2819 588 2890 passim
619 2819 794 2873 hiems
817 2814 1137 2887 asperrima.
1165 2810 1434 2881 Exceptus
1453 2824 1485 2861 a
1507 2807 1644 2862 duoe
1745 2820 2053 2871 occurrere,
2091 2805 2331 2860 incertus
2361 2803 2586 2859 omnino
2627 2799 2758 2872 quid
2785 2799 2960 2854 vellet.
3008 2797 3336 2852 Leodienses

39 2926 90 2970 at
119 2915 368 2971 decebat
419 2921 631 2968 tantum
673 2912 1010 2983 pontiﬁcem,
1045 2923 1170 2962 cum
1199 2913 1322 2976 post
1346 2918 1558 2959 coenam
1587 2901 1642 2955 in
1744 2914 1874 2953 vero
1919 2913 2018 2968 pro
2043 2897 2392 2953 contentione
2420 2893 2643 2967 praefata
2685 2893 2834 2948 nulla
2859 2893 3039 2948 adhuc
3069 2891 3337 2946 electione

39 3011 178 3067 lecto
211 3012 382 3068 ducis
403 3016 680 3080 pausaret,
710 3006 847 3060 duce
881 3002 1208 3057 altrinsecus
1233 2999 1289 3052 in
1326 2997 1515 3052 eadem
1552 3010 1643 3049 ca-
1745 2992 1980 3057 ﬁrmata,
2037 3007 2106 3046 ne
2160 2991 2434 3045 videretur
2487 2986 2813 3059 injuriosum
2872 2987 3021 3057 regi,
3082 2985 3337 3040 baculum

39 3120 187 3159 mera
221 3104 569 3175 quiescente,
595 3099 773 3170 primo
802 3094 1076 3168 gallicinio
1099 3091 1240 3162 apud
1270 3098 1521 3145 sanctum
1542 3086 1643 3141 Pe-
1674 3157 1716 3175 Α
1744 3083 2114 3154 pontiﬁcalem
2145 3083 2309 3154 paulo
2329 3081 2604 3137 morosius
2633 3079 2856 3147 deferri,
2907 3088 2967 3133 ut
3009 3094 3136 3132 eum
3167 3076 3340 3132 refer-

39 3204 183 3250 trum
219 3157 678 3252 gurrexeruntiad
703 3157 915 3262 vigilias
937 3157 1154 3251 fratres,
1181 3182 1518 3238 Theoderico
1547 3181 1643 3235 ab-
1671 3157 1718 3220 ο
1748 3185 1829 3232 ret
1861 3176 2218 3246 injunxerunt
2252 3173 2589 3230 Theoderico
2633 3173 2835 3228 abbati.
2887 3169 3122 3237 Quidam
3157 3179 3340 3224 autem

40 3298 157 3344 sate
213 3297 360 3343 tunc
388 3303 513 3344 cum
546 3287 626 3341 eis
662 3285 737 3340 ibi
769 3261 1105 3338 demorante.
1161 3276 1388 3332 Miratus
1433 3275 1646 3345 cpisco-
1747 3269 1813 3324 de
1838 3268 2052 3324 clericis
2083 3269 2221 3322 alter
2267 3267 2498 3322 alterum
2550 3265 2858 3336 anticipans
2904 3263 3112 3318 curiam
3171 3261 3342 3332 irrep-

40 3397 134 3436 )us
163 3398 236 3435 ea
257 3380 364 3434 tali
387 3379 522 3434 hora
544 3394 602 3435 se
625 3391 921 3447 campanas
945 3374 1154 3439 audire,
1182 3366 1536 3439 interrogavit
1551 3366 1648 3421 du-
1749 3371 1954 3427 serant,
1971 3375 2200 3430 Sperans
2215 3359 2540 3430 quisquevel
2555 3358 2658 3414 sibi
2678 3365 3070 3428 proventurum
3089 3364 3342 3410 eventum

40 3495 177 3542 :cm,
225 3491 350 3544 quo
381 3477 468 3529 vel
498 3476 565 3530 ad
595 3475 725 3545 quid
751 3446 1032 3530 έοηειι-εηι,
1063 3469 1364 3541 Respondi;
1393 3468 1502 3522 dux
1531 3464 1644 3519 fra-
1749 3454 1848 3520 rei,
1879 3454 1962 3508 vel
1991 3462 2214 3523 paratus
2236 3451 2409 3523 gratia
2437 3449 2832 3507 vicissitudinis
2854 3448 2998 3504 ferre
3022 3446 3343 3517 suffragium

47 3585 144 3623 res
176 3565 340 3635 apud
372 3574 623 3619 sanctum
668 3565 888 3619 Pen-um
928 3565 994 3618 ad
1022 3538 1234 3634 viguit—15
1256 3574 1498 3630 surgere,
1521 3573 1646 3613 eos-
1751 3546 1924 3600 alteri.
1972 3544 2183 3600 Interea
2227 3543 2500 3616 suggessit
2541 3543 2652 3598 dux
2700 3541 2960 3598 clericum
3005 3539 3217 3606 adesse,
3255 3538 3344 3592 cui

39 3677 136 3731 [uc
151 3675 227 3714 ex
252 3657 566 3712 elemosina
588 3656 758 3726 patris
778 3656 860 3710 sui
882 3633 1309 3708 ibidemlocatos
1327 3650 1645 3704 consistere.
1751 3638 2087 3707 epiSCOPium
2117 3637 2432 3692 donandum
2479 3635 2848 3701 destinasset;
2879 3633 3197 3704 dignaretur
3228 3645 3344 3697 rex,

39 3724 109 3807 id
147 3753 281 3807 112130
336 3724 634 3818 episcopus
667 3747 828 3802 altius
882 3745 1248 3814 ingemiscens
1289 3760 1302 3793 :
1339 3739 1404 3805 0,
1451 3737 1647 3808 inquit,
1753 3738 1811 3782 ut
1839 3737 1923 3782 est
1949 3724 2068 3798 ejus
2099 3729 2410 3784 donationis
2440 3729 2682 3800 agendae,
2722 3743 2822 3798 pro
2851 3725 3110 3781 tribunali
3138 3725 3345 3791 sedere,

40 3861 120 3897 los
167 3837 456 3910 infelices,
484 3854 612 3908 quos
654 3838 711 3890 in
743 3835 907 3888 tantis
944 3831 1151 3886 deliciis
1188 3829 1506 3899 quiescentes
1541 3825 1651 3878 Deo
1753 3829 1807 3874 et
1829 3819 2036 3874 vocatis
2065 3818 2462 3874 Leodiensibus
2502 3819 2823 3888 episcopum
2855 3818 2962 3872 illis
2991 3818 3345 3873 constituere.

39 3908 449 4007 :oizdenipnant
480 3933 610 3987 tales
652 3931 867 4002 vigilite.
914 3926 1120 3982 Felices
1149 3932 1362 3979 econtra
1410 3937 1537 3992 quos
1563 3935 1654 3973 nec
1755 3910 2085 3965 Leodienses
2106 3911 2339 3977 evocati,
2358 3910 2480 3965 licet
2502 3909 3125 3965 morderenturlatenter
3147 3908 3349 3964 nemini

47 4047 222 4103 orpor
256 4026 674 4092 mediwnoctis,
701 4000 792 4078 nec
818 4022 1007 4074 horror
1030 4019 1187 4088 hujus
1211 4015 1517 4086 asperrima:
1545 4011 1654 4064 ltie-
1757 4003 1972 4058 illorum
2035 4003 2180 4074 quod
2234 4013 2584 4073 speraverant
2639 4000 2977 4072 provenisse,
3040 4015 3106 4053 ne
3167 4007 3349 4052 tamen

40 4088 132 4178 ni;
173 4119 441 4192 reprimit
474 4090 526 4172 ἰι
556 4088 801 4170 laudibus
833 4113 1066 4167 omnium
1115 4107 1369 4162 creatoris
1417 4103 1535 4157 Dei.
1578 4100 1655 4154 Tu
1755 4094 2021 4149 voluntati
2087 4093 2247 4165 regiae
2299 4109 2422 4164 quae
2481 4093 2537 4148 in
2594 4091 2812 4164 negotio
2873 4088 3348 4162 praeponderabat,

39 4178 250 4286 magae.
293 4210 578 4281 infelicior
605 4206 1010 4278 infelicissimis,
1059 4217 1208 4272 quem
1243 4197 1461 4252 necdum
1489 4192 1643 4248 emol-
1756 4184 2068 4239 viderentur
2122 4185 2333 4251 deesse,
2383 4183 2719 4239 Theoderico
2767 4181 2950 4236 abbati
3001 4197 3069 4235 ex
3122 4178 3352 4235 consilio

39 4272 174 4360 liun't
204 4304 293 4360 vel
320 4272 493 4356 timor
513 4300 613 4354 Dei
637 4272 715 4353 vel
738 4314 888 4351 amor
903 4295 1069 4366 patris
1088 4293 1186 4358 tui,
1209 4291 1298 4361 qui
1316 4286 1658 4343 elemosinam
1758 4275 2097 4331 referendam
2119 4275 2720 4347 imposueruntdomini
2743 4272 2983 4329 Heinrici
3005 4272 3347 4328 electionem.

40 4403 144 4471 zjus
171 4395 621 4469 defraudaveris,
644 4401 692 4446 et
719 4391 976 4462 fratribus
1005 4397 1114 4441 tam
1135 4385 1332 4440 devotis
1347 4381 1519 4436 adhuc
1541 4394 1658 4432 eam
1721 4455 1724 4457 Α
1761 4367 2014 4435 Quicum
2043 4369 2240 4425 ceteris
2271 4369 2538 4426 assistens
2563 4369 2699 4440 regi,
2755 4376 2816 4423 ut
2864 4375 2983 4422 erat
3017 4366 3102 4421 vir
3128 4365 3354 4422 urbana:

39 4459 396 4547 ietraxeris!
418 4485 501 4540 Ad
527 4485 643 4540 haec
661 4459 988 4538 Godel‘ridus
1019 4485 1380 4548 compunctus
1413 4473 1468 4528 in
1496 4472 1580 4526 lac

1806 4462 2059 4533 .egantiae,
2084 4471 2480 4534 promptasque
2499 4461 2725 4518 Latialis
2752 4461 3109 4532 eloquentiae:
3143 4459 3347 4532 Eligat,

40 4602 153 4640 nas
203 4580 435 4651 erupit,
467 4585 520 4632 ει
548 4577 750 4648 μείξεις
779 4591 944 4646 agens
980 4569 1292 4626 rationabili
1331 4567 1452 4636 ejus
1487 4563 1656 4620 casti-
1690 4553 1730 4565 ”
1761 4554 1960 4624 inquit,
1999 4571 2117 4609 eum
2157 4554 2324 4623 Deus,
2371 4565 2422 4610 et
2451 4555 2516 4609 ab
2554 4572 2614 4610 eo
2664 4553 3001 4626 praelectum
3029 4569 3121 4609 nos
3151 4569 3353 4624 quoque

39 4673 276 4745 gationi,
311 4647 589 4740 quicquid
631 4681 699 4720 ex
734 4666 838 4720 hoc
877 4664 1207 4735 neglexerat,
1237 4655 1657 4714 emendaturum
1761 4647 2055 4703 voluntarie
2082 4648 2377 4719 eligendum
2406 4649 2748 4704 decrevimus.

40 4737 346 4819 imodose
397 4755 672 4827 promisit.
719 4752 779 4808 In
806 4753 1105 4808 crastinum
1137 4758 1369 4818 uterque
1405 4743 1656 4800 abbatem
1831 4738 1921 4793 29.
1963 4738 2099 4809 (41.)
2136 4737 2226 4794 Sic
2275 4740 2422 4810 (111)
2473 4741 2709 4796 domnus
2757 4738 3026 4796 Henricus
3076 4740 3352 4810 episcopio

40 4854 360 4918 nandavit,
379 4847 627 4904 venienti
644 4846 894 4902 verodux
913 4841 1312 4899 oﬁiciosissime
1332 4834 1655 4900 assurrexit,
1763 4831 2016 4896 donatus,
2048 4840 2102 4886 et
2132 4832 2468 4902 obsequente
2499 4833 2637 4888 duce
2662 4833 2717 4887 in
2748 4826 3352 4887 urbem'favorabiliter

39 4958 81 5024 ,ι
108 4948 301 5006 nichil
335 4944 460 5000 tale
487 4942 556 4997 de
589 4956 655 4996 eo
685 4939 928 5010 speranti
955 4952 1141 4993 coram
1172 4931 1428 5005 pontiﬁce
1455 4938 1510 4984 et
1533 4927 1658 4998 qui-
1762 4932 2034 4994 receptus,
2071 4940 2180 4979 non
2211 4927 2382 4982 multo
2407 4938 2532 4999 post
2583 4947 2615 4985 a
2666 4932 2869 4988 domno
2915 4935 3145 4988 Annone
3186 4927 3354 4984 (Solo-

1344 5080 1580 5139 VARIAE
1608 5077 2011 5136 LECTIONES.

102 5236 151 5266 ιο
191 5232 318 5302 lege
341 5233 406 5280 et
430 5219 660 5302 domini.
737 5218 783 5248 ⁸ο
809 5215 886 5302 vel
917 5197 2492 5302 ipa,velllldlegipgtefta‘"ltinqdiuvnejgt.cinrdpognatum
2517 5224 2700 5280 suum,
2745 5211 2922 5266 virum
2952 5211 3061 5268 vita
3083 5222 3136 5268 et
3157 5229 3353 5286 genere
3416 5259 3423 5266 .

40 5271 729 5363 nobiiiéiiuiiiuin—linum
770 5287 886 5343 scil.
937 5280 1210 5340 Frederici
1253 5271 1469 5334 60mins
1498 5271 1798 5337 Tullensis,
1833 5271 1983 5326 addit
2023 5271 2299 5346 Αςαεαίηεῖ

1597 5382 1825 5442 NOTAE.

101 5535 268 5608 (109)
315 5519 1082 5608 ξιοῑιιηιείὲυουβίαίνειτμλ
1783 5507 3179 5608 ..ἐμὲἙειιξιιξὶοξιξιξεξοείάεω,γετυίελςείωέιε
3209 5516 3354 5608 apud

103 5535 241 5608 (109
315 5535 638 5606 Montmedy
660 5535 956 5603 ououairy.
1249 5587 1259 5598 ι
1305 5586 1315 5597 ⁸
1845 5535 1991 5588 (ει-ι)
2038 5535 2226 5594 ιυιωμ
2255 5535 2420 5584 caput
2460 5535 2684 5571 tenuem
2730 5535 2911 5574 verms
2951 5535 3179 5588 tegimus
3209 5535 3354 5588 apuu

129 5535 271 5676 “0;
311 5597 536 5656 Eadem
585 5607 891 5648 πινθηιωυε
945 5588 1086 5660 ³1)υά
1139 5586 1207 5643 Ᾱῖ
1247 5587 1416 5642 ιάιιιηι
1470 5582 1662 5664 Aureae
1768 5576 1947 5662 Ᾱῐειρ.
1973 5597 2021 5637 c.
2056 5583 2154 5652 ll;
2192 5601 2248 5644 In
2273 5586 2462 5646 multis
2489 5587 2744 5646 convenit
2770 5602 2897 5646 cum
2924 5586 3056 5647 Chr.
3099 5587 3154 5645 S.
3206 5588 3354 5646 Lau-

103 5609 214 5734 i(llis
243 5691 301 5732 c.
325 5669 428 5734 10,
464 5675 518 5721 et
538 5665 788 5722 breviora
812 5663 867 5717 iu
889 5660 1092 5734 Chron.
1127 5658 1184 5714 S.
1212 5605 1495 5715 {attremit
1522 5652 1659 5708 Leo-
1765 5659 1942 5709 rentn.
2699 5711 2701 5713 ι
2831 5657 2834 5661 ’

39 5652 428 5735 νδῖίίξέλῧ,
464 5675 518 5721 et
538 5665 788 5735 breviora
812 5663 867 5717 iu
889 5652 1092 5735 Chron.
1127 5658 1184 5714 S.
1214 5652 1495 5715 Laurentii
1522 5652 1659 5708 Leo-
1765 5652 1942 5709 rentii.

39 5731 276 5811 magis;
307 5731 423 5802 cr;
444 5736 723 5795 Lamberti
755 5733 896 5792 Ann.
934 5731 1084 5790 1075.
