3902 6286
646 272 815 336 49η

1669 253 2063 314 CHRONICON
2105 252 2162 309 S.
2207 251 2515 313 HUBERTI
2551 257 2877 319 ANDAGIN.
3609 289 3688 355 ἐκ

646 387 827 448 mensi
854 386 1109 459 pontifice
1134 376 1504 448 sollempniter
1531 382 1614 430 est
1642 379 2034 438 consecratus;
2064 386 2095 426 a
2123 384 2235 442 quo
2263 372 2314 433 Δ
2340 372 2595 430 marchas
2650 374 2861 446 argenti
2910 376 3195 435 moriturus
3219 381 3403 444 minem
3442 395 3606 460 eam
3632 424 3687 465 ω

650 483 816 540 etiam
876 479 1153 548 adjuratus
1203 479 1289 528 est
1340 469 1443 526 sub
1495 465 1808 524 testimonio
1863 465 2074 522 collatae
2123 463 2229 521 sibi

648 567 1059 631 benedictionis,
1113 571 1172 618 ut
1218 560 1339 631 ejus
1379 573 1597 630 quoque
1621 566 1839 613 utamur
1861 555 2079 611 verbis:
2124 552 2230 609 Per

651 660 1076 723 benedictionem,
1109 653 1305 725 inquit,
1327 654 1498 724 patris
1523 652 1601 707 tui
1643 649 1880 705 Annom's
1915 647 2145 703 obtestor
2180 657 2229 703 te

650 770 705 815 ut
751 760 991 813 destruat:
1040 749 1339 822 superbiam
1384 757 1434 803 et
1466 745 1801 801 insolentiam
1847 741 2225 798 Guolbodonis.

648 852 776 909 Erat
800 856 981 905 autem
1008 844 1291 902 Guolbodo
1308 841 1477 901 abbas
1496 840 1739 895 ecclesiae
1758 838 1900 895 beati
1923 836 2226 904 Laurentii,

648 944 761 1014 qui,
791 940 1021 997 nimium
1050 937 1291 994 conﬁsus
1339 934 1524 1006 gloriae
1572 939 1689 989 sua:
1739 939 1795 986 et
1837 930 2109 986 nobilitati
2159 930 2226 997 ⁸³,

648 1037 806 1106 longe
831 1049 891 1090 se
908 1028 1074 1089 aliter
1095 1029 1329 1089 habebat
1372 1042 1535 1098 quam
1558 1023 1875 1080 conveniret
1896 1023 2230 1080 monachicae

647 1125 996 1197 professioni.
1062 1123 1171 1180 Nec
1215 1122 1307 1179 diu
1367 1127 1612 1175 moratus
1659 1118 1949 1187 episcopus
1999 1116 2228 1186 privatis

648 1219 799 1274 illum
837 1214 1321 1273 ammonitionibus
1347 1211 1639 1283 corrigere,
1693 1225 1819 1266 cum
1844 1208 2055 1265 videret
2085 1225 2143 1267 se
2170 1210 2227 1265 in

648 1310 753 1365 hoc
778 1324 889 1365 non
919 1309 1096 1364 solum
1128 1321 1238 1363 non
1284 1307 1569 1376 prolicere,
1621 1304 1714 1361 sed
1764 1303 1918 1358 illum
1958 1302 2133 1373 magis
2158 1302 2227 1358 ad

646 1402 916 1457 deteriora
944 1416 1010 1456 ex
1056 1399 1427 1469 indignatione
1470 1396 1719 1463 deficere,
1763 1396 2049 1453 constituit
2080 1395 2227 1452 diem

647 1494 715 1549 ad
740 1492 1134 1549 discussionem
1163 1491 1283 1561 eius
1305 1490 1596 1560 publicam.
1632 1488 2095 1545 Convenientibus
2123 1488 2224 1543 ab-

646 1585 864 1640 batibus
917 1582 1087 1655 (Οσι.)
1129 1591 1184 1639 et
1231 1581 1631 1639 archidiaconis
1658 1596 1783 1638 cum
1835 1596 1895 1637 se
1941 1579 2226 1639 Guolbodo

646 1690 754 1730 non
801 1682 986 1745 posset
1034 1689 1266 1745 purgare
1311 1689 1343 1731 a
1374 1672 1695 1729 criminibus
1721 1673 1968 1743 objectis,
2011 1673 2224 1729 decreta

645 1769 957 1824 omnimoda
1004 1783 1094 1825 res
1143 1767 1265 1837 ejus
1318 1767 1377 1823 in
1427 1775 1695 1838 potestate
1751 1774 1805 1822 et
1863 1766 2223 1836 dispositione

644 1860 905 1933 episcopi.
935 1859 1256 1932 Episcopus,
1288 1875 1359 1916 ne
1382 1860 1735 1917 accelerando
1770 1860 2038 1930 justitiam
2075 1860 2225 1916 vide-

644 1962 792 2008 retur
820 1967 1116 2011 evacuasse
1142 1953 1593 2020 misericordiam,
1622 1953 1820 2009 obtulit
1855 1953 1906 2007 ei
1946 1954 2130 2009 locum
2170 1960 2226 2007 et

643 2054 855 2115 tempus
884 2045 1107 2117 agendae
1146 2044 1498 2117 paenitentiae,
1534 2045 1884 2115 decrevitque
1918 2045 1969 2100 ei
2000 2052 2060 2100 ut
2104 2042 2225 2098 Vir-

641 2135 849 2192 dunum
872 2136 1015 2206 apud
1041 2145 1294 2194 sanctum
1316 2134 1605 2207 Agericum
1623 2135 1959 2205 aliquamdiu
1980 2135 2224 2205 privatus

640 2226 916 2285 secederet
942 2268 956 2295 ,
1024 2235 1078 2283 et
1136 2228 1278 2284 inter
1334 2227 1618 2296 religiosos
1676 2227 1824 2287 viros
1884 2226 1957 2283 ibi
2014 2227 2225 2285 noviter

588 2370 595 2380 .
639 2326 997 2390 congregatos
1066 2317 1213 2389 (112)
1277 2316 1706 2375 satisfactionem
1770 2334 1928 2375 suam
2005 2319 2226 2390 dignam

639 2410 1015 2467 misericordia
1063 2410 1461 2480 comprobaret.
1515 2408 1801 2467 Concessit
1842 2411 1931 2465 ille
1985 2411 2225 2481 primum

635 2503 840 2574 judicio
862 2502 1192 2573 sapientium
1238 2511 1294 2559 et
1344 2502 1639 2573 episcopali
1665 2504 1884 2561 decreto
1910 2519 1970 2559 se
1996 2519 2227 2561 consen-

639 2610 859 2662 surum;
886 2594 982 2651 sed
1006 2594 1075 2651 ad
1102 2594 1295 2653 horam
1319 2596 1534 2653 locutus
1561 2596 1887 2666 quibusdam
1912 2596 2047 2662 suis,
2078 2597 2226 2667 quod

638 2686 790 2757 prius
820 2687 1150 2755 promiserat
1177 2688 1395 2757 exequi,
1418 2695 1543 2758 post
1563 2688 1779 2758 publica
1799 2688 2226 2744 contradictione

638 2779 929 2836 recusavit.
984 2778 1254 2850 Episcopo
1296 2781 1544 2852 exigente
1596 2791 1655 2837 ut
1696 2780 1920 2836 daretur
1956 2779 2225 2836 sententia

639 2871 767 2928 huic
806 2872 1146 2929 resultationi
1178 2882 1234 2929 et
1257 2874 1660 2942 inobedientiaa,
1703 2874 1983 2929 decretum
2022 2880 2109 2929 est
2155 2873 2226 2929 ab

639 2964 789 3019 omni
837 2974 1126 3033 conventu,
1196 2975 1254 3023 ut
1312 2968 1367 3027 in
1427 2983 1525 3024 sua
1588 2984 1647 3025 se
1698 2975 2114 3039 rec0gnosceret
2156 2966 2222 3035 ⁸⁸,

640 3055 925 3126 ipsamque
973 3057 1247 3113 abbatiam
1290 3058 1457 3115 libere
1486 3058 1555 3115 ad
1582 3058 1843 3129 placitum
1888 3074 2051 3115 suum
2105 3058 2222 3154 dis—
2251 3089 2296 3154 ο

638 3156 884 3218 poneret,
912 3149 1071 3219 cujus
1090 3150 1260 3207 abbas
1279 3150 1561 3209 convictus
1595 3150 1920 3209 criminibus
1945 3150 2113 3209 nollet
2145 3150 2223 3206 illi

637 3244 707 3301 ad
743 3244 1173 3302 emendationem
1212 3245 1452 3303 obedire.
1494 3243 1605 3303 Nec
1640 3257 1896 3303 moratus
1942 3244 2223 3303 Guolbodo

639 3336 710 3392 ad
728 3351 909 3406 regem
929 3336 1224 3393 Henricum
1248 3337 1402 3405 abiit,
1432 3337 1663 3408 ejusque
1682 3337 1940 3395 violentia
1960 3338 2225 3395 adversus

638 3426 954 3499 episcopum
981 3437 1212 3485 conatus
1243 3436 1329 3487 est
1359 3445 1419 3487 se
1450 3431 1608 3487 tueri.
1659 3429 1762 3495 Qui
1809 3430 1941 3485 dum
1967 3430 2226 3484 ecclesia-

638 3516 830 3577 sticam
846 3516 1118 3588 justitiam
1145 3517 1391 3574 saeculari
1411 3516 1699 3577 audientiae
1719 3515 2013 3586 prostituit,
2031 3531 2226 3572 secun-

637 3612 770 3670 dum
815 3628 1005 3670 sacros
1052 3626 1291 3671 canones
1334 3628 1555 3671 omnem
1597 3613 1701 3669 sibi
1751 3614 1957 3671 aditum
2001 3630 2227 3685 recupe—

637 3704 871 3760 rationis
929 3704 1222 3765 obstruxit.
1260 3703 1400 3765 Nam
1442 3722 1543 3765 nec
1594 3694 1761 3778 regiis
1811 3707 2064 3777 precibus
2124 3722 2225 3765 nec

638 3796 807 3854 minis
832 3797 1012 3867 potuit
1038 3798 1332 3869 episcopus
1369 3799 1573 3857 attrahi
1613 3808 1674 3856 ut
1711 3815 1840 3859 eum
1890 3800 2221 3868 restitueret,

638 3890 944 3948 obtestatus
972 3906 1032 3948 se
1071 3891 1234 3948 malle
1259 3890 1598 3962 episcopium
1622 3894 1690 3948 ad
1715 3901 1929 3963 tempus
1954 3894 2225 3951 intermit-

635 3992 769 4050 tere,
802 3999 969 4055 quam
997 3984 1266 4056 ejusmodi
1295 3984 1643 4043 insolentiam
1668 3986 1779 4057 pati
1825 3987 1945 4043 sine
1983 4002 2223 4059 congrua

637 4074 1029 4135 satisfactione.
1083 4076 1176 4133 Sic
1207 4076 1492 4137 Guolbodo
1538 4078 1859 4149 desperatus
1890 4078 2223 4151 Hungariam

636 4168 928 4235 concessit,
955 4169 1192 4239 indeque
1218 4170 1286 4224 ad
1313 4185 1496 4241 regem
1518 4187 1773 4228 reversus
1798 4172 1853 4227 in
1878 4174 2225 4243 expeditione

636 4256 823 4315 Italica
845 4259 1104 4330 positum,
1154 4261 1225 4317 ad
1273 4272 1506 4320 mortem
1549 4278 1727 4336 usque
1769 4265 1957 4323 domui
2003 4265 2224 4322 Henrici

634 4351 875 4421 episcopi
905 4361 1151 4410 moratus
1174 4361 1260 4410 est
1287 4356 1428 4426 apud
1452 4371 1603 4412 eam.

2331 472 2475 522 stre.

2401 560 2490 615 51.
2561 560 2697 631 (45.)
2767 559 2827 616 in
2896 563 3135 635 sequenti
3182 568 3503 643 solleinpnime

2330 650 2530 740 natalis
2559 651 2671 707 dux
2697 651 3021 710 Godefridus
3048 657 3320 716 nataliliam
3343 666 3504 724 curiam
3524 674 3694 740 edebam

2330 738 2387 795 in
2441 756 2638 812 magna
2691 742 2864 814 gloria
2910 742 3154 815 Trajecti,
3201 748 3363 807 infelix
3402 768 3511 814 certe
3542 774 3578 818 ει

2330 833 2667 903 improvidus
2687 836 2796 906 sui,
2837 845 2896 893 et
2927 839 3017 894 cui
3039 840 3219 897 ultima
3241 842 3331 901 fuit
3348 862 3499 923 pompa
3518 856 3697 928 hujussu

2331 928 2714 985 ostentationis
2738 946 2754 997 ;
2802 944 2928 985 nam
2965 931 3087 987 inde
3116 934 3407 996 descendens
3426 942 3602 1015 Frisiis,
3629 954 3698 1010 tu

2331 1019 2474 1091 apud
2502 1031 2747 1077 castrum
2788 1020 3105 1097 Flardengis
3130 1038 3418 1100 moraretur,
3449 1050 3518 1105 per
3546 1044 3700 1112 quadam

2329 1112 2673 1170 necessarios
2715 1112 2937 1170 Roberti
2965 1117 3175 1176 comitis
3221 1118 3560 1185 Flandrensisin
3578 1148 3700 1192 sum

2329 1217 2427 1297 per
2445 1206 2748 1276 posteriora
2770 1223 3062 1277 percussus
3284 1215 3381 1285 (an.
3402 1217 3517 1287 l076,
3530 1220 3699 1297 Μιλη.

2328 1295 2499 1368 Cujus
2534 1298 2786 1357 interitus
2821 1302 3076 1373 equidem
3105 1304 3364 1375 dolendus,
3405 1295 3701 1373 omni

2329 1390 2430 1460 gite
2454 1390 2590 1449 adeo
2620 1390 2725 1447 fuit
2750 1393 3009 1465 exitialis,
3037 1404 3097 1450 ut
3114 1396 3312 1469 justitia
3332 1409 3376 1457 ct
3396 1416 3491 1472 pax,
3524 1420 3602 1475 qua
3627 1408 3703 1463 ultra

2328 1483 2651 1541 memoriam
2690 1500 2884 1540 eorum
2915 1485 3013 1556 qui
3058 1497 3208 1543 erant
3257 1490 3363 1561 ejus
3387 1495 3586 1563 temporis,
3609 1500 3703 1568 [Nr-

2328 1584 2515 1632 cerant
2542 1576 2646 1631 sub
2665 1592 2754 1645 eo,
2807 1578 2864 1632 in
2894 1578 3051 1635 brevi
3075 1581 3191 1651 ejus
3219 1580 3405 1638 defwu
3430 1587 3617 1643 evmiente
3634 1590 3703 1645 lei—

2330 1678 2513 1725 cerent
2531 1685 2659 1725 cum
2679 1686 2765 1726 eo.
2796 1669 2968 1742 Cujus
2998 1688 3215 1744 corpus,
3242 1674 3366 1731 sicut
3385 1676 3702 1751 virende

2328 1767 2414 1816 rat
2466 1758 2695 1817 Virduni
2741 1762 2811 1818 ad
2848 1764 3187 1835 sepulturam
3237 1766 3600 1837 transferendum,
3638 1772 3703 1827 dra

2328 1852 2596 1923 perlatum
2636 1865 2783 1911 esset
2811 1854 3100 1926 Leodium,
3146 1856 3391 1917 Henricus
3413 1862 3607 1933 episcopus
3627 1873 3705 1919 tuto

2329 1944 2508 2000 amico
2560 1945 2873 2016 destitutus,
2923 1948 2980 2004 in
3028 1964 3223 2021 pompa
3268 1951 3460 2009 maximi
3490 1953 3617 2011 doloris
3640 1971 3706 2025 μη.

2330 2038 2494 2093 cessit
2519 2039 2568 2093 ei
2590 2054 2715 2095 cum
2741 2040 2887 2095 clero
2912 2049 2969 2095 et
2991 2043 3193 2112 populo
3221 2044 3375 2105 totius
3403 2045 3574 2114 civitatis,
3590 2063 3710 2117 perque

2329 2130 2573 2203 singulas
2621 2132 3075 2206 congregationes
3126 2151 3355 2209 praesens
3394 2137 3485 2210 ipse
3513 2139 3709 2195 drwmiun

2325 2222 2525 2294 jussit,
2576 2233 2912 2298 exceptoque
2967 2227 3335 2303 sollempniter
3389 2231 3537 2291 missas
3564 2232 3712 2287 celebrari

2327 2314 2579 2377 instituit.

2399 2409 2487 2465 52,
2531 2408 2670 2483 (44.)
2727 2409 2934 2468 Deinde
2978 2423 3303 2484 prosecutus
3339 2431 3445 2473 eum
3478 2431 3594 2487 usque
3615 2414 3711 2470 illa

2329 2502 2464 2559 tiam
2506 2500 2680 2575 (115),
2727 2520 2841 2574 prae
2876 2505 3055 2561 nimio
3085 2506 3271 2565 dolore
3311 2508 3711 2578 inﬁmum

2328 2594 2474 2655 ultra
2507 2609 2617 2655 non
2638 2596 2835 2665 potuit,
2884 2606 2939 2654 et
2986 2597 3327 2659 Theoderico
3368 2603 3513 2663 abbati
3539 2602 3586 2659 ad
3613 2615 3714 2669 um

2329 2684 2708 2747 deducendum
2756 2688 2903 2745 vices
2946 2705 3085 2748 suas
3126 2694 3402 2753 commisit.
3435 2689 3712 2764 Ipsedelattsad

2328 2777 2613 2834 ecclesiam
2638 2779 2783 2837 beati
2812 2779 3062 2853 Huberti,
3095 2786 3268 2845 donec
3291 2784 3715 2851 cuivaleseeretihibl

2329 2866 2453 2925 fuit.
2481 2868 2610 2925 Fuit
2634 2879 2817 2929 autem
2846 2890 2882 2931 a
2918 2879 3167 2934 secunda
3193 2878 3443 2937 dominica
3460 2879 3714 2950 quadratam

2330 2976 2508 3032 usque
2543 2971 2669 3035 post
2694 2977 2917 3025 octavas
2943 2969 3019 3024 ibi
3042 2971 3302 3029 celebrati
3340 2988 3492 3045 passa
3515 2971 3625 3045 (116).
3651 2966 3718 3021 ius

2329 3053 2630 3113 delectatus
2667 3058 2921 3130 religiosa
2951 3060 3190 3120 fratrum
3223 3066 3569 3129 conversatione
3581 3072 3717 3118 αισα

2325 3147 2555 3217 probata
2588 3164 2716 3221 erga
2748 3167 2807 3207 se
2833 3152 3046 3211 sincera
3070 3158 3373 3228 dilectione,
3395 3160 3514 3215 nulla
3534 3156 3720 3214 smul

2327 3239 2651 3296 clericorum
2678 3243 2765 3298 vel
2790 3245 3102 3319 principum
3140 3254 3316 3322 potuit
3349 3252 3499 3311 evinci
3512 3249 3721 3322 σωθείσας

2327 3333 2460 3402 quin
2518 3343 2646 3391 ante
2699 3340 2972 3408 pascalem
3021 3344 3432 3402 celebrationem
3490 3342 3591 3400 vellet
3624 3340 3725 3394 Ml

2327 3435 2559 3483 mutare.
2590 3428 2906 3487 Morabatur
2931 3442 3065 3491 tunc
3098 3436 3287 3509 junior
3320 3435 3577 3494 Godel‘ridas
3589 3428 3725 3488 ιιιῐῶ

2328 3533 2455 3577 cum
2483 3520 2597 3589 illo,
2623 3522 2737 3595 qui,
2767 3527 3026 3581 avunculi
3063 3529 3153 3584 sui
3182 3530 3455 3588 destitutus
3489 3521 3713 3591 attribuis

2327 3613 2449 3669 dem
2478 3616 2717 3689 episcopi
2739 3619 2991 3679 tuebatur
3015 3625 3358 3694 patrocinio;
3380 3640 3514 3695 quem
3530 3616 3725 3684 simulili

2328 3716 2581 3777 argueret
2598 3707 2665 3763 de
2684 3708 2884 3767 allodio
2905 3709 3113 3782 Telins,
3138 3716 3286 3786 quod
3302 3704 3726 3771 Bulionensisviulaﬁt

2322 3796 2438 3867 jam
2458 3797 2553 3855 diu
2576 3800 2910 3858 subduxerat
2935 3805 3207 3875 ecclesiae,
3232 3808 3410 3867 dicens
3426 3809 3555 3869 etiam
3573 3819 3613 3861 so
3633 3802 3726 3856 lim

2327 3889 2406 3945 illi
2429 3890 2725 3949 vindictam
2754 3894 2921 3966 hujus
2942 3897 3218 3968 justitiaz:
3260 3894 3730 3959 Codelridustuenti)“1

2328 3983 2548 4040 hortatu
2586 3985 2910 4056 optimatum
2943 4006 3177 4049 suorum
3200 3997 3443 4067 episcopo
3460 3992 3600 4057 cessit.
3617 3981 3730 4055 fit“

2328 4092 2489 4135 suum
2537 4088 2658 4136 erat
2718 4082 2877 4141 beato
2940 4083 3190 4144 Huberto
3228 4089 3509 4147 voluntarie
3542 4076 3731 4155 reservolii

2327 4166 2609 4227 Dominica
2652 4182 2834 4230 autem
2878 4193 3003 4248 qua:
3044 4180 3252 4239 dicitur
3276 4183 3329 4238 in
3359 4181 3525 4253 palmis
3546 4170 3732 4247 (Nam.

2326 4270 2450 4332 post
2478 4264 2836 4337 sollempnem
2856 4256 2978 4339 ejus
2998 4272 3108 4329 diei
3132 4274 3528 4344 processioaem.
3545 4274 3734 4341 Μεθ’

2328 4354 2472 4412 tibus
2534 4358 2810 4417 nobilibus
2857 4363 2977 4421 suis
3032 4373 3269 4438 uterque
3321 4366 3524 4424 accessit
3566 4361 3615 4417 ad
3646 4352 3735 4417 vlli

707 4441 795 4497 50.
840 4442 978 4515 (42.)
1014 4442 1132 4501 Hiis
1156 4445 1304 4516 (115)
1332 4446 1470 4503 actis
1657 4445 2016 4506 Leodiensem
2064 4448 2220 4505 sino~
2248 4439 2303 4500 D
2328 4448 2499 4509 altare
2523 4451 2668 4508 beati
2694 4452 2844 4511 Petri
2871 4458 3127 4527 apostoli,
3159 4468 3215 4516 et
3242 4460 3478 4519 baculum
3502 4467 3620 4517 sull-
3644 4454 3737 4519 1³⁵*

634 4534 787 4601 dum,
814 4550 940 4605 quae
984 4537 1164 4608 agitur
1209 4537 1268 4595 in
1310 4536 1453 4595 festo
1496 4540 1867 4610 apostolorum
1896 4540 2135 4601 Simonis
2166 4550 2223 4597 et

635 4623 807 4693 Judre,
838 4626 895 4680 in
917 4629 1165 4698 sequenti
1194 4629 1426 4689 adventu
1459 4631 1698 4689 Mnus
1732 4631 1892 4689 Anno
1932 4633 2222 4703 religiosus

636 4715 879 4786 pontifex
913 4715 1156 4779 Coloniae
1195 4720 1309 4777 vita
1334 4721 1576 4779 decessit
1600 4722 1750 4794 (Dec.
1790 4721 1848 4793 4)
1890 4722 1946 4778 in
1981 4723 2221 4780 maximo

2330 4540 2501 4598 ralem
2527 4550 2744 4601 tenente
2763 4546 3042 4618 episeopo,
3065 4549 3292 4608 dextera
3314 4552 3426 4622 ejus
3446 4548 3736 4606 deum!”

2328 4632 2656 4695 Godefridus
2718 4643 3103 4713 utpar-posuit,
3168 4654 3226 4701 et
3287 4660 3406 4704 eum
3454 4657 3512 4699 eo

2327 4729 2585 4787 alludium
2612 4749 2777 4805 super
2800 4737 2936 4793 illud
2954 4738 3167 4809 absque
3189 4739 3300 4796 ulh
3321 4730 3737 4806 calumpniﬂﬁ"

636 4807 874 4882 dampno
937 4811 1106 4871 totius
1165 4812 1314 4873 illius
1371 4814 1664 4884 provinciae
1724 4814 1872 4885 (lu)
1896 4857 1913 4882 ,
1978 4815 2222 4886 quinque
2327 4818 2586 4893 Imposita
2610 4827 2779 4884 etiam
2800 4829 2911 4886 sibi
3268 4832 3403 4889 stola
3427 4816 3685 4897 ,καθ’
3708 4825 3741 4875 ⁸(

1917 4905 2003 4963 vs
2014 4906 2153 4965 nus
2187 4908 2591 4972 LECTIONES.
3408 4908 3415 4914 ’

710 4996 755 5078 δέ
793 4997 921 5078 quia
944 4998 1335 5054 venerabilium
1356 5029 1430 5040 —
1452 4998 1717 5055 extollens
1750 5000 1936 5054 inserit
1980 5000 2257 5074 ngidius,
2285 5021 2404 5078 qua:
2431 5009 2587 5064 verba
2617 5009 2743 5068 Cltr.
2797 5012 2857 5070 S.
2907 5014 3189 5073 Laurentii
3227 5016 3424 5073 exhibet
3446 5030 3488 5069 c.
3517 5008 3586 5066 45.
3634 4998 3663 5035 ⁵⁸
3683 4992 3739 5049 δά

641 5068 928 5124 sententia.

2141 5164 2370 5226 NOTE.

714 5243 858 5321 (ηε)
905 5248 1292 5306 Monasterium
1347 5252 1557 5309 ordinis
1618 5256 1792 5313 sancti
1842 5256 2120 5318 Benedicti
2190 5281 2223 5321 a

639 5313 1548 5405 Rentbertpepiscopoyirdunensi
1577 5340 1721 5381 anno
1750 5313 2221 5405 l_037vfu‘ndatum:

810 5396 865 5514 ﬁt
891 5386 999 5515 big;
1013 5394 1116 5447 viri
1130 5386 1384 5467 'religiosi
1427 5396 1626 5452 ibidem
1667 5400 1869 5454 naviter
1911 5386 2222 5479 congregati

678 5477 694 5514 ι
871 5477 915 5513 ι·.
1007 5503 1020 5516 .

678 5477 915 5515 ιε’ωιιυικ
949 5477 1020 5516 Μ.

1121 5551 1206 5608 ap.
1234 5536 1415 5610 IEgid.
1436 5538 1481 5593 ‘l.
1510 5538 1552 5594 1.

952 5608 1214 5675 rovmciw,
1243 5609 1552 5675 sepultusqu

732 5603 859 5681 114)
898 5603 1214 5681 Provinciae,
1243 5603 1577 5681 sepultusque
1599 5621 1673 5665 est
1696 5614 1749 5666 in
1780 5616 2007 5670 coenobio
2042 5616 2220 5674 Siber-

637 5674 801 5752 genti,
840 5674 996 5752 quod
1044 5674 1431 5752 ipsepro'priis
1485 5674 1777 5752 sumptibus
1832 5697 2217 5745 construxerat.

640 5742 823 5815 Egid.
850 5742 947 5817 qui
976 5742 1102 5803 inde
1131 5742 1213 5805 ad
1230 5742 1612 5807 Tr'udonensia'
1627 5756 1840 5811 transit.
1874 5757 1957 5812 Cf.
1989 5742 2119 5815 Chr.
2146 5742 2212 5816 is.

2324 5268 2488 5326 Laur.
2530 5286 2583 5327 c.
2616 5272 2706 5329 44.

2397 5342 2544 5426 (liii)
2597 5342 2855 5426 Vitlance,
2896 5344 2930 5400 ὲ
2976 5346 3113 5402 deus
3159 5344 3335 5426 lienes
3377 5344 3438 5426 de

2322 5402 2656 5540 }lpgiut‘ireRse
2683 5402 2939 5489 voyaient
2960 5433 3161 5474 encore
3194 5402 3295 5474 les
3316 5423 3471 5472 restes
3504 5408 3600 5464 d‘nn
3628 5402 3741 5454 malo”

2346 5498 2410 5539 eo
2450 5501 2479 5539 a
2508 5527 2520 5539 .
2608 5527 2621 5540 .
3692 5529 3708 5540 _
3734 5524 3739 5540 1

2346 5498 2520 5540 COGal.
2557 5498 2621 5540 li.

2394 5524 2621 5640 22325)}:
2669 5574 2819 5640 ea
2848 5559 2956 5640 die
2997 5560 3093 5640 Ast
3134 5558 3271 5617 Feb.
3322 5524 3740 5640 aerarias:

2322 5611 2618 5686 Lamberto
2662 5611 2819 5687 sive"
2840 5611 3168 5689 deseri-{du}
3186 5611 3275 5689 'iv'
3473 5611 3593 5683 linit
3624 5611 3742 5673 om“

2320 5706 2422 5752 est.
