3902 6286
84 281 218 336 1581

1120 271 1514 331 CHBONICON
1554 271 1612 328 S.
1652 269 1961 329 HUBERTI
1996 271 2323 333 ANBAGIN.

3216 282 3354 343 1582

82 397 210 469 quis
258 394 390 451 illud
425 393 658 466 amplius
699 391 946 449 ecclesiae
986 391 1332 460 subdoceret,
1372 391 1474 448 sub
1527 391 1681 446 ohte-
1709 392 1760 452 Δ
1787 395 2134 463 concedente,
2190 395 2427 454 domnus
2483 395 2849 458 Herimannus
2908 398 2965 456 in
3021 399 3155 460 feria
3211 415 3362 465 sexta

81 491 324 548 statione
363 489 531 546 divini
574 488 813 544 nominis
842 485 1138 552 interdixit,
1189 495 1244 540 et
1291 484 1683 556 imprecatione

81 586 278 641 aeterni
332 580 700 638 anathematis
745 578 1268 646 excommunicavit;
1327 577 1678 634 Godefridum

79 693 214 733 vero
236 676 454 746 culpam
478 689 635 730 suam
663 687 1000 742 suorumque
1035 679 1446 726 antecessorum
1496 671 1680 726 humi-

79 771 208 825 liter
253 769 513 824 fatentem
554 767 808 832 absolvit,
844 774 897 820 et
942 764 1086 820 facto
1128 764 1341 836 publice
1397 764 1677 836 privilegio

79 862 251 934 hujus
282 861 692 934 recognitionis,
724 876 823 915 sua
866 859 1000 915 illud
1024 866 1080 913 et
1101 874 1326 916 suorum
1351 858 1676 929 adstipulata

77 955 457 1028 assignatione
509 953 872 1009 confirmavit.
935 952 994 1009 ln
1051 953 1300 1022 sequenti
1345 967 1474 1008 vero
1541 952 1675 1010 feria

77 1050 278 1121 quinta
311 1048 500 1122 (Mart.
530 1046 625 1118 24)
656 1047 804 1102 circa
848 1047 1041 1102 horam
1076 1053 1306 1113 sextam,
1355 1054 1546 1116 parata
1572 1047 1674 1102 sibi

77 1143 207 1198 sede
234 1143 294 1197 in
322 1141 496 1213 portis
526 1140 734 1211 templi,
794 1140 1056 1195 deductos
1100 1139 1173 1194 ibi
1207 1139 1534 1209 poenitentcs
1561 1140 1675 1210 epi-

78 1234 257 1304 scopii
334 1250 461 1289 cum
519 1233 757 1288 maxima
821 1230 1122 1287 reverentia
1178 1240 1234 1287 et
1288 1232 1528 1289 lacrimis
1563 1231 1674 1288 Deo

75 1327 474 1395 reconciliavit,
526 1335 582 1383 et
624 1326 997 1383 communioni
1051 1335 1251 1380 sanctae
1294 1324 1539 1380 ecclesia:
1579 1340 1674 1394 per

75 1439 282 1479 manus
297 1424 828 1480 ~archidiaconorru-m
855 1421 958 1477 sibi
981 1420 1393 1492 reconsignatos
1413 1421 1668 1478 restituit.

73 1514 288 1570 Deinde
334 1515 702 1586 sollcmpniter
756 1513 1018 1568 infulatus
1063 1513 1260 1568 missas
1303 1512 1673 1571 celebraturus

72 1606 466 1678 episcopaliter
495 1606 782 1678 processit,
833 1607 1043 1662 habens
1082 1607 1137 1661 in
1167 1605 1535 1664 ministerium
1582 1622 1673 1662 ec-

71 1700 451 1757 clesiasticum
491 1700 692 1756 electos
712 1716 779 1755 ex
821 1700 1081 1755 fratribus
1110 1709 1362 1769 septenos
1405 1700 1670 1756 uniuscu-

71 1896 228 1940 veste
276 1886 602 1941 sacerdotali
645 1887 1064 1942 circumstantes
1111 1901 1256 1952 eum,
1307 1885 1376 1941 ad
1419 1893 1673 1955 expecta-

75 1980 285 2033 tionem
327 1979 652 2034 conﬁciendi
683 1980 740 2034 in
781 1980 900 2049 ipso
947 1995 1160 2034 canone
1193 1979 1335 2035 sacri
1376 1978 1670 2034 crismatis.

77 2071 253 2125 Tanta
285 2077 419 2124 tunc
445 2070 707 2140 temporis
734 2079 853 2124 erat
878 2069 1186 2140 frequentia
1232 2070 1501 2139 religiosae
1544 2085 1677 2124 con-

75 2163 432 2237 gregationis,
491 2170 552 2217 ut
607 2162 716 2218 hiis
769 2162 1010 2232 exceptis
1033 2167 1301 2216 conventu
1340 2160 1677 2229 exsequendi

76 2257 286 2314 ordinis
319 2271 434 2310 non
462 2256 735 2311 videretur
761 2255 956 2309 minui.
1008 2253 1180 2308 Tanta
1223 2259 1676 2308 ornamentorum

75 2350 230 2420 copia
252 2347 574 2404 abundabat
589 2346 856 2413 ecclesias,
876 2353 938 2400 ut
956 2345 1210 2415 pretiosis
1229 2344 1474 2400 vestibus
1498 2345 1677 2399 ornati

81 2442 278 2512 singuli
323 2440 684 2511 procederent
722 2439 780 2494 in
837 2454 939 2494 suo
965 2439 1178 2504 ordine,
1223 2438 1342 2508 ipse
1371 2437 1533 2492 etiam
1561 2436 1677 2506 epi-

78 2549 274 2604 scopus
307 2533 434 2590 suis
455 2530 771 2604 postpositis
798 2532 1042 2587 casulam
1063 2530 1243 2585 albam
1268 2529 1535 2595 indueret,
1556 2543 1678 2598 quae

76 2625 252 2681 fuerat
272 2624 484 2680 Leonis
505 2640 679 2696 papae,
706 2625 853 2692 data,
885 2632 945 2679 ut
963 2623 1168 2679 dictum
1191 2631 1277 2679 est
1299 2625 1315 2690 (
1328 2622 1469 2693 H7),
1494 2621 1677 2678 abbati

85 2716 422 2772 fheoderico
477 2731 509 2770 a
560 2714 806 2771 Beatrice
854 2722 909 2771 et
961 2713 1235 2770 Mathilde.
1285 2711 1498 2780 Quanta
1549 2727 1677 2768 vero

75 2811 372 2864 devotione
398 2808 728 2864 dominicam
751 2808 1065 2879 passionem
1095 2817 1150 2862 et
1183 2807 1519 2878 sepulturam
1551 2821 1679 2860 exe-

74 2903 230 2973 gerit,
279 2917 398 2973 qua
429 2902 709 2957 alacritate
748 2918 874 2957 cum
927 2901 1142 2971 publica
1177 2899 1410 2955 fratrum
1451 2914 1676 2969 proces-

75 2997 247 3065 sione,
290 2995 666 3051 ambientibus
690 3009 816 3049 eum
864 2994 1265 3050 archidiaconis
1290 2992 1424 3058 suis,
1465 2992 1520 3045 in
1560 2991 1678 3060 ipso

66 1754 280 1864 ita“;
326 1754 924 1861 marginata...
989 1754 1209 1864 quoqu‘e
1247 1754 1674 1848 annos}.
1702 1754 1750 1820 ³⁵

1781 489 1987 559 Pascali
2013 488 2165 560 (Αρνο
2205 488 2258 561 l)
2287 506 2410 561 quae
2438 490 2731 546 obvenerat
2753 491 2809 546 in
2849 491 3106 552 Kalendis
3135 495 3357 568 Aprilis,

1780 582 2051 638 dedicavit
2079 583 2381 642 oratorium
2415 599 2585 642 unum
2616 586 2762 660 quod
2797 586 2996 650 dicitur
3021 589 3092 644 ad
3115 603 3359 651 sanctam

1779 675 2102 746 Jerusalem,
2149 693 2214 732 eo
2248 679 2394 748 quod
2437 678 2505 738 ad
2549 678 2773 738 modum
2811 680 3075 738 dominici
3122 688 3354 754 sepulcri

1779 770 2080 839 conditum,
2120 772 2292 842 ipsam
2335 788 2556 844 quoque
2597 774 2716 845 ejus
2745 774 2980 832 formam
3012 790 3358 849 repraesentet

1778 863 2050 924 devotioni
2091 866 2359 935 fidelium;
2397 867 2452 922 in
2485 868 2732 938 sequenti
2775 868 3003 930 sabbato
3039 871 3182 926 aliud
3209 874 3354 943 quod

1778 964 1894 1012 erat
1927 956 2144 1026 duplex,
2175 957 2231 1012 in
2258 958 2523 1029 superiori
2548 960 2836 1018 continens
2866 963 3185 1018 memoriam
3213 964 3356 1019 beati

1776 1043 2004 1112 Nicolai,
2057 1046 2113 1100 in
2166 1046 2413 1104 inferiori
2470 1064 2600 1104 vero
2645 1049 2788 1107 beati
2833 1051 3066 1107 Andreae
3102 1056 3354 1124 apostoli,

1777 1138 1924 1210 quod
1972 1137 2040 1192 ad
2087 1138 2193 1194 hoc
2241 1140 2479 1198 maxime
2510 1140 2873 1198 tedilicaverat
2911 1142 3039 1196 olim
3073 1144 3261 1212 abbas,
3300 1157 3356 1202 ut

1776 1231 1852 1286 ibi
1888 1230 2180 1301 specialius
2214 1242 2466 1304 ageretur
2506 1233 2738 1292 fratrum
2793 1236 3080 1302 memoria,
3119 1253 3352 1308 quorum

1776 1339 2006 1395 corpora
2032 1324 2232 1380 ibidem
2260 1325 2444 1394 jacent
2470 1328 2733 1384 translata
2761 1329 2831 1384 ab
2851 1329 3051 1386 effosso
3087 1328 3355 1385 cimiterio

1775 1432 1874 1488 pro
1896 1417 2064 1487 cripta
2092 1417 2420 1488 amplianda.
2438 1416 2542 1485 Qui
2563 1418 2690 1474 dum
2723 1422 2929 1490 paratis
2961 1421 3120 1493 donis
3144 1423 3355 1491 episco—

1774 1522 1904 1576 pum
1939 1507 2268 1564 decrevisset
2309 1508 2579 1564 honorare
2611 1527 2710 1580 pro
2747 1513 2850 1568 hac
2896 1513 3071 1584 gratia
3107 1513 3353 1583 impensa

1775 1597 2020 1654 ecclesia:
2045 1639 2060 1664 ,
2128 1598 2417 1669 episcopus
2500 1614 2611 1656 non
2671 1601 2848 1660 solum
2911 1618 3023 1658 non
3082 1601 3357 1672 acquievit

1776 1691 2068 1762 quicquam
2105 1688 2230 1747 inde
2260 1691 2525 1761 accipere,
2553 1693 2647 1748 sed
2676 1702 2899 1750 econtra
2926 1695 3169 1750 casulam
3197 1709 3353 1748 suam

1778 1782 2142 1852 pentilicalem
2167 1796 2290 1836 cum
2334 1781 2473 1836 stola
2507 1789 2561 1836 et
2594 1782 2833 1849 baltheo,
2882 1783 3097 1839 duobus
3138 1799 3355 1854 quoque

1780 1873 2118 1930 candelabris
2158 1880 2212 1926 et
2258 1888 2368 1926 uno
2422 1872 2585 1942 pallio
2637 1874 2834 1928 obtulit
2895 1875 3142 1930 habenda
3196 1876 3356 1930 beato

1778 1967 2039 2023 Huberto.

1849 2061 1937 2114 54.
1967 2060 2103 2131 (46.)
2134 2058 2337 2113 Exacta
2375 2057 2582 2130 pascali
2630 2056 2933 2113 ebdomada
2981 2073 3106 2113 cum
3153 2059 3208 2112 in
3255 2072 3355 2113 suo

1778 2152 2026 2223 digressu
2077 2151 2406 2206 valediceret
2455 2150 2740 2216 fratribus,
2776 2165 2844 2206 ex
2905 2150 3124 2220 pietatis
3161 2150 3354 2208 affectu

1779 2244 1979 2315 singuli
2005 2252 2290 2313 cmperunt
2323 2242 2452 2298 ﬂere
2484 2243 2841 2309 altrinsecus;
2880 2241 3150 2299 Henricus
3175 2254 3357 2302 autem

1780 2337 2034 2404 amplius,
2059 2337 2217 2404 quasi
2252 2352 2319 2391 ex
2353 2334 2702 2392 desiderabili
2727 2335 2831 2390 sibi
2866 2335 3048 2405 quiete
3069 2345 3358 2392 revocatus

1778 2426 1845 2482 ad
1868 2434 1978 2480 tam
2001 2425 2326 2495 multiplices
2345 2425 2688 2482 saecularium
2705 2425 3049 2496 negotiorum
3070 2427 3353 2481 tumultus.

1850 2519 1938 2574 55.
1976 2518 2111 2590 (47.)
2148 2517 2474 2573 ΑᾱιὶςειῈὺαι
2513 2518 2566 2573 ei
2603 2515 2931 2574 familiarius
2963 2519 3186 2590 quidam
3236 2517 3357 2571 Vir-

1778 2610 2042 2668 dunensis
2069 2625 2235 2665 senex
2265 2608 2630 2675 Eleutherius,
2655 2609 2740 2664 vir
2765 2609 3016 2680 equidem
3042 2609 3356 2681 religiosus,

1779 2714 1831 2760 et
1862 2703 1954 2774 qui
1989 2704 2057 2757 ab
2091 2703 2314 2759 ineunte
2337 2711 2494 2758 (etate
2527 2703 2861 2760 instruxerat
2887 2718 3012 2760 eum
3037 2703 3283 2758 honestis
3305 2710 3359 2756 et

1779 2797 1945 2852 castis
1970 2796 2235 2851 moribus.
2277 2793 2374 2850 llic
2415 2795 2683 2854 sollicitus
2713 2794 2906 2851 salutis
2948 2803 3003 2850 ct
3036 2796 3262 2852 honoris
3292 2795 3358 2849 il—

1777 2893 1904 2959 lius,
1932 2891 2191 2947 attentius
2215 2891 2539 2962 suggerebat
2565 2891 2617 2946 ei
2657 2890 3015 2950 ordinandam
3037 2905 3162 2944 esse
3185 2889 3359 2945 eccle—

1781 2985 1918 3042 siam
1949 2985 2094 3040 beati
2124 2983 2428 3049 Laurentii,
2455 3000 2577 3054 qum
2619 2983 2937 3054 aliquandiu
2974 2982 3192 3037 viduata
3216 2981 3358 3036 indi-

79 3098 272 3146 sancto
295 3089 529 3144 sabbato
559 3087 700 3143 sacri
721 3087 1063 3156 baptismatis
1106 3085 1284 3142 fontes
1322 3100 1417 3140 ore
1454 3085 1674 3154 proprio
1705 3097 1748 3158 ρ
1781 3077 1937 3149 gebat
1968 3073 2306 3144 providentia
2341 3074 2572 3132 abbatis.
2608 3072 2712 3140 Qui
2735 3073 2866 3128 dum
2902 3080 3210 3128 moraretur
3233 3086 3360 3125 cum

83 3181 502 3247 consecraverit,
517 3181 749 3250 qualiter
759 3182 863 3235 hoc
879 3180 1019 3236 idem
1037 3179 1374 3250 privilegium
1387 3178 1579 3233 matris
1591 3195 1680 3232 ec-

81 3275 264 3330 clesiat
285 3291 386 3330 sua
403 3273 726 3328 auctoritate
742 3273 1107 3329 laudaveritet
1119 3271 1453 3345 probaverit,
1476 3283 1680 3341 quanta

79 3380 134 3422 et
161 3369 313 3437 quali
340 3367 510 3439 gloria
530 3376 585 3423 et
605 3367 789 3422 laetitia
812 3366 1086 3437 pascalem
1108 3363 1566 3435 sollcmpnitatem
1589 3381 1679 3420 cc-

81 3460 571 3529 lehraverit(l076,
592 3459 754 3514 Hart.
771 3459 884 3530 27),
907 3460 1038 3515 olim
1057 3459 1286 3515 relatum
1312 3457 1400 3512 vix
1425 3457 1681 3513 credibile

79 3549 360 3604 videbitur
403 3550 653 3618 posteris.
705 3549 845 3604 Cum
887 3559 943 3605 et
989 3550 1092 3619 ipsi
1135 3549 1370 3605 curiales
1416 3547 1679 3618 episcopii

84 3640 400 3712 posthabita
423 3640 559 3695 urbe
581 3640 650 3694 ab
670 3640 926 3710 episcopo
947 3655 1006 3695 se
1034 3641 1193 3709 quasi
1216 3640 1272 3694 in
1296 3641 1587 3694 solitudine
1613 3640 1680 3694 ad

81 3751 210 3790 eum
257 3735 582 3789 convenisse
635 3734 1082 3805 indignarentur,
1136 3749 1238 3788 nec
1281 3741 1460 3788 tamen
1491 3734 1576 3786 vel
1625 3733 1682 3787 in

87 3825 289 3880 divinis
319 3824 657 3894 sollempniis
684 3825 768 3880 vel
816 3824 871 3878 in
916 3840 1100 3880 rerum
1135 3823 1470 3878 exteriorum
1509 3823 1682 3891 copiis

91 3930 150 3970 se
181 3930 309 3970 esse
354 3914 656 3971 diminutos
704 3915 1053 3970 mirarentur.
1104 3913 1432 3970 Elaborabat
1465 3929 1684 3984 quoque

89 4006 382 4078 episcopus
427 4022 497 4062 ne
536 4015 756 4078 propter
810 4007 1175 4078 frequentiam
1231 4007 1494 4062 curialem
1549 4007 1682 4061 ordo

91 4100 372 4172 religionis
394 4100 631 4171 aliquam
659 4108 934 4170 pateretur
956 4100 1388 4170 inquietudinem
1413 4119 1427 4167 ;
1466 4100 1558 4154 sed
1581 4099 1683 4155 etsi

92 4192 313 4261 quando
342 4191 517 4262 gratia
548 4191 904 4262 refrigerandi
939 4191 1198 4248 fratribus
1228 4192 1311 4246 vel
1361 4192 1415 4245 in
1455 4191 1685 4246 lectione

91 4283 176 4338 vel
202 4283 259 4337 in
283 4283 646 4338 collocutione
668 4285 928 4339 interesse
958 4283 1191 4351 volebat,
1216 4291 1536 4339 executores
1557 4298 1686 4338 suos

1781 3170 2055 3241 episcopo,
2101 3168 2278 3224 factus
2306 3178 2388 3224 est
2431 3167 2716 3224 familiaris
2757 3166 3049 3224 Lamberto
3071 3164 3276 3235 juniori
3307 3170 3362 3220 et

1782 3264 2086 3337 Berengero
2124 3264 2319 3335 priori,
2350 3263 2492 3317 inter
2531 3278 2668 3333 quos
2716 3267 3069 3320 concreverat
3105 3259 3220 3329 jam
3266 3257 3360 3312 diu

1781 3357 1954 3429 gratia
1980 3372 2122 3413 verae
2145 3356 2200 3410 in
2215 3355 2326 3412 Deo
2338 3354 2604 3420 caritatis,
2619 3355 2748 3427 quia
2771 3353 2963 3410 inclita
2995 3353 3166 3426 gratis
3192 3353 3361 3406 libera

1781 3459 1901 3506 erat
1937 3451 2104 3506 totius
2125 3449 2488 3506 necessitatis.
2525 3447 2594 3504 Et
2630 3463 2755 3504 cum
2795 3449 2994 3519 sapius
3017 3447 3361 3503 Eleutherius

1784 3545 2187 3618 colloqueretur
2211 3543 2523 3610 Lamberto,
2561 3541 2701 3600 forte
2742 3542 2882 3598 inter
2916 3540 3251 3612 loquendum
3280 3541 3364 3596 in-

1784 3638 1913 3692 cidit
1944 3638 2022 3695 eis
2062 3645 2377 3694 memoratae
2404 3637 2636 3710 ahbatize
2667 3635 2892 3702 mentio,
2930 3644 2981 3690 et
3015 3635 3109 3690 illo
3147 3635 3364 3691 dicente

1783 3731 1850 3785 de
1905 3731 2024 3799 ejus
2071 3731 2413 3786 ordinatione
2464 3747 2523 3786 se
2576 3731 2893 3787 multotiens
2927 3745 3051 3786 cum
3107 3731 3364 3800 episcopo

1785 3824 2102 3889 contulisse,
2127 3825 2442 3896 episcopum
2470 3839 2600 3878 vero
2626 3824 2942 3890 sollicitum,
2972 3825 3064 3879 sed
3096 3825 3363 3879 incertum

1785 3919 1874 3974 cui
1909 3916 2295 3974 convenienter
2324 3931 2442 3971 eam
2479 3916 2858 3981 committeret,
2889 3916 3170 3984 respondit
3201 3914 3362 3971 Lam-

1785 4012 1992 4078 bertus,
2026 4010 2229 4081 optime
2259 4025 2378 4064 eam
2423 4007 2867 4064 committendam
2907 4007 3232 4076 Berengero,
3278 4023 3366 4062 sa-

1786 4105 1955 4176 pienti
1989 4104 2241 4174 equidem
2278 4112 2332 4158 ct
2365 4103 2603 4172 probata:
2643 4102 2860 4158 virtutis
2904 4100 3042 4155 viro.
3080 4099 3171 4154 Ille
3201 4101 3366 4156 semel

1788 4205 1944 4269 rapto
1959 4197 2146 4261 verbo,
2164 4195 2369 4266 gratias
2393 4194 2502 4266 egit
2521 4192 2776 4260 Domino,
2803 4202 2856 4248 et
2883 4193 3210 4264 quantocius
3234 4207 3365 4262 sug-

1788 4290 1961 4362 gessit
1989 4289 2268 4359 episcOpo,
2296 4296 2354 4346 ut
2388 4287 2751 4358 Berengerum
2779 4285 2882 4342 sibi
2908 4286 3366 4340 commodandum

95 4375 147 4430 in
168 4377 288 4447 ipso
315 4377 540 4432 claustri
562 4377 712 4432 aditu
735 4393 765 4432 a
790 4393 849 4434 se
872 4377 1170 4447 rejiciebat,
1193 4385 1246 4431 et
1265 4384 1390 4445 post
1415 4391 1474 4431 se
1499 4375 1685 4430 acclu—
1721 4453 1748 4455 _
1787 4391 2060 4455 expetere;
2089 4383 2157 4438 ab
2195 4382 2390 4436 abbate
2427 4379 2785 4447 Theoderico,
2823 4393 2983 4450 quem
3022 4377 3237 4432 ίηιοι-ίω
3273 4393 3367 4432 ec-

95 4469 228 4525 dens
271 4469 482 4536 valvas,
529 4469 689 4539 quaSi
735 4470 957 4539 quidam
980 4470 1224 4539 Privatus
1254 4468 1688 4539 θάεευάειιιίὺιιε
1720 4453 1765 4507 D
1790 4453 1969 4534 clesia:
1994 4476 2138 4532 beati
2155 4474 2430 4534 Laurentii
2449 4473 2572 4530 loco
2588 4473 2789 4544 prioris
2808 4479 3168 4544 praeponeret,
3195 4469 3370 4526 donec

97 4561 197 4615 sibi
227 4570 538 4618 reverenter
557 4562 928 4618 conveniebat.

168 4655 255 4708 55.
299 4653 572 4727 (45.)Jam
595 4655 684 4710 die
717 4654 858 4711 festo
896 4653 1172 4709 mediante
1185 4652 1553 4710 Herimannus
1575 4654 1686 4710 Me-

98 4749 336 4804 tensium
374 4748 667 4818 episcopus
704 4748 850 4804 venit
883 4765 1012 4804 eum
1048 4749 1305 4816 invisere,
1339 4759 1393 4805 et
1425 4758 1685 4820 exceptus

97 4841 165 4896 ab
193 4843 314 4912 ipso
347 4857 477 4900 cum
510 4840 819 4897 honorabili
847 4842 1218 4910 processione,
1251 4851 1418 4898 tantae
1461 4844 1684 4898 sollem-

99 4935 325 5002 pnitatis
361 4935 650 4991 videbatur
691 4933 936 4990 lattitiam
968 4935 1206 4993 auxisse.
1254 4934 1320 4989 Et
1357 4936 1484 5006 quia
1520 4937 1683 5010 longo

101 5038 226 5086 ante
254 5039 501 5102 tempore
535 5028 910 5087 amicissimus
937 5039 1058 5086 erat
1099 5030 1282 5086 abbati
1324 5028 1680 5099 Theoderico,

104 5121 220 5190 ejus
252 5121 663 5195 congregationi
697 5121 754 5178 in
797 5121 1042 5180 crastino
1077 5136 1267 5178 eorum
1301 5123 1591 5178 conventui
1625 5140 1686 5180 se

107 5214 236 5271 satis
257 5215 506 5271 hilariter
530 5214 898 5286 praesentavit,
924 5215 1114 5274 dicens
1149 5215 1255 5274 sibi
1285 5231 1410 5272 esse
1433 5217 1586 5272 cordi
1625 5227 1685 5272 ut

107 5305 344 5376 aliquam
379 5308 610 5379 gratiam
651 5309 733 5364 eis
783 5308 1116 5379 relinqueret
1147 5309 1312 5380 hujus
1352 5310 1418 5366 ad
1455 5326 1550 5366 eos
1589 5311 1685 5367 ad-

107 5404 302 5454 ventus
329 5401 436 5455 sui.
469 5399 623 5455 Tunc
647 5416 713 5457 ex
734 5402 988 5460 consultu
1011 5403 1294 5461 communi
1325 5403 1394 5460 ab
1428 5403 1684 5473 episcopo

116 5485 341 5545 llenrico
363 5493 534 5548 abbas
563 5493 809 5563 expetiit,
842 5503 904 5550 ut
940 5495 1061 5566 ejus
1081 5511 1354 5552 consensu
1388 5496 1498 5551 duo
1530 5497 1684 5552 dica-

115 5589 194 5634 ret
215 5581 324 5639 Deo
340 5586 530 5641 altaria
551 5603 582 5642 a
598 5603 655 5644 se
669 5597 986 5647 constructa
1007 5591 1236 5647 noviter.
1253 5589 1410 5658 Quod
1429 5591 1686 5662 episcopo

195 5783 330 5856 (ll?)
369 5789 500 5861 Cap.
531 5791 601 5846 25

1790 4590 1886 4645 per
1915 4587 2198 4628 accessum
2235 4569 2498 4640 temporis
2533 4568 2735 4624 certius
2775 4567 2903 4622 inde
2943 4565 3045 4621 sibi
3078 4563 3368 4620 consilium

1788 4662 2120 4734 proveniret.
2149 4659 2455 4730 Episcopus
2478 4674 2603 4716 eum
2633 4665 2883 4729 expetere
2914 4671 3025 4710 non
3060 4653 3290 4719 distulit,
3318 4662 3372 4710 et

1787 4756 1880 4810 vix
1899 4769 2041 4826 aegre
2079 4753 2149 4808 ab
2177 4754 2372 4808 abbate
2398 4752 2744 4823 impetratum
2789 4758 2842 4806 et
2882 4750 3252 4804 introductum
3281 4763 3373 4803 ec-

1790 4847 1968 4903 clesiae
1996 4845 2469 4915 vacantipriorem
2511 4859 2633 4902 esse
2676 4843 2976 4902 constituit.
3007 4842 3369 4912 Berengerus,

1791 4949 1852 4996 ut
1882 4947 2000 4997 erat
2023 4940 2107 4994 vir
2141 4939 2411 4996 discretus
2438 4947 2493 4996 et
2517 4938 2780 5012 prudens,
2821 4937 3098 5007 satagebat
3125 4935 3373 4991 consulte

1790 5036 1978 5092 omnia
2011 5050 2328 5106 procurare,
2373 5034 2714 5108 singulorum
2753 5048 2811 5090 se
2853 5032 3101 5088 moribus
3127 5040 3373 5086 contem—

1790 5146 2002 5202 perare,
2021 5128 2295 5186 neminem
2319 5129 2477 5201 quasi
2499 5129 2844 5198 importunus
2858 5139 3106 5198 gravare,
3123 5122 3373 5180 doctrina

1791 5233 1845 5282 et
1883 5224 2135 5294 exemplo
2178 5224 2458 5295 graviores
2495 5221 2812 5288 informare,
2857 5219 3090 5276 leviores
3113 5233 3183 5276 ne
3213 5233 3374 5276 scan-

1793 5318 2161 5374 dalizarentur
2197 5316 2415 5374 interim
2455 5314 2856 5386 dispensatoria
2900 5314 3163 5384 patientia
3205 5312 3373 5370 dissi—

1792 5411 2021 5466 mulare.

1864 5504 1952 5559 56.
2003 5503 2139 5576 (48.)
2195 5502 2308 5559 Nec
2357 5504 2528 5559 multo
2589 5512 2712 5574 post
2761 5502 3178 5574 superveniente
3238 5497 3372 5552 festo

1794 5594 1936 5650 beati
1968 5595 2244 5653 Lamberti
2293 5595 2460 5669 (Sept.
2501 5597 2609 5666 17),
2644 5611 2770 5652 cum
2793 5595 3031 5654 ediceret
3083 5590 3369 5662 episcopus

1600 5708 1828 5769 ΝΟΤΔΕ.
