3902 6286
635 284 774 344 i583

1674 264 2069 326 CHRONICON
2111 264 2169 321 S.
2213 262 2521 320 HUBERTI
2556 261 2885 322 ANDAGIN.

3618 287 3694 348 iiii

631 398 923 456 abbatibus
939 402 995 453 et
1015 387 1417 450 arebidiaeonis
1440 381 1775 442 reddendum
1803 382 1908 440 sibi
1928 382 2221 439 consilium
2251 382 2300 445 Α
2326 380 2636 453 largissima
2659 381 2781 452 ejus
2805 380 2937 437 anni
2971 383 3265 453 proveniret
3281 388 3459 445 messis.

627 493 696 549 de
722 489 1024 550 ordinanda
1050 482 1279 541 ecclesia
1315 479 1461 536 beati
1484 477 1790 545 Laurentii,
1815 476 2221 548 responderunt

626 585 706 641 illi
740 587 795 640 in
827 591 1118 638 commune
1144 573 1513 632 consulendos
1535 570 1733 628 fratres
1776 571 1952 643 ipsius
1986 585 2220 642 congre-

626 683 881 756 gationis,
905 679 1096 748 eisque
1122 675 1458 733 offerendam
1488 674 1795 748 regularem
1831 679 1887 727 et
1914 670 2218 744 legitimam

622 775 944 833 electionem
977 769 1213 826 abbatis.
1262 767 1569 841 Episcopus
1614 768 1671 823 in
1705 764 2013 822 crastinum
2047 764 2222 822 dedu-

625 884 754 924 cens
782 881 880 921 eos
910 879 1100 921 secum
1129 863 1200 919 ad
1226 862 1410 918 locum
1439 861 1608 928 venit,
1650 868 1705 915 et
1738 858 2001 916 fratribus
2024 867 2089 915 ut
2122 857 2219 914 ab-

624 961 803 1017 batem
838 958 944 1014 sibi
981 956 1247 1026 eligerent
1278 953 1578 1011 mandavit.
1623 952 1704 1007 Illi
1734 951 1904 1009 locuti
1929 967 2055 1009 cum
2080 965 2219 1008 eon-

624 1049 780 1114 silio,
832 1062 957 1103 cum
1027 1047 1319 1103 abbatibus
1373 1054 1428 1102 et
1479 1044 1882 1102 arebidiaconis
1934 1044 2217 1115 elegerunt

622 1141 996 1213 Berengerum
1026 1156 1299 1197 consensu
1346 1137 1616 1194 unanimi.
1656 1136 1895 1193 Laetatus
1926 1137 2218 1208 episcopus

622 1246 815 1287 eorum
858 1231 1184 1286 electionem
1225 1230 1519 1287 convenire
1562 1230 1831 1285 voluntati
1865 1244 1999 1295 suae,
2032 1227 2217 1283 abbati

624 1320 966 1378 Theoderico
993 1321 1158 1392 erepit
1182 1321 1538 1377 vehementer
1584 1322 1814 1377 innuere
1856 1332 1917 1377 ut
1948 1321 2218 1392 Berenge-

622 1429 746 1470 rum
789 1413 893 1469 sibi
936 1413 1249 1468 absolutum
1288 1413 1559 1470 redderet.
1605 1411 1841 1468 Eeontra
1884 1427 2008 1467 eum
2046 1412 2218 1468 abbas

622 1505 962 1571 rcclamaret,
995 1519 1055 1559 se
1083 1518 1189 1559 nec
1214 1503 1351 1559 velle
1378 1519 1480 1559 nec
1512 1518 1677 1574 posse
1719 1503 1815 1558 tali
1851 1502 1973 1558 viro
2006 1517 2214 1572 carere,

622 1612 737 1653 suae
779 1595 953 1667 magis
997 1596 1246 1653 ecclesia:
1294 1612 1420 1652 eum
1451 1597 1747 1653 convenire
1776 1612 1942 1668 quam
1991 1596 2212 1666 alienat;

620 1690 710 1745 vix
740 1688 978 1761 optinuit
1006 1691 1297 1760 cpiscopus
1337 1690 1481 1762 quod
1515 1691 1735 1761 petebat
1776 1691 1926 1746 omni
1962 1691 2056 1746 illo
2081 1705 2216 1747 con-

2398 474 2485 530 58.
2513 474 2650 547 (50.)
2689 472 2803 530 Sub
2849 475 3037 531 eodem
3070 486 3296 547 tempore
3333 480 3471 538 adfuit
3496 483 3694 554 Thetidem

2323 568 2505 625 abbati
2540 569 2740 640 legatio
2790 567 3042 624 Elinandi
3076 567 3416 629 Laudunensis
3437 578 3692 651 episcopi,“

2321 662 2454 734 quid
2473 663 2617 733 apud
2638 678 2764 718 eum
2783 674 2970 734 posset
2988 662 3073 718 vel
3092 661 3208 734 ipse
3221 665 3299 719 vel
3319 667 3500 724 ecclesia
3514 678 3696 748 concise,

2320 757 2644 813 concederet
2685 754 2912 811 fratrem
2951 772 3122 811 unum
3172 772 3279 813 sua:
3306 758 3590 833 institutionis,
3613 786 3699 839 φη

2321 849 2604 906 ordinaret
2649 849 2903 905 abbatem
2950 849 3191 906 ecclesiae
3231 850 3358 906 beati
3395 851 3589 913 Vineentii
3623 879 3701 919 πω.

2323 942 2473 1016 tyris.
2522 940 2579 998 Id
2640 956 2766 998 cum
2824 940 2995 999 abbas
3046 942 3262 998 omnino
3316 959 3545 1015 recusaret,
3583 954 3703 1023 episco-

2317 1051 2423 1108 pus
2448 1051 2580 1092 vero
2623 1036 2731 1092 hoc
2774 1036 2955 1107 ipsum
3008 1034 3095 1092 bis
3127 1045 3307 1107 terque
3332 1038 3704 1117 importuniusrepo-

2320 1130 2758 1198 sceret,tandem
2789 1129 2964 1185 relato
2993 1129 3221 1186 consilio
3242 1130 3304 1186 ad
3316 1140 3705 1194 communemandia-

2319 1220 2451 1278 tiam
2483 1221 2749 1293 capitolii,
2777 1221 3029 1277 unanimi
3058 1220 3282 1277 fratrum
3318 1223 3523 1281 electione
3540 1227 3702 1287 «ante

2317 1315 2717 1371 Adalberonem
2747 1313 3079 1370 Laudunum
3127 1306 3354 1384 deduxit,
3379 1334 3554 1390 eumque
3577 1337 3703 1392 ξομε.

2318 1417 2470 1464 sente
2492 1407 2748 1463 abbatem
2774 1407 3021 1464 ecclesiae
3044 1406 3190 1464 beati
3213 1406 3448 1464 Vineentii
3465 1410 3704 1471 ordinarios-

2316 1499 2506 1554 eessit.
2994 1520 2995 1523 η

2386 1593 2476 1649 39.
2510 1593 2649 1667 (51.)
2680 1593 2747 1650 Et
2781 1602 2841 1650 ut
2886 1603 3227 1650 memoretur
3271 1593 3396 1650 idem
3431 1593 3614 1651 Adalbero
3637 1597 3704 1667 nis

2317 1693 2413 1739 aut
2471 1685 2619 1742 unde
2670 1685 2857 1752 fuerit,
2904 1686 3010 1741 fuit
3072 1686 3270 1743 nobilis
3297 1688 3513 1758 prosapiae
3539 1687 3704 1745 Summ

621 1789 782 1836 ventu
820 1779 1175 1851 suffragante,
1215 1789 1269 1836 et
1317 1781 1538 1836 tandem
1576 1780 1883 1853 Berengero
1916 1796 2103 1837 coram
2132 1791 2216 1837 at—
2246 1787 2290 1843 B
2316 1777 2634 1848 multiplicis
2655 1778 3701 1847 scientias,Constantiensisecciesiadaius

619 1880 815 1938 tracto,
848 1871 1121 1927 abbatiam
1145 1872 1319 1928 sancti
1361 1871 1643 1928 Laurentii
1673 1873 1802 1928 licet
1831 1872 1927 1927 diu
1957 1873 2211 1929 rcnitenti

615 1965 909 2037 episc0pus
955 1966 1221 2022 violenter
1255 1967 1505 2039 ingessit,
1550 1968 1599 2022 id
1648 1983 1836 2023 revera
1891 1967 2214 2040 disponente

616 2057 789 2129 gratia
835 2055 952 2125 Dei,
989 2074 1114 2129 qua:
1160 2057 1219 2113 in
1261 2058 1411 2113 brevi
1446 2060 1551 2114 hoc
1599 2074 1659 2114 se
1690 2058 2029 2129 disposuisse
2061 2073 2214 2114 eom-

614 2148 886 2221 probavit,
917 2149 1047 2203 dum
1087 2150 1235 2205 illius
1274 2150 1459 2205 labore
1482 2161 1537 2205 et
1564 2148 1786 2221 ingenio
1811 2151 2050 2207 accrevit
2073 2151 2213 2206 inte-

617 2240 734 2295 rius
763 2239 985 2311 optima:
1016 2240 1299 2310 religionis
1325 2241 1696 2313 congregatio,
1721 2251 1776 2297 et
1803 2243 2046 2300 exterius
2069 2243 2215 2298 mul-

619 2333 785 2405 tiplex
825 2349 1009 2388 rerum
1040 2333 1542 2390 ecclesiasticarum
1576 2335 1889 2406 acquisitio.

644 2434 649 2437 '
685 2426 775 2481 37.
812 2426 952 2497 (49.)
998 2425 1094 2499 [ν.
1130 2425 1326 2482 Theod.
1353 2442 1402 2484 c.
1435 2426 1493 2500 4]
1538 2428 1698 2485 Anno
1740 2428 1888 2502 (118)
1924 2428 2213 2485 dominicae

613 2518 1012 2575 incarnationis
1038 2517 1177 2574 1076
1203 2521 1530 2592 gravissima
1560 2522 1736 2578 l‘iems
1766 2522 2033 2589 incubuit,
2074 2522 2210 2579 adeo

614 2611 756 2667 utin
794 2611 985 2669 Galliis
1028 2612 1268 2682 Ararim,
1307 2612 1620 2683 Rodanum,
1669 2614 1904 2685 Renum,
1949 2615 2208 2688 Ligerim,

612 2705 667 2760 in
695 2704 991 2761 Germania
1022 2707 1240 2776 Albam,
1267 2706 1510 2765 Viselam
1533 2715 1588 2764 ct
1614 2706 1945 2776 Danubium,
1976 2708 2030 2763 in
2056 2708 2211 2766 Italia

613 2793 911 2854 Eridanum
938 2800 1307 2869 permaximos
1330 2800 1546 2870 fluvios,
1580 2813 1638 2857 ut
1664 2810 1907 2858 taceatur
1932 2800 2000 2857 de
2026 2802 2213 2858 mino-

613 2889 788 2955 ribus,
844 2899 997 2946 tanto
1038 2892 1161 2964 gelu
1208 2893 1633 2967 constringeret,
1689 2894 1836 2966 quod
1882 2895 2211 2971 mirantibus

610 2982 1174 3043 circummanentibus
1202 2987 1399 3044 incolis
1424 2989 1583 3060 quasi
1620 3004 1715 3060 per
1742 2988 1975 3046 solidam
2009 2999 2211 3046 terram

612 3076 785 3149 pervii
815 3077 1026 3134 ﬁerent.
1050 3077 1163 3137 Hoc
1200 3082 1322 3153 gelu
1349 3082 1568 3138 tandem
1597 3081 1655 3138 in
1678 3098 1806 3139 vere
1832 3083 2065 3140 remisso
2094 3083 2206 3157 (an.

617 3169 801 3242 1077).
834 3180 982 3227 tanta
1028 3151 1298 3230 successit
1343 3173 1568 3232 siccitas
1615 3175 1782 3243 aeris,
1816 3186 1876 3232 ut
1926 3151 2210 3233 arentibus
2239 3151 2282 3209 θ

616 3264 762 3319 arvis
798 3280 935 3334 pcne
984 3264 1368 3336 desperaretur
1407 3277 1707 3338 proventus
1751 3270 1945 3326 messis
1990 3269 2207 3327 futura}.

615 3353 991 3411 Theodericus
1031 3358 1201 3431 abbas
1243 3370 1376 3414 tunc
1421 3359 1475 3414 in
1526 3361 1945 3433 quadragesima
1978 3361 2211 3419 Romam

616 3443 789 3515 gratia
826 3444 1094 3502 orationis
1127 3448 1423 3518 profectus,
1450 3451 1504 3504 in
1545 3452 1821 3506 redeundo
1854 3452 2039 3509 Remis
2068 3457 2211 3526 apud

615 3535 837 3592 beatum
889 3535 1198 3608 Remigium
1263 3538 1610 3597 familiariter
1660 3542 1977 3613 aliquandiu
2033 3547 2211 3605 lassus

614 3629 841 3700 quievit.
860 3629 1095 3701 angato
1118 3642 1302 3689 autem
1332 3648 1429 3705 per
1455 3635 1645 3691 urbem
1672 3638 1807 3693 tanti
1834 3638 1934 3695 viri
1950 3642 2208 3707 adventu.

616 3722 733 3791 ipse
758 3721 1041 3781 Manasses
1077 3734 1208 3783 tunc
1256 3725 1556 3784 Remorum
1600 3728 1868 3807 pontifex,
1907 3749 2210 3808 omnesque

615 3826 769 3881 pane
797 3813 1043 3885 ejusdem
1072 3819 1395 3891 metropolis
1425 3822 1665 3892 majores
1705 3823 1857 3879 illum
1892 3829 2210 3899 suppliciter

610 3903 873 3962 adeuntes
898 3909 1172 3978 petierunt
1216 3921 1279 3967 ut
1302 3911 1370 3969 de
1399 3912 1708 3972 imminenti
1729 3917 1887 3990 plaga
1907 3921 2208 3993 desperatis

609 3998 764 4055 daret
792 4000 1108 4071 consilium,
1141 4004 1418 4077 simulque
1447 4008 1794 4066 orationibus
1824 4012 2097 4083 optineret
2123 4016 2206 4071 di-

605 4090 749 4146 vinae
774 4093 1172 4152 consolationis
1196 4097 1486 4155 auxilium.
1512 4099 1607 4157 Ille
1634 4101 1759 4158 licet
1790 4102 1995 4163 invitus
2031 4086 2208 4178 preei-I

606 4181 712 4239 bus
741 4194 925 4242 tamen
975 4188 1406 4260 supplicantium
1444 4193 1646 4263 victus,
1690 4196 1970 4275 publicum
2018 4203 2203 4273 populi

607 4287 937 4334 conventum
968 4280 1023 4335 in
1047 4281 1501 4359 basilicamajori
1523 4296 1727 4344 sanetae
1756 4288 1942 4346 Mariae
1962 4306 2204 4365 semper-

606 4383 713 4438 que
737 4369 965 4443 virginis
996 4375 1278 4445 genitricis
1324 4375 1422 4433 Dei
1466 4380 1745 4436 mandavit
1787 4384 1926 4451 (ieri,
1971 4396 2026 4441 et
2061 4384 2205 4444 inter

2313 1868 2414 1927 Hic
2432 1871 2561 1927 duci
2589 1870 2885 1927 Godefrido
2911 1871 3128 1943 juniori
3157 1873 3226 1928 ab
3250 1871 3393 1929 Italia
3409 1877 3608 1930 revertenti
3623 1875 3703 1930 fani-

2311 1962 2522 2019 liariter
2544 1963 2795 2032 adhaesit,
2838 1964 2935 2035 qui
2973 1964 3239 2035 quamdiu
3272 1965 3469 2033 advixit,
3505 1966 3633 2021 habitas
3656 1976 3703 2021 est

2312 2056 2456 2126 apud
2480 2071 2604 2111 eum
2635 2056 2913 2113 amicitior
2938 2057 3310 2114 amicissimis.
3336 2057 3430 2114 Sed
3446 2058 3511 2113 illo
3526 2058 3698 2123 interim,

2310 2161 2438 2206 eum
2486 2165 2544 2206 se
2587 2149 2863 2206 Adalbero
2897 2150 3179 2221 junxisset
3217 2149 3476 2208 Godefrido
3503 2150 3701 2215 abbati.

2310 2257 2473 2313 quem
2498 2243 2807 2299 avunculus
2837 2244 3020 2300 adhuc
3043 2244 3242 2301 vivens
3269 2245 3547 2316 adoptarem
3562 2244 3703 2299 territa

2312 2335 2439 2404 sibi,
2471 2336 2618 2391 inter
2646 2337 2801 2392 illum
2831 2347 2886 2393 et
2906 2338 3194 2395 Aibertum
3222 2335 3702 2394 Namucensemconilea

2310 2439 2432 2485 orta
2469 2440 2555 2485 est
2580 2430 2909 2502 gravissima
2931 2430 3212 2488 dissensio
3236 2446 3332 2503 pro
3353 2430 3528 2487 castello
3543 2427 3705 2482 Bubulci-

2311 2522 2378 2577 si.
2419 2520 2537 2589 Qua
2579 2522 2645 2578 de
2689 2539 2749 2579 re
2789 2524 3079 2581 nominato
3127 2525 3271 2596 apud
3305 2534 3509 2580 sanctum
3540 2519 3703 2574 Habetin

2310 2614 2454 2670 inter
2477 2626 2771 2687 utrumque
2794 2616 3097 2688 colloquio,
3130 2633 3257 2674 eum
3296 2615 3534 2674 Godel'rido
3550 2613 3648 2669 adiri!
3666 2610 3703 2664 ili

2309 2715 2365 2763 et
2398 2709 2636 2766 clericus
2665 2709 2957 2767 Adalbero.
2982 2710 3094 2779 Qui
3119 2721 3179 2768 ut
3199 2720 3314 2767 erat
3334 2709 3555 2781 perspicax
3577 2703 3705 2761 iam

2309 2801 2802 2872 deprehendendis,
2850 2819 2977 2859 cum
3012 2804 3379 2876 perspexisset
3413 2802 3459 2857 in
3490 2795 3707 2856 frauduln-

2310 2894 2603 2951 rcmissam
2629 2894 2989 2951 intentionem
3018 2895 3324 2967 exequendi
3344 2888 3707 2959 ordinis,me

2310 2987 2637 3058 per-vidisset
2660 3006 2728 3044 ex
2766 2989 2885 3060 ipsa
2933 2989 3043 3044 loci
3089 2988 3471 3061 opportunitate
3492 3000 3567 3040 non
3583 2981 3710 3049 indiga:

2314 3079 2631 3147 solitudine,
2672 3079 2720 3136 si
2768 3080 2895 3152 quis
2943 3080 3113 3137 vellet
3147 3081 3223 3137 ibi
3269 3080 3374 3136 Deo
3413 3072 3709 3140 militarem

2311 3183 2567 3245 respectu
2593 3184 2955 3246 compunctus
2983 3174 3286 3232 destinavit
3316 3173 3442 3247 apud
3471 3187 3516 3229 se
3546 3168 3710 3223 unitum
3780 3220 3781 3243 ἢ

2311 3267 2506 3323 mundi
2529 3282 2807 3338 respuere,
2835 3282 3004 3338 quam
3031 3277 3118 3323 tot
3145 3268 3362 3325 casibus
3393 3251 3713 3322 subditam

2309 3360 2598 3416 videbatur
2617 3375 2739 3416 esse
2762 3360 3091 3416 durabilem.
3125 3359 3365 3417 Locutus
3384 3372 3492 3430 ergo
3506 3349 3626 3415 albati.
3639 3360 3716 3401 ὥθ’

2312 3453 2449 3509 dixit
2475 3453 2551 3507 illi
2574 3452 2717 3508 diem
2745 3453 2812 3508 ad
2834 3468 2958 3508 eum
2978 3468 3047 3509 ex
3069 3462 3187 3510 toto
3210 3450 3501 3514 revertendi,
3512 3442 3713 3507 cuicuii“

2312 3560 2437 3615 quae
2464 3553 2622 3599 erant
2664 3544 2720 3599 in
2752 3553 3010 3615 promptu
3041 3545 3213 3602 rebus
3242 3545 3373 3612 suis,
3393 3544 3518 3614 juxta
3539 3534 3711 3593 rotatione

2312 3637 2368 3693 in
2399 3638 2638 3709 capitulo
2666 3653 2725 3694 se
2745 3638 3044 3709 prostravit
3070 3654 3229 3696 more
3249 3638 3452 3712 agendae
3471 3626 3713 3721 convasatis»

2312 3730 2539 3789 Videres
2584 3732 2860 3788 neminem
2915 3747 2974 3787 se
3023 3747 3193 3803 posse
3240 3732 3489 3789 continere
3518 3743 3542 3781 a
3572 3721 3712 3778 limati.

2310 3841 2435 3882 cum
2487 3834 2764 3881 tantarum
2803 3827 2968 3896 paulo
3013 3834 3146 3882 ante
3187 3826 3477 3883 deliciarum
3502 3820 3711 3890 innatus!in

2311 3917 2496 3973 subito
2527 3925 2769 3973 mutatus
2804 3919 2873 3973 ad
2903 3917 3094 3973 mundi
3134 3926 3482 3988 contemptum
3511 3909 3606 3965 adeo
3626 3912 3713 3959 εξε-

2309 4010 2572 4082 cingeret,
2591 4017 2650 4065 ut
2674 4009 3101 4081 pretiosissimas
3123 4008 3445 4071 olosericalis
3462 4000 3717 4061 habiliores“

2309 4118 2436 4158 cum
2468 4104 2651 4158 tunica
2674 4104 2944 4159 oloserica
2973 4112 3172 4174 sponte
3201 4118 3298 4160 sua
3324 4100 3545 4172 spoliatus
3563 4090 3718 4161 abiit-'6»

2308 4198 2495 4252 annuli
2521 4212 2742 4268 quoque
2767 4198 2916 4253 aurei
2939 4198 3127 4270 digitis
3148 4198 3195 4231 ⁸³
3216 4195 3457 4253 abstracti
3479 4202 3522 4247 et
3551 4191 3587 4242 in

2309 4290 2533 4361 projeeti
2562 4291 2932 4347 clarissimum
2964 4292 3222 4346 tinnitum
3258 4282 3718 4369 redderentnllscﬂif'

2307 4383 2685 4439 conversionis
2715 4399 2828 4440 suae
2862 4383 3266 4455 professionem
3293 4382 3374 4437 vix
3401 4376 3721 4451 permittme

606 4462 904 4520 missarum
928 4466 1258 4540 sollempnia
1278 4486 1511 4529 exorsus
1544 4489 1855 4532 sermonem
1888 4494 1991 4549 pro
2025 4482 2203 4552 quali-
2229 4512 2281 4572 Β
2307 4477 2459 4549 gultu
2502 4476 2801 4532 cnturciare
2842 4474 3134 4533 sulliceret.
3169 4474 3268 4532 Hic
3296 4489 3400 4530 non
3440 4469 3576 4526 multo

606 4563 717 4611 tate
740 4557 969 4628 periculi
997 4562 1257 4618 omnibus
1287 4563 1664 4623 indiﬁ‘erenter
1697 4570 1861 4626 unius
1884 4571 1992 4627 dici
2023 4575 2203 4630 conti-

606 4665 779 4705 nuum
797 4651 1070 4722 jejunium
1096 4654 1314 4724 indixit,
1338 4666 1394 4714 et
1422 4668 1484 4714 ut
1502 4659 1695 4717 darent
1722 4665 2056 4735 pauperibus
2080 4683 2203 4739 qua:

608 4741 1006 4800 subtrahebant
1037 4745 1160 4803 sibi.
1196 4747 1413 4816 Quanta
1439 4760 1622 4807 autem
1655 4752 1823 4810 fuerit
1858 4757 1912 4811 in
1943 4758 2204 4816 exhorta-

608 4832 754 4890 tione
780 4837 1054 4895 sermonis
1073 4839 1194 4910 ejus
1217 4841 1488 4910 omnium,
1517 4842 1765 4914 ipsorum
1788 4849 1956 4905 etiam
1984 4849 2203 4909 Judzeo-

610 4940 734 4980 rum
793 4931 1175 5007 compunctio,
1221 4949 1384 5005 quam
1438 4936 1639 4993 alacris
1680 4938 1873 4996 indicti
1901 4942 2098 5013 jejunii
2146 4954 2202 5001 et

608 5020 1034 5079 elemosinarum
1072 5028 1343 5096 executio,
1390 5041 1795 5103 consequenter
1821 5037 2063 5093 ostendit
2102 5037 2199 5095 Dei

610 5113 1002 5184 omnipotentis
1050 5119 1352 5176 miseratio.
1386 5120 1524 5177 Nam
1572 5123 1629 5180 in
1661 5128 1968 5185 crastinum
2006 5131 2203 5190 abbate

611 5203 810 5262 missas
837 5210 1165 5281 celebrante,
1215 5215 1400 5270 statim
1433 5224 1495 5271 ut
1530 5232 1626 5273 eas
1668 5220 2002 5290 terminavit,
2050 5232 2202 5280 tanta

610 5303 835 5367 tamque
869 5301 1105 5362 salubris
1130 5306 1315 5378 pluvia
1337 5310 1537 5381 erupit,
1575 5320 1636 5366 ut
1657 5315 1866 5383 passim
1907 5317 2200 5374 revirenti-

609 5387 717 5445 bus
737 5391 968 5462 eampis,
998 5395 1113 5466 jam
1154 5398 1251 5456 diu
1280 5400 1573 5474 desperata
1608 5402 1705 5460 Dei
1733 5407 1907 5479 gratia
1936 5408 2198 5479 donante,

2306 4568 2512 4623 dictum
2560 4577 2665 4635 est,
2700 4567 2842 4639 apud
2895 4567 3223 4625 Laudunum
3273 4566 3524 4622 Clavatum
3562 4551 3723 4648 ordini“s

2306 4658 2476 4715 abbas
2516 4659 2762 4716 ecclesiae
2791 4661 2969 4717 sancti
3016 4652 3308 4728 Vincentii,
3349 4665 3569 4731 quantum

2303 4761 2469 4808 vante
2496 4752 2617 4808 loco
2640 4750 2952 4823 profecerit,
2996 4763 3231 4811 testatur
3274 4753 3484 4808 fratrum
3516 4737 3724 4800 nobilis”

2305 4846 2500 4917 religio
2535 4845 2604 4901 ab
2651 4862 2719 4902 eo
2765 4846 3040 4914 instituta,
3077 4846 3366 4903 informata
3401 4837 3597 4899 interius,

2281 4932 2527 5009 quoque
2553 4947 2607 4994 et
2630 4939 2892 4995 cellarum
2922 4938 3207 5010 multiplex
3229 4931 3556 5009 augmentatio

2378 5005 2467 5088 46.
2513 5031 2652 5104 (52.)
2710 5032 2873 5088 Anno
2930 5005 3407 5089 tom—dominica
3444 5005 3723 5104 incamﬂiofi“

2304 5099 2600 5182 indictione
2630 5099 2685 5193 i,
2729 5124 3100 5181 Theodericus
3140 5124 3311 5180 abbas
3349 5120 3411 5176 ad
3445 5099 3723 5201 causam!!!

2302 5218 2535 5289 eriptam
2561 5234 2729 5290 quam
2757 5210 3122 5274 aedificaverat
3141 5215 3427 5273 Henricum
3448 5202 3595 5265 aedi“

2304 5276 2457 5383 pum,
2489 5276 2848 5383 ejusdemque
2886 5309 3319 5368 consecrationis
3346 5306 3472 5362 diem

2305 5378 2500 5464 delieet
2519 5378 2581 5461 in
2607 5378 2794 5462 Idibus
2814 5404 3081 5463 Januarii.
3103 5404 3399 5477 Episcopus
3418 5392 3536 5470 quod
3556 5378 3724 5461 μείω

1874 5497 2110 5557 ἾΑΒΙιΕ
2144 5500 2555 5560 LECTIONES.

681 5573 730 5610 ⁸⁸
754 5574 810 5632 d.
843 5590 1066 5648 quoque
1091 5594 1143 5633 a.
1176 5597 1219 5636 ο.

683 5760 936 5852 (118)(ὶΐ.
960 5765 1102 5825 Ann.
1130 5766 1295 5825 Leod.
1324 5769 1494 5833 1076;
1521 5771 1720 5843 Laub.,
1744 5783 1798 5833 et
1830 5684 2364 5836 Annalistatllqlf’TSﬁ:
2392 5778 2550 5835 1077.
