3902 6286
143 313 257 371 1385

1130 308 1528 368 CHRONICON
1560 308 1618 366 S.
1658 308 1964 368 HUBERTI
2000 311 2323 372 ANDAGIL‘.

3219 321 3359 381 1586

138 426 348 485 hilariter
382 424 759 497 exequendum
790 417 1049 493 decrevit,
1079 427 1479 498 comitatusque
1504 426 1677 482 Fran—
1702 434 1752 491 Α
1779 444 1912 483 ιιιιιιι
1933 436 1989 485 et
2015 427 2335 486 Tieboldum
2366 427 2562 498 effecit,
2594 437 2655 486 ut
2678 428 2991 489 abbreviato
3026 433 3212 491 labore
3244 443 3355 491 tam

122 534 253 575 .cone
276 518 524 589 episcopo
567 516 992 589 Bellagradensi,
1030 532 1242 572 necnon
1287 519 1524 573 maxima
1570 516 1678 574 fre—

136 610 326 681 quentia
345 610 668 667 clericorum
683 618 737 665 et
755 610 1043 665 curialium
1062 611 1377 677 suorum,in
1387 609 1678 681 epiphania

132 700 321 755 Domini
353 699 419 754 ad
455 700 636 756 locum
671 701 836 755 venit.
874 699 1124 768 Quantus
1167 708 1349 756 autem
1376 717 1677 757 concursus

131 805 227 846 non
261 790 428 846 solum
470 790 730 858 afﬁnium,
783 792 878 847 sed
928 800 984 848 et
1028 772 1342 848 exterorum
1376 792 1677 863 promiscui

128 897 273 938 sexus
297 892 349 937 et
369 883 547 939 aetatis
576 882 620 914 ⁸³
646 883 1075 953 expectationem
1123 891 1285 939 tantae
1312 883 1680 954 sollempnita—

128 973 189 1029 tis
212 974 534 1042 convenerit,
565 983 769 1047 quanta
821 976 1205 1047 przedictorum
1234 976 1553 1047 pontificum
1583 978 1678 1032 de—

121 1066 339 1133 votione,
382 1077 587 1138 quanta
625 1066 1013 1123 Leodiensium
1060 1068 1575 1125 archidiaconorum
1625 1077 1680 1125 et

121 1158 407 1229 frequentia
441 1168 495 1215 et
516 1160 995 1228 obsecundatione,
1026 1177 1191 1232 quam
1232 1162 1398 1233 largis
1418 1172 1472 1217 et
1492 1162 1678 1229 multi-

117 1250 332 1320 plicibus
376 1251 623 1308 obsoniis
663 1253 853 1309 eadem
879 1246 1224 1309 consecratio
1246 1254 1517 1309 celebrata
1546 1270 1677 1310 con-

117 1340 320 1408 stiterit,
351 1342 399 1407 si
424 1342 550 1413 quis
586 1351 854 1411 narraret,
885 1344 978 1398 vix
1002 1334 1315 1400 crederetur
1352 1360 1383 1399 a
1417 1345 1673 1414 posteris,

109 1432 397 1502 praesertim
431 1447 557 1488 cum
586 1434 948 1506 degenerante
985 1436 1186 1491 saeculo
1215 1434 1428 1490 deficiat
1467 1435 1675 1506 passim

110 1539 214 1578 non
245 1524 418 1580 solum
466 1526 644 1596 copia,
701 1527 797 1582 sed
830 1535 885 1582 et
929 1526 1047 1597 ipsa
1092 1540 1309 1581 morum
1343 1525 1587 1597 probitas
1621 1533 1677 1582 et

105 1615 320 1686 antiqua
355 1617 679 1673 moralitatis
708 1617 990 1674 honestas.

171 1706 258 1761 41.
297 1708 433 1779 (55.)
480 1709 638 1779 Apud
669 1708 1027 1766 Calvitiacum
1092 1711 1389 1769 advocatus
1427 1712 1672 1781 quidam,

98 1776 347 1853 Albricus
388 1776 629 1867 nomine,
667 1800 724 1855 in
767 1802 1032 1873 exigendo
1070 1802 1175 1857 sibi
1206 1776 1474 1858 indebitas
1508 1776 1675 1858 chor;
1706 1776 1751 1837 Β

97 1889 245 1943 veias
274 1890 422 1961 (119)
467 1892 604 1947 adeo
645 1891 968 1949 imminebat
1008 1894 1391 1950 ecclesiastica:
1417 1893 1672 1961 familiae,

99 1985 157 2032 ut
207 1978 261 2031 in
308 1980 516 2035 arando
544 1996 714 2037 vacca
760 1983 1045 2052 cujusdam
1080 1984 1336 2053 pauperis
1388 1983 1672 2051 abortiret,

93 2070 321 2141 ejusque
350 2071 469 2127 vice
501 2087 597 2142 per
641 2079 818 2127 totum
856 2073 998 2128 diem
1036 2073 1230 2144 jugum
1266 2073 1560 2130 sustineret
1590 2075 1674 2129 al-

94 2163 363 2218 trinsecus
406 2178 635 2233 pauper.
686 2162 919 2219 Tantam
995 2172 1215 2236 tamque
1266 2165 1526 2235 injustam
1578 2180 1675 2220 ex-

88 2255 362 2310 actionem
390 2254 559 2311 abbas
605 2256 834 2325 audivit,
870 2264 926 2311 et
966 2256 1171 2312 Albrici
1220 2256 1673 2311 inhumanitatem

88 2349 398 2415 exhorruit,
425 2364 726 2419 properans
748 2348 945 2405 Divum
979 2349 1149 2421 (120),
1180 2349 1481 2405 Adeloncm
1510 2366 1675 2420 expe-

83 2441 185 2507 tiit,
204 2442 560 2510 etquomodo
583 2442 983 2498 subadvocatus
1004 2442 1125 2512 ejus
1144 2440 1407 2496 familiam
1430 2442 1674 2497 ecclesiae

84 2539 369 2600 tractaret,
419 2534 552 2589 satis
599 2533 844 2589 dolenter
889 2535 1137 2607 ingessit,
1189 2544 1410 2605 paratus
1444 2534 1674 2604 probare

76 2623 411 2695 liujusmodi
464 2625 746 2695 angariam
791 2640 894 2680 nec
935 2626 1012 2679 illi
1061 2641 1163 2681 nec
1214 2626 1369 2680 alteri
1410 2625 1669 2679 debitam.

74 2712 411 2785 Indignatus
462 2713 634 2770 Adelo
693 2714 958 2770 adversus
1003 2714 1306 2782 Albricum,
1358 2716 1462 2771 hoc
1519 2716 1672 2772 illum

70 2805 276 2864 fecisse
330 2807 590 2874 erubuit,
634 2815 689 2863 et
736 2808 1093 2878 expostulata:
1139 2807 1476 2878 probationis
1527 2809 1671 2864 diem

74 2900 261 2953 abbati
317 2900 630 2955 constituit.
692 2897 1012 2955 Heribertus
1074 2899 1294 2974 quidam
1356 2901 1672 2955 ammodum

70 2992 254 3048 fidelis
305 3002 364 3047 et
404 2992 609 3061 probus
649 2999 766 3046 erat
811 3001 942 3047 tunc
985 2990 1407 3047 Calviciacensis
1435 2993 1667 3048 villicus.

71 3083 175 3141 llic
218 3087 314 3142 die
349 3087 570 3156 praeﬁxa
618 3085 759 3140 inter
804 3086 1052 3141 abbatem
1099 3093 1155 3138 et
1182 3083 1476 3140 Adelonem
1519 3088 1672 3142 testi-

64 3175 240 3231 ficata
285 3176 541 3247 lcgaiitcr
578 3186 949 3239 sacramento,
979 3174 1120 3230 idem
1153 3182 1553 3230 sacramentum
1579 3176 1673 3245 ju-

61 3268 258 3323 diciali
315 3268 727 3323 examinatione
784 3283 880 3339 per
936 3283 1133 3338 aquam
1194 3267 1571 3335 confirmavit,
1621 3277 1678 3324 et

54 3361 485 3417 advocatorum
538 3361 804 3415 violentas
849 3361 1194 3429 exactiones,
1255 3360 1492 3417 maxime
1548 3377 1677 3418 vero

52 3453 381 3511 chorveias
430 3452 509 3505 illi
534 3454 759 3509 omnino
790 3454 1079 3521 indebitas,
1111 3454 1504 3525 comprobavit.
1538 3452 1677 3510 Huic

44 3545 318 3617 publica:
351 3543 791 3612 comprobationi
840 3545 1206 3600 interfuerunt
1249 3546 1417 3601 Adelo
1463 3545 1679 3602 Divien-

47 3640 156 3706 sis,
230 3634 595 3692 Rainbaldus
658 3649 845 3691 comes
901 3634 1186 3691 Mutiensis
1244 3637 1421 3708 (121),
1480 3637 1676 3693 Petrus

42 3728 530 3788 Mirowaldensis
582 3744 706 3785 cum
741 3728 929 3784 multis
966 3728 1242 3784 nobilibus
1289 3728 1432 3786 aliis.
1478 3729 1675 3785 Actum

41 3840 210 3881 anno
244 3821 545 3878 incarnati
580 3819 739 3876 Verbi
772 3820 930 3876 1081.

118 3919 227 3974 42.
280 3913 441 3989 (54.)
480 3913 593 3971 Nec
642 3914 815 3969 multo
841 3922 965 3985 post
1018 3911 1342 3970 Godefridus
1378 3911 1677 3969 Theoderi-

37 4031 179 4072 cum
240 4009 530 4069 comitem
563 4010 724 4080 cepit,
772 4010 867 4079 qui
915 4007 1060 4063 filius
1090 4006 1317 4064 Gerardi
1348 4007 1674 4075 Flamensis,

37 4108 165 4181 regi
207 4106 407 4163 etiam
456 4101 688 4158 Henrico
716 4102 1030 4157 ammodum
1062 4100 1368 4168 familiaris,
1392 4102 1449 4156 in
1477 4100 1677 4172 quibus

37 4207 277 4272 poterat
341 4196 750 4252 adversabatur
792 4195 999 4266 juveni.
1037 4193 1209 4260 Quem
1262 4193 1553 4249 Bulonium
1591 4193 1680 4248 de-

37 4294 294 4348 ductum
363 4287 511 4344 satis
548 4287 845 4342 liberaliter
882 4286 1049 4356 jussit
1077 4285 1303 4342 servari.
1354 4284 1679 4342 Lambertus

37 4399 285 4457 Illoque
346 4380 554 4452 junior
602 4387 732 4435 tunc
779 4387 839 4435 ut
897 4388 1014 4434 erat
1057 4378 1383 4450 praepositus
1435 4379 1679 4436 ecclesiae

1778 520 1953 591 longa:
1976 521 2140 591 hujus
2176 522 2496 589 evectionis,
2527 521 2847 593 sepeliretur
2862 522 2918 579 in
2945 526 3177 581 ecclesia
3211 525 3357 585 beati

1778 603 2023 661 Huberti.
2073 605 2245 677 Cujus
2293 609 2371 663 rei
2409 609 2582 679 gratia
2632 608 2909 666 Gerardus
2954 619 3009 666 et
3063 610 3357 671 Gozwinus

1777 692 1875 747 filii
1901 695 2021 764 ejus
2042 697 2392 753 contulerunt
2411 698 2653 754 ecclesiae
2681 698 2924 771 legaliter
2956 700 3011 755 in
3032 712 3357 772 perpetuum

1778 784 2060 842 habendos
2107 804 2203 844 sex
2238 805 2463 847 mansos
2504 791 2686 846 allodii
2741 793 2884 862 apud
2918 792 3136 848 Bridam
3169 794 3355 867 (122).

1779 892 1903 947 qua:
1923 878 2026 934 sub
2038 878 2289 950 Trajecto
2318 882 2421 937 sita
2438 891 2523 938 est
2551 883 2606 937 in
2634 881 2963 940 Taxandria.
2985 884 3182 940 Actum
3207 899 3355 942 anno

1780 968 2050 1025 incarnati
2079 966 2241 1028 Verbi
2291 973 2448 1029 1082.
2482 972 2598 1029 Hoc
2625 975 2817 1030 eodem
2870 991 3015 1032 anno
3058 975 3359 1033 refirmavit

1777 1062 2068 1132 episcopus
2092 1061 2360 1122 Henricus
2380 1076 2623 1123 castrum
2645 1066 2880 1123 Mirvolt.

1849 1154 1938 1208 45.
1982 1152 2121 1224 (55.)
2166 1154 2599 1215 lncrescentibus
2641 1168 2824 1214 autem
2865 1159 3172 1215 inimicitiis
3211 1160 3356 1216 inter

1777 1244 2058 1301 Albertum
2075 1245 2470 1305 Namucensem
2500 1260 2554 1307 et
2565 1249 2920 1307 Godefridum
2944 1250 3352 1320 Bulonieusem,

1777 1336 2033 1393 Albertus
2089 1353 2191 1408 pro
2239 1354 2434 1410 guerra
2486 1340 2799 1397 Buloniensi
2849 1340 3210 1397 Mirvoldense
3262 1358 3356 1398 can

1778 1437 1955 1484 strum
1980 1430 2208 1486 latenter
2231 1432 2510 1487 refirmare
2531 1433 2822 1502 disposuit.
2845 1433 2902 1489 ld
2928 1449 3054 1489 cum
3083 1431 3356 1490 Henricus

1777 1521 2068 1593 episcOpus
2104 1523 2569 1593 deprehendisset,
2609 1534 2723 1581 tum
2754 1527 2884 1597 quia
2918 1526 3210 1582 Godefrido
3235 1541 3356 1582 om-

1777 1612 2017 1667 nimodis
2044 1610 2280 1680 favebat,
2310 1622 2426 1669 tum
2455 1616 2623 1671 etiam
2651 1620 2781 1687 quia
2800 1632 2897 1688 per
2918 1618 3023 1672 hoc
3042 1617 3357 1673 vexandum

1777 1706 2117 1776 episcopium
2168 1706 2424 1775 timebat,
2478 1710 2797 1780 anticipavit
2831 1711 3132 1781 praevenire
3177 1710 3360 1765 inten-

1778 1803 1982 1860 tionem
2023 1804 2252 1873 Alberti,
2287 1814 2342 1861 et
2371 1820 2403 1860 a
2453 1804 2711 1863 Richelde
2756 1810 3037 1866 comitissa
3085 1809 3357 1865 Montensi

1777 1894 1959 1964 ipsum
2014 1903 2257 1950 montem
2300 1910 2426 1950 cum
2461 1896 2717 1951 comitatu
2762 1906 2818 1952 et
2855 1898 3038 1953 hanno
3067 1908 3123 1954 et
3162 1898 3359 1956 ceteris

1776 1982 1898 2050 ejus
1923 1983 2276 2052 appenditiis,
2318 1983 2430 2038 duo
2475 1999 2696 2054 quoque
2733 1985 2853 2056 ejus
2894 1986 3113 2052 allodia,
3149 1987 3361 2042 scilicet

1777 2070 1911 2126 Braz
1939 2082 1992 2127 et
2026 2072 2415 2143 Gruispontem
2445 2090 2575 2130 cum
2600 2076 2859 2134 omnibus
2888 2077 3214 2133 utilitatibus
3241 2077 3361 2132 suis

1775 2171 1831 2218 et
1856 2162 2064 2219 familia
2095 2174 2282 2221 taxato
2309 2167 2486 2232 pretio
2506 2169 2864 2238 comparavit,
2892 2169 3083 2237 sicque
3110 2175 3363 2223 castrum

1774 2255 2031 2309 maximis
2066 2260 2329 2325 impensis
2376 2258 2694 2314 refirmavit.
2735 2258 2837 2314 Cui
2889 2274 3015 2314 cum
3068 2257 3224 2328 quasi
3285 2258 3357 2314 ad

1776 2346 2082 2404 custodiam
2112 2348 2408 2416 provincia:
2432 2349 2635 2404 milites
2658 2350 2996 2419 deputasset,
3024 2350 3102 2404 illi
3128 2359 3357 2419 cogente

1776 2437 1957 2508 inopia
2001 2437 2130 2494 facti
2158 2448 2287 2495 sunt
2316 2440 2520 2511 publici
2571 2440 2875 2510 pmdones,
2909 2455 3018 2494 non
3049 2441 3226 2495 solum
3253 2440 3360 2495 vil-

1776 2526 1955 2582 larum
1987 2542 2253 2598 pauperes
2274 2570 2290 2597 ,
2325 2530 2417 2585 sed
2439 2529 2603 2585 etiam
2638 2531 2814 2600 ipsam
2855 2530 3131 2586 abbatiam
3183 2531 3362 2586 sancti

1775 2617 2003 2676 Huberti
2032 2621 2273 2678 assiduis
2327 2621 2736 2679 incursionibus
2780 2633 3058 2679 vexantes.
3091 2621 3225 2689 Quae
3267 2638 3361 2680 res

1777 2709 2169 2768 Theodericum
2207 2714 2461 2769 abbatem
2488 2729 2664 2784 usque
2700 2714 2766 2769 ad
2803 2715 3044 2769 animam
3088 2713 3357 2785 gravavit,

1776 2800 2055 2856 timentem
2098 2816 2210 2857 non
2258 2803 2436 2858 solum
2477 2819 2579 2859 suo
2614 2803 2873 2873 tempori,
2933 2803 3027 2859 sed
3083 2803 3245 2857 etiam
3302 2803 3361 2857 in

1774 2901 2051 2963 posterum
2102 2895 2345 2964 periculo
2390 2896 2731 2964 imminenti,
2766 2905 2817 2952 et
2877 2912 3004 2951 cum
3047 2895 3363 2966 frequenter

1775 3000 1872 3055 per
1902 3002 1960 3041 se
2010 2986 2225 3056 ipsum,
2277 2997 2391 3044 tum
2436 3004 2533 3060 per
2575 3004 2716 3061 quos
2770 2998 2982 3060 poterat
3033 2989 3362 3045 mediatores

1776 3079 2091 3149 episcopum
2118 3080 2379 3150 precibus
2405 3082 2660 3148 ambiret,
2691 3090 2750 3136 ut
2774 3090 2880 3136 tam
2913 3082 3119 3152 grande
3153 3081 3361 3136 malum

1777 3167 1924 3237 quod
1959 3169 2011 3222 in
2038 3170 2265 3225 exitium
2290 3171 2459 3226 totius
2495 3172 2790 3242 provincia:
2822 3171 3062 3226 ﬁrmavcs
3077 3180 3129 3225 at
3161 3170 3375 3227 αἱεςοιε

1775 3268 1946 3326 veret,
1973 3260 2187 3330 sibique
2211 3262 2426 3331 pondus
2451 3263 2587 3318 tanti
2630 3264 2841 3319 timoris
2868 3264 3195 3328 absolveret,
3224 3278 3366 3332 pra:-

1776 3356 2005 3411 tendens
2028 3371 2081 3410 ειν
2109 3356 2161 3409 in
2189 3357 2420 3413 ecclesia
2442 3358 2585 3413 beati
2612 3355 2838 3413 Huberti
2863 3360 3129 3413 hactenus
3157 3354 3365 3413 frustra

1775 3444 2081 3513 laborasse,
2114 3447 2203 3501 cui
2250 3456 2374 3517 post
2409 3463 2468 3503 se
2520 3448 2853 3519 relinqueret
2901 3457 3011 3503 tam
3050 3447 3365 3516 proximum

1776 3537 2019 3594 vicinum
2042 3537 2400 3596 desolationis
2425 3539 2747 3596 certissima:
2771 3559 2785 3594 :
2815 3538 3138 3610 compulsus
3158 3538 3367 3609 episeo-

1777 3643 1883 3698 pus
1933 3646 2003 3684 ne
2055 3638 2269 3685 tantum
2311 3632 2492 3686 virum
2541 3633 2622 3689 sic
2676 3631 2781 3688 sibi
2824 3633 3192 3699 insistentem,
3219 3640 3366 3687 eteo

1779 3735 1954 3790 usque
1982 3720 2232 3776 habitum
2284 3722 2340 3776 in
2387 3723 2629 3778 amicitia
2676 3723 3004 3780 familiarem
3048 3724 3366 3780 inexorabi-

1777 3813 1902 3868 liter
1923 3814 2239 3883 offenderet,
2266 3826 2434 3888 utque
2457 3806 2581 3887 ejus'
2596 3819 2838 3874 dolorem
2860 3828 2914 3874 et
2933 3819 3367 3889 indignationem

1779 3915 2074 3978 utcumque
2122 3909 2334 3977 leniret,
2388 3910 2566 3981 ipsum
2619 3919 2861 3967 castrum
2924 3926 3052 3967 cum
3105 3911 3366 3967 omnibus

1780 4000 2109 4070 appenditiis
2147 4002 2262 4058 suis
2305 4002 2552 4074 legalitcr
2579 4004 2892 4059 habendum
2930 4002 3152 4059 tradidit
3187 4001 3366 4059 eccle-

1777 4093 1896 4161 siae,
1914 4101 1968 4149 et
1998 4094 2054 4147 in
2080 4095 2314 4151 ecclesia
2334 4096 2478 4151 beati
2506 4096 2785 4153 Michaelis
2805 4113 2837 4153 a
2859 4112 2918 4153 se
2940 4097 3015 4152 ibi
3044 4103 3366 4153 constructa

1780 4195 1835 4241 ct
1867 4186 2115 4242 dedicata
2150 4186 2346 4243 fratres
2380 4203 2447 4243 ex
2488 4189 2721 4245 ecclesia
2765 4188 2912 4244 beati
2964 4187 3193 4244 Huberti
3230 4204 3366 4245 con-

1782 4279 1987 4347 stituit,
2037 4280 2453 4351 custodiamque
2487 4296 2761 4337 concessae
2808 4281 3134 4337 munitionis
3178 4280 3366 4337 abbati

1783 4376 2087 4433 habendam
2146 4378 2361 4434 indixit-
2430 4378 2724 4433 Asserente
2785 4379 2983 4433 abbate
3032 4394 3091 4433 se
3149 4377 3369 4433 nescire

37 4478 228 4533 tancti
286 4472 502 4539 Petri,
562 4470 901 4543 frequentius
959 4480 1176 4542 captum
1246 4470 1568 4542 revisendo,
1622 4473 1678 4528 in
1710 4483 1756 4538 Ι)
1783 4480 2025 4526 castrum
2063 4472 2339 4528 custodire
2368 4471 2463 4528 sed
2490 4472 2816 4538 claustrum,
2839 4471 3121 4527 convictus
3140 4470 3364 4526 tandem

37 4568 254 4637 [uibus
332 4569 575 4636 poterat
630 4561 969 4617 deserviebat
1020 4561 1117 4617 illi.
1168 4559 1267 4617 Hic
1329 4562 1495 4633 igitur
1556 4572 1679 4634 post

37 4659 363 4715 limidium
435 4653 554 4711 fere
610 4670 816 4709 annum
873 4653 928 4708 in
976 4654 1163 4709 eadem
1231 4655 1481 4725 captione
1544 4656 1679 4712 obiit

37 4770 140 4807 an.
175 4749 378 4813 1082)
405 4789 424 4815 ,
470 4754 525 4801 et
560 4746 677 4817 jam
716 4745 1019 4801 moriturus
1039 4745 1324 4801 Coloniam
1348 4762 1407 4803 se
1427 4745 1678 4802 deferen-

38 4852 158 4900 Lum
188 4839 613 4898 familiaribus
638 4839 754 4895 suis
776 4838 988 4895 indixit.
1004 4838 1082 4894 lbi
1097 4839 1243 4895 enim
1261 4839 1405 4910 apud
1428 4848 1676 4895 sanctum

37 4938 379 4993 :creonem
422 4930 596 5000 longe
638 4930 1006 4985 destinaverat
1033 4929 1137 4985 sibi
1173 4930 1528 5000 sepulturam,
1563 4930 1676 4985 col-

38 5041 126 5087 ita
189 5030 335 5085 lllic
408 5039 612 5082 rerum
656 5040 881 5081 suarum
943 5023 1228 5094 multiplici
1281 5024 1672 5079 munificentia.

44 5126 409 5182 ambertus
462 5133 600 5173 vero
637 5127 698 5173 ut
723 5134 937 5190 semper
973 5126 1092 5174 erat
1137 5117 1389 5173 curiosus
1435 5118 1677 5173 ecclesia:

37 5219 231 5275 iatris
267 5231 421 5275 suae
460 5211 814 5282 utilitatibus,
844 5227 940 5285 per
977 5210 1379 5267 Heribrandum
1422 5211 1676 5267 castella-

1781 4562 1839 4617 al
1873 4563 2066 4620 amicis
2108 4565 2255 4630 suis,
2299 4564 2537 4619 maxime
2565 4578 2694 4619 vero
2719 4572 3043 4636 suggerente
3067 4562 3365 4618 Lamberto

1780 4655 2006 4725 majori,
2054 4672 2122 4711 ne
2170 4657 2386 4713 interim
2440 4664 2793 4728 exasperaret
2847 4655 3063 4711 animos
3113 4670 3365 4726 personae

1780 4749 2037 4819 potentis,
2067 4749 2326 4806 indictam
2350 4752 2662 4807 custodiam
2690 4749 2973 4821 dispositis
3002 4749 3077 4804 ibi
3109 4748 3364 4804 fidelibus

1777 4841 2022 4896 ecclesiae
2050 4841 2352 4913 intercepit.

1852 4934 1939 4989 44.
1983 4933 2119 5007 (56.)
2161 4934 2313 4992 Tunc
2334 4937 2597 5008 temporis
2626 4935 2906 4992 Mathildis
2936 4934 3241 4991 marchissa
3265 4932 3365 4990 διὰ·-

1780 5025 1993 5081 diderat
2021 5028 2277 5099 episcopo
2321 5028 2650 5086 Virilunensi
2685 5041 2748 5086 ut
2774 5030 2819 5062 "
2860 5028 3232 5085 Juviniensem
3272 5026 3369 5081 ab-

1781 5120 1985 5177 batiam
2033 5121 2214 5195 (125),
2241 5125 2331 5181 cui
2376 5123 2745 5181 Theodericus
2793 5125 3087 5196 episcopus
3129 5120 3364 5178 Galbur-

1783 5229 1904 5284 gcm
1961 5216 2275 5287 religiosam
2326 5219 2593 5291 virginem
2650 5217 2996 5291 praefecerat,
3049 5228 3217 5287 quam
3265 5211 3366 5272 ditt

1348 5325 1585 5384 VARIAE
1625 5326 2029 5389 LECTIONES.

64 5429 126 5466 ⁸⁵
154 5428 245 5488 ad
275 5422 592 5485 excidisse
618 5422 848 5478 videtur.
926 5421 971 5456 ⁸⁷
1014 5423 1122 5478 Aut
1154 5430 1215 5479 ut
1237 5420 1516 5475 delendum
1545 5430 1645 5486 est,
1675 5430 1767 5475 aut
1800 5423 2005 5477 verbum
2041 5425 2260 5480 excidit.

1605 5529 1833 5589 NOTAE.

95 5607 127 5666 1
142 5610 171 5665 1
184 5607 258 5677 9)
312 5599 575 5662 Corvée.

95 5611 258 5677 119)
312 5611 575 5662 Corvee.

56 5611 284 5756 (120)-
309 5668 852 5739 Duu-sur—Meuse,
901 5669 933 5726 ii
983 5670 1119 5741 cinq
1164 5671 1334 5730 lienes
1393 5674 1459 5732 de
1505 5669 1682 5734 Mont-

37 5751 192 5830 édy.
227 5751 322 5808 Β.

381 5841 445 5909 Ρ
462 5855 695 5901 s’rnoe.
743 5837 948 5903 CLIV.

1860 5607 2005 5677 (121)
2051 5605 2249 5677 Mussy.
2290 5603 2337 5659 Β

1866 5681 2011 5748 (1:22)
2050 5678 2190 5732 ΒΜ.
2222 5679 2283 5733 11.

1857 5752 2006 5823 (125)
2042 5749 2291 5824 Juvigny,
2316 5760 2470 5812 cntrc
2492 5748 2694 5830 Stcuay
2726 5760 2782 5811 et
2800 5747 3131 5827 Montmedy.
3168 5747 3238 5812 Κ.

2973 5844 3051 5909 (ιδ
