3902 6286
520 314 660 373 1587

1548 298 1941 362 CllllONlCON
1981 300 2038 359 S.
2078 294 2384 358 HUBERTI
2421 295 2744 357 ANDAGIN.

3640 295 3762 358 1388

470 456 476 487 ξ
520 427 867 496 multumque
934 424 1288 478 reluctantem
1346 417 1412 472 de
1474 417 1782 472 reclusione
1836 417 2099 472 violenter
2127 417 2173 473 Α
2198 412 2355 485 quasi
2378 414 2542 485 justae
2564 410 2945 469 commotionis
2979 411 3243 467 adversus
3278 409 3547 467 abbatem
3587 422 3639 467 et
3664 410 3759 471 [ra-

512 518 883 574 abstraxerat.
922 513 1054 579 Quae
1076 526 1197 565 cum
1227 509 1427 565 inloco
1455 510 1645 564 eodem
1683 509 1946 565 scrinium
1975 505 2099 563 reli-

473 598 477 603 ’
516 610 774 679 quiarum
814 604 1129 669 invenisset,
1164 601 1359 659 ferreis
1393 604 1622 658 nexibus
1666 603 1894 657 ﬁrmiter
1942 599 2098 656 colli-

518 711 748 773 gatum,
788 695 1015 767 jejuniis
1060 703 1115 750 et
1162 695 1503 750 orationibus
1561 712 1681 766 quae
1736 695 1809 749 ibi
1858 692 2101 764 reliquiae

520 792 934 848 continerentur
984 802 1014 842 a
1050 786 1283 842 Domino
1336 788 1546 843 studuit
1595 787 1967 857 quiet-endum.
1998 785 2099 853 Cui

518 897 646 938 cum
720 878 982 935 divinitus
1031 879 1329 934 revelatum
1384 885 1529 934 esset
1586 884 1797 947 partem
1854 876 2100 945 corporis

517 970 669 1026 beati
691 969 969 1024 Benedicti
1008 968 1221 1025 abbatis
1265 968 1495 1038 ejusque
1536 968 1743 1024 sororis
1789 965 2102 1022 Scolasticaa

519 1061 753 1131 virginis
780 1060 915 1115 inibi
940 1061 1232 1127 contineri,
1260 1060 1403 1114 idem
1435 1060 1637 1114 certius
1668 1058 1907 1114 decrevit
1939 1072 2102 1128 expc-

519 1152 619 1205 riri
646 1153 955 1219 oraculum,
986 1162 1039 1207 et
1078 1154 1146 1207 ad
1184 1152 1288 1207 hoc
1337 1152 1517 1221 ipsum
1555 1151 1769 1221 publice
1814 1149 2102 1225 provideri-‘-

521 1246 653 1299 dum
694 1246 940 1300 evocavit
988 1246 1057 1298 ad
1098 1246 1279 1299 locum
1317 1243 1711 1300 Theodericum
1761 1243 2096 1314 episcopum.

520 1335 825 1407 Episcopus
859 1335 927 1391 ad
975 1351 1089 1390 rem
1120 1336 1361 1391 edictum
1414 1337 1644 1406 prarlixit
1674 1336 1727 1389 in
1773 1334 2102 1390 exaltatione

521 1436 727 1482 sancta:
756 1426 958 1481 crucis.
984 1424 1447 1481 Convenientibus
1484 1428 1551 1482 ad
1574 1425 1820 1481 eamdem
1857 1431 2104 1494 expecta-

522 1522 729 1575 tionem
762 1535 871 1574 non
902 1520 1079 1575 solum
1106 1520 1371 1586 ﬁnitimis,
1396 1535 1586 1574 verum
1611 1519 1776 1574 etiam
1815 1517 2103 1589 quamplu-

521 1611 675 1665 ribus
688 1611 907 1677 exteris,
930 1609 1107 1668 adfuit
1135 1613 1298 1665 etiam
1322 1625 1421 1680 pro
1443 1609 1757 1680 expetendis
1788 1621 2101 1665 sanctorum

521 1701 772 1771 reliquiis
824 1701 1150 1759 Lambertus
1201 1703 1416 1772 junior,
1468 1702 1675 1757 missus
1719 1702 1789 1756 ab
1846 1702 2102 1772 episcopo

2199 516 2312 563 tres
2345 506 2526 562 furere
2551 514 2605 561 et
2637 504 2896 576 conqueri
2926 504 3119 575 ccepit;
3147 503 3393 560 inferens
3442 520 3563 559 non
3606 520 3663 560 se
3699 507 3761 562 sic

2200 599 2468 655 meruisse
2497 598 2768 669 injuriari,
2812 612 2914 652 nec
2946 597 3052 652 sibi
3097 596 3296 653 amodo
3320 598 3760 667 succensendum,

2201 691 2249 746 si
2277 691 2358 747 sic
2385 692 2515 746 laesa
2549 690 2671 761 ejus
2717 689 2959 745 amicitia
2990 690 3057 745 ad
3090 704 3187 746 eos
3232 678 3527 746 exerceret
3556 692 3757 748 inimici-

2199 784 2325 839 tias.
2363 782 2628 839 lntellcxit
2649 783 2829 845 abbas
2862 783 3094 837 libenter
3125 798 3251 838 eum
3283 799 3495 839 causas
3519 784 3767 853 aﬂ'ectare,

2200 882 2263 929 ut
2287 875 2434 946 quod
2484 874 2767 947 petebatur
2792 874 2858 929 de
2898 881 3079 930 castro
3110 873 3423 943 deiciendo,
3461 874 3625 945 quasi
3650 876 3771 945 justo

2199 975 2556 1036 exasperatus
2612 972 2921 1034 recusaret,
2962 974 3016 1020 et
3070 965 3138 1020 de
3198 981 3264 1020 eo
3316 966 3441 1036 jam
3504 967 3773 1037 desperare

2201 1067 2444 1126 coactus,
2485 1059 2709 1115 secessit
2745 1057 3055 1128 Franciam,
3086 1062 3323 1133 utroque
3365 1060 3670 1116 Lamberto
3696 1076 3772 1118 co-

2201 1152 2448 1208 mitatus.
2482 1151 2550 1206 Et
2577 1152 2707 1227 dum
2741 1151 2884 1223 apud
2908 1152 3100 1207 cellam
3150 1151 3578 1208 Eberncicortis
3615 1168 3775 1209 mon-

2200 1253 2372 1310 retur,
2396 1251 2656 1299 exoratus
2682 1245 2750 1299 ab
2772 1243 3044 1299 Alberone
3073 1243 3271 1299 abbate
3295 1246 3485 1300 sancti
3525 1244 3775 1300 Vincentii

2202 1337 2554 1393 Lambertum
2573 1337 2849 1408 juniorem
2870 1337 2948 1391 illi
2984 1334 3303 1391 habendum
3339 1336 3495 1407 apud
3518 1352 3581 1392 se
3600 1338 3775 1411 permi-

2203 1429 2293 1496 sit,
2321 1445 2423 1485 nec
2468 1428 2640 1484 multo
2662 1438 2786 1501 post
2830 1429 3131 1500 requisitus
3176 1432 3247 1485 ab
3300 1430 3579 1505 episcopo
3610 1444 3700 1483 cur
3732 1445 3775 1483 sc

2201 1528 2312 1576 tam
2341 1523 2435 1595 diu
2465 1523 2806 1578 absentasset
2837 1523 2925 1577 vel
2953 1538 2983 1577 a
3017 1524 3140 1581 loco
3169 1539 3275 1580 suo
3301 1523 3395 1578 vel
3427 1524 3504 1576 ab
3527 1521 3779 1589 eo,'lbeo-

2204 1615 2419 1671 clericus
2449 1615 2798 1686 prmpositus,
2832 1615 3191 1686 praemonitus
3221 1616 3294 1671 ad
3325 1631 3398 1671 ea
3451 1615 3775 1684 respondere,

2204 1708 2482 1777 respondit
2507 1708 2757 1763 abbatem
2790 1708 2933 1779 apud
2960 1725 3018 1764 se
3062 1709 3411 1767 deliberasse
3450 1724 3523 1761 ex
3554 1715 3666 1762 toto
3692 1708 3778 1775 iam

522 1789 759 1846 Henrico
800 1801 857 1847 et
902 1792 1097 1851 abbate
1126 1792 1482 1849 Theoderico.
1522 1790 1726 1847 Locato
1769 1798 1951 1845 autem
1976 1806 2106 1846 con-
2137 1775 2180 1831 Β
2206 1775 2478 1868 recedere,
2510 1801 2656 1856 nolle
2689 1775 3055 1857 enm—amodo
3091 1802 3216 1857 loco
3263 1815 3538 1870 praeesse,
3566 1800 3651 1853 cui
3694 1815 3780 1853 non

525 1881 746 1943 sistorio
778 1884 832 1937 in
865 1898 993 1939 area
1038 1884 1351 1955 campestri,
1389 1884 1699 1954 ibidemque
1739 1891 1927 1953 aperto
1972 1882 2104 1937 reli-

525 1974 782 2041 quiarum
808 1975 1015 2029 scrinio
1034 1990 1218 2030 coram
1242 1976 1545 2047 frequentia
1579 1974 1828 2046 p0pulari
1844 2013 1859 2041 ,
1887 1974 2106 2029 inventa

523 2074 653 2121 sunt
676 2066 783 2120 duo
812 2068 1016 2137 capita,
1044 2068 1297 2125 videlicet
1317 2068 1530 2138 praefati
1572 2067 1758 2122 fratris
1787 2073 1841 2121 et
1875 2065 2101 2143 sororis,

518 2172 644 2213 cum
698 2159 921 2214 ossibus
975 2160 1262 2216 dissimilis
1304 2160 1647 2229 quantitatis.
1678 2158 1814 2215 Nam
1854 2162 2104 2232 quaedam

519 2249 848 2304 videbantur
888 2250 1064 2305 virilis
1090 2251 1436 2317 eminentiae,
1467 2252 1720 2322 quadam
1769 2250 2104 2307 habitudinis

521 2339 790 2399 famineac.
821 2340 1033 2407 Quibus
1078 2341 1148 2397 ab
1194 2344 1453 2413 episcopo
1482 2343 1894 2398 lacrimabiliter
1934 2359 2103 2414 expc-

517 2433 638 2488 sitis
676 2434 747 2488 ad
779 2433 1095 2501 videndum,
1125 2434 1434 2505 iterumque
1472 2444 1781 2490 reverenter
1824 2435 2101 2508 repositis,

520 2524 808 2581 celebratis
860 2525 1026 2581 etiam
1067 2542 1135 2581 ex
1187 2542 1379 2585 eorum
1407 2528 1760 2584 veneratione
1807 2528 2103 2585 missarum

522 2616 883 2687 sollempniis,
902 2617 1162 2687 junctum
1190 2619 1237 2652 ⁵⁸
1266 2634 1376 2674 una
1396 2619 1553 2691 digiti
1580 2620 1721 2675 beati
1747 2619 2021 2676 Benedicti
2050 2630 2105 2676 et

516 2710 653 2766 dens
668 2712 987 2771 abstractus
1019 2727 1087 2767 ex
1115 2713 1336 2768 maxilla
1360 2712 1675 2771 Scolasticae
1700 2716 1933 2787 virginis
1958 2715 2103 2773 dono

518 2803 810 2865 abbatissae
838 2803 968 2860 huic
989 2805 1234 2862 ecclesia:
1262 2806 1531 2876 provenit.

590 2896 680 2949 65.
724 2894 859 2966 (57).
900 2894 1109 2951 [nterea
1156 2899 1445 2969 episcopus
1480 2899 1769 2955 ecclesiam
1812 2899 1959 2955 beati
1989 2898 2104 2956 Hu-

518 2986 658 3042 bcrti
685 2985 1052 3057 frequentare,
1082 2991 1343 3062 neglectis
1373 2992 1595 3049 sedibus
1646 2996 1906 3068 episcopii
1945 3003 2103 3050 nata—

517 3079 661 3134 litias
721 3081 906 3137 curias
953 3090 1009 3137 et
1057 3084 1304 3152 pascales
1356 3085 1699 3141 celebritates
1747 3088 1949 3144 ibidem
1990 3089 2102 3143 sol-

516 3172 868 3244 lcmpnizare,
899 3173 1119 3230 ordines
1165 3175 1588 3246 ecclesiasticos,
1622 3179 1736 3235 suis
1764 3182 2100 3251 temporibus

516 3282 699 3335 agerc,
738 3273 794 3321 et
844 3265 1106 3322 fratribus
1152 3267 1269 3324 sine
1313 3270 1494 3341 aliqua
1543 3288 1767 3328 suorum
1820 3276 2100 3344 inquietu-

517 3357 643 3411 dine
666 3358 993 3415 familiarius
1018 3361 1358 3418 cohabitare.
1387 3363 1679 3436 Satagebat
1704 3366 1872 3421 abbas
1913 3366 2103 3437 {uibus

517 3453 733 3515 poterat
764 3447 1045 3518 obsequiis
1075 3465 1202 3504 eum
1236 3454 1580 3521 complacare
1600 3496 1612 3520 ,
1666 3466 1719 3510 et
1762 3458 1904 3511 inter
1931 3474 2100 3522 agens

515 3539 647 3593 dum
671 3538 904 3610 gratiam
933 3540 1054 3610 ejus
1078 3541 1143 3596 de
1174 3551 1357 3599 castro
1391 3544 1672 3601 deiciendo
1700 3556 2099 3619 prtetcmptare,

518 3632 611 3686 sed
640 3631 899 3702 episcopo
944 3633 1093 3703 quod
1137 3634 1423 3703 petebatur
1469 3636 1660 3693 callide
1697 3638 2098 3708 dissimulante,

516 3723 685 3778 modo
713 3737 829 3777 rem
865 3723 934 3778 ad
978 3725 1299 3795 optimatum
1351 3742 1575 3784 suorum
1611 3731 1901 3787 consilium
1954 3731 2099 3787 refe-

515 3814 742 3869 rendam
801 3817 1195 3887 respondente,
1242 3834 1366 3874 cum
1410 3821 1523 3891 jam
1589 3822 1757 3879 abbas
1812 3822 2098 3881 fastidiens

515 3916 833 3978 quereretur
853 3907 1117 3966 fratribus
1140 3912 1257 3968 suis
1292 3911 1495 3970 frustra
1521 3930 1580 3971 se
1614 3916 1733 3985 niti,
1760 3919 1986 3973 suborta
2016 3928 2098 3975 est

514 4002 754 4057 maxima
785 4003 981 4058 seditio
1019 4005 1284 4061 adversus
1314 4007 1631 4079 episcopum
1674 4011 1842 4065 totius
1870 4027 2097 4082 congre-

514 4092 770 4161 gationis,
804 4093 953 4164 quod
995 4096 1241 4151 ecclesiae
1270 4097 1536 4155 hactenus
1581 4099 1875 4156 liberrima:
1926 4101 2094 4156 obtir-

512 4193 721 4239 masset
754 4186 1097 4243 intolerabile
1121 4188 1315 4259 jugum
1370 4190 1535 4261 hujus
1580 4192 1903 4262 obsidionis,
1952 4204 2095 4250 tam-

513 4291 679 4345 quam
697 4292 956 4348 magnnm
985 4279 1263 4335 diabolum
1280 4282 1347 4337 ad
1369 4282 1597 4339 insidias
1621 4284 2090 4343 sanctiﬁcationis.

513 4365 670 4433 Quod
683 4368 812 4425 licet
832 4370 885 4423 in
912 4369 1109 4425 faciem
1135 4373 1210 4426 illi
1236 4374 1450 4429 obicere
1472 4387 1777 4446 parcerent,
1791 4378 1871 4434 eis
1889 4387 2091 4449 tamen,

2206 1900 2420 1963 poterat
2442 1894 2722 1963 prodesse,
2746 1894 2929 1949 dolere
2960 1909 3018 1949 se
3037 1893 3285 1949 tamdiu
3313 1908 3635 1964 superesse,
3671 1902 3719 1946 ut
3738 1908 3779 1945 se

2206 1983 2420 2039 vivente
2446 1984 2658 2039 videret
2709 1992 2788 2040 tot
2824 2000 2952 2041 suos
2986 1984 3204 2043 labores
3263 1983 3597 2056 deperiisse,
3626 1995 3785 2038 castro

2207 2076 2355 2146 quod
2394 2075 2709 2131 firmaverat
2754 2077 3210 2147 superexistente.
3242 2074 3477 2131 Veritus
3518 2077 3784 2145 epis-cepas

2206 2182 2331 2222 cum
2356 2168 2541 2223 divina
2564 2169 2792 2237 offensa,
2821 2175 2937 2224 tum
2974 2170 3141 2224 etiam
3169 2169 3461 2241 publicam
3486 2169 3548 2223 dc
3576 2185 3781 2223 recessu

2204 2262 2343 2316 tanti
2399 2262 2505 2317 viri
2551 2262 2864 2330 infamiam,
2910 2263 3076 2319 edixit
3122 2264 3440 2337 praeposito
3483 2265 3787 2319 quantocius

2206 2354 2459 2409 abbatem
2489 2370 2771 2421 revocare,
2801 2355 3070 2411 mandans
3091 2355 3143 2413 ei
3172 2371 3235 2410 se
3266 2357 3441 2410 malle
3476 2364 3561 2410 tot
3602 2356 3786 2425 impen-

2207 2461 2320 2519 sas.
2345 2462 2485 2517 quas
2529 2446 2585 2501 in
2636 2455 2816 2503 castro
2878 2446 3082 2503 frustra
3134 2448 3512 2520 expenderat,
3570 2448 3786 2519 perdere,

2204 2553 2369 2611 quam
2402 2537 2569 2593 Deum
2619 2540 2927 2598 offendere.
2957 2538 3253 2611 ipsumque
3292 2540 3384 2595 sic
3427 2548 3497 2593 ut
3550 2542 3786 2595 πρεάθιῇ

2203 2647 2559 2703 exasperare,
2586 2641 2866 2703 pateretur
2899 2643 3083 2693 tamen
3118 2632 3473 2707 quandoque
3514 2633 3621 2689 hoc
3654 2652 3786 2705 δείκη-

2203 2727 2333 2781 dum
2387 2742 2514 2781 cum
2559 2735 2801 2799 tempore
2848 2736 2901 2783 et
2925 2726 3157 2782 ratione.
3208 2726 3469 2783 Tandem
3532 2734 3785 2783 revocatus

2130 2878 2133 2879 ν
2204 2818 2374 2875 abbas
2411 2836 2537 2875 cum
2578 2820 2834 2890 episcopo
2882 2818 3027 2892 apud
3076 2819 3261 2891 ipsum
3312 2829 3582 2875 castrum
3630 2834 3790 2875 occur.

2203 2912 2386 2979 risset,
2413 2921 2467 2967 et
2488 2921 2747 2983 exceptus
2795 2910 3040 2981 hilariter
3063 2910 3135 2966 ab
3166 2927 3235 2975 eo
3272 2913 3659 2977 consedisset,
3683 2926 3785 2967 me»

2205 3003 2455 3073 querenti
2478 3018 2538 3059 se
2559 3000 2721 3057 nimis
2746 3003 2816 3058 ab
2828 3018 2892 3059 eo
2918 3002 3137 3074 insequi
3161 3010 3217 3057 et
3238 2998 3524 3058 insectari
3543 3004 3791 3073 respomlit

2132 3131 2173 3193 ο
2208 3094 2398 3163 abbas,
2443 3094 2628 3150 animo
2662 3096 2993 3151 desideranti
3039 3094 3210 3150 nichil
3246 3096 3394 3152 satis
3440 3096 3713 3161 festinari,
3737 3096 3793 3149 ad

2206 3186 2311 3243 hoc
2349 3187 2609 3259 episcopo
2646 3189 2911 3244 secretius
2944 3189 3247 3263 spondente
3284 3189 3372 3243 illi
3411 3189 3792 3247 absolvendum

2204 3293 2304 3349 pro
2323 3287 2473 3333 certo
2499 3278 2601 3343 sibi
2635 3279 2889 3335 effectum
2924 3279 3089 3351 hujus
3111 3279 3384 3337 desiderii
3406 3283 3530 3351 sui;
3568 3282 3790 3341 nondum

2203 3380 2388 3426 tamen
2414 3370 2466 3426 id
2497 3386 2658 3441 posse
2700 3372 3087 3427 convenienter
3114 3372 3263 3441 ﬁeri,
3318 3390 3391 3429 ne
3445 3376 3797 3444 imputaretur

2204 3464 2325 3535 ejus
2368 3465 2575 3519 levitati
2620 3474 2732 3520 tam
2781 3466 2960 3520 subita
3001 3451 3216 3521 eversio
3256 3468 3404 3521 tanti
3460 3468 3544 3522 sui
3572 3467 3791 3521 laboris.

2204 3560 2534 3621 Consolatus
2566 3560 2783 3637 interim
2812 3561 2980 3617 abbas
3024 3562 3220 3630 tacuit,
3245 3561 3430 3617 Deum
3483 3563 3790 3635 propensius

2201 3668 2437 3713 exorans
2473 3660 2534 3708 ut
2574 3653 2889 3723 disponeret
2909 3654 2960 3709 ei
2989 3654 3223 3710 celerem
3255 3665 3605 3726 proventum
3648 3656 3791 3724 hujus

2202 3761 2316 3802 suae
2336 3747 2747 3817 expectationis.

2274 3840 2364 3894 liti.
2411 3838 2548 3911 (58.)
2586 3840 2804 3895 Audivit
2859 3842 3069 3899 interea
3099 3842 3344 3900 domnus
3386 3840 3596 3900 Petrus
3643 3856 3789 3897 τεῦξ’

2198 3933 2388 3989 rabilis
2427 3948 2579 4004 prior
2618 3934 2862 3990 ecclesia:
2908 3928 3085 3991 sancti
3116 3933 3390 4007 Remigii,
3444 3947 3646 3992 notum
3698 3932 3789 3989 an

2199 4026 2329 4103 olim
2364 4023 2715 4081 Lambertum
2766 4026 3042 4097 juniorem
3077 4027 3283 4085 morari
3334 4029 3489 4099 apud
3538 4028 3793 4082 domum

2196 4118 2596 4173 Adalberonem
2614 4116 2885 4186 Lauduni,
2901 4119 3018 4191 qui,
3032 4128 3318 4193 assumpto
3333 4118 3652 4177 Thiebaldo
3666 4120 3795 4174 clac-

2199 4213 2351 4268 strali
2371 4216 2554 4287 priore
2581 4227 2704 4267 cum
2728 4209 3026 4267 llumberto
3040 4223 3395 4284 praeeentore,
3412 4214 3697 4287 suggessit
3718 4212 3795 4267 ab-

2197 4298 2570 4367 batil-lenrico
2595 4314 2675 4373 ut,
2708 4305 2879 4362 missa
2920 4306 3193 4377 legatione
3240 4307 3311 4361 ad
3361 4309 3795 4371 Adalbcmm‘m.

2197 4394 2548 4453 Lambertum
2593 4396 2697 4455 sibi
2733 4395 3191 4453 commodandum
3233 4410 3547 4471 expeteret,
3591 4411 3647 4456 ct
3676 4402 3797 4470 quia

512 4475 653 4529 quos
715 4461 791 4514 illi
856 4463 1104 4518 sciebant
1166 4467 1541 4537 primatiorcs,
1591 4470 1706 4526 haec
1777 4472 2096 4543 ingerebant

2201 4491 2491 4547 scolastico
2527 4490 2824 4564 indigebat,
2856 4490 3035 4547 scolas
3065 4490 3141 4545 illi
3183 4461 3461 4564 regendas
3486 4461 3797 4550 cumini-ue

512 4552 795 4620 acerrime,
824 4563 884 4609 ut
909 4554 1116 4626 ingesta
1165 4558 1268 4614 sibi
1313 4559 1618 4630 referendo,
1652 4564 1736 4619 vel
1774 4567 2087 4623 misericor-

511 4642 616 4701 diae
644 4647 988 4703 recordatum
1037 4649 1107 4713 ab
1132 4649 1433 4708 intentione
1472 4656 1789 4728 reflecteret,
1817 4660 1901 4716 vel
1928 4678 1994 4718 ex
2023 4677 2089 4719 eo

511 4738 715 4794 certius
737 4739 785 4795 si
817 4750 964 4797 esset
990 4743 1071 4799 eis
1118 4744 1514 4816 desperandum
1561 4752 1871 4821 probarent.
1904 4754 2089 4811 Fami-

511 4829 742 4888 liaribus
769 4849 896 4889 vero
930 4844 1152 4893 econtra
1175 4842 1552 4911 causantibus,
1583 4860 1694 4900 non
1732 4848 1811 4904 sic
1850 4849 2090 4905 dehone-

512 4923 770 4979 standum
801 4927 886 4982 vcl
915 4931 1324 4997 provocandam
1363 4942 1530 4991 tanta:
1580 4942 1864 5008 potestatis
1905 4943 2087 4999 virum

512 5016 778 5076 hactenus
800 5021 884 5079 eis
905 5032 1015 5078 tam
1036 5027 1274 5084 amicum
1304 5038 1526 5101 tamque
1566 5031 1887 5103 humanum,
1919 5035 2085 5091 Lam-

511 5104 698 5165 bertns
719 5110 905 5181 iunior
934 5115 1052 5171 zelo
1102 5119 1296 5175 matris
1338 5134 1453 5175 suae
1498 5122 1740 5179 ecclesiae
1780 5125 2037 5181 incitatus
2071 5144 2084 5181 :

515 5194 685 5266 Talia,
708 5201 905 5275 inquit,
938 5210 1181 5267 amicitia
1203 5230 1321 5267 cum
1344 5214 1415 5269 ad
1437 5213 1573 5269 hunc
1598 5217 1748 5272 nobis
1792 5221 2013 5274 exitium
2041 5218 2086 5252 ”

507 5299 833 5386 praecurrit,
877 5304 1058 5359 eadem
1100 5307 1366 5377 facilitate
1415 5319 1845 5382 contempnatur,
1894 5331 1998 5386 qua
2036 5323 2086 5368 et

507 5384 782 5456 probatur.
808 5390 963 5458 Quod
1003 5400 1229 5456 verbum
1267 5412 1517 5459 notatum
1568 5422 1680 5475 pra:
1715 5384 1930 5474 ceteris,
1959 5423 2084 5464 cum

507 5479 768 5551 episcopo
805 5487 1031 5546 velutad
1064 5498 1449 5553 contumeliam
1480 5500 1773 5569 specialem
1796 5500 2087 5557 referretur

508 5586 575 5627 ex
601 5588 837 5646 persona
870 5579 1118 5656 dicentis,
1143 5588 1434 5661 episcopus
1480 5603 1744 5665 concepta
1794 5595 2085 5650 occasione

2195 4593 2298 4638 ret.
2326 4582 2436 4639 Nec
2464 4593 2712 4640 moratus
2742 4583 2911 4639 abbas
2937 4584 3021 4639 vir
3050 4600 3265 4657 magna:
3300 4586 3488 4649 anatis
3516 4596 3581 4642 et
3626 4588 3797 4641 maxi-

2196 4690 2300 4732 mae
2331 4677 2658 4745 honestatis,
2686 4677 2857 4741 misso
2881 4676 3167 4737 lleriberto
3188 4688 3551 4746 succentore,
3581 4681 3803 4737 didam

2195 4769 2247 4825 ei
2289 4770 2504 4831 animos
2534 4769 2812 4827 Lamberti
2847 4772 3002 4843 prius
3032 4774 3342 4844 explorare,
3377 4774 3430 4827 si
3458 4775 3801 4831 concedent:

2196 4858 2392 4914 abbate
2402 4859 2744 4916 Adalberone
2768 4860 2835 4916 ad
2857 4871 3105 4918 sanctum
3120 4860 3438 4935 Remigium
3454 4864 3805 4925 W

2195 4948 2401 5017 venire,
2425 4959 2478 5005 et
2505 4959 2637 5005 tunc
2657 4949 2876 5007 demum
2905 4966 2970 5011 ex
2991 4952 3111 5023 ejus
3133 4968 3411 5012 consensu
3440 4954 3803 5012 liuet-assa

2188 5042 2467 5111 petitionis
2495 5058 2595 5115 pro
2626 5058 2692 5099 eo
2724 5044 2905 5100 abbati
2929 5054 3306 5116 praesentaret.
3334 5046 3709 5111 Lamb-crtus.
3735 5047 3798 5101 de

2188 5134 2446 5190 mandato
2475 5137 2776 5205 consultus,
2811 5139 3091 5209 respondit
3118 5156 3177 5195 se
3198 5156 3313 5205 sua:
3340 5143 3655 5212 pomstatis
3693 5154 3799 5197 non

2186 5240 2339 5294 esse;
2368 5242 2436 5282 ex
2457 5243 2730 5285 consensu
2757 5245 2887 5285 vero
2912 5222 3273 5297 Adalberonis
3302 5244 3571 5307 paratum
3606 5251 3669 5292 se
3688 5246 3795 5305 quo

2190 5319 2498 5376 mitteretur
2521 5321 2619 5376 ire.
2658 5320 2748 5378 Sic
2774 5322 2999 5379 redditis
3033 5314 3432 5396 deprecatoriis
3470 5343 3587 5398 pro
3628 5327 3794 5381 Lm

2189 5412 2344 5469 berto
2394 5414 2608 5483 litteris,
2653 5414 2922 5472 Adalbcro
2962 5419 3109 5489 quod
3138 5420 3427 5490 petebatur
3468 5419 3796 5483 exhorruit.

2190 5520 2442 5562 asserens
2473 5507 2526 5562 id
2556 5523 2615 5564 se
2645 5524 2755 5563 non
2796 5524 3151 5579 praesumere,
3176 5512 3294 5567 nisi
3338 5529 3408 5568 ex
3453 5509 3794 5568 Theoderiti

2188 5599 2398 5656 abbatis
2424 5601 2723 5673 voluntate,
2747 5602 2841 5674 qui
2864 5602 3019 5659 illum
3046 5604 3152 5661 sibi
3172 5606 3533 5663 commiserat
3556 5605 3795 5665 reddat-

1787 5686 2021 5747 VARI/E
2059 5688 2463 5759 LECTIONES.

580 5757 629 5791 ³⁸
666 5760 822 5845 i102.
856 5765 1017 5823 uicna
1041 5770 1092 5827 l.
1170 5773 1215 5806 ⁸ο
1250 5776 1291 5851 f.
1317 5776 1544 5837 exitum.
