3902 6286
114 349 135 402 i
146 345 237 402 589

1131 336 1524 397 CHRONICON
1566 338 1622 394 S.
1665 338 1970 397 HUBERTI
2003 335 2326 400 ANDAGIN.

3214 355 3353 412 tario
3416 343 3450 446 ἐξ

108 462 230 516 dum
260 457 503 514 ecclesiae
533 471 664 514 sum.
717 455 937 512 lnterim
971 465 1150 513 tamen
1180 459 1380 514 dubius
1427 474 1497 512 an
1537 458 1673 528 peti-
1702 459 2073 526 Ameruisse,
2124 468 2185 514 ιιι
2233 459 2425 514 alienis
2474 461 2779 519 commodis
2837 463 3153 520 deserviens
3216 469 3362 524 illam
3424 463 3433 482 ⁵

109 555 302 608 tionem
343 561 504 607 tanta:
539 552 784 607 ecclesiae
824 551 1050 607 omnino
1084 551 1370 617 refelleret,
1404 567 1472 604 an
1505 551 1676 620 depo-

110 648 266 700 situm
298 645 402 699 sibi
433 644 783 698 Lambertum
835 645 902 698 ad
945 660 1045 699 sua
1092 645 1412 706 remitteret,
1444 644 1512 698 ad
1560 660 1676 698 rem

107 737 436 793 tractandam
468 738 714 793 inducias
743 738 916 808 petiit,
951 747 1006 792 et
1037 738 1178 829 diem
1209 739 1276 793 ad
1319 753 1376 794 se
1417 738 1679 799 redeundi

105 831 272 897 legato
311 832 610 886 constitmt.
662 831 840 902 Cmpit
874 833 1079 888 interea
1111 840 1475 902 pertemptare
1512 830 1677 886 Lam-

100 925 308 981 bertum
337 924 467 994 quid
490 924 691 990 mallet,
723 933 777 980 et
816 925 1026 980 hortari
1062 933 1121 979 ut
1157 933 1216 980 se‘
1252 925 1566 980 excusando
1600 923 1677 978 illi

102 1017 240 1087 quod
270 1017 558 1071 verebatur
586 1018 908 1072 absolveret.
944 1016 1236 1072 Lamberto
1265 1016 1318 1070 in
1354 1017 1524 1086 priori
1552 1032 1677 1070 sen-

99 1108 262 1162 tentia
304 1109 649 1178 persistente,
685 1109 893 1164 scilicet
934 1110 1020 1164 sui
1065 1125 1124 1164 se
1153 1109 1364 1164 arbitrii
1392 1125 1503 1163 non
1534 1123 1675 1175 esse,

97 1203 409 1271 praeciperet
441 1204 555 1273 ipse
583 1204 730 1273 quod
757 1203 936 1269 vellet,
950 1211 1198 1274 paratum
1223 1218 1284 1258 se
1306 1203 1383 1257 illi
1421 1203 1672 1258 obedire:

95 1293 367 1350 Adalbero
397 1297 606 1366 excepit
634 1297 704 1351 ab
737 1311 803 1352 eo
841 1297 1232 1362 conditionem,
1269 1296 1412 1366 quod
1457 1313 1675 1352 reman-

93 1386 252 1441 datus
281 1404 311 1441 a
345 1387 680 1444 Theoderico
701 1389 896 1444 abbate
930 1389 1047 1445 sine
1080 1390 1430 1445 excusatione
1453 1399 1512 1444 ut
1540 1406 1674 1446 suus

86 1479 156 1532 ad
185 1488 310 1534 eum
343 1481 562 1546 rediret,
588 1490 643 1536 et
679 1481 734 1536 in
775 1482 894 1552 ejus
929 1482 1129 1552 placito
1166 1497 1224 1537 se
1264 1482 1489 1538 omnino
1517 1497 1676 1552 repo-

88 1582 262 1638 neret,
312 1573 628 1645 dimisitque
678 1591 805 1631 eum
854 1575 921 1631 ad
979 1575 1256 1646 praeditam
1309 1575 1452 1632 diem
1500 1577 1676 1640 legato

82 1667 264 1721 sancti
302 1666 532 1741 Remigii
563 1685 661 1740 pro
696 1686 762 1726 eo
789 1669 1070 1725 redeunte.
1110 1669 1204 1725 ille
1229 1670 1400 1742 gratia
1443 1670 1537 1725 Dei
1571 1671 1672 1726 ho-

79 1766 240 1812 neste
271 1759 537 1816 deductus
578 1769 632 1816 et
677 1761 1037 1817 amicabiliter
1067 1771 1343 1832 exceptus,
1372 1761 1562 1831 jussus
1590 1770 1674 1817 est

1781 560 2148 620 postponeret,
2180 554 2461 622 respondit
2484 553 2828 622 Lambertus,
2866 572 2974 612 non
2999 559 3050 612 id
3093 568 3236 616 recte
3267 578 3358 616 ca-

1782 641 2173 710 lumpniatores
2199 659 2331 698 suos
2359 645 2425 698 de
2453 660 2512 700 se
2559 648 2790 713 sentire;
2835 648 3164 721 ubicumque
3194 663 3358 717 esset.

1782 749 1840 789 se
1865 735 2038 788 ﬁlium
2069 751 2229 790 suum
2279 736 2524 806 ejusdem
2558 740 2802 795 ecclesiae
2843 756 2907 795 ex
2951 750 3064 796 toto
3093 760 3360 816 recogno-

1782 842 1952 892 scere,
1984 836 2038 881 et
2068 838 2127 882 ut
2155 830 2269 898 ipse
2296 831 2490 886 melius
2521 841 2726 899 nosset,
2761 850 3060 904 numquam
3088 852 3146 890 se
3176 837 3363 892 hacte-
3423 845 3429 852 '

1781 933 1886 973 nus
1911 919 2139 974 arbitrio
2175 938 2276 977 suo
2317 923 2522 980 vixisse
2550 940 2652 980 nec
2685 927 2880 982 amodo
2905 929 3041 983 velle
3071 929 3269 997 vivere,
3306 940 3360 986 et

1780 1012 1827 1066 si
1855 1011 1990 1066 satis
2012 1012 2124 1081 jam
2157 1025 2437 1084 expertum
2462 1018 2639 1072 adhuc
2665 1020 2897 1088 experiri
2913 1021 3170 1090 placeret,
3199 1023 3359 1091 jube-

1779 1111 1862 1158 ret
1891 1105 2212 1174 potestative
2239 1108 2370 1176 quid
2398 1124 2456 1163 se
2491 1109 2667 1165 facere
2692 1113 2896 1167 mallet.
2940 1113 3021 1167 Ad
3050 1115 3165 1168 hzec
3193 1116 3362 1170 abbas

1780 1211 1906 1252 eum
1926 1196 2230 1252 assidentes
2251 1198 2304 1252 in
2321 1201 2701 1257 ammiratione
2726 1205 3189 1274 circumspiceret,
3215 1207 3362 1275 quod

1781 1295 1892 1342 tam
1924 1289 2032 1343 cito
2062 1297 2116 1343 et
2137 1290 2446 1349 rationabili
2482 1295 2686 1350 reddita
2733 1297 2943 1351 ratione
2970 1298 3214 1351 omnium
3247 1314 3276 1351 a
3306 1315 3363 1353 se

1781 1382 2121 1452 calumpnias
2152 1386 2495 1453 removisset,
2527 1389 2724 1458 legatio
2761 1392 2935 1446 sancti
2987 1390 3218 1461 Remigii
3263 1394 3361 1447 bas

1779 1473 1857 1528 illi
1889 1475 2098 1531 litteras
2123 1478 2320 1532 obtulit
2341 1478 2395 1532 in
2424 1481 2612 1534 eadem
2641 1483 2986 1538 confessione
3017 1503 3030 1538 :
3067 1484 3365 1538 Venerabili

1779 1567 1958 1623 abbati
1998 1567 2312 1627 Theoderico
2345 1572 2512 1640 frater
2538 1572 2610 1626 Η.
2637 1583 2684 1626 et
2707 1575 2880 1642 ﬁdelis
2923 1576 3008 1629 illi
3055 1578 3227 1631 sancti
3267 1577 3364 1630 Re-

1779 1659 1930 1728 migii
1965 1664 2299 1731 congregatio
2343 1663 2494 1718 illam
2542 1681 2658 1734 quin
2698 1675 2776 1720 est
2824 1667 2970 1720 salus
3007 1668 3276 1737 juslornm
3327 1686 3360 1722 a

1782 1749 2029 1806 Domino.
2063 1753 2218 1822 Apud
2249 1753 2532 1809 karimtem
2562 1774 2756 1825 veram,
2794 1776 2953 1829 quam
2985 1762 3246 1815 credimus
3275 1779 3360 1816 ve-

74 1849 331 1906 εοειεείαε
362 1853 681 1908 scolasticus
710 1855 919 1919 haberi,
947 1869 1048 1909 nec
1080 1855 1254 1909 τηυηο
1301 1861 1424 1924 post
1465 1853 1670 1908 electus
1701 1836 1748 1896 Β
1777 1853 1966 1909 stram,
1999 1862 2101 1898 non
2124 1845 2351 1900 multum
2381 1848 2589 1901 laborat
2621 1851 2690 1902 ad
2725 1852 3066 1919 optinendum
3109 1853 3245 1922 quod
3277 1869 3366 1922 pe-

75 1949 127 1995 et
152 1943 493 1998 constitutus
519 1961 663 1999 unus
697 1962 758 2000 ex
799 1955 1002 2016 septem
1047 1947 1417 2001 cardinalibus
1446 1947 1672 2015 majoris

75 2031 280 2086 altarii.
317 2033 565 2104 Dignitas
594 2037 758 2104 hujus
789 2039 1003 2091 ordinis
1026 2037 1241 2091 ﬁrmata
1272 2047 1354 2092 est
1386 2032 1672 2108 privilegio

76 2121 332 2179 Romano
382 2126 557 2181 eidem
625 2127 868 2182 ecclesiae
919 2145 948 2181 a
1002 2129 1206 2182 domno
1268 2128 1448 2182 Leone
1510 2145 1669 2198 papa,

73 2217 301 2284 quando
328 2232 450 2271 eam
473 2218 744 2273 dedicavit
773 2219 944 2288 (124),
979 2228 1037 2272 ιιι
1089 2235 1198 2273 non
1236 2221 1668 2290 archiepiscopo,

73 2321 180 2361 non
210 2309 499 2378 episcopo,
552 2324 661 2363 non
698 2309 919 2364 cuilibet
948 2310 1143 2380 majori
1174 2311 1258 2364 vel
1301 2312 1502 2364 minori
1550 2326 1672 2379 per-

70 2412 222 2453 sonae
251 2399 420 2454 liceat
457 2399 656 2454 missas
685 2400 960 2454 celebrare
1001 2401 1058 2454 in
1099 2400 1222 2469 ipso
1259 2402 1416 2454 altari
1443 2400 1550 2454 nisi
1579 2417 1670 2454 ar-

65 2493 433 2564 chiepiscopo
470 2492 725 2549 Remensi
759 2506 811 2548 et
853 2495 941 2549 cui
971 2495 1138 2549 abbas
1181 2500 1291 2548 n‘on
1327 2494 1545 2564 quidem
1588 2503 1671 2548 te-

66 2603 240 2655 mere,
267 2589 378 2645 sed
397 2605 670 2646 consensu
695 2589 926 2644 fratrum
951 2589 1276 2659 permiserit.
1307 2588 1520 2658 Septem
1545 2603 1672 2641 vero

63 2680 392 2735 cardinales
423 2681 662 2736 adhunc
689 2681 952 2735 honorem
996 2679 1264 2749 assumpti
1307 2679 1522 2747 publica
1565 2678 1672 2732 ele—

62 2770 254 2823 ctione
288 2770 652 2839 praeeminent
679 2771 733 2824 in
765 2780 876 2826 tota
907 2773 1348 2842 congregatione,
1381 2777 1435 2824 et
1461 2769 1616 2824 liberi
1640 2785 1671 2824 a

58 2863 266 2917 ceteris
296 2862 518 2928 ciliciis,
547 2863 750 2933 quibus
789 2863 1030 2919 vicissim
1062 2865 1392 2933 deputantur
1420 2863 1532 2928 alii,
1578 2877 1670 2917 so-

55 2951 363 3008 lummodo
391 2952 708 3008 deserviunt
726 2954 984 3023 praedicto
1006 2953 1184 3018 altari,
1217 2953 1272 3006 in
1297 2952 1452 3008 festis
1479 2953 1671 3008 diebus

52 3042 307 3101 haltheis
379 3054 632 3112 utentes,
676 3055 731 3101 et
779 3047 947 3101 trium
1001 3047 1360 3100 diaconorum
1417 3045 1671 3099 totidem-

52 3150 166 3204 que
217 3137 703 3195 subdiaconorum
744 3149 796 3194 et
843 3139 1205 3196 aeholitornm
1259 3139 1666 3207 proeessionem

50 3223 365 3283 habentes.

123 3316 224 3370 47.
265 3318 416 3389 (59.)
454 3320 653 3376 Audita
686 3329 814 3377 sunt
841 3322 1027 3378 omnia
1067 3322 1210 3393 apud
1256 3333 1505 3379 sanctum
1558 3321 1670 3378 Hu—

41 3407 287 3463 bertum
325 3409 453 3479 quae
478 3424 771 3472 evenerant
801 3416 867 3474 de
896 3406 1208 3484 Lamberto,
1237 3433 1400 3488 quem
1430 3416 1671 3471 Theode-

37 3502 210 3555 ricus
245 3502 430 3556 abbas
473 3521 657 3560 secum
707 3509 962 3564 eductum
1001 3509 1248 3566 Laud-uni
1296 3512 1665 3575 commiserat,

35 3591 220 3660 quasi
251 3591 330 3644 ad
372 3592 817 3654 satisfaciendum
847 3601 1120 3668 episcopo,
1143 3602 1230 3655 cui
1268 3602 1551 3656 videbatur
1580 3602 1666 3656 in-

32 3685 315 3754 juriosus
352 3701 456 3755 pro
492 3689 657 3742 verbo
697 3691 951 3761 superius
989 3693 1264 3747 incautius
1301 3694 1356 3746 in
1381 3710 1508 3747 eum
1542 3708 1669 3762 pro-

33 3778 177 3835 lato.
260 3778 336 3832 Et
390 3779 802 3851 indignantibus
856 3785 1117 3840 adversus
1164 3801 1289 3840 eum
1336 3785 1665 3854 quibusque,

37 3873 314 3926 amarius
363 3887 499 3926 vero
532 3872 824 3931 Lamberto
854 3878 1080 3948 majore,
1111 3878 1256 3947 quod
1307 3878 1466 3947 quasi
1522 3877 1668 3931 illius

33 3965 382 4037 improvida
442 3966 791 4035 simplici-tate
841 3971 1157 4040 hujusmodi
1193 3973 1490 4041 dampnum
1538 3986 1666 4026 eve-

32 4059 227 4113 nisset
262 4058 547 4125 ecclesiae,
580 4070 636 4114 ut
661 4061 702 4093 3°
732 4064 1121 4118 emolumentis
1149 4065 1390 4120 nutritus
1421 4063 1666 4119 deservi-

31 4160 122 4205 ret
158 4151 386 4206 alienis
422 4151 768 4219 utilitatibus,
801 4157 966 4225 coepit
1017 4173 1204 4211 secum
1253 4158 1552 4212 deliberare
1596 4173 1663 4210 an

29 4244 380 4312 depositum
417 4241 746 4299 Adalberoni
780 4249 1144 4316 remandaret,
1174 4267 1243 4303 an
1272 4266 1368 4320 per
1393 4267 1452 4305 se
1486 4252 1665 4320 ipsum

25 4333 429 4391 Lambertum
478 4339 798 4406 requireret.
854 4340 1177 4405 lnnninebat
1220 4360 1350 4399 vero
1396 4345 1665 4400 dedicatio

23 4430 300 4484 ecclesia:
333 4427 700 4498 Ebernensis,
726 4449 847 4502 quae
871 4444 955 4489 est
984 4436 1040 4490 in
1086 4437 1173 4492 die
1213 4440 1387 4492 sancti
1420 4438 1658 4506 Martini,

1779 1939 1844 1991 tit
1871 1939 2072 2007 ﬁducia
2107 1941 2366 2010 fraterna.
2411 1940 2493 1995 Sit
2529 1959 2650 2012 ergo
2682 1945 2793 2013 ejus
2823 1945 2990 2012 ipsius
3019 1955 3201 1999 vestra,
3223 1945 3366 1999 hari—

1778 2029 1928 2093 tatis,
1967 2039 2025 2082 ut
2056 2030 2277 2098 fratrem
2301 2031 2643 2086 Lamberlnm
2671 2034 2819 2088 nobis
2852 2051 2968 2089 cum
2995 2038 3170 2106 gratia
3196 2046 3366 2089 vestra

1777 2121 2084 2174 remittatis.
2117 2121 2222 2175 Sed
2249 2139 2410 2192 neque
2435 2124 2512 2177 vel
2535 2125 2676 2178 vobis
2706 2126 2784 2179 vel
2805 2127 3040 2182 ecclesia:
3075 2137 3258 2183 vestra:
3282 2145 3365 2182 re-

1775 2219 1987 2279 putetur
2006 2214 2153 2266 oneri
2186 2215 2323 2282 quod
2355 2215 2608 2283 probatur
2648 2217 2856 2284 honori,
2907 2236 2999 2272 nec
3029 2221 3366 2274 adscribatur

1775 2301 2023 2371 dampno,
2047 2306 2093 2356 si
2122 2306 2354 2360 nutritus
2385 2306 2564 2362 labore
2587 2319 2755 2362 vestro
2779 2312 3016 2364 convenit
3041 2312 3260 2365 idoneus
3285 2313 3368 2364 in—

1774 2408 1884 2446 esse
1913 2395 2140 2462 apostoli
2172 2395 2508 2450 Francorum
2562 2401 3058 2468 archimonasterio,
3107 2421 3227 2456 cum
3272 2420 3364 2455 sa-

1774 2484 2029 2552 pientium
2055 2486 2267 2554 judicio
2298 2489 2428 2543 utile
2455 2493 2699 2560 postponi
2729 2493 2913 2548 deeeat
2940 2494 3175 2548 honesto.
3217 2493 3362 2548 Vale.

1777 2574 1930 2632 Tune
1977 2578 2199 2633 demum
2237 2581 2406 2636 abbas
2448 2599 2572 2636 cum
2627 2583 2980 2640 Lambertum
3029 2587 3107 2640 sic
3155 2586 3259 2641 sibi
3292 2586 3362 2639 vin

1775 2670 2032 2726 omnibus
2080 2673 2310 2728 obedire
2348 2684 2596 2744 paratum
2630 2679 3007 2748 perpenderet,
3043 2689 3156 2734 tum
3200 2680 3365 2734 etiam

1775 2774 1843 2813 ne
1867 2763 2154 2817 ecclesiam
2183 2772 2347 2820 tantae
2383 2766 2668 2838 dignitatis
2702 2785 2811 2822 non
2841 2780 3096 2827 exoratus
3120 2771 3363 2827 otl'endc-

1776 2863 1875 2920 ret,
1907 2857 2058 2922 illum
2093 2875 2215 2913 cum
2244 2860 2416 2931 gratia
2447 2878 2543 2916 sua
2569 2863 2780 2919 remisit
2809 2865 2874 2919 ad
2900 2876 3150 2921 sanctum
3177 2866 3363 2922 Remi-

1775 2948 1955 3017 gium;
2007 2952 2122 3020 ipse
2164 2969 2385 3024 quoque
2430 2956 2497 3010 ad
2533 2972 2696 3011 suum
2749 2973 3002 3015 reversus
3045 2969 3129 3016 est
3172 2977 3364 3015 mona-

1776 3042 2018 3098 sterium'.

1847 3137 1934 3191 48.
1978 3138 2114 3208 (62.)
2145 3138 2413 3198 Henricus
2437 3144 2732 3214 episcopus
2773 3145 3146 3201 imminentem
3186 3147 3363 3202 domi-

1732 3223 1744 3245 '
1775 3230 2110 3286 nici‘natalis
2132 3235 2584 3305 sollempnitatem
2613 3239 2754 3308 apud
2779 3249 3030 3295 sanctum
3058 3239 3360 3296 llubcrtum

1773 3321 2065 3377 celebravit
2089 3324 2260 3396 (4‘25),
2290 3328 2381 3382 ubi
2408 3337 2462 3384 et
2488 3330 2540 3383 in
2568 3332 2818 3400 sequenti
2844 3333 3263 3403 quadragesima
3281 3351 3365 3388 or-

1772 3413 1994 3470 dinibus
2015 3418 2239 3484 exactis,
2270 3419 2531 3476 Leodium
2551 3423 2730 3478 rediit.
2763 3424 2947 3478 Abbas
2972 3440 3100 3479 vero
3124 3425 3234 3494 jam
3268 3427 3362 3482 diu

1773 3521 2072 3578 suspensus
2115 3512 2182 3566 de
2230 3515 2596 3583 promissione
2636 3533 2743 3587 qua
2789 3518 3079 3588 episc0pus
3125 3518 3364 3573 deicien-

1771 3604 1900 3658 dum
1937 3617 2177 3662 castrum
2214 3611 2535 3666 eondixerat
2560 3612 2660 3680 illi,
2699 3621 2758 3668 ut
2784 3613 2898 3683 jam
2936 3615 3154 3668 tandem
3201 3631 3363 3684 expe-

1769 3693 1970 3748 riretur
2010 3708 2262 3752 eventum
2292 3717 2391 3767 rei,
2444 3705 2737 3773 adgressus
2781 3714 2864 3760 est
2900 3706 3050 3760 illum
3099 3705 3362 3762 Leodium

1770 3789 2049 3858 prosequi.
2096 3791 2153 3844 ln
2199 3804 2390 3861 quarta
2437 3806 2617 3850 autem
2657 3795 2792 3850 feria
2842 3801 3116 3868 paschalis
3159 3801 3363 3856 hebdo-

1771 3882 1946 3935 madze
1973 3882 2108 3936 hora
2138 3882 2250 3937 fere
2273 3887 2431 3938 tertia
2478 3889 2704 3942 veniens
2736 3887 3024 3955 Tieletum,
3076 3894 3283 3946 audivit
3331 3910 3360 3946 a

1771 3974 1888 4029 suis
1920 3973 2112 4030 Serani
2152 3975 2299 4048 (126)
2337 3995 2458 4033 esse
2487 3981 2803 4052 episcopum
2823 4025 2836 4047 ,
2868 3999 3206 4054 ascensaque
3236 3986 3360 4040 navi

1767 4069 1918 4124 venit
1962 4070 2028 4124 ad
2059 4087 2204 4125 eum.
2238 4070 2540 4144 Episcopus
2587 4076 2652 4129 ad
2701 4076 2920 4146 podium
2975 4094 3133 4132 Suum
3177 4080 3362 4134 consi—

1771 4170 1938 4229 stens,
1972 4163 2038 4218 de
2068 4164 2227 4237 longe
2254 4168 2570 4240 recognovit
2602 4167 2942 4235 venientem;
2979 4172 3066 4226 cui
3101 4188 3222 4226 cum
3245 4172 3358 4242 jam

1769 4255 1900 4318 ripae
1927 4257 2200 4312 adlabenti
2228 4261 2399 4327 gratia
2436 4261 2779 4317 salutationis
2812 4263 3132 4317 inclamaret
3164 4281 3176 4316 :
3219 4262 3355 4315 Sur-

1768 4358 1905 4402 rexit
1933 4349 2188 4405 Dom-inus
2215 4371 2349 4421 rere,
2381 4357 2549 4412 anbas
2573 4357 2620 4411 ei
2650 4357 2928 4426 respondit
2957 4376 2968 4411 :
3006 4356 3071 4408 Et
3104 4365 3357 4425 appareat

1771 4440 2001 4496 Henrico
2049 4445 2222 4501 hodie.
2255 4447 2424 4514 Quem
2471 4451 2760 4520 episcopus
2806 4451 3037 4521 benigne
3074 4460 3356 4520 exceptum

22 4521 254 4593 illoque
319 4522 507 4578 abbas
544 4526 770 4581 veniens
807 4529 1088 4584 mandavit
1132 4530 1424 4586 Lamberto
1463 4541 1524 4587 ιιι
1559 4534 1662 4588 sibi
1693 4543 1740 4603 ι)
1770 4535 2069 4592 introduxit
2094 4539 2146 4593 in
2177 4543 2438 4612 capellam
2476 4559 2638 4614 quam
2667 4545 2799 4600 satis
2839 4545 3113 4614 eleganter
3139 4545 3252 4615 ipse
3285 4545 3355 4599 ibi

17 4625 400 4670 occurreret.
425 4613 539 4680 Ille,
562 4619 748 4674 audito
769 4622 1030 4677 mandato
1060 4624 1195 4678 hora
1221 4626 1396 4692 tertia,
1423 4627 1661 4682 occurrit

15 4707 66 4762 ei
89 4725 231 4763 cum
267 4708 566 4780 legatione
592 4713 837 4767 ecclesiae
867 4717 1040 4771 sancti
1067 4716 1296 4790 Remigii
1326 4721 1460 4773 hora
1487 4727 1658 4775 sexta.

13 4799 288 4857 Lzetatus
308 4810 411 4857 est
447 4802 618 4859 abbas
647 4814 755 4860 tam
786 4808 896 4862 cito
925 4809 1028 4864 sibi
1065 4813 1372 4868 occurrisse
1401 4812 1663 4868 Lamber-

10 4902 138 4950 tum
170 4939 188 4963 ,
251 4897 738 4953 erubescentibus
797 4901 1128 4970 quibusdam
1199 4905 1294 4973 qui
1347 4907 1664 4962 asserebant

9 4989 188 5056 quasi
214 4988 513 5044 rebellem
543 5005 651 5046 non
682 5005 804 5047 esse
838 5003 1142 5051 venturum.
1172 4995 1273 5051 Cui
1310 5014 1435 5052 cum
1475 5015 1660 5054 coram

9 5080 307 5153 obiceret,
348 5098 478 5138 non
528 5083 632 5139 hoc
677 5086 963 5143 ecclesiam
1015 5098 1244 5145 matrem
1297 5107 1453 5146 suam
1484 5093 1552 5148 de
1593 5109 1660 5147 eo

1770 4630 2108 4697 condiderat,
2159 4635 2429 4690 neminem
2477 4645 2671 4706 prseter
2707 4637 3104 4694 Theodericum
3147 4654 3355 4709 pracpo-

1768 4723 1934 4778 situm
1971 4726 2262 4784 admittens
2312 4730 2365 4783 in
2416 4746 2602 4787 causa.
2645 4731 2749 4798 Qui
2779 4733 2974 4788 sedens
3021 4731 3355 4802 aliquamdiu

1767 4830 1894 4869 cum
1926 4819 2136 4872 vultum
2167 4829 2220 4875 et
2244 4838 2432 4877 vocem
2458 4826 2874 4895 suppressisset,
2907 4826 3095 4881 oculos
3115 4825 3355 4880 lacrimis

1767 4909 2006 4967 suﬂ‘usos
2027 4912 2257 4969 elevavit
2279 4917 2345 4970 ad
2367 4918 2586 4984 coelum,
2608 4927 2661 4973 et
2690 4934 2990 4973 conversus
3012 4919 3076 4972 ad
3102 4919 3352 4971 abbatem

1765 5005 1923 5073 quasi
1948 5005 2001 5060 in
2029 5009 2222 5080 agOnia
2253 5011 2608 5066 constitutum
2633 5032 2642 5065 :
2671 5012 2813 5079 Scio,
2838 5012 3033 5090 inquit,
3060 5010 3188 5076 quid
3212 5028 3354 5081 amv-

1765 5112 1876 5161 ras,
1909 5097 2186 5157 Imrissime
2217 5113 2388 5172 pater,
2431 5106 2540 5159 scio
2574 5105 2701 5177 quid
2749 5107 3038 5174 desideras,
3082 5105 3268 5177 quidve
3299 5107 3353 5159 in

1394 5207 1629 5263 VARUE
1670 5209 2075 5273 LECTIONES.

95 5290 147 5326 ⁶⁹
169 5295 308 5352 suis
340 5292 436 5350 vel
467 5292 640 5364 ipsius
669 5297 928 5353 excidisse
957 5298 1180 5355 videtur.

1596 5418 1829 5480 ΝΟΤᾹΞ.

428 5520 591 5599 1049.
626 5521 979 5599 Rrjvilegium
1011 5526 1064 5581 (Ι.
1096 5526 1214 5582 Oct.
1251 5528 1282 5583 5
1313 5528 1480 5584 edidit
1515 5529 1655 5587 Mar-

10 5592 276 5650 Lot‘Hist.
311 5594 494 5647 Rem.
530 5592 718 5657 ll,107

78 5668 254 5739 (1‘25)
303 5664 578 5744 liancibi
604 5666 712 5744 egit
737 5683 786 5720 a.
816 5667 973 5734 1082,
999 5671 1358 5727 ordinationis
1383 5691 1494 5729 sum
1525 5691 1574 5729 a.
1594 5677 1648 5744 8,

10 5752 52 5795 3t
89 5735 255 5793 tunc
306 5735 595 5790 allodium
634 5735 769 5791 Braz
801 5755 896 5807 per
935 5757 1154 5796 manum
1187 5745 1460 5800 Godefridi
1492 5735 1649 5804 ducis

9 5819 55 5868 ιι
88 5809 374 5882 ejusdem
424 5806 676 5865 ecclesiae
697 5806 943 5867 advocati
966 5813 1123 5885 legali
1147 5817 1439 5874 donatione
1460 5828 1649 5874 sancto

1763 5537 2006 5594 Iluberto
2051 5537 2291 5606 tradidit,
2341 5558 2462 5596 cum
2510 5540 2708 5609 hanno,
2742 5543 2972 5609 latrone,
3003 5541 3266 5598 foralibus
3290 5547 3348 5599 et

1761 5611 1998 5686 placitis,
2023 5612 2116 5666 sed
2141 5613 2348 5686 absque
2365 5615 2678 5686 venatione.
2724 5614 2892 5670 Mirari
2911 5617 3047 5686 tlpp.
3083 5615 3220 5685 Bipl.
3248 5613 3338 5683 ιν,

1759 5683 1894 5749 55-1;
1927 5681 2167 5737 Mal-tene
2194 5681 2331 5738 Coll.
2365 5684 2405 5749 l,
2439 5686 2560 5739 5l7.

1830 5754 1977 5826 (126)
2025 5754 2294 5814 Tillcurct
2330 5754 2569 5830 Seraing.
2608 5757 2674 5812 il.
