3902 6286
696 342 719 397 Ι
730 340 828 399 591

1723 325 2117 386 CHRONICON
2157 326 2216 383 S.
2257 325 2562 384 HUBERTI
2600 326 2924 386 ANDAGIN.

3639 357 3709 417 liii

688 464 960 527 posterum
991 449 1217 506 verearis
1243 461 1307 500 ea:
1358 444 1572 498 malitia
1617 458 1778 515 quam
1810 444 1951 498 vides
2000 442 2274 513 praesentis
2302 447 2348 504 Λ
2379 441 2622 509 malitiae,
2661 442 2943 497 insecutus
2987 455 3106 497 eam
3137 457 3312 513 capere
3344 446 3493 511 voluit.
3527 452 3633 523 Qum
3654 469 3709 525 ne,

691 547 958 619 temporis,
990 542 1139 611 cujus
1166 556 1227 593 ne
1267 537 1425 591 michi
1455 534 1595 607 apud
1642 536 1825 603 Deum,
1870 544 1929 590 ut
1966 535 2271 591 multotiens

691 637 932 700 minaris,
961 634 1241 703 imputetur
1291 631 1521 697 occasio,
1571 639 1807 683 castrum
1857 628 1997 700 quod
2035 628 2270 683 deicien-

634 728 641 735 ’
687 731 814 784 dunt
847 727 1088 796 affectas,
1129 734 1235 779 tua:
1269 723 1421 777 hodie
1466 722 1727 777 voluntati
1767 730 1817 776 et
1852 723 2102 791 potestati
2148 738 2269 792 per-

688 820 864 885 mitto,
901 817 1172 887 ipsumque
1210 823 1437 868 montem
1488 829 1607 866 cum
1648 811 1904 865 comitatu
1944 820 1993 865 et
2029 811 2270 864 omnibus

685 925 803 979 qua:
847 917 969 961 sunt
1004 907 1117 977 ejus
1168 906 1389 961 ditionis
1423 905 1480 958 in
1529 912 1834 974 perpetuum
1885 902 2118 957 ecclesia:
2166 910 2272 956 tum

687 998 1065 1068 possidendum
1095 996 1338 1067 legaliter
1365 994 1639 1060 contracto,
1670 1010 1848 1064 meque
1871 1002 2039 1061 totum
2080 993 2177 1046 tibi
2220 1000 2271 1046 et

683 1088 816 1158 filiis
845 1089 950 1142 tuis
972 1088 1149 1159 gratia
1163 1087 1319 1157 hujus
1348 1083 1730 1139 vicissitudinis
1752 1084 1966 1137 domino
1990 1082 2099 1137 Deo
2126 1099 2271 1136 com-

685 1180 1042 1235 mendandum
1084 1179 1385 1249 specialiter
1409 1177 1698 1231 committo.
1737 1174 1932 1231 Statim
1962 1176 2154 1242 abbas,
2191 1176 2272 1230 la-

684 1274 948 1327 crimatus
978 1286 1089 1341 prae
1122 1270 1340 1341 gaudio,
1365 1270 1432 1325 ad
1456 1270 1620 1339 pedes
1654 1269 1775 1339 ejus
1810 1267 2066 1339 procidit,
2106 1283 2269 1338 quem

685 1367 977 1434 episcopus
1002 1372 1057 1419 et
1096 1363 1213 1433 ipse
1254 1378 1395 1433 genu
1422 1361 1562 1418 ﬂexo
1604 1362 1791 1417 levans
1837 1360 2119 1415 humiliter
2166 1361 2271 1415 hoc

684 1473 812 1510 cum
838 1456 1032 1511 fecisse
1064 1456 1373 1527 castigavit.
1403 1453 1513 1511 Nec
1555 1463 1803 1510 moratus
1849 1454 2020 1508 abbas
2049 1466 2269 1508 omnem

684 1556 936 1602 eventum
969 1546 1047 1601 rei
1092 1545 1387 1602 Lamberto
1436 1546 1653 1617 majori,
1704 1561 1870 1617 quem
1904 1546 1973 1600 ad
2023 1554 2268 1601 castrum

684 1639 1099 1694 custodiendum
1134 1641 1450 1711 reliquerat,
1478 1640 1681 1709 scripto
1711 1639 2007 1705 mandavit,
2036 1648 2089 1694 et
2118 1647 2178 1694 ut
2203 1639 2270 1695 ad

684 1732 1030 1787 evertendam
1046 1732 1386 1788 altitudinem
1403 1733 1648 1789 sathana:
1660 1732 1860 1803 quibus
1870 1731 2079 1788 viribus
2088 1742 2272 1802 posset

684 1826 1079 1897 accingeretur,
1111 1842 1207 1898 per
1226 1827 1589 1883 obedientiam
1627 1826 1838 1881 indixit.
1878 1824 1935 1881 In
1966 1824 2267 1881 crastinum

685 1932 903 1972 summo
924 1934 1083 1974 mane
1096 1919 1321 1975 redditis
1339 1920 1443 1974 sibi
1459 1919 1673 1986 litteris,
1696 1918 2021 1975 Lambertus
2042 1934 2270 1975 ascenso

682 2024 828 2079 equo
852 2011 1281 2083 circumquaque
1310 2012 1630 2083 pervolavit,
1663 2020 1717 2067 et
1745 2012 1960 2082 publica
1988 2012 2271 2068 exactione

683 2117 1063 2175 quoscumque
1108 2105 1286 2175 potuit
1332 2105 1400 2160 ad
1433 2114 1674 2160 castrum
1698 2104 2029 2173 quantocius
2073 2119 2272 2161 conve-

684 2193 802 2247 nire
834 2195 1118 2263 compulit,
1151 2205 1204 2249 et
1251 2210 1319 2249 ne
1354 2195 1480 2264 quis
1524 2194 1883 2265 praetenderet
1921 2195 2268 2251 occasionem

684 2289 768 2343 vel
794 2285 1105 2341 remorandi
1126 2285 1211 2339 vel
1235 2285 1556 2352 excusandi,
1572 2286 1721 2341 velut
1735 2286 1973 2356 quadam
1996 2287 2272 2343 anxietate

682 2379 854 2434 animi
881 2376 1232 2432 insimulabat
1252 2377 1541 2433 minaciter
1565 2376 1946 2433 necessitatem
1974 2378 2269 2436 instantem

681 2467 1018 2542 propellendi
1047 2467 1293 2539 periculi,
1326 2484 1395 2524 ex
1426 2470 1611 2525 banno
1642 2470 1884 2541 episcopi
1914 2471 2269 2528 amissionem

680 2577 867 2618 rerum
917 2575 1141 2616 suarum
1192 2561 1523 2632 intemptans
1570 2562 1824 2634 singulis,
1869 2562 1975 2618 nisi
2014 2564 2270 2621 adessent

678 2652 897 2710 tuendae
915 2652 1210 2708 munitioni
1233 2661 1288 2709 et
1308 2654 1576 2710 tirmando
1605 2654 1810 2726 aggeri.
1844 2653 2134 2710 Commota
2166 2656 2269 2728 igi-

679 2757 769 2802 tur
800 2745 1154 2812 rusticorum,
1185 2747 1423 2803 maxime
1447 2762 1571 2803 verr
1602 2748 2095 2818 carpentariorum,
2120 2749 2266 2804 mul-

678 2840 928 2906 titudine,
974 2839 1110 2894 hora
1160 2855 1305 2895 nona
1335 2838 1659 2896 Lambertus
1703 2840 1770 2896 ad
1814 2850 2057 2897 castrum
2084 2841 2264 2910 rediit,

679 2933 1067 3002 accinctusque
1097 2931 1151 2985 in
1187 2930 1382 3002 primis
1411 2947 1537 2988 cum
1561 2916 1825 2988 fratribus
1871 2932 2072 2989 ibidem
2116 2947 2268 2989 com-

677 3024 1044 3090 morantibus,
1076 3025 1271 3079 turrim
1316 3025 1584 3092 ascendit,
1619 3033 1674 3081 et
1709 3025 1812 3081 nisi
1856 3026 2011 3097 prius
2059 3026 2269 3082 videret

678 3118 950 3189 deiectum
980 3118 1101 3189 ejus
1128 3116 1359 3188 apicem,
1407 3132 1466 3174 se
1496 3118 1723 3173 omnino
1767 3133 1878 3173 non
1919 3126 2265 3190 gustaturum

673 3211 899 3283 juravit.
952 3210 1178 3267 Videres
1235 3210 1475 3267 rusticos
1522 3210 1773 3282 exemplo
1820 3210 1940 3282 ejus
1987 3211 2263 3279 incitatos,

678 3303 838 3373 quasi
861 3319 921 3359 se
942 3304 1091 3373 ipsos
1113 3303 1451 3360 vindicantes
1476 3304 1531 3358 in
1556 3303 1836 3374 publicum
1865 3303 2076 3360 hostem
2100 3304 2267 3361 totius

679 3394 974 3464 provinciae
998 3395 1247 3448 certatim
1277 3396 1582 3465 insurgere,
1607 3396 1677 3451 ad
1698 3412 1913 3451 summa
1939 3397 2108 3451 turris
2131 3413 2265 3453 con-

680 3486 928 3543 volantcs
963 3493 1165 3542 tectum
1192 3500 1316 3541 cum
1349 3485 1595 3543 trabibus
1624 3474 1895 3555 evolvere,
1918 3487 2153 3558 parietes
2177 3489 2267 3544 ab-

682 3581 863 3653 ruptis
898 3580 1252 3652 compagibus
1273 3580 1595 3650 dissolvere,
1623 3579 1827 3635 mutnia
1847 3580 1964 3651 ipsa
1988 3597 2113 3637 cum
2139 3598 2267 3653 pro-

680 3672 1011 3746 pugnaculis
1061 3687 1249 3727 eversa
1298 3670 1544 3728 funditus
1592 3687 1816 3740 eruere,
1858 3680 1941 3729 tot
1989 3674 2265 3745 impensas

679 3776 867 3837 totque
895 3767 1111 3823 labores
1155 3780 1279 3821 cum
1327 3764 1566 3821 maximo
1608 3750 1908 3822 collisibnis
1950 3764 2164 3838 fragore
2208 3767 2263 3822 in

675 3859 828 3916 brevi
855 3858 1179 3916 concidisse.
1234 3856 1494 3929 Sequenti
1527 3856 1664 3913 feria
1688 3866 1842 3914 sexta
1870 3858 2039 3914 abbas
2059 3858 2130 3915 ab
2148 3859 2265 3929 epi-

677 3968 843 4023 scopo
868 3952 1104 4019 rediens,
1140 3967 1266 4007 cum
1296 3950 1636 4022 prospiciens
1671 3951 1866 4006 turrim
1911 3967 2023 4007 non
2057 3951 2264 4008 videret

676 4046 823 4102 unde
859 4045 1030 4102 videri
1058 4045 1267 4101 solebat
1310 4061 1341 4099 a
1388 4044 1569 4117 longe,
1596 4044 1902 4114 suspiciens
1930 4047 1986 4099 iu
2027 4045 2259 4112 ccelum,

674 4137 1007 4209 quantocius
1040 4137 1107 4193 de
1132 4152 1275 4208 equo
1305 4136 1606 4203 descendit,
1640 4144 1951 4208 terramque
1978 4136 2262 4193 deoscula-

677 4239 765 4284 tur
787 4230 852 4299 “,
908 4229 977 4285 Te
999 4228 1168 4284 Deum
1208 4228 1491 4283 laudamus
1539 4228 1891 4285 devotissime
1930 4229 2256 4285 decantavit.

674 4323 743 4378 Et
768 4340 893 4379 cum
920 4323 1257 4394 pervenisset
1285 4322 1355 4378 ad
1385 4330 1650 4390 castrum,
1680 4322 1859 4392 ipsum
1890 4323 2005 4393 jam
2050 4323 2259 4379 nudum

676 4431 929 4487 aggerem
970 4414 1194 4485 dejectae
1238 4422 1405 4469 turris
1443 4411 1766 4483 susciperet,
1816 4413 2028 4469 elevata
2066 4420 2256 4469 contra

2369 534 2593 605 juvante
2617 534 2901 605 etl‘ugiens,
2933 535 2998 588 ad
3023 535 3292 592 ecclesiam
3310 539 3428 595 beati
3450 542 3602 605 Hllberti
3625 558 3709 614 sm.

2374 627 2457 693 tit,
2489 636 2544 681 et
2570 626 2968 682 ofﬁciosissime
3010 628 3077 683 ab
3109 629 3287 685 abbate
3323 630 3572 694 Theoderico
3586 657 3709 717 eum

2371 736 2469 791 per
2484 719 2878 787 hebdomadam
2904 720 2960 774 in
2982 719 3101 775 loco
3122 736 3387 791 repausans
3404 728 3587 786 substitit
3604 734 3711 795 lauri.

2372 811 2602 868 fratrum
2636 812 2897 883 religione
2920 796 3194 883 perspecta
3228 814 3480 886 diligenter,
3510 826 3713 898 etum

2373 902 2637 972 obsequio
2674 902 2778 958 sibi
2822 902 3065 957 hilariter
3093 902 3322 974 impenso
3354 907 3564 977 delectata,
3582 913 3715 973 Caunia-

2372 1010 2520 1061 cum,
2551 994 2698 1064 quod
2732 1002 2793 1048 ut
2817 993 3024 1049 dictum
3070 1003 3150 1049 est
3186 996 3347 1051 abbati
3372 998 3599 1069 deposuerat
3622 1006 3716 1061 iam.

2371 1084 2543 1153 dium,
2568 1085 2766 1140 obtulit
2784 1084 3029 1140 ecclesiae
3045 1083 3278 1141 funditus
3298 1089 3715 1158 emendum.Quodcaa

2372 1177 2554 1233 abbati
2596 1179 2854 1248 omnique
2909 1179 3303 1249 congregationi
3342 1181 3534 1249 placeret.
3569 1188 3716 1240 contum

2374 1285 2649 1325 consensu
2678 1269 2795 1326 dies
2824 1269 3046 1340 praeﬁxa
3069 1277 3152 1325 est
3177 1270 3431 1341 emptionis
3461 1274 3573 1344 hujus
3591 1278 3718 1347 agenda,

2372 1369 2427 1416 et
2461 1362 2567 1417 hoc
2596 1377 2784 1417 coram
2810 1361 3072 1431 episcopo
3094 1361 3232 1431 apud
3252 1362 3719 1420 castrumFosseusc.Pre

2371 1465 2596 1512 curatus
2618 1463 2703 1512 est
2739 1469 2962 1526 quoque
3005 1454 3085 1508 illi
3124 1470 3297 1510 comes
3321 1454 3516 1511 Albertus
3540 1456 3584 1509 ab
3610 1456 3718 1521 ablati,

2371 1550 2467 1621 qui
2490 1565 2612 1604 eam
2640 1549 2909 1605 reducens
2937 1549 2996 1602 in
3030 1563 3132 1604 sua
3156 1548 3411 1603 constituit
3443 1549 3641 1603 securitate.
3664 1549 3718 1601 Ab-

2371 1658 2498 1699 raso
2529 1650 2712 1698 autem
2742 1651 2969 1713 argento
2996 1639 3144 1711 quod
3167 1640 3221 1695 in
3242 1640 3436 1696 ecclesia
3453 1640 3605 1695 imeuiri
3618 1640 3718 1709 potuit,

2372 1735 2649 1807 octoginta
2677 1735 2934 1789 marchas
2958 1748 3147 1788 secum
3173 1732 3396 1787 deferens
3419 1732 3537 1787 abbas
3553 1730 3718 1787 Fossaste

2374 1829 2473 1894 nit,
2507 1826 2764 1883 trecentis
2794 1825 2917 1882 aliis
2943 1842 3040 1896 per
3062 1824 3392 1880 Lambertum
3404 1824 3581 1894 majorem
3592 1821 3719 1878 enim

2373 1921 2643 1978 dericum‘
2667 1918 3021 1990 praepositum
3054 1916 3365 1988 procuratis,
3403 1916 3503 1986 apud
3536 1924 3720 1968 mercatores

2373 2022 2429 2070 et
2472 2013 2701 2069 clericos
2751 2010 3089 2067 Leodienses
3132 2009 3365 2083 vadibus,
3394 2006 3575 2079 depositis.
3603 2004 3722 2058 Conn-

2374 2107 2558 2162 niente
2586 2119 2716 2175 ergo
2759 2103 3046 2159 comitissa
3094 2100 3335 2157 Richilde
3376 2116 3461 2154 cum
3478 2099 3546 2152 ilio
3564 2112 3625 2149 suo
3648 2093 3722 2146 Bal-

2374 2199 2560 2265 duino,
2594 2203 2855 2252 renovata
2889 2202 2976 2251 est
3003 2210 3193 2251 coram
3232 2194 3497 2265 episcopoet
3515 2189 3595 2244 duce
3620 2184 3723 2241 (loic-

2373 2290 2516 2347 frido
2543 2289 2830 2344 conventio
2857 2288 3116 2344 condicta
3143 2287 3210 2342 de
3235 2285 3503 2350 Cavioiaco;
3521 2281 3617 2349 cujus
3638 2275 3721 2347 preti

2373 2397 2647 2438 summam
2675 2396 2802 2437 cum
2852 2380 3150 2451 episcopus
3195 2377 3497 2435 contraxisset
3522 2373 3566 2427 ul
3590 2368 3723 2425 marchas

2371 2481 2663 2540 trecentas,
2689 2481 2886 2544 praeter
2929 2473 3300 2544 septingentas
3320 2486 3435 2542 quas
3469 2467 3557 2523 olim
3581 2463 3675 2517 abbas
3696 2460 3721 2511 il

2370 2567 2592 2622 va’dium
2643 2573 3076 2636 superposuerat
3121 2565 3194 2632 ei,
3246 2571 3401 2619 mater
3434 2576 3525 2618 cum
3552 2557 3721 2625 ﬁliolum

2372 2659 2567 2715 ﬁscum
2587 2668 2851 2729 perpetuo
2894 2658 3213 2714 habendum
3264 2656 3468 2713 ecclesia:
3490 2652 3584 2707 beati
3604 2648 3677 2713 Petti
3696 2654 3723 2698 α

2369 2753 2517 2810 beati
2545 2751 2775 2809 Huberti
2799 2768 2896 2823 per
2914 2752 3185 2823 cespitem
3214 2760 3266 2807 et
3297 2763 3473 2805 ramum
3498 2741 3645 2816 ejusdem
3660 2736 3723 2791 ab)

2368 2847 2445 2903 dii
2486 2847 2732 2919 legaliter
2781 2846 2837 2901 in
2890 2862 3094 2902 manus
3136 2844 3362 2917 e‘piscopi
3402 2850 3447 2896 et
3484 2837 3630 2897 abbatis.
3651 2830 3723 2885 MS

2368 2956 2587 3012 quoque
2617 2938 2896 2996 Godefridi
2925 2939 3284 2995 ecclesiastici
3308 2932 3525 2999 advocati,
3543 2921 3722 2985 multum

2366 3041 2422 3088 et
2448 3031 2667 3103 publica
2693 3031 2969 3087 audientia
2997 3031 3107 3086 sibi
3143 3046 3267 3085 eum
3293 3038 3343 3084 et
3374 3027 3596 3098 quibusque
3619 3013 3723 3072 bendi

2369 3126 2473 3182 bus
2511 3126 2630 3181 suis
2668 3134 2898 3196 uterque
2922 3122 3177 3179 funditus
3204 3120 3449 3193 abjuravit
3483 3108 3721 3187 (milia!

2369 3216 2427 3272 in
2451 3217 2781 3273 exsolvendo
2803 3223 3031 3287 argento
3062 3215 3268 3270 videret
3286 3200 3650 3283 episcopusviginti

2368 3311 2501 3367 chas
2524 3310 2733 3376 deesse,
2770 3309 2880 3362 duo
2919 3306 3250 3363 candelabra
3281 3319 3373 3360 sua
3404 3288 3727 3372 ejusdunl’onm
3772 3334 3773 3365 ς

2367 3403 2619 3475 deposuit
2647 3401 2966 3467 comitissae,
2997 3416 3127 3472 quae
3154 3408 3335 3472 postea
3363 3412 3422 3453 ex
3452 3388 3591 3466 pmptio
3609 3379 3731 3437 "Mli

2367 3496 2566 3553 ductus
2596 3511 2783 3552 amore
2820 3495 3093 3551 ecclesiae.
3124 3493 3287 3549 Facta
3318 3498 3477 3546 autem
3501 3494 3537 3539 et
3561 3476 3727 3535 totum

2364 3597 2517 3645 carta
2548 3589 2712 3659 hujus
2752 3587 3119 3658 coemptionis
3155 3588 3211 3642 in
3254 3584 3448 3657 publica
3772 3580 3773 3635 Ϊ

2366 3680 2516 3751 scopi
2545 3688 2597 3735 et
2620 3654 2801 3747 ducis,
2834 3687 2890 3734 et
2911 3654 3135 3751 signata
3155 3654 3376 3734 testibus
3402 3668 3573 3732 idoneis,
3587 3654 3729 3716 illius}

2365 3779 2455 3826 tus
2483 3770 2552 3825 ad
2598 3769 2884 3825 ecclesiam
2915 3768 3101 3836 rediit,
3139 3776 3195 3824 et
3235 3765 3511 3821 vestituram

2366 3876 2591 3918 manqu
2617 3862 2773 3918 ducis
2802 3861 3096 3932 recipiens,
3135 3875 3295 3930 super
3317 3857 3465 3911 altare
3480 3846 3582 3905 beati
3598 3830 3730 3931 Ρεπίίξ

2363 3961 2642 4016 viniacum
2660 3967 2835 4015 totum
2878 3974 3005 4014 cum
3033 3957 3245 4013 familia
3284 3964 3335 4010 et
3370 3948 3569 4008 omnibus
3598 3933 3733 4002 δαίθ’

2367 4052 2473 4109 bus
2501 4062 2555 4108 et
2585 4051 2913 4124 appenditiis
2946 4051 3064 4107 suis
3088 4058 3151 4106 ut
3174 4045 3432 4120 proprium
3457 4051 3576 4097 suum

2364 4151 2447 4201 mr
2500 4122 2747 4201 ecclesia:
2793 4144 3142 4200 retinendum
3191 4142 3307 4198 sine
3348 4138 3443 4194 ulla
3489 4122 3735 4188 conde

2363 4235 2593 4293 saisivit.
3652 4303 3659 4314 '

2435 4328 2523 4383 50.
2573 4327 2710 4399 (64.)
2748 4327 2943 4385 Postea
2985 4327 3338 4384 remandatus
3368 4321 3508 4379 abbas
3538 4313 3586 4369 ab

2364 4420 2563 4478 Hoium
2578 4385 2758 4490 ‘ven’it,
2786 4422 2971 4492 ibique
2985 4423 3162 4494 gratia
3185 4415 3470 4476 dilectionis

673 4522 801 4562 eutn
833 4521 1000 4586 manu
1033 4523 1048 4559 :
1085 4505 1352 4559 Dissolvat
1384 4515 1451 4572 te,
1476 4504 1674 4575 inquit,
1702 4504 1867 4558 virtus
1890 4505 2261 4575 omnipotentis
2292 4514 2340 4571 ι)
2363 4532 2430 4572 eo
2455 4524 2722 4583 retentus,
2759 4531 2885 4571 cum
2908 4492 3123 4587 regredi
3153 4514 3451 4572 destinam,
3485 4492 3738 4587 suggessit

674 4598 796 4665 Dei,
829 4600 919 4670 qui
954 4605 1082 4650 nutu
1114 4613 1206 4652 suo
1240 4613 1414 4649 muros
1447 4595 1662 4651 Jherico
1700 4613 1943 4654 corruere
1967 4599 2111 4669 fecit.
2150 4598 2261 4654 Nec

673 4692 827 4763 prius
846 4691 1053 4748 abstitit
1094 4705 1257 4760 quam
1282 4688 1568 4745 duodecim
1591 4691 1758 4747 libras
1779 4691 2131 4747 denariorum
2159 4708 2259 4763 pro

676 4783 1046 4841 eouducendis
1067 4780 1335 4853 Operariis
1358 4781 1425 4836 ad
1448 4782 1698 4837 eumdem
1730 4783 1999 4838 tumulum
2020 4784 2261 4854 compla-

674 4876 918 4933 nandum
951 4876 1256 4946 deputat-ct,
1288 4882 1483 4944 praeter
1518 4889 1614 4930 eos
1642 4875 1736 4945 qui
1763 4883 1895 4932 tunc
1920 4877 2095 4932 exacti
2125 4892 2259 4934 con-

675 4976 938 5027 venerant
964 4967 1033 5023 ad
1059 4965 1226 5023 castri
1254 4965 1698 5022 destructionem.

750 5063 840 5119 49.
885 5060 1021 5133 (65.)
1061 5059 1165 5116 Per
1209 5059 1351 5115 idem
1390 5068 1606 5131 tempus
1656 5058 1931 5119 Richeldis
1977 5063 2259 5121 comitissa

677 5152 978 5213 Montensis
1004 5153 1223 5211 rediens
1251 5151 1445 5222 Roma,
1470 5169 1567 5225 per
1592 5153 1784 5211 ﬁscum
1808 5172 1969 5213 suum
1999 5155 2258 5215 Cavinia-

680 5264 810 5303 cum
859 5249 1092 5306 transire
1151 5248 1514 5319 disposuerat.
1569 5248 1740 5319 Cujus
1786 5252 2078 5309 transitum
2132 5270 2257 5311 cum

677 5340 953 5403 sensisset
983 5340 1247 5398 Aruuii'us
1295 5339 1726 5413 Chisniacensis,
1770 5351 1830 5399 ut
1872 5355 1989 5401 erat
2034 5346 2259 5404 audacis

2366 4568 2748 4680 scopo,
2768 4568 3001 4678 ipsum”
3023 4607 3279 4678 oppidum
3320 4568 3557 4658 ecclesiam
3570 4568 3575 4569 ί
3589 4577 3674 4640 bu“

2365 4676 2506 4759 berti
2536 4676 2676 4758 duo—s
2709 4676 3311 4764 molendinosibabere;
3350 4695 3456 4765 ejus
3487 4682 3621 4779 grati?
3772 4746 3773 4779 ξ

2366 4795 2485 4851 nire
2508 4804 2567 4851 ut
2618 4795 2801 4850 sedem
2833 4793 2977 4849 tertii
3004 4789 3350 4848 construendi
3375 4771 3626 4841 monasterio

2366 4889 2535 4945 deret.
2577 4886 2734 4955 Quod
2764 4886 3055 4958 episcopus
3084 4885 3317 4940 libenter
3350 4855 3742 4958 commensi“?

2364 4947 2634 5037 ministris
2664 4989 2717 5035 et
2731 4947 3010 5050 judicibus
3038 4976 3282 5049 ejusdem
3303 4968 3482 5043 oppidi.
3503 4947 3742 5060 δίζυωῖ

2364 5033 2643 5140 signa
2673 5033 2931 5144 uitium
2955 5033 3178 5125 abbatis
3207 5033 3448 5139 optat.»

2364 5131 2480 5223 diui
2506 5131 2945 5236 super'lloiolum
2968 5131 3294 5269 ditirntavit,‘
3310 5168 3457 5228 quam

2366 5261 2546 5318 clesite
2571 5259 2625 5314 in
2657 5266 2977 5331 perpetuum
3004 5252 3381 5328 possidendam
3402 5232 3740 5352 οςηθτὲξῗηξὶςῗ

2366 5368 2433 5409 ρο
2464 5322 2706 5422 tempore
2748 5322 2890 5405 ἰδοὲο
2925 5322 3343 5404 archidiaconus
3373 5334 3512 5394 abbas
3532 5322 3690 5380 Ηοίωλδ

1979 5483 2204 5541 ἾΑΒΙᾹΞ
2245 5483 2648 5543 LECTlONES.

754 5597 798 5632 ⁶¹
822 5592 1009 5653 malim
1035 5592 1403 5652 deosculatus.

2205 5686 2438 5747 NOTIE.

755 5784 900 5856 (li?)
940 5783 1023 5840 Ct‘.
1057 5779 1340 5837 Gisleberu
1365 5780 1569 5837 Chron.
1595 5778 1772 5837 Hailn.
1802 5796 1854 5852 p.
1884 5778 1950 5837 57
