3902 6286
126 245 261 305 1595

1149 233 1542 295 ΕΗΗοΜοοΝ
1585 224 1659 293 8.
1682 231 1989 295 HUBERTI
2026 236 2344 297 ANDAGIN.

3241 248 3377 306 15M

122 360 297 420 clesia
325 365 528 416 sancta
554 352 764 424 Maria,
796 352 1123 410 Lambertus
1148 368 1321 425 nepos
1346 354 1466 427 ejus
1494 353 1699 426 publici
1727 356 1774 414 A
1798 371 1927 412 vero
1949 371 2061 413 sua
2085 356 2156 411 52
2182 350 2351 427 (129),
2404 354 2771 416 Theodericus
2815 359 3003 429 abbas,
3042 376 3153 419 non
3200 369 3376 424 solum

114 454 252 529 juris
275 452 525 525 provisor
543 458 597 506 et
613 449 801 522 jndex,
827 447 982 504 Dedo
1007 446 1349 520 dispensator
1372 449 1698 522 episcopalis

117 561 335 604 mensa.

181 638 268 695 51.
308 636 444 709 (65.)
492 635 629 691 Braz
673 649 891 707 quoque
919 643 975 690 et
1012 633 1350 705 Gruisponti,
1400 650 1522 705 qua
1565 635 1696 691 olim

114 731 355 788 ecclesia
397 729 784 800 perpetualiter
821 728 1117 783 donaverat
1159 727 1330 798 (128),
1367 727 1538 782 Arsia
1566 743 1694 798 par-

116 833 219 880 tem
247 838 369 893 qua
389 822 637 891 suijuris
665 832 800 887 erat,
832 836 899 875 ex
925 820 1143 875 allodiis
1178 835 1302 891 qua
1340 818 1557 875 fuerant
1597 835 1693 875 co-

112 914 337 970 mitissa
365 912 642 968 Richeldis
667 913 891 967 addidit.
932 911 998 966 Et
1031 927 1100 966 ne
1141 911 1268 982 quis
1313 911 1501 967 eadem
1551 912 1694 968 dona

110 1023 208 1062 sua
256 1005 453 1061 amodo
492 1005 577 1061 vel
624 1005 939 1060 immutaret
980 1005 1064 1059 vel
1113 1013 1450 1072 removeret,
1492 1013 1695 1060 aterno

112 1099 453 1155 anathemate
501 1098 835 1168 dampnavit.
889 1097 1041 1153 Hanc
1092 1106 1300 1168 partem
1335 1098 1509 1154 Arsia
1541 1098 1695 1156 Cone

109 1187 174 1244 de
208 1186 497 1244 Hamerina
533 1188 672 1242 tollit
710 1188 955 1243 ecclesiae
992 1190 1043 1243 vi
1083 1198 1137 1244 et
1167 1189 1389 1260 injuste.

174 1279 262 1332 52.
314 1278 450 1349 (66.)
486 1277 656 1333 Mater
698 1278 928 1334 ecclesia
957 1279 1103 1334 beati
1145 1278 1396 1336 Mononis
1439 1280 1693 1353 martyris

104 1365 353 1422 Nasania
383 1368 427 1399 “
454 1383 484 1422 a
514 1367 830 1423 Gualcaudo
851 1369 898 1399 ⁸³
917 1368 1175 1439 episcopo
1203 1370 1329 1425 data
1359 1369 1536 1426 fuerat
1564 1387 1690 1427 cum

106 1460 361 1515 omnibus
391 1476 513 1531 qua
548 1462 615 1517 ad
644 1477 767 1516 eam
796 1461 1067 1532 pertinent
1100 1461 1170 1517 ab
1194 1462 1421 1533 antiquo
1446 1462 1692 1520 ecclesia

102 1549 246 1606 beati
267 1549 491 1607 Huberti
516 1552 574 1606 in
607 1554 932 1623 potestativa
960 1553 1184 1609 ditionc.
1224 1554 1357 1625 Ejus
1378 1556 1564 1625 clerici
1598 1572 1691 1613 ac-

100 1644 274 1714 ceptis
319 1644 388 1698 ab
447 1644 642 1701 abbate
687 1646 1024 1717 prabendis,
1081 1656 1261 1702 tamen
1321 1664 1589 1705 consensu
1636 1658 1692 1707 et

1799 451 1955 506 senio
1982 450 2077 506 sed
2104 457 2160 505 et
2180 447 2465 506 confectus
2484 450 2734 522 jejuniis.
2765 454 3105 512 orationibus
3148 466 3204 513 et
3241 461 3380 531 vigi-

1796 545 1906 611 liis,
1937 543 2217 600 laboribus
2248 544 2413 599 etiam
2444 552 2499 599 et
2525 551 2676 601 curis
2704 546 3012 602 commissa
3044 550 3146 605 sibi
3186 567 3379 622 pasto-

1796 638 2048 707 ralitatis,
2072 639 2143 694 ab
2170 638 2287 710 ipsa
2315 637 2443 693 licet
2460 638 2706 708 pertenui
2736 638 2948 703 virtute,
2963 642 3205 712 corporis
3228 644 3378 701 circa

1796 747 2040 788 mensem
2070 730 2274 786 Julium
2301 729 2533 786 deﬁcere
2565 730 2750 801 capit,
2780 732 2923 788 unde
2949 741 3004 787 et
3031 734 3203 804 gratia
3245 751 3379 806 pau-

1794 821 1967 877 lulum
2008 821 2337 893 repausandi
2379 820 2539 877 Piros
2578 820 2656 875 illi
2697 823 2949 879 secedere
2992 824 3232 894 placuit;
3280 828 3376 885 ubi

1794 913 1923 969 dum
1953 929 2011 970 se
2046 914 2454 986 ingravescente
2503 916 2708 971 sensim
2750 915 3067 972 inﬁrmitate
3088 919 3375 988 prasenti-

1793 1016 1877 1064 ret
1896 1007 1963 1063 ad
1987 1016 2217 1063 mortem
2243 1007 2447 1079 urgeri,
2476 1006 2811 1064 Theoderico
2844 1010 3135 1080 praposito
3156 1011 3261 1066 sibi
3289 1027 3378 1067 sc-

1793 1116 1919 1157 cum
1951 1099 1995 1132 ⁶⁸
2029 1100 2266 1155 moranti
2303 1101 2622 1157 relationem
2667 1117 2823 1157 suam
2869 1102 2938 1158 ad
2980 1103 3376 1162 monasterium

1793 1194 2202 1253 accelerandam
2233 1197 2447 1254 indixit.
2486 1198 2822 1255 Referendus
2858 1216 2989 1255 vero
3039 1200 3251 1256 litteras
3287 1200 3376 1255 vel

1791 1289 2193 1360 deprecatorias
2206 1290 2288 1344 vel
2303 1292 2772 1359 commonitorias,
2785 1300 2843 1347 ut
2864 1291 3062 1363 cuique
3083 1291 3378 1347 convenie-

1790 1380 1904 1449 bat,
1934 1381 2139 1437 scilicet
2167 1380 2495 1438 Adalberoni
2517 1383 2868 1440 Laudunensi
2907 1383 3112 1449 abbati,
3135 1381 3375 1439 Guiredo

1790 1474 2083 1545 praposito
2104 1472 2425 1542 Ebernensi,
2449 1474 2740 1533 Lamberto
2780 1477 2952 1548 priori
2992 1476 3165 1532 sancti
3192 1473 3379 1529 Remi-

1789 1566 1884 1636 gii,
1915 1563 2218 1637 Berengero
2267 1566 2450 1621 abbati
2498 1568 2674 1623 sancti
2716 1568 3014 1636 Laurentii,
3060 1568 3164 1640 ipsi
3211 1568 3377 1624 etiam

1791 1655 2027 1713 Henrico
2055 1656 2313 1729 episcopo
2344 1657 2633 1715 Leodtensi
2669 1660 2948 1731 dispositis
2993 1662 3212 1718 nunciis
3256 1662 3380 1716 mit-

99 1734 261 1791 laude
291 1734 543 1805 fratrum,
575 1739 830 1794 condicto
854 1738 936 1795 eis
960 1747 1015 1794 et
1046 1740 1226 1796 soluto
1259 1741 1481 1797 servitio
1517 1741 1687 1797 debiti
1720 1741 1761 1801 Β
1791 1757 1904 1805 tere
1947 1748 2247 1819 festinavit,
2276 1751 2556 1807 humiliter
2583 1768 2883 1822 exposcens
2904 1762 2966 1808 nt
2990 1755 3094 1810 sibi
3139 1762 3377 1826 quamn-

98 1826 350 1896 honoris,
378 1828 493 1899 jam
527 1845 595 1885 ex
639 1839 769 1887 tunc
814 1832 1186 1888 detrectabant
1214 1848 1312 1903 per
1336 1833 1685 1891 insolentiam

98 1920 327 1977 subesse
356 1922 585 1993 justitia
619 1924 852 1992 abbatis,
895 1926 1001 1981 nisi
1041 1927 1096 1981 in
1131 1926 1475 1983 clericalibns
1503 1929 1687 1984 conci--

99 2012 188 2068 liis
218 2013 324 2069 sub
359 2013 703 2070 districtione
728 2017 1047 2087 episc0pali.
1089 2017 1241 2074 Hanc
1270 2034 1490 2088 quoque
1536 2020 1687 2074 inso-

98 2103 320 2161 lentiam
364 2114 579 2176 petente
613 2107 809 2162 abbate
848 2109 1158 2179 cpiscopus,
1205 2110 1438 2164 liberum
1481 2111 1687 2166 consti-

98 2203 254 2252 tuens
300 2195 474 2251 altare
516 2196 763 2267 ejusdem
809 2198 1076 2264 ecclesia,
1121 2198 1375 2265 absolvit,
1405 2206 1461 2254 et
1494 2214 1685 2254 omnes

96 2288 406 2345 exactiones
427 2299 480 2345 et
494 2290 741 2360 justitias
767 2290 1102 2369 cpi§c0pales
1122 2300 1175 2346 et
1198 2290 1683 2358 archidiaconalcs,

95 2391 364 2453 prasente
397 2382 472 2438 ibi
499 2393 555 2438 et
582 2399 770 2440 secum
796 2385 1142 2440 condonante
1168 2384 1381 2439 Bosone
1408 2384 1685 2439 archidia-

95 2488 249 2543 cono,
273 2475 526 2532 ecclesia
553 2476 699 2532 beati
720 2475 866 2532 Petri
903 2485 957 2532 et
985 2476 1129 2532 beati
1153 2475 1378 2532 lluberti
1409 2476 1464 2531 in
1488 2491 1685 2546 perpe—

92 2575 240 2623 tuum
263 2568 508 2637 remisit,
530 2569 888 2640 eamdemque
924 2569 1302 2625 remissionem
1345 2569 1503 2639 legali
1541 2568 1687 2624 facto

91 2661 384 2736 privilegio
406 2663 780 2720 auctorizavit.
812 2662 969 2731 Quod
998 2672 1180 2719 autem
1212 2678 1344 2733 pace
1364 2663 1538 2718 beata
1564 2661 1687 2732 ejus

91 2759 284 2814 anima
299 2766 619 2830 sanctaque
639 2759 919 2814 memoria
936 2774 1043 2813 non
1067 2758 1288 2829 quidem
1313 2756 1683 2828 cxprobando,

90 2850 183 2907 sed
209 2852 559 2908 condolendo
601 2851 835 2918 dicatur,
869 2850 1239 2907 Theodericus
1279 2860 1333 2906 et
1362 2849 1687 2905 Lambcrtus

90 2944 207 3015 ejus
231 2946 578 3016 simplicitati
606 2946 743 3001 adeo
763 2946 1209 3013 dominabantur,
1245 2954 1307 3000 ut
1345 2945 1572 3000 omnino
1606 2945 1687 3000 eis

94 3036 149 3093 in
172 3038 435 3094 omnibus
469 3055 529 3095 se
560 3039 824 3107 crederet,
852 3047 907 3094 et
930 3039 1087 3110 quasi
1136 3038 1389 3094 consulto
1424 3037 1536 3093 Deo
1564 3053 1687 3093 eos-

97 3129 217 3186 dem
246 3132 594 3187 consultores
613 3130 846 3187 audiret.
873 3129 992 3187 Hiis
1014 3130 1160 3187 enim
1187 3129 1361 3185 ﬁdens
1387 3128 1687 3199 provisori-

98 3222 220 3292 bus,
257 3233 412 3280 tanto
449 3225 679 3281 interius
714 3223 1043 3296 advigilabat
1069 3223 1318 3290 liberius,
1363 3229 1571 3292 quanto
1617 3221 1687 3278 de

98 3318 343 3375 externis
364 3318 674 3374 dormiebat
703 3318 973 3374 securius.
1028 3314 1135 3372 Sed
1163 3331 1289 3372 cum
1314 3331 1422 3372 non
1454 3315 1687 3372 multum

96 3411 264 3465 distet
299 3411 354 3464 in
381 3412 516 3466 vitio
553 3413 637 3468 vel
663 3412 912 3483 decipere
944 3411 1030 3467 vel
1064 3411 1242 3482 decipi
1269 3426 1451 3482 posse,
1494 3411 1550 3466 in
1584 3412 1689 3468 hoc

96 3501 466 3571 dampnosum
499 3503 665 3558 nimis
699 3504 903 3560 crimen
928 3504 1149 3560 miscuit
1170 3503 1356 3573 gloria
1378 3519 1512 3571 sua,
1541 3503 1689 3573 quod

98 3593 477 3665 imprudenter
532 3594 843 3665 patiebatur
898 3597 1084 3651 seduci
1137 3610 1327 3650 eorum
1378 3596 1687 3651 miserrima

100 3686 471 3759 suggestione.
511 3684 649 3741 Nam
682 3686 729 3741 si
752 3702 914 3757 quem
936 3688 1020 3742 vel
1042 3688 1217 3758 gratia
1240 3688 1692 3758 consanguinita-

99 3781 170 3836 tis
194 3780 279 3836 vel
307 3789 543 3851 accepta
578 3779 847 3835 mercedis
888 3780 1089 3836 vellent
1134 3780 1347 3835 noviter
1383 3795 1573 3836 casare
1621 3779 1685 3845 ⁸⁵,

102 3873 211 3930 hoc
236 3874 305 3929 de
342 3874 630 3945 praebenda
655 3873 887 3930 fratrum
917 3873 1037 3931 sine
1064 3889 1254 3929 eorum
1278 3888 1551 3929 consensu
1577 3887 1688 3927 non

102 3966 431 4022 dubitabant
451 3967 632 4021 abbati
659 3967 1010 4037 persuadere,
1033 3968 1230 4037 illeque
1250 3982 1439 4021 eorum
1464 3980 1689 4036 persua-

102 4056 244 4111 sioni
292 4072 404 4112 non
446 4057 731 4114 differebat
765 4059 1002 4115 obedire.
1043 4057 1157 4113 Hoc
1182 4059 1345 4115 modo
1372 4058 1558 4113 amisit
1598 4074 1688 4114 ec-

102 4148 411 4205 clesiastica
448 4150 658 4206 utilitas
704 4167 773 4206 ex
812 4151 1054 4221 antiquis
1087 4150 1527 4221 possessionibus
1572 4149 1689 4206 suis

103 4238 326 4296 Vineias
346 4250 403 4297 et
420 4241 783 4315 Lesterneias,
805 4251 860 4298 et
879 4259 947 4300 ex
968 4242 1253 4314 acquisitis
1288 4242 1358 4297 ab
1381 4242 1572 4297 eodem
1596 4241 1690 4298 ab-

102 4334 226 4392 bate
264 4335 480 4392 noviter
514 4332 858 4391 Sulmodium
899 4334 957 4389 in
990 4332 1238 4404 proximo
1282 4340 1338 4387 et
1382 4329 1586 4388 Tavers
1633 4330 1686 4386 in

105 4426 287 4578 "ag?
291 4443 444 4595 [21:72)
468 4519 627 4577 Anno
649 4520 866 4577 Domini
903 4519 1042 4577 1086
1076 4518 1285 4593 [1087],
1325 4517 1689 4575 ordinationis

1790 1842 1910 1898 cius
1928 1843 2182 1898 adessent
2209 1851 2264 1897 et
2290 1843 2559 1898 morituro
2592 1844 2847 1900 ultimum
2874 1846 2992 1903 vale
3016 1845 3275 1903 facerent.
3314 1846 3381 1903 Et

1788 1950 1915 1989 cum
1956 1934 2027 1988 ab
2062 1934 2178 2004 ipsa
2224 1934 2358 1990 cella
2397 1935 2765 2005 transpositus
2810 1936 2869 1990 in
2928 1938 3156 1993 alteram
3201 1939 3378 2010 ripam

1787 2024 1954 2080 Mosa
1987 2026 2194 2097 gratias
2240 2035 2426 2097 ageret
2462 2025 2593 2094 Deo,
2648 2028 2809 2099 quasi
2860 2029 2976 2098 jam
3020 2031 3381 2101 pr0pinquior

1788 2113 1877 2168 cui
1918 2114 2195 2184 aspirabat
2234 2115 2590 2181 monasterio,
2640 2115 2881 2170 occurrit
2925 2115 3004 2170 illi
3054 2114 3382 2173 Lambertus

1787 2204 1965 2274 major
1995 2220 2121 2261 eum
2154 2214 2417 2275 apparatu
2446 2205 2744 2260 revectioni
2778 2206 2900 2276 ejus
2933 2222 3196 2278 congruo.
3242 2208 3382 2265 Cum

1789 2312 1920 2352 vero
1948 2298 2003 2351 in
2027 2297 2271 2352 crastino
2292 2298 2439 2353 circa
2463 2298 2657 2352 horam
2686 2311 2890 2352 nonam
2917 2298 3386 2368 appropinquaret

1789 2386 2144 2452 monasterio,
2168 2385 2390 2441 divenit
2418 2400 2581 2456 super
2612 2384 2885 2442 Lumnam
2905 2387 3133 2443 ﬂuvium
3164 2388 3220 2443 in
3243 2404 3382 2459 quo-

1788 2476 1914 2533 dam
1943 2477 2385 2548 circumjacentis
2413 2476 2563 2534 silva
2602 2484 2778 2546 prato,
2829 2493 2898 2533 ne
2938 2494 3066 2549 quis
3095 2482 3250 2535 ﬁeret
3284 2495 3384 2549 pro

1787 2585 1856 2626 eo
1876 2570 2156 2641 popularis
2192 2570 2442 2641 planctus
2485 2578 2582 2624 aut
2634 2570 3003 2626 tumultuatio.
3048 2569 3139 2627 Sic
3179 2572 3383 2628 evitata

1787 2662 2039 2734 populari
2066 2662 2460 2733 expectatione,
2493 2661 2551 2717 in
2579 2661 2758 2731 prima
2777 2662 2965 2733 vigilia
3002 2663 3180 2720 noctis
3205 2664 3385 2719 domi-

1788 2756 1927 2812 nica
1969 2755 2118 2827 (150)
2159 2764 2417 2826 exceptus
2440 2762 2527 2810 est
2557 2769 2684 2810 cum
2720 2755 2963 2811 maximo
2985 2753 3219 2812 fratrum
3245 2771 3386 2814 mm-

1789 2864 1931 2904 rore.
1976 2847 2204 2905 Summo
2225 2857 2408 2904 autem
2437 2863 2600 2904 mane
2637 2847 2793 2904 affuit
2816 2848 2893 2903 illi
2923 2849 3219 2921 episcopus
3253 2866 3381 2907 cum

1789 2940 2097 3014 Berengero
2126 2942 2339 2997 abbate.
2380 2939 2468 2996 Hii
2503 2957 2630 2997 eum
2668 2941 2738 2998 ad
2781 2957 2907 2996 eum
2956 2941 3244 3007 intrarent,
3293 2943 3383 2998 ille

1789 3036 2034 3091 collectis
2068 3035 2277 3090 viribus
2307 3034 2502 3090 sedens
2539 3034 2595 3089 in
2620 3033 2761 3090 lecto
2790 3034 2995 3106 gratias
3034 3034 3147 3091 Deo
3171 3035 3300 3106 egit,
3328 3045 3384 3092 et

1793 3128 2049 3200 imposita
2070 3129 2173 3185 sibi
2195 3129 2336 3184 stola
2360 3126 2556 3184 fratres
2581 3143 2713 3185 suos
2739 3137 2853 3185 tam
2881 3138 3180 3200 praesentes
3215 3144 3382 3200 quam

1792 3224 2045 3280 abSentes
2084 3223 2317 3279 absolvit
2352 3222 2659 3294 divinaque
2684 3222 3077 3279 misericordia
3098 3238 3383 3279 commen-
3486 3249 3490 3252 ‹

1789 3320 1958 3386 davit,
1983 3327 2037 3373 et
2061 3318 2140 3375 sic
2161 3318 2383 3373 demum
2412 3316 2786 3374 ecclesiastico
2828 3332 2981 3373 more
3028 3330 3089 3373 se
3140 3314 3251 3372 Deo
3293 3331 3384 3373 rc-

1790 3410 2193 3468 conciliandum
2223 3409 2484 3479 episeopo
2516 3408 2796 3464 humiliter
2837 3408 3057 3463 obtulit.
3099 3405 3218 3462 Hiis
3257 3422 3383 3463 om-

1791 3505 1954 3559 nibus
1977 3502 2112 3557 hora
2134 3500 2248 3556 fere
2269 3501 2427 3556 tertia
2452 3500 2699 3571 expletis,
2726 3500 2924 3555 exinde
2951 3500 3177 3556 studens
3215 3499 3384 3555 silen-

1791 3600 1866 3654 tio
1890 3607 1944 3653 et
1969 3596 2167 3652 divina
2207 3593 2655 3666 contemplationi
2682 3594 2737 3649 in
2772 3594 3073 3650 crastinum
3111 3595 3245 3649 hora
3287 3609 3381 3648 ea-

1790 3689 1913 3742 dem
1943 3688 2009 3742 ad
2042 3687 2212 3741 Deum
2238 3687 2493 3758 migravit
2525 3688 2637 3758 (an.
2673 3686 2831 3754 1087,
2869 3686 3007 3758 Aug.
3050 3686 3166 3758 25).
3208 3685 3381 3756 Cujus

1792 3778 1976 3832 statim
2029 3777 2357 3848 migratione
2399 3779 2639 3848 vulgata,
2679 3787 2979 3834 occurrunt
3020 3778 3269 3834 certatim
3311 3777 3382 3834 ad

1791 3869 2054 3925 tanti'viri
2076 3871 2339 3941 exequias
2367 3868 2694 3925 Godefridus
2731 3868 3099 3937 Buloniensis,
3127 3870 3384 3925 Albcrtus

1789 3962 2170 4032 Namuccnsis,
2202 3962 2466 4019 Arnulfus
2490 3960 2920 4027 Chisniacensis,
2956 3960 3109 4016 Cono
3151 3961 3382 4018 Montis-

1789 4057 1936 4114 acuti
1965 4056 2134 4128 (151),
2171 4056 2512 4127 curialesque
2540 4055 2584 4086 ⁸⁸
2612 4070 2737 4111 cum
2772 4053 3126 4125 popularibus
3168 4053 3382 4109 indiﬁc-

1787 4160 1969 4207 renter
2013 4150 2262 4219 admixti,
2298 4151 2457 4223 quasi
2486 4158 2697 4222 patrem
2734 4149 2927 4220 patria
2949 4148 3200 4205 amisisse
3242 4164 3380 4204 eon-

1788 4253 2080 4317 querentes
2100 4246 2143 4279 ⁶⁷
2169 4246 2555 4303 lamentatione
2580 4242 2880 4301 communi.
2898 4241 2997 4301 Per
3008 4242 3233 4302 biduum
3254 4260 3382 4302 vero

1797 4333 2124 4406 advigilatus
2152 4334 2417 4405 solempni
2441 4335 2734 4390 missarum
2767 4336 3128 4393 celebratione
3164 4346 3220 4392 et
3240 4351 3380 4393 con-

1796 4425 1948 4481 tinua
1976 4427 2310 4496 psalmorum
2337 4426 2735 4496 decantatione,
2774 4428 2991 4485 tandem
3024 4428 3270 4501 sepultus
3297 4438 3383 4487 est

1796 4518 1955 4575 tertia
1988 4520 2077 4576 die
2108 4519 2256 4591 (152)
2287 4521 2344 4576 in
2366 4520 2542 4592 cripta
2578 4536 2719 4578 nova
2753 4536 2918 4593 quam
2969 4521 3288 4580 condiderat
3324 4523 3384 4579 in

1399 4632 1637 4689 VARLE
1675 4632 2078 4690 LECTIONES.

178 4728 220 4761 ⁶²
248 4728 487 4785 Vasanie
508 4728 560 4782 1.
637 4727 682 4760 ⁸³
712 4728 918 4784 Gualco
953 4727 1005 4786 1.
1082 4726 1129 4761 “
1151 4726 1191 4782 ί.
1220 4743 1268 4782 e.
1300 4725 1457 4797 [coda
1477 4726 1526 4781 ei
1555 4724 1880 4792 attribuere;
1919 4740 2140 4783 caesare
2166 4726 2219 4781 1.
2298 4725 2344 4760 "
2372 4740 2558 4782 secum
2592 4726 2645 4783 1.
2683 4727 2724 4799 f.
2758 4726 2835 4784 ibi
2863 4742 3070 4785 secum.
3148 4726 3193 4761 ⁶⁸
3226 4728 3306 4784 ita
3325 4727 3388 4785 2o

103 4814 152 4854 c.
180 4800 276 4872 qui
298 4802 351 4856 1.
432 4800 475 4833 ⁸⁷
496 4799 880 4870 conquirentes
902 4799 952 4854 1.

1630 4887 1865 4948 ΝΟΤᾹΞ.

140 4986 348 5113 0928.)
384 4986 628 5042 Alterum
650 5001 795 5041 anno
822 4984 990 5072 1082,
1037 4984 1132 5042 sed
1173 4982 1425 5055 Grupont
1463 4980 1685 5037 demum

213 5058 265 5113 7.
290 5075 342 5113 v.
373 5072 540 5113 supra
560 5058 665 5113 col.
703 5056 862 5113 1580.
889 5071 1008 5113 can.
1027 5057 1116 5111 45.

107 5056 265 5124 1087,
290 5056 342 5113 v.
373 5072 540 5128 supra
560 5058 665 5113 col.
703 5056 862 5123 1586,
889 5071 1008 5127 cap.
1027 5057 1116 5111 45.

175 5127 491 5203 (120)“11ac
535 5130 676 5203 inter
715 5143 784 5203 se_
824 5126 1116 5203 convenire
1156 5125 1431 5203 videntur,
1466 5121 1689 5203 sedﬂpro

107 5189 250 5275 anno
278 5189 418 5255 1087
441 5207 586 5275 stant
612 5199 848 5275 Annales
866 5196 1214 5275 _Lanhiense_s
1237 5205 1289 5252 et
1314 5189 1503 5251 auctor

106 5269 201 5338 qui
232 5285 381 5326 anno
421 5272 598 5328 atatis
636 5270 706 5325 80
735 5268 980 5325 nondum
1023 5267 1290 5338 completo
1318 5281 1442 5322 eum
1486 5263 1689 5319 ohiisse

108 5338 292 5389 refert-
321 5351 509 5389 namm
553 5357 697 5389 amm
727 5340 885 5389 1007-
918 5338 1052 5389 Nov.
1100 5339 1186 5389 11.
1230 5337 1452 5389 Accedit
1498 5335 1688 5389 charta

108 5337 293 5408 refert,
321 5351 510 5397 natum
553 5357 697 5396 anno
727 5340 886 5407 1007,
917 5338 1052 5394 Nov.
1100 5337 1186 5393 11.
1230 5337 1452 5394 Accedit
1498 5337 1685 5390 charta

108 5408 174 5495 de
212 5410 563 5495 Qruisponte,
595 5427 846 5495 qua,_'eo
873 5412 1106 5495 vivente,
1138 5411 1429 5495 data'esse
1450 5405 1685 5495 videtur.

109 5480 308 5536 Contra
350 5480 718 5539 Theodericus
745 5482 787 5535 ll
821 5483 1135 5537 nominatur
1160 5481 1214 5535 in
1250 5480 1541 5535 donatione
1584 5480 1685 5531 Ba-

110 5551 309 5621 ginoldi
336 5569 425 5621 ap.
471 5553 626 5609 Mart.
660 5562 714 5608 et
744 5553 876 5608 Dur.
924 5553 965 5619 1,
999 5554 1123 5621 519,
1166 5567 1286 5621 qua
1321 5552 1446 5604 data
1480 5556 1563 5603 est
1585 5562 1685 5621 an.

145 5616 415 5699 086,_ind.
448 5643 504 5693 Χ,
534 5640 681 5699 anno
701 5616 960 5699 ⁸ιῖιιὶιίιψῖ
982 5616 1132 5699 xxvj,
1181 5616 1429 5699 Rainoldi
1459 5635 1556 5699 ut;

111 5688 406 5751 Bainoldus
450 5688 593 5753 anno
624 5695 755 5751 1091
786 5688 915 5751 σι’ᾱῖ
934 5713 1047 5752 sua
1076 5688 1456 5750 7'numerabat
1496 5688 1690 5747 (Gallia

109 5760 237 5829 ειη,
267 5765 335 5838 Χ,
365 5767 525 5843 51)εῑ
547 5769 658 5829 ind.
696 5784 728 5825 ε
759 5770 1012 5826 convenit
1040 5783 1168 5833 cum
1189 5783 1240 5828 a.
1281 5763 1437 5829 1087.

400 5475 787 5539 heoderi'cus'll
821 5475 1135 5537 nominatur
1160 5481 1214 5535 in
1250 5479 1541 5535 donatione
1584 5475 1692 5531 Ra-

1869 4981 2018 5052 (150)
2055 4981 2340 5055 Dominica
2360 4992 2488 5055 erat
2514 4983 2654 5055 Aug.
2697 4984 2788 5040 22.
2821 4983 2983 5041 Teste
3010 4993 3230 5043 auctore
3250 4986 3388 5047 Vita

1798 5068 1958 5139 mane
1980 5054 2132 5139 venit
2182 5060 2237 5108 et
2284 5054 2409 5109 inde
2455 5055 2552 5139 die
2585 5054 2790 5139 quarta.
2813 5066 3067 5139 mortuus
3097 5066 3214 5139 _est_,
3262 5061 3382 5116 scil.

1794 5124 1935 5200 gug.
1975 5123 2085 5200 25;
2136 5140 2449 5200 quanquam
2473 5126 2565 5200 ibi
2598 5123 2652 5180 in
2690 5128 2818 5200 cod_._
2844 5127 3073 5200 Alnensi
3097 5129 3293 5200 legitur
3328 5149 3386 5188 ιι

1796 5192 1915 5269 11εῶ
1972 5192 2347 5269 Septembris.
2384 5193 2489 5269 Sed
2535 5197 2588 5269 d.
2640 5213 2735 5269 vin
2770 5196 2897 5269 iKal.
2953 5197 3102 5269 Sept.
3149 5192 3385 5258 tuentur

1794 5262 2371 5341 13ec_r._SfMaximini.
2407 5265 2612 5323 Honth.
2642 5266 2861 5338 Prodr.,
2887 5285 2943 5341 p.
2967 5262 3072 5327 985
3094 5279 3150 5327 et
3167 5270 3384 5331 Missale
3480 5330 3483 5337 .

1797 5334 2031 5404 Stabul.,
2060 5352 2164 5392 ms.

1864 5407 2013 5547 $151)
2055 5406 2331 5477 Montaigu
2364 5407 2507 5465 inter
2530 5407 2790 5465 Leodium
2820 5418 2875 5467 et
2896 5410 3114 5469 Hoinm.

1891 5477 2015 5547 152)
2053 5477 2170 5534 Mos
2212 5480 2413 5547 quippe
2448 5480 2707 5547 antiquus
2740 5481 2843 5537 fuit
2879 5493 2937 5539 ut
2977 5484 3114 5539 abba

1839 5477 2170 5559 .(152)7.Mos
2212 5480 2413 5559 quippe
2448 5480 2707 5559 antiquus
2740 5481 2843 5559 fuit
2879 5493 2937 5539 ut
2977 5484 3201 5559 abhates
3244 5501 3370 5540 non-

1795 5549 1913 5625 nisi
1937 5549 2091 5604 tertia
2130 5559 2253 5625 post
2291 5549 2628 5625 obitumhdie
2676 5555 2970 5625 sepultura
3011 5555 3378 5623 traderentur,

1793 5628 1856 5674 ut
1883 5621 2380 5698 demonstravimus
2415 5623 2593 5698 inAlih:
2623 5640 2657 5679 v
2683 5621 2757 5680 De
2796 5626 3037 5698 antiquis
3075 5621 3371 5689 monachm

1796 5706 1917 5747 rum
1957 5690 2154 5749 ritibus
2181 5708 2229 5749 c.
2260 5693 2345 5761 12,
2374 5710 2429 5749 n.
2456 5691 2508 5750 6.
2538 5692 2717 5757 Mur.
