3902 6286
832 254 923 277 -ι-μΐ”

506 303 653 369 1595

1537 256 1935 357 CHRONICON
1974 298 2032 355 s.
2074 294 2381 354 nuarum
2415 297 2738 358 summa.

3658 301 3776 362 5%

500 430 770 486 honorem
791 425 969 481 beatae
990 429 1046 477 et
1064 419 1315 492 gloriosa;
1355 422 1572 489 semper
1611 418 1841 490 virginis
1882 417 2086 473 Maria}.
2117 419 2168 481 Α
2264 420 2353 474 55.
2393 418 2532 490 (69.)
2574 418 2874 491 Episcopus
2901 426 3083 475 autem
3114 433 3265 475 circa
3308 431 3507 475 .oeum
3530 432 3604 474 ex
3630 423 3775 479 veteri

499 522 675 593 Cujus
694 510 1016 587 obsequium
1041 528 1167 569 cum
1195 512 1485 582 episcopus
1509 511 1598 566 vix
1624 512 1883 581 expleret,
1926 510 2088 566 lacri-

500 615 611 669 mis
636 622 689 668 et
712 609 915 680 gemitu
947 610 1137 661 vocem
1167 605 1288 676 ejus
1313 604 1731 669 iutercludentc,
1771 602 2088 663 incredibile

498 704 771 761 videbitur
814 700 1051 771 posteris
1108 700 1162 754 in
1211 707 1447 770 quantos
1498 698 1748 768 planctus
1791 712 1982 752 omnes
2029 711 2089 752 se

501 796 903 862 suscitaret-int,
929 795 1259 866 quantisque
1280 791 1611 849 clamet-ibus
1638 790 1812 847 dolori
1850 791 1908 846 in
1937 802 2089 847 com-

502 904 667 947 mune
697 890 1097 947 satisfacerent.

574 982 662 1038 δι.
705 983 842 1054 (68.)
880 981 958 1038 Eo
1001 982 1221 1038 laudent
1284 980 1519 1050 sepulto,
1562 977 1851 1049 episcopus
1895 976 2092 1035 obtulit

500 1078 762 1133 fratribus
782 1076 1014 1147 eligendi
1051 1075 1262 1129 abbatis
1291 1073 1585 1143 optionem,
1614 1080 1945 1142 protestatus
1966 1070 2092 1127 inde

503 1172 649 1225 nolle
693 1172 967 1235 recedere,
1002 1169 1110 1223 nisi
1150 1169 1230 1222 eis
1265 1167 1387 1221 loco
1417 1164 1658 1221 defuncti
1682 1164 1961 1220 ordinaret
1991 1179 2089 1234 pa-

504 1273 665 1317 trem.
702 1260 972 1315 Convenit
1008 1259 1060 1314 in
1105 1264 1271 1315 unam
1306 1258 1631 1315 sententiam
1655 1267 1707 1312 et
1728 1254 1957 1311 fratrum
1983 1256 2092 1311 cle-

502 1354 613 1407 ctio
641 1364 693 1408 et
730 1351 1019 1409 curialium
1065 1351 1343 1406 attestatio
1364 1359 1418 1404 ct
1439 1348 1717 1419 popularis
1746 1347 2089 1415 acclamatio,

500 1446 811 1501 donatidam
838 1446 1085 1501 eamdem
1112 1445 1382 1500 abbatiam
1408 1443 1744 1498 Theoderico
1764 1441 2088 1512 prreposito;

506 1540 653 1609 quod
682 1540 808 1594 licet
851 1538 938 1594 ille
967 1540 1245 1594 videretur
1270 1537 1451 1602 reniti,
1485 1551 1652 1606 seque
1691 1534 1953 1590 fateretur
1983 1550 2091 1598 non

505 1631 798 1687 convenire
834 1641 1000 1687 tanta:
1044 1630 1431 1700 assumptioni,
1476 1630 1613 1685 adeo
1655 1630 1886 1691 increvit
1924 1631 2095 1685 semel

501 1735 719 1782 emotus
749 1725 995 1780 omnium
1026 1724 1179 1779 favor
1214 1723 1278 1790 ⁸⁸,
1312 1732 1373 1778 nt
1396 1724 1462 1778 dc
1494 1739 1555 1778 re
1577 1725 1786 1795 agenda
1836 1738 1939 1779 nec
1988 1725 2092 1795 ipsi

502 1828 801 1875 retractare
836 1817 1023 1874 liceret
1051 1819 1325 1889 episcopo.
1364 1816 1595 1887 Jamque
1636 1818 1839 1873 donata
1877 1817 2092 1873 abbatia

503 1926 775 1982 quassans
796 1913 841 1943 θ’
864 1919 1045 1980 caput,
1072 1924 1194 1965 cum
1218 1924 1328 1980 pm
1350 1910 1711 1965 admiratione
1733 1910 2094 1967 familiaribus

506 2005 622 2059 suis
672 2004 1001 2069 enuntiaret,
1043 2004 1177 2058 tanti
1214 2002 1418 2058 favoris
1453 2004 1748 2059 clamorem
1798 2004 1991 2060 timere
2036 2019 2096 2060 se

505 2097 559 2150 in
586 2105 865 2167 posterum
910 2097 1143 2167 alicujus
1182 2097 1390 2151 sinistri
1421 2097 1657 2167 portenti
1691 2095 1824 2151 fore.
1866 2095 1971 2152 Sed
2000 2111 2096 2152 ne-

505 2204 611 2260 que
633 2188 753 2257 ejus
790 2189 931 2244 hanc
975 2184 1407 2244 enuntiationem
1435 2198 1662 2243 eventus
1699 2187 1906 2253 fefellit,
1934 2198 2008 2257 et,
2036 2197 2097 2245 ut

507 2297 609 2337 suo
639 2283 760 2335 loco
786 2282 1014 2345 dicetur,
1043 2293 1140 2352 per
1168 2292 1449 2337 accessum
1480 2282 1740 2352 temporis
1765 2282 1909 2353 quod
1942 2296 2096 2338 vere-

507 2375 668 2429 batur
690 2372 905 2427 aecidit.
948 2368 1318 2427 Theodericus
1348 2388 1479 2428 vero
1510 2364 1850 2428 riiceulentcm
1877 2373 2093 2444 cpisco-

503 2481 633 2535 pttnt
668 2472 1010 2534 prosccutus,
1038 2475 1092 2521 et
1121 2464 1191 2522 ab
1221 2482 1286 2522 eo
1320 2481 1387 2522 ex
1418 2481 1572 2523 more
1609 2468 1660 2523 iu
1685 2467 1933 2523 abbatem
1963 2483 2097 2524 cou-

507 2564 775 2623 seeratus,
830 2557 884 2611 in
940 2554 1198 2613 Kalendis
1247 2556 1583 2629 Septembris
1631 2568 1891 2630 exceptus
1936 2568 2022 2615 est
2064 2574 2098 2614 a

506 2646 768 2704 fratribus
796 2649 1040 2705 heta'ntcr
1074 2650 1148 2704 illi
1181 2651 1619 2720 procedentibus.
1661 2651 1801 2718 Quia
1847 2666 1998 2723 ergo,
2039 2660 2098 2706 ut

512 2742 587 2797 ait
613 2742 836 2813 quidam
870 2742 1041 2814 (133),
1084 2744 1303 2800 diﬂiciie
1338 2744 1626 2815 imperium
1678 2744 1959 2813 retinetur,
1980 2745 2097 2802 nisi

506 2835 713 2891 eisdem
744 2835 959 2892 artibus
984 2836 1187 2908 quibus
1215 2846 1270 2892 et
1292 2848 1518 2907 paratur
1546 2857 1560 2894 :
1592 2839 1707 2910 ipse
1735 2840 1915 2895 adhuc
1946 2838 2099 2895 rudis

507 2944 654 2983 cura:
678 2930 986 2998 pastoralis,
1028 2939 1218 3001 ξείνοιο
1243 2938 1471 2988 eotcnus
1510 2942 1763 2990 assuetus
1809 2932 2097 3004 providen-

511 3036 601 3081 tue
633 3028 911 3094 exteriori,
938 3028 1253 3085 recordatus
1288 3030 1506 3086 tamlcm
1549 3030 1675 3101 quis
1725 3030 1884 3085 fuerit
1909 3030 2101 3101 quisve

507 3135 575 3174 ex
599 3126 881 3189 assumpto
910 3118 1088 3176 cilicio
1114 3130 1401 3194 cogeretur
1420 3122 1531 3192 jam
1559 3122 1695 3189 fieri,
1723 3123 1985 3178 nimirum
2015 3124 2101 3179 in-

508 3214 658 3267 venit
684 3226 743 3269 se
778 3214 942 3269 nimis
972 3214 1238 3284 imparem
1266 3214 1507 3287 impositi
1539 3215 1641 3271 sibi
1669 3216 1883 3283 oneris;
1914 3226 1969 3272 et
2002 3217 2099 3288 qui

506 3306 794 3361 videbatur
820 3308 971 3377 prius
992 3307 1151 3378 quasi
1178 3306 1232 3362 in
1261 3309 1422 3379 plano
1445 3310 1674 3365 firmiter
1694 3319 1860 3376 stare,
1887 3312 1938 3366 in
1962 3326 2100 3382 prae-

512 3396 660 3465 cipiti
692 3397 804 3465 jam
840 3399 974 3466 pede
1000 3401 1177 3467 posito
1205 3401 1371 3470 coepit
1413 3403 1553 3470 apud
1591 3417 1650 3457 se
1695 3404 1929 3473 graviter
1975 3405 2102 3460 litu-

510 3489 661 3542 bare.
698 3485 880 3559 hnpos
904 3503 1034 3561 ergo
1059 3488 1279 3557 suimet,
1319 3492 1543 3563 vestigia
1572 3495 1654 3549 sui
1685 3495 2103 3565 prtedccessoris

510 3582 640 3638 licet
672 3591 972 3653 utcumque
1009 3591 1304 3638 conaretttr
1340 3586 1620 3655 prosequi,
1658 3587 1808 3642 nullo
1839 3589 2000 3645 modo
2024 3599 2104 3645 ta-

512 3690 636 3728 men
695 3674 977 3744 praevaluit
1021 3676 1260 3745 assequi,
1297 3685 1352 3732 et
1387 3674 1568 3735 laxato
1616 3680 1874 3751 paulatim
1927 3682 2105 3754 rigore

512 3762 835 3837 disciplimr,
866 3782 977 3838 quo
1002 3766 1093 3825 ille
1124 3769 1360 3826 maxime
1384 3769 1553 3843 viguit
1591 3771 1656 3828 ad
1700 3773 1946 3844 gloriam,
1972 3777 2104 3832 dum

514 3873 572 3915 sc
595 3860 717 3930 plus
738 3859 890 3930 justo
916 3859 1229 3933 quibusque
1253 3862 1541 3921 inclinaret
1569 3866 1726 3938 quasi
1755 3867 1821 3921 ad
1850 3866 2102 3938 gratiam,

516 3952 573 4008 in
608 3953 755 4009 brevi
783 3952 998 4011 devenit
1026 3954 1093 4011 ad
1121 3966 1490 4028 contemptum
1537 3972 1635 4029 per
1681 3960 2104 4018 familiaritatem

513 4046 761 4102 nimiam.
804 4045 1005 4104 Veiens
1048 4047 1285 4121 denique
1333 4050 1504 4105 amari
1542 4066 1606 4107 ex
1653 4051 2029 4109 benevolentia
2075 4069 2106 4109 a

511 4141 714 4215 quibus
739 4140 1019 4201 debuisset
1046 4143 1225 4200 timeri
1264 4159 1329 4200 ex
1370 4145 1596 4202 honoris
1624 4148 1945 4211 reverentia,
1973 4148 2103 4204 dum

515 4234 828 4307 quibusque
866 4237 1233 4295 indifferenter
1267 4246 1324 4293 ct
1359 4237 1668 4295 inconsuite
1693 4238 1739 4272 "°
1769 4241 2110 4312 promitteret

517 4329 786 4401 speranda
812 4340 933 4401 qua:
962 4330 1213 4387 conferre
1236 4344 1344 4387 non
1373 4342 1603 4403 poterat,
1646 4332 1795 4404 ipsos
1824 4333 1984 4390 etiam
2017 4350 2109 4391 vc-

518 4428 663 4478 teres
708 4422 917 4479 ainicos
965 4436 1097 4479 suos
1127 4422 1229 4479 sibi
1270 4423 1441 4496 gratis
1485 4423 1836 4494 inimicabat;
1871 4425 2109 4482 maxima

2190 514 2274 584 pia
2307 514 2701 569 consuetudine
2746 514 3030 580 sollicitus,
3063 530 3189 569 cum
3222 514 3447 569 audiret
3489 530 3522 568 a
3564 515 3771 585 quiim-

2189 607 2316 663 tla'm
2346 622 2468 676 qua:
2493 606 2816 677 gerebantur
2859 609 3007 662 inter
3051 608 3305 665 abbatem
3359 617 3417 662 et
3469 607 3693 673 fratres,
3728 620 3772 664 et

2192 701 2378 756 audita
2424 700 2783 756 diSSimulans
2826 715 3027 767 nosse,
3080 702 3273 757 eadem
3328 712 3595 772 speraret
3628 708 3779 761 ceni-

2191 793 2363 864 genda
2393 792 2475 848 vel
2502 801 2747 863 tempore
2774 793 2856 849 vel
2886 793 3115 861 ratione,
3140 793 3304 865 idque
3337 792 3584 848 minime
3610 810 3779 864 prove-

2192 884 2353 950 niret,
2383 885 2694 955 indignatus
2718 885 2937 941 sibimet
2965 902 3129 956 super
3162 887 3257 941 tali
3286 888 3655 943 ordinatione
3672 905 3780 945 cum

2192 992 2430 1033 tumere
2456 978 2606 1049 gravi
2644 997 2656 1032 :
2693 976 2845 1045 Ecce,
2884 978 3078 1050 inquit,
3126 980 3269 1050 quod
3313 980 3547 1034 merebar
3580 983 3781 1049 accidit,

2190 1084 2307 1127 ecce
2336 1087 2496 1142 quam
2516 1071 2704 1141 infelix
2732 1073 2906 1145 caritas
2929 1086 2993 1127 ex
3023 1082 3131 1126 tam
3162 1073 3307 1126 (retis
3334 1074 3560 1127 initiis!
3584 1072 3693 1129 Nec
3714 1086 3784 1130 ta—

2194 1184 2318 1223 men
2351 1167 2607 1234 abstitit,
2647 1167 2779 1237 quin
2813 1167 3009 1237 Saepius
3040 1168 3223 1222 locum
3254 1169 3558 1231 reviseret,
3607 1168 3785 1225 fratres

2192 1261 2485 1332 corrigeret
2511 1302 2526 1325 ,
2578 1275 2670 1314 res
2715 1260 2959 1315 ecclesize
2994 1275 3062 1314 ne
3113 1260 3514 1316 minuerentur
3540 1264 3785 1317 attentius

2192 1363 2431 1415 curaret,
2463 1352 2713 1408 abbatem
2746 1352 2800 1406 in
2832 1352 3033 1417 quibus
3061 1368 3188 1407 eum
3216 1353 3676 1418 deum-hendebat
3698 1357 3785 1409 mi-

2189 1458 2299 1503 nus
2338 1447 2582 1502 sullicere
2631 1460 2732 1501 suo
2782 1445 3011 1499 consilio
3059 1456 3115 1499 et
3163 1446 3381 1499 auxilio
3437 1459 3783 1503 sustentata.

2188 1540 2367 1611 Cujus
2408 1540 2497 1594 ille
2528 1540 2698 1593 vivaci
2732 1538 3019 1594 sedulitate
3069 1537 3335 1601 refectus,
3368 1556 3399 1593 a
3432 1554 3545 1592 suo
3575 1542 3666 1593 illo
3687 1556 3786 1609 quo

2194 1633 2527 1704 gravabatur
2550 1631 2690 1702 apud
2720 1644 2779 1686 se
2807 1632 3018 1689 defectu
3048 1632 3213 1701 eti-pit
3236 1632 3597 1686 constantior
3618 1635 3787 1687 bal-eri

2196 1720 2252 1778 in
2302 1723 2409 1777 hiis
2456 1736 2579 1793 qum
2625 1723 2865 1777 curanda
2920 1724 3278 1793 susceperat,
3323 1733 3382 1777 et
3409 1738 3541 1792 qua:
3569 1727 3787 1793 priusut

2196 1816 2475 1885 inexperta
2503 1815 2609 1870 sub
2636 1814 2873 1885 quadam
2902 1815 3228 1871 lassitudine
3254 1813 3621 1881 fastidiebat;
3660 1819 3787 1871 unde

2192 1922 2258 1964 ea
2291 1924 2414 1979 qum
2443 1918 2598 1962 erant
2645 1907 2891 1963 ecclesim
2938 1924 3043 1962 non
3077 1909 3260 1964 solum
3305 1910 3531 1965 retinnit
3554 1952 3570 1975 ,
3620 1911 3714 1965 sui
3740 1923 3791 1965 et

2190 2001 2449 2074 quaedam
2483 2017 2583 2058 sua
2623 2001 2890 2056 industria
2918 2002 3210 2072 acquirere
3237 2004 3467 2057 studuit.

2194 2120 2199 2125 λ
2267 2099 2357 2154 56.
2401 2098 2536 2167 (70.)
2585 2098 2816 2165 Quidam
2873 2098 3069 2153 nobilis
3119 2097 3424 2168 Sigefridus
3451 2114 3575 2152 eum
3606 2112 3779 2154 nvom

2192 2206 2295 2248 sua
2329 2191 2685 2247 condivcrunt
2738 2191 2838 2245 sibi
2890 2190 3135 2245 invisere
3175 2191 3468 2245 ecclesiam
3494 2192 3639 2244 beati
3668 2190 3790 2244 “no

2198 2285 2334 2341 berti
2365 2284 2535 2354 gratia
2569 2283 2867 2345 orationis:
2900 2283 2990 2354 qui
3023 2284 3092 2337 ah
3119 2284 3325 2337 abbate
3356 2285 3585 2337 honeste
3614 2298 3791 2338 susceo

2192 2375 2273 2446 pti
2302 2416 2317 2441 ,
2370 2375 2678 2445 ibidemque
2728 2390 2822 2445 per
2869 2374 3106 2429 triduum
3159 2375 3386 2435 retin-ti,
3422 2390 3529 2443 pro
3558 2375 3787 2444 impensa

2191 2468 2301 2524 sibi
2354 2467 2726 2524 benevolentia
2784 2467 3029 2534 inducti,
3081 2467 3352 2521 allodinm
3419 2469 3492 2521 ile
3546 2467 3787 2521 Sint-eui.

2192 2561 2319 2617 vhcis
2350 2561 2498 2629 (Ilii)
2524 2603 2538 2627 ,
2589 2561 2732 2631 quod
2762 2571 2876 2614 erat
2904 2575 3094 2614 corum
3113 2601 3129 2625 ,
3178 2559 3441 2614 ccclesi.e
3472 2562 3785 2619 οιιιιιιειτπηι,

2198 2654 2397 2726 partim
2428 2654 2601 2726 gratis
2649 2654 2960 2708 donandum
2983 2694 2997 2719 ,
3032 2653 3231 2724 partim
3269 2655 3343 2707 ah
3368 2654 3463 2707 eis
3494 2655 3779 2707 t‘tm'ftxiltll.

2192 2747 2435 2804 (Gavisus
2466 2748 2634 2803 abbas
2669 2762 2729 2802 se
2777 2747 3051 2802 invenisse
3103 2748 3594 2817 opportunitatem
3648 2748 3786 2815 turias

2202 2843 2622 2915 acquisitionis,
2674 2842 2960 2897 duodecim
3032 2855 3250 2897 marcas
3323 2841 3547 2908 argenti
3596 2844 3705 2894 viro
3742 2851 3785 2894 et

2202 2938 2360 2992 uxori
2385 2937 2504 3008 ejus
2527 2945 2818 3007 antequam
2856 2936 3163 2991 recederent
3199 2936 3497 3005 appendit.
3527 2946 3582 2990 et
3616 2934 3783 3003 ειηκῆ-

2202 3040 2347 3086 ctam
2396 3030 2799 3101 possessionem
2833 3040 2957 3084 cum
3008 3028 3216 3083 familia
3272 3038 3329 3082 et
3364 3028 3642 3082 autumas
3688 3031 3785 3096 eius

2204 3124 2530 3194 appenditiis
2558 3123 2801 3179 ecclesia:
2824 3123 2877 3177 in
2909 3132 3227 3194 perpetuum
3266 3122 3527 3193 legatitcr
3552 3122 3785 3174 «lanata:

2205 3218 2462 3290 optinuit.

2272 3313 2359 3371 57.
2402 3314 2540 3384 (7L)
2579 3313 2885 3384 Stephanus
2934 3313 3270 3370 castellanos
3320 3310 3670 3366 Moatisarnti
3706 3326 3795 3364 ra-

2200 3416 2355 3463 satus
2384 3415 2500 3461 erat
2526 3400 2789 3471 ecclesiae,
2823 3414 3087 3478 quantum
3118 3402 3187 3459 ad
3238 3405 3392 3461 ﬁlios
3418 3416 3471 3457 et
3498 3405 3637 3457 tilias
3664 3402 3786 3455 onl-

2202 3499 2314 3555 lum
2349 3501 2553 3555 habens
2582 3499 2857 3554 heredem.
2888 3499 3060 3568 Cujus
3086 3496 3383 3553 hereditati
3424 3510 3550 3553 eum
3584 3507 3786 3565 nepotes

2202 3592 2351 3649 illius
2381 3593 2678 3657 inhiarent,
2708 3593 2877 3648 abbas
2897 3600 3278 3647 casamcntum
3304 3592 3462 3661 quod
3484 3601 3613 3645 erat
3640 3590 3787 3643 certe.

2205 3686 2301 3742 sia:
2328 3685 2395 3740 ab
2423 3685 2612 3740 eodem
2652 3684 2927 3756 Stephano
2955 3680 3203 3748 redemit,
3232 3692 3290 3738 et
3327 3694 3463 3737 ante
3494 3683 3787 3752 quinqua-

2208 3780 2359 3836 nium
2388 3780 2579 3835 mortis
2604 3780 2722 3851 ejus
2771 3774 3038 3835 redditum
3077 3778 3182 3834 sibi
3225 3777 3590 3833 inﬁrmorum
3620 3776 3790 3830 usibus

2204 3873 2500 3944 deputavit.
2542 3872 2851 3929 Eiliﬁeavit
2895 3881 3154 3943 prrterea
3206 3871 3556 3941 hospitalem
3590 3870 3784 3923 domm

2207 3966 2273 4021 ad
2300 3966 2702 4037 susceptionem
2741 3964 3245 4035 Supervenientiunt
3300 3963 3724 4031 peregrinorum
3748 3971 3794 4011 ct

2207 4060 2646 4131 repausationcm
2682 4059 3022 4113 infirmorum
3049 4069 3378 4127 pauperum,
3403 4057 3693 4124 deputans
3718 4052 3794 4105 titi-

2207 4152 2328 4208 dem
2372 4152 2701 4209 molendinis
2752 4152 3030 4208 Caviniaei
3086 4151 3199 4205 tisri
3233 4149 3302 4203 ad
3341 4164 3519 4207 nsum
3578 4155 3795 4203 illum.

2207 4243 2507 4300 Constituit
2529 4245 2691 4300 etiam
2721 4243 2987 4313 integrant
3016 4244 3364 4313 prrbcndant
3391 4242 3689 4297 mmntnni
3708 4242 3801 4292 ira.

2208 4345 2352 4393 trum
2389 4338 2702 4394 clenni‘sina‘.
2731 4336 2975 4407 quotidie
3021 4328 3324 4389 adiendum
3378 4336 3452 4390 ad
3511 4336 3800 4390 medium

2211 4431 2518 4487 animarum
2571 4430 2730 4493 huius
2785 4428 3221 4500 congregatitmis
3278 4428 3621 4497 specialiter
3660 4430 3803 4482 «iw:-

516 4515 663 4571 enim
703 4516 790 4571 εδει
828 4514 957 4586 pars
999 4514 1268 4584 beneficii,
1305 4518 1351 4573 si
1397 4517 1507 4573 cito
1546 4530 1776 4590 negatur
1814 4520 1957 4590 quod
2003 4534 2108 4576 non
2142 4530 2189 4590 ο
2219 4536 2421 4580 natam.

517 4609 757 4665 dandum
795 4610 1131 4681 promittitur
1159 4610 1423 4681 (illacuou.
1465 4611 1581 4667 Sat.
1616 4629 1672 4680 ll,
1705 4613 1778 4685 7),
1810 4616 1865 4669 ct
1893 4614 2106 4671 anticus

516 4699 592 4755 ita
626 4700 788 4756 debet
822 4701 1032 4768 haberi,
1086 4702 1147 4756 'ut
1198 4704 1415 4773 putetur
1458 4702 1714 4759 inimicus
1756 4720 1918 4776 posse
1969 4706 2103 4762 fieri.

520 4792 676 4850 Unde
702 4811 827 4851 cum
857 4795 999 4850 inter
1027 4811 1152 4851 eum
1180 4806 1233 4851 ct
1262 4796 1363 4851 sibi
1395 4796 1721 4853 commissos
1753 4798 2109 4855 suscitaretur

520 4885 781 4960 frequens
821 4887 1114 4955 dissensio,
1165 4887 1232 4943 ad
1272 4888 1375 4944 hoc
1416 4904 1589 4960 usque
1629 4890 1876 4961 prorupit
1916 4902 2106 4946 eorum

524 4976 711 5036 mutua
743 4977 1064 5052 indignatio,
1088 4982 1169 5049 ut,
1201 4978 1413 5052 privato
1452 4981 1791 5054 germinautc
1837 4980 1978 5038 inter
2016 4998 2110 5040 eos

525 5073 672 5141 odio,
702 5080 1073 5133 suc‘crcscerct
1101 5074 1156 5131 in
1186 5080 1464 5148 pestcrum
1502 5074 1713 5148 publica
1745 5074 1915 5146 ipsius
1941 5077 2114 5134 cet-le-

526 5166 624 5223 sire
646 5168 883 5226 maxima
908 5169 1182 5227 confusio.
1227 5168 1331 5227 Stal
1359 5168 1428 5226 de
1457 5169 1566 5227 hiis
1592 5167 1807 5225 interim
1841 5168 2112 5224 intermit-

529 5258 771 5316 tendum.

2283 4617 2371 4671 58.
2410 4616 2547 4683 (τε.)
2587 4613 2990 4671 Ilecimatotius
3016 4614 3472 4668 Amln-rlacensis
3513 4616 3642 4668 lisci
3682 4616 3807 4665 vide

2209 4711 2337 4766 licet
2364 4698 2889 4772 indutuinicatiunis,
2912 4718 3028 4761 erat
3055 4707 3217 4760 sua"
3257 4706 3526 4760 ecclesiae
3560 4724 3693 4776 qua:
3726 4719 3811 4757 sua

2213 4816 2294 4860 est
2326 4802 2377 4857 in
2418 4802 2615 4855 Anthra
2648 4800 2786 4856 beati
2816 4796 2953 4854 l'etri
2983 4798 3237 4868 apostoli.
3261 4808 3313 4851 et
3348 4799 3463 4852 bne
3506 4816 3542 4852 ει
3582 4812 3813 4865 ταιῳςππέ

2214 4895 2456 4965 ileregisi
2484 4895 2717 4959 abbatis,
2755 4894 2899 4949 dono
2928 4893 3098 4962 l'tpini
3131 4893 3219 4962 qui
3251 4904 3368 4947 erat
3410 4895 3607 4961 major
3636 4896 3813 4945 domes

2214 4982 2537 5043 Tumtum
2573 4987 2737 5058 regis.
2775 4985 3040 5056 Tempore
3085 4996 3264 5039 autem
3297 4983 3562 5040 αἰειιῆτὶιὶ
3594 4998 3787 5054 ωηιξη

2216 5080 2351 5137 toris
2402 5087 2764 5152 cognmnento
2816 5077 2936 5143 l'ii,
2982 5076 3066 5133 (ni
3129 5078 3387 5131 heredem
3436 5090 3555 5131 non
3610 5074 3807 5130 babenti

2208 5170 2528 5230 Conrardus
2564 5172 2616 5229 iu
2660 5186 2887 5243 regnum
2920 5172 3204 5233 successit,
3248 5169 3621 5240 Cunegomhs
3651 5182 3803 5224 (ean:-

2216 5262 2370 5333 tissa,
2403 5270 2524 5338 qua:
2555 5264 2731 5321 fuerat
2765 5262 2925 5321 unica
2968 5261 3265 5320 Gozclonis
3298 5262 3537 5320 comitis
3565 5259 3802 5319 donni-a-

1816 5388 2049 5455 VMUAS
2090 5395 2487 5455 LECTIONI‘ZS.

602 5512 649 5548 ⁸⁸
690 5511 902 5587 clamor
959 5530 1219 5587 superscr.
1270 5515 1354 5574 vel
1397 5512 1553 5571 favor
1585 5513 1637 5571 l.

435 5642 450 5674 ν
531 5585 780 5662 propria.

611 5786 764 5858 (135)
798 5783 1114 5855 Sallustius,
1143 5784 1328 5851 Catil.,
1354 5802 1403 5843 e.
1431 5788 1487 5844 2.

1755 5504 1798 5548 ⁸³
1846 5508 1972 5584 fort.
2023 5510 2321 5584 quassabat
2378 5510 2651 5583 legendum
2695 5521 2793 5569 est.
2831 5511 2848 5581 ἲ.

3569 5502 3692 5564 "i

2932 5509 2982 5545 "
3032 5508 3072 5569 i.
3102 5504 3236 5570 dum
3268 5522 3322 5585 p.
3359 5504 3413 5571 i.
3484 5560 3495 5571 .

2038 5674 2264 5736 NOTAE.

2293 5790 2439 5858 (liii)
2483 5786 2714 5848 Mor/tes.
2746 5778 2811 5842 11.
