3902 6286
208 299 348 357 1597

1231 292 1625 351 CHRONICON
1667 293 1726 349 S.
1768 292 2074 350 HUBERTI
2113 293 2436 351 ANDAGIN.

3329 299 3470 359 1598

207 412 342 471 toris
367 409 609 480 ejusdem
638 407 776 475 ﬁsci,
805 404 989 463 (ηιοηὶ
1015 407 1229 462 cuidam
1263 407 1534 463 Saxonico
1569 409 1784 478 nupsit,
1817 410 1863 466 Α
1886 407 2182 463 Gaviniaco
2224 408 2476 480 superius
2519 410 2834 466 memoratis
2862 409 3047 482 (156),
3093 425 3283 469 eorum
3319 417 3472 472 testi-

201 508 346 563 inter
381 517 520 573 quos
551 505 840 558 inhonesto
879 504 1113 558 divortio
1153 505 1453 568 eveniente,
1494 504 1639 572 quod
1675 513 1784 557 nan

204 608 287 655 est
315 606 562 653 nostrum
600 608 972 664 renumerare,
1002 611 1164 651 omne
1195 597 1582 666 patrimonium
1605 595 1785 651 Cunc-

205 692 402 764 gnndis
429 692 544 761 lege
574 691 814 760 palatina
837 691 1050 746 devenit
1080 691 1133 744 in
1164 705 1384 743 manum
1417 691 1779 760 imperatoris.

201 785 474 838 Henricus
523 793 704 838 autem
741 784 1037 853 imperator
1090 783 1233 837 ﬁlius
1276 782 1542 836 Conrardi
1585 784 1783 853 prmdi-

201 884 352 932 etum
391 875 582 930 ﬁscum
613 891 738 929 cum
779 883 961 929 castro
989 875 1133 944 quod
1169 874 1370 927 dicitur
1410 873 1591 944 Rupes
1622 873 1782 928 Sere-

200 968 388 1022 manni
429 966 554 1021 duci
580 965 866 1021 Frederico
893 965 1160 1020 mutuavit
1186 980 1284 1035 pro
1311 959 1636 1034 quibusdam
1666 967 1785 1036 ejus

195 1059 664 1132 possessionibus,
692 1075 814 1129 quae
839 1059 893 1113 in
922 1058 1159 1113 Saxonia
1187 1058 1608 1127 opportuniores
1631 1069 1786 1114 erant

197 1152 301 1207 sibi
325 1169 338 1216 ;
367 1151 460 1206 sed
489 1160 542 1206 et
563 1151 937 1222 Cunegnndis,
968 1152 1109 1222 apud
1135 1144 1423 1205 ecclesiam
1465 1152 1610 1206 beati
1641 1151 1782 1208 Petri

193 1241 282 1296 vel
306 1240 534 1296 Huberti
563 1243 796 1307 reclusa,
826 1257 1012 1296 coram
1038 1241 1195 1295 altari
1236 1242 1410 1296 sancti
1447 1241 1664 1296 Martini
1696 1259 1784 1297 sa-

195 1335 267 1388 tis
295 1335 638 1388 continenter
666 1336 741 1389 ibi
774 1335 964 1389 vivens
991 1343 1116 1405 post
1154 1335 1372 1404 longam
1408 1335 1783 1404 paenitentiam

193 1426 248 1482 in
274 1425 495 1482 Christo
528 1429 753 1496 auievit,
785 1437 838 1484 et
867 1431 1076 1500 sepulta
1105 1439 1189 1485 est
1218 1432 1434 1500 juxta"
1467 1447 1664 1500 corpus
1688 1447 1784 1500 pa-

192 1518 296 1572 tris
337 1534 423 1572 sun
469 1517 776 1574 Gozeltmis.
806 1519 940 1586 Quae
971 1521 1148 1576 adhuc
1176 1531 1452 1590 superstes
1496 1523 1624 1575 dum
1671 1523 1781 1575 fre-

193 1616 553 1676 quentaretur
583 1624 614 1662 a
638 1610 774 1664 duce
803 1609 1089 1664 Frederieo
1136 1612 1309 1680 gratia
1360 1613 1623 1679 caritatis,
1662 1614 1783 1683 ejus

120 1695 127 1702 ’
193 1697 541 1768 suggestione
575 1701 717 1754 idem
750 1702 860 1755 dux
892 1703 1205 1771 prredictam
1239 1704 1505 1758 decimam
1537 1707 1781 1761 ecclesiae

189 1804 254 1842 ex
299 1800 413 1845 toto
456 1794 789 1865 recognovit.
854 1793 920 1848 Et
967 1797 1095 1865 quia
1147 1805 1263 1849 erat
1309 1797 1392 1850 vir
1438 1798 1683 1852 veritatis
1729 1808 1782 1852 et

185 1883 436 1953 justitite,
467 1900 566 1954 pro
593 1887 831 1956 dampno
878 1889 1025 1958 quod
1068 1890 1332 1944 intellexit
1373 1891 1493 1946 loco
1532 1893 1781 1946 evenisse

187 1974 256 2028 de
284 1976 475 2030 eadem
511 1977 720 2032 decima
766 1995 863 2048 per
888 1993 1218 2036 memoratas
1248 1983 1594 2037 dominorum
1631 2000 1781 2038 com—

187 2070 542 2135 mutationes,
569 2073 790 2126 tradidit
812 2074 1053 2144 legaliter
1073 2075 1230 2128 beato
1255 2073 1496 2128 Huberto
1519 2087 1779 2146 perpetuo

185 2160 504 2217 habendum
549 2163 784 2219 Montem
819 2165 1100 2222 Pincionis
1140 2168 1288 2237 (-l5'5)
1321 2183 1446 2222 cum
1491 2168 1696 2222 familia
1727 2179 1780 2223 et

182 2257 445 2311 omnibus
470 2257 799 2327 appenditiis
823 2260 959 2313 suis.
993 2260 1244 2326 Quicum
1275 2262 1453 2315 adhuc
1494 2263 1647 2316 rudis
1683 2279 1779 2316 an-

183 2347 346 2417 tiqua:
383 2357 437 2402 et
463 2350 657 2404 debitae
684 2352 1094 2406 consuetudinis
1122 2361 1478 2423 cognosceret
1506 2370 1570 2407 ex
1596 2355 1778 2410 debito

179 2441 546 2496 exsolvendus
592 2444 750 2498 beato
780 2443 1018 2499 Huberto
1047 2457 1239 2500 omnes
1269 2447 1540 2515 primitias
1589 2447 1777 2516 singu-

179 2529 361 2585 larum
404 2532 642 2589 ferarum
686 2550 883 2591 annuae
915 2537 1222 2594 venationis
1270 2540 1440 2593 totius
1490 2539 1639 2593 silva:
1677 2539 1778 2593 Ar-

176 2624 541 2694 duenn‘ensis,
574 2637 722 2684 tanta
753 2630 1119 2686 sollicitudine
1151 2647 1252 2686 suo
1286 2641 1530 2702 tempore
1570 2633 1778 2689 solvere

174 2731 268 2773 eas
304 2722 527 2776 curavit
555 2764 568 2787 ,
621 2731 676 2776 ul
716 2726 952 2794 quadam
979 2727 1096 2781 vice
1125 2742 1249 2781 cum
1277 2727 1630 2782 venatoribus
1659 2729 1776 2782 suis

180 2825 376 2880 aprum
402 2817 738 2871 monasterio
773 2817 1142 2873 deferentibus
1181 2833 1521 2890 progressus,
1551 2823 1778 2889 ipsemet

184 2902 432 2960 humeris
459 2910 694 2977 propriis
725 2911 968 2979 ejusdem
1001 2912 1118 2981 apri
1150 2921 1312 2982 caput
1353 2915 1512 2969 nobis
1550 2915 1770 2968 ridenti-

185 2993 289 3051 bus
317 2999 564 3054 ecclcshe
590 2999 812 3056 inferret
835 3012 887 3056 et
911 3012 1036 3059 ante
1063 3005 1233 3059 altare
1263 3006 1405 3060 beati
1434 3005 1577 3060 Petri
1603 3007 1775 3077 gratia

184 3085 492 3144 devotionis
513 3091 824 3160 deponeret.
843 3094 960 3150 Dux
983 3113 1201 3168 quoque
1217 3098 1562 3163 Godefridus,
1581 3113 1777 3170 cegno-

184 3189 369 3236 mento
396 3181 684 3251 Barbatus,
709 3187 945 3255 quadam
969 3191 1054 3245 die
1082 3195 1206 3244 cum
1233 3192 1298 3246 ad
1314 3192 1456 3246 hanc
1477 3201 1776 3247 consuetu-

183 3273 365 3328 dinem
412 3277 572 3332 beato
623 3279 865 3336 Huberto
903 3285 1290 3340 exsulvendam
1324 3297 1581 3342 venatum
1618 3295 1769 3360 isset,

184 3367 426 3437 quinque
455 3388 646 3428 cervos
692 3375 833 3446 cepit
866 3392 989 3431 cum
1021 3393 1132 3432 uno
1162 3379 1320 3450 lupo;
1368 3381 1515 3450 ipsos
1554 3395 1773 3456 quoque

185 3468 377 3513 omnes
399 3475 523 3514 cum
545 3465 710 3519 coriis
738 3475 790 3520 et
815 3477 973 3538 capto
997 3470 1126 3540 lupo
1153 3472 1330 3526 adhuc
1357 3474 1568 3529 vivente
1593 3487 1772 3534 trans-

184 3547 337 3603 misit
367 3553 524 3607 nobis
553 3555 862 3611 videntibus
909 3560 1035 3615 huic
1079 3565 1340 3618 ecclesiae.
1383 3564 1513 3620 Post
1539 3578 1770 3625 mortem

185 3651 368 3698 autem
398 3647 638 3715 prmdicti
676 3647 949 3704 Frederici
982 3653 1112 3723 (sm.
1142 3653 1317 3722 1065)
1354 3654 1443 3709 Ida
1484 3673 1622 3711 uxor
1653 3661 1772 3728 ejus

185 3738 372 3806 nupsit
402 3739 624 3795 Alberto
655 3742 842 3796 comiti
868 3741 1215 3811 Namucensi,
1249 3745 1556 3816 iterumque
1580 3751 1773 3818 prtedi-

184 3835 270 3882 cta
291 3829 500 3885 decima
525 3834 688 3902 erepit
719 3835 946 3889 subduci
969 3836 1229 3902 ecclesiae,
1259 3839 1543 3909 agentibus
1569 3841 1772 3912 iniquis

184 3927 238 3972 et
264 3919 668 3979 framlatoribus
715 3925 999 3993 ministris,
1044 3929 1201 3998 quasi
1235 3929 1428 3986 ﬁducia
1471 3933 1772 3990 immutatae

185 4009 594 4072 dominationis.
623 4018 703 4073 Ad
726 4020 865 4075 hanc
887 4022 1288 4077 reclamandam
1318 4025 1485 4081 abbas
1513 4029 1769 4082 comitem

185 4106 256 4160 ob
287 4125 513 4165 uxorem
543 4113 662 4182 ejus
687 4116 929 4183 expetiit,
961 4125 1014 4170 et
1044 4114 1334 4172 Lamberto
1358 4121 1562 4190 majore
1583 4137 1768 4176 rerum

186 4204 433 4258 ordinem
457 4207 857 4263 rationabiliter
880 4221 1262 4266 renumerante
1287 4212 1411 4280 illis,
1438 4213 1581 4284 quod
1607 4231 1769 4271 suum

184 4305 300 4350 erat
324 4299 554 4355 ecclesia
585 4301 869 4373 utriusque
894 4311 1120 4360 assensu
1147 4308 1482 4377 recuperavit
1506 4318 1768 4380 perpetuo

183 4383 515 4446 habendum.

1887 502 2072 555 monio
2097 502 2302 570 justam
2333 503 2552 573 quidem
2591 517 2814 558 causam
2858 504 3069 558 abbatis
3105 508 3421 577 recognovit
3451 527 3468 577 ;

1887 594 1981 648 sed
2010 595 2287 649 mandavit
2315 595 2363 649 ei
2402 611 2460 649 se
2497 595 2634 650 velle
2660 596 2916 650 honorari
2948 599 3120 667 gratia
3160 599 3404 668 ejusdem
3437 616 3473 658 a

1888 700 1946 740 se
1997 686 2384 743 conﬁrmandae
2428 691 2839 759 recognitionis.
2894 685 3076 744 Abbas
3145 691 3224 745 illi
3283 693 3471 748 decem

1887 790 2102 832 marcas
2150 781 2358 849 argenti
2405 780 2667 845 condixit,
2698 795 2934 850 cumque
2982 796 3167 836 secum
3207 781 3470 838 Tudinia-

1888 869 2071 922 cum"
2105 877 2347 924 castrum
2381 871 2550 942 (157),
2586 886 2696 943 quo
2729 881 2862 928 tunc
2885 873 3175 944 cpiscopus
3205 889 3331 929 cum
3363 873 3474 930 Go-

1887 959 2098 1015 defrido
2121 962 2256 1017 duce
2279 966 2617 1032 morabatur,
2646 966 2889 1022 adduxit.
2922 966 2976 1020 ln
3007 982 3197 1022 eorum
3232 981 3473 1037 praesen—

1885 1053 1962 1108 tia
1990 1053 2286 1110 Balduinus
2307 1057 2619 1126 prtedictam
2640 1057 2903 1113 familiam
2932 1061 3193 1114 curialem
3227 1059 3474 1115 ecclesiae

1887 1146 2030 1201 beati
2063 1144 2288 1202 Huberti
2330 1163 2482 1204 suam
2517 1151 2663 1221 (158)
2716 1167 2838 1207 esse
2886 1149 3222 1223 recognovit,
3262 1160 3316 1207 et
3351 1168 3382 1206 a
3414 1167 3475 1208 se

1885 1247 2194 1306 respectum
2234 1238 2423 1293 eorum
2455 1241 2680 1294 omnino
2723 1244 2988 1309 removit,
3039 1257 3342 1314 onmesque
3376 1243 3473 1313 qui

1885 1331 2211 1385 videbantur
2251 1347 2374 1387 esse
2421 1327 2588 1403 hujus
2637 1337 3083 1391 contradictionis
3131 1352 3256 1392 cum
3296 1335 3473 1392 servis

1885 1437 2075 1477 eorum
2124 1432 2178 1478 et
2227 1424 2480 1491 ancillis,
2532 1441 2655 1481 eum
2703 1429 3147 1497 possessionibus
3181 1441 3372 1484 eorum
3418 1437 3474 1482 et

1888 1516 2122 1582 allodiis,
2155 1517 2299 1572 facto
2333 1519 2407 1572 ibi
2437 1519 2652 1588 publice
2699 1521 2984 1591 privilegio
3009 1522 3058 1575 ei
3085 1520 3429 1576 conﬁrmavit
3455 1537 3468 1584 ;

1888 1608 2161 1665 eui'etiam
2187 1627 2308 1665 cum
2336 1613 2513 1685 sigillo
2539 1614 2784 1686 episcopi
2808 1630 2967 1669 suum
2993 1629 3212 1688 quoque
3234 1613 3472 1685 imprimi

1885 1702 2035 1758 fecit.

1816 1764 1856 1821 Β
1956 1796 2043 1848 60.
2085 1794 2354 1866 Episcopo
2385 1805 2565 1852 autem
2612 1798 2878 1855 intercute
2913 1801 3066 1862 duci,
3103 1801 3236 1856 satis
3282 1799 3473 1853 utilem

1883 1887 2000 1942 fore
2020 1890 2262 1943 cci-iesite
2285 1889 2426 1943 beati
2451 1889 2674 1944 Huberti
2700 1893 3116 1960 acquisitionem
3144 1893 3306 1962 hujus
3334 1891 3470 1958 ﬁsci,

1887 1979 1932 2032 si
1961 1980 2083 2048 quis
2114 1981 2275 2033 etiam
2321 1980 2590 2035 decimam
2621 1982 2742 2052 ejus
2791 1983 3077 2052 acquirere
3110 1991 3314 2052 posset,
3352 1995 3474 2052 qua:

1883 2080 2003 2124 crat
2025 2073 2267 2126 ecclesire
2286 2072 2649 2140 Prumicnsis,
2678 2076 2931 2130 consultu
2958 2085 3011 2130 et
3037 2077 3257 2130 hortatu
3281 2089 3473 2128 eorum

1883 2163 2132 2231 concepit
2183 2161 2554 2219 Theodericus
2611 2165 2778 2221 abbas
2832 2167 2937 2220 hoc
2991 2168 3133 2222 idem
3190 2166 3472 2234 negotium

1882 2256 2205 2324 exequendi.
2241 2255 2483 2326 Denique
2505 2273 2778 2323 reversus,
2807 2259 3098 2329 utrumque
3121 2258 3472 2312 Lambertum

1882 2345 2158 2402 Prumiam
2185 2349 2354 2414 misit,
2387 2358 2438 2404 et
2471 2351 2639 2404 nichil
2665 2352 2745 2405 eis
2767 2351 2850 2404 vel
2877 2351 3164 2406 dicendum
3194 2345 3278 2405 vel
3304 2365 3473 2420 agen-

1881 2440 2012 2493 dum
2049 2439 2300 2508 dietans,
2346 2450 2600 2496 eventum
2632 2443 2709 2496 rei
2736 2445 3209 2512 pertemptandum
3243 2443 3474 2497 eorumi-

1883 2533 1973 2587 sit.
2023 2531 2242 2603 Excepti
2274 2535 2669 2589 honorabiliter
2705 2551 2735 2589 a
2763 2536 3055 2590 venerabili
3083 2535 3275 2590 abbate
3311 2533 3470 2589 Wal-

1881 2625 2080 2681 franno
2105 2669 2117 2691 ,
2166 2635 2217 2680 et
2248 2627 2316 2681 ab
2356 2643 2422 2681 eo
2453 2627 2797 2682 familiariter
2824 2644 2920 2697 per
2946 2628 3345 2683 hebdomadam
3383 2645 3470 2683 rc-

1880 2721 2036 2786 tenti,
2072 2721 2206 2774 adeo
2234 2721 2415 2775 virum
2449 2721 2564 2775 suis
2595 2721 2920 2777 affectabunt
2969 2719 3199 2787 facetiis,
3233 2730 3314 2787 ut,
3343 2721 3468 2791 qui-

1881 2813 2093 2883 busque
2121 2829 2350 2869 suorum
2375 2816 2712 2884 postpositis,
2740 2815 2953 2869 illorum
2984 2815 3293 2885 specialiter
3324 2814 3471 2869 frue-

1879 2914 2034 2962 retur
2085 2907 2391 2978 colloquiis.
2469 2905 2537 2961 Et
2607 2905 2930 2962 Lambert'us
2990 2907 3206 2977 quidem
3270 2906 3466 2976 major,

1879 3008 2069 3070 utpote
2099 3002 2192 3071 qui
2225 3003 2292 3056 ab
2336 3001 2702 3056 adolescentia
2743 3009 2842 3055 sua
2875 3001 3044 3056 curiis
3073 2999 3252 3056 fuerat
3281 3015 3470 3054 assue-

1811 3130 1852 3188 0
1882 3103 1970 3149 tus
1999 3137 2012 3161 ,
2065 3111 2191 3149 cum
2245 3094 2539 3149 delectaret
2583 3093 3026 3149 ceni‘ab'ulan'tem
3075 3093 3177 3149 sibi
3215 3093 3467 3147 abbatem

1881 3189 2138 3259 palatinis
2177 3189 2402 3251 salibus,
2432 3188 2619 3257 junior
2647 3197 2778 3241 vero
2803 3193 2964 3257 prout
3000 3191 3119 3241 erat
3147 3187 3224 3240 illi
3253 3185 3467 3240 dicendi

1880 3282 2034 3337 locus
2065 3283 2305 3336 breviter
2332 3281 2623 3337 deﬁeratos
2657 3290 2902 3336 veterum
2953 3280 3230 3334 annalium
3271 3279 3464 3333 subin-

1880 3373 2044 3430 ferret
2073 3384 2320 3441 eventus,
2371 3375 2502 3428 illud
2554 3375 2637 3430 vel
2673 3374 2871 3443 saepius
2909 3373 3157 3442 exigebat
3185 3372 3353 3425 abbas
3383 3386 3467 3424 re-

1879 3468 2161 3523 ferendum
2194 3469 2297 3523 sibi
2329 3468 2486 3539 quasi
2524 3468 2590 3522 ad
2641 3467 2868 3536 gratiam
2912 3465 3288 3535 jocunditatis,
3330 3479 3466 3533 quo-

1879 3563 2040 3617 modo
2088 3561 2340 3632 Papirius
2374 3561 2737 3616 Prattextatus
2788 3575 2942 3630 puer,
2978 3575 3044 3612 ne
3077 3568 3300 3627 senatus
3333 3572 3465 3611 con-

1877 3656 2079 3708 sultum
2117 3657 2397 3723 proderet,
2433 3664 2658 3709 matrem
2693 3669 2846 3710 suam
2892 3653 3130 3708 eluserit.
3179 3651 3198 3721 (
3219 3649 3458 3704 Macnon.

1879 3744 1994 3799 Sat.
2026 3763 2061 3811 ι,
2087 3747 2164 3814 ϐ.)
2222 3746 2321 3799 Hic
2346 3746 2664 3815 capitolium
2694 3749 2958 3817 ingressus
2988 3745 3080 3797 sub
3114 3743 3342 3798 clamidc
3367 3758 3464 3812 pa-

1879 3841 1974 3893 tris
2001 3839 2239 3905 latenter,
2269 3840 2490 3909 indcquc
2519 3857 2801 3910 regressus,
2832 3857 2946 3891 cum
2978 3856 3030 3892 se
3059 3839 3314 3908 qumrenti
3344 3854 3460 3889 ma-

1879 3933 1945 3986 tri
1990 3939 2387 4001 prccscntassd,
2434 3931 2531 3983 illa
2577 3931 2715 3983 inter
2750 3929 2929 3982 oscula
2969 3931 3312 3998 interregis-tit
3342 3946 3460 3983 cum

1875 4025 1963 4078 ubi
1990 4024 2192 4077 tamdiu
2221 4024 2437 4093 fuisset;
2478 4039 2579 4093 quo
2612 4022 2949 4092 respondente
2982 4037 3034 4075 se
3084 4039 3198 4074 cum
3230 4031 3378 4091 patre
3406 4022 3459 4073 in

1875 4127 2058 4172 senatu
2101 4118 2294 4187 fuisSc,
2332 4117 2585 4170 maternis
2615 4112 2938 4187 argumentis
2979 4115 3128 4183 cwpit
3174 4129 3332 4184 puero
3370 4115 3457 4165 in-

1875 4214 2086 4274 sistere,
2138 4221 2193 4263 ut
2223 4210 2324 4265 sibi
2364 4203 2577 4280 referret
2609 4209 2736 4281 quid
2759 4205 2944 4264 secreti
2980 4207 3172 4261 ibidem
3200 4207 3454 4260 audisset.

1875 4303 2018 4358 Puer
2050 4311 2303 4374 peritesus
2349 4305 2631 4375 quaerentis
2681 4303 3034 4374 fatigatione,
3077 4317 3192 4355 cum
3245 4301 3454 4354 omnino

1873 4396 2210 4451 deliberasse!
2259 4398 2400 4467 apud
2440 4414 2494 4452 sc
2535 4395 2774 4466 capit-alii
2821 4391 3019 4450 secreta
3071 4411 3170 4448 non
3214 4394 3452 4464 prodere,

251 4483 339 4538 59.
383 4484 518 4556 (75.)
558 4485 712 4556 Apud
747 4487 1098 4546 Caviniacum
1130 4492 1319 4548 ﬁscum
1345 4495 1565 4551 curialis
1604 4496 1764 4552 fami-
1797 4483 1846 4541 Ι)
1873 4493 2137 4547 attint-cuit
2172 4494 2479 4562 artiﬁciose,
2514 4501 2752 4545 senatum
2791 4487 2925 4544 duas
2956 4503 3142 4544 uxores
3171 4489 3456 4558 unicuique

180 4571 251 4630 lia
277 4577 600 4644 habebatur,
634 4597 755 4650 quae
786 4583 914 4638 olim
944 4586 1187 4641 ecclesiae
1222 4589 1488 4659 acquisita
1521 4607 1643 4645 cum
1679 4608 1768 4648 ce-

181 4669 309 4725 teris
347 4671 724 4742 popularibns,
759 4675 1058 4732 dominium
1098 4680 1341 4735 ecclesize
1376 4683 1533 4751 quasi
1563 4699 1764 4740 novum

179 4759 505 4831 detrectans,
534 4767 737 4822 servire
761 4769 810 4822 ei
826 4769 1236 4841 dedignabatur.
1259 4771 1413 4828 Unde
1437 4773 1762 4832 Balduinum

179 4855 433 4911 comitem
474 4857 832 4926 Montensem,
863 4862 1032 4917 ﬁlium
1064 4861 1360 4932 Richeldis,
1395 4868 1563 4924 abbas
1600 4868 1763 4924 Lam-

178 4941 331 5003 bcrto
368 4951 574 5021 majore
597 4954 890 5009 comitatus
912 4957 1063 5023 adiit,
1107 4967 1160 5012 et
1190 4974 1256 5014 ne
1288 4960 1633 5016 insolentiam
1665 4979 1760 5016 eo-

177 5051 297 5096 rum
342 5044 605 5102 adversus
645 5049 932 5104 ecclesiam
967 5059 1228 5119 tueretur,
1275 5054 1323 5107 ei
1363 5057 1760 5111 rationabiliter

180 5137 468 5207 suggessit.
510 5137 707 5196 Comes
751 5143 922 5198 relato
956 5144 1184 5198 consilio
1237 5146 1303 5199 ad
1335 5144 1485 5202 ldam
1529 5161 1762 5204 uxorem

180 5237 329 5285 suam
355 5231 602 5304 aliosque
633 5234 817 5291 ﬁdeles
847 5250 977 5292 suos
1001 5237 1094 5307 qui
1121 5237 1482 5297 interfuerant
1505 5242 1672 5313 gestis
1695 5242 1762 5297 de

1874 4586 1984 4638 riro
2031 4585 2349 4651 decrevisse,
2406 4584 2560 4655 idque
2614 4585 2668 4637 in
2715 4579 2986 4637 commune
3032 4579 3455 4651 conﬁrmandum

1873 4679 2107 4731 crastina
2152 4678 2380 4731 sessione
2431 4678 2583 4747 quasi
2629 4677 2697 4730 ad
2745 4671 3052 4729 utilitatem
3084 4669 3158 4728 rei
3204 4672 3447 4744 publica'.

1875 4770 2094 4826 Femina
2130 4774 2408 4842 impatiens
2447 4773 2608 4826 totius
2658 4787 2817 4824 mora:
2841 4811 2855 4835 ,
2896 4779 3012 4821 cum
3046 4767 3311 4838 trepidans
3356 4766 3452 4819 do-

1871 4881 2011 4918 mum
2033 4883 2240 4936 egressa
2266 4866 2578 4935 potentiores
2614 4859 2770 4918 Urbis
2813 4871 3082 4915 matronas
3120 4861 3447 4927 suscitassct,

1867 4959 2037 5029 factas
2066 4975 2210 5030 ptrue
2236 4961 2290 5012 in
2319 4961 2603 5013 amentiam
2641 4957 2738 5010 tali
2769 4971 2994 5021 rumore,
3028 4961 3371 5008 convenerunt
3393 4952 3450 5004 in

1868 5053 2156 5106 crastinum
2185 5062 2306 5106 ante
2329 5051 2637 5122 capitolium
2652 5050 2768 5120 jam
2793 5045 2975 5104 senatu
2998 5046 3327 5109 consulente;
3359 5043 3448 5097 ubi

1868 5145 1992 5199 dum
2023 5147 2199 5216 furore
2235 5145 2458 5216 femineo
2493 5145 2903 5210 conclamarent,
2936 5155 2997 5196 ne
3023 5140 3334 5196 sententiam
3363 5131 3448 5190 sui

1868 5235 2095 5293 hesterni
2133 5239 2327 5294 decreti
2356 5240 2602 5294 adversus
2628 5251 2716 5294 eas
2756 5235 2968 5292 senatus
3007 5227 3326 5309 iugrararet,
3354 5221 3448 5287 sed

1443 5355 1679 5413 VARIIE
1718 5351 2119 5412 LECTIONES.

251 5437 297 5472 "
315 5440 456 5496 deest
485 5442 535 5495 l.
613 5442 658 5472 ⁷³
685 5441 824 5498 Rud.
858 5460 994 5499 corr.
1027 5461 1188 5499 manu
1225 5446 1336 5502 alia
1380 5446 1519 5504 Tud.
1555 5449 1606 5504 1.

1667 5537 1898 5628 norm.

246 5628 389 5707 (155)
426 5628 768 5707 Pinsamont,
800 5630 991 5704 village
1023 5643 1174 5690 entre
1204 5633 1475 5707 Bastognc
1494 5644 1547 5691 ct
1570 5634 1748 5691 Saint<
1809 5631 1814 5635 ’

177 5691 394 5754 Ηιὼρνί.
426 5701 490 5756 R.

247 5769 389 5841 (156)
424 5772 484 5829 C.
518 5773 608 5830 49.

1859 5775 2119 5848 gnitionis
2133 5815 2146 5838 ,
2179 5775 2319 5832 datae

1933 5633 2079 5706 (157)
2122 5632 2310 5706 Thuin.
2341 5630 2407 5687 R.
2441 5702 2451 5706 _
2619 5666 2661 5706 _-

1932 5701 2082 5776 (158)
2120 5703 2157 5757 l.
2189 5719 2237 5776 c.
2271 5702 2566 5776 propriam.
2618 5701 2851 5776 Exstant
2875 5703 3067 5776 littera:
3095 5702 3259 5776 hujus
3285 5716 3428 5759 reet»

2395 5774 2565 5833 udinii
2619 5790 2763 5832 anno
2796 5774 2952 5831 1088.
2985 5773 3050 5831 Η.
