3902 6286
546 184 571 242 1
582 188 686 243 599

1576 172 1971 233 CHRONICON
2009 171 2065 230 S.
2108 168 2413 228 HUBERTI
2440 164 2766 224 ANDAGIN.

3564 181 3653 239 ΝΜ

536 298 713 375 potius
738 298 1018 370 unicuique
1039 296 1247 367 femina:
1267 292 1399 347 duos
1419 292 1559 346 viros
1586 288 1846 345 habendos
1875 288 2118 343 decerne-
2143 290 2197 385 A'
2219 286 2331 341 haec
2364 292 2618 354 tyrannus
2643 298 2661 337 :
2691 301 2709 333 ι
2735 279 2800 333 Id
2818 280 3007 350 ipsum,
3030 280 3220 351 inquit,
3242 293 3377 352 perte
3398 289 3652 355 primumut.

536 401 637 459 ret,
675 390 1008 463 requirebant
1041 397 1216 457 patres
1248 400 1366 454 qua:
1412 390 1543 437 esset
1580 380 1679 436 illa
1716 380 1997 434 mulierum
2032 380 2117 435 in-

535 486 834 556 temperies.
866 480 1137 537 Pavebant
1163 476 1304 531 enim
1348 483 1398 530 et
1442 472 1777 528 mirabantur
1806 486 1910 524 non
1942 485 2118 540 parva:

536 579 616 633 rei
641 575 941 649 prodigium
962 570 1114 625 illam
1140 568 1415 623 verecundi
1445 582 1600 621 sexus
1620 565 1945 635 impudicam
1965 564 2115 618 insa-

535 672 702 726 niam.
735 667 877 722 Tunc
897 681 1025 735 puer
1044 662 1299 734 Papirius
1325 662 1529 715 curiam
1553 661 1819 731 ingressus
1848 657 2117 723 publicum

534 772 734 818 anetum
767 758 949 824 demit,
1005 765 1055 811 et
1106 756 1332 825 referens
1379 751 1639 825 quomodo
1687 750 1772 805 illi
1814 752 2118 821 importuna

534 862 707 908 mater
720 850 1022 916 institisset,
1039 857 1090 903 et
1107 847 1233 919 quid
1255 848 1365 917 ipse
1386 846 1547 900 matri
1563 842 1943 898 insimulasset.
1972 841 2117 896 Tunc

534 952 803 999 senatores
832 942 1100 1013 ingenium
1120 940 1270 1012 pueri
1299 937 1684 1002 exosculantes,
1705 937 1917 991 honoris
1940 937 2118 1007 gratia

532 1034 922 1091 Prcetecctatum
947 1032 1424 1106 cognominandum
1457 1039 1747 1086 sanxerunt
1777 1030 1838 1083 ob
1870 1029 2117 1100 loquendi

530 1133 583 1181 et
611 1125 820 1181 tacendi
842 1125 1179 1195 prudentiam
1201 1124 1309 1177 in“
1335 1130 1541 1177 aetatem
1563 1129 1956 1193 praetextatum,
1985 1136 2116 1173 cau-

530 1235 650 1275 sam
676 1232 877 1288 quoque
903 1225 954 1271 et
982 1216 1218 1269 ordinem
1246 1217 1341 1269 rei.
1377 1212 1466 1268 Sic
1494 1214 1671 1268 derisa
1689 1220 1766 1267 est
1787 1211 2118 1282 impudentia

531 1307 981 1378 femineiamoris
1005 1314 1054 1360 et
1076 1305 1327 1371 levitatis,
1355 1314 1405 1360 et
1436 1303 1656 1374 Papirio
1678 1303 2030 1370 Prcetextato,
2057 1311 2115 1357 ut

530 1407 651 1455 erat
672 1415 821 1470 puer,
851 1398 1086 1469 dignitas
1115 1397 1429 1468 adjudicata
1455 1396 1707 1451 senatorii
1741 1395 1966 1463 ordinis,
1991 1394 2115 1448 aliis

531 1490 711 1561 pueris
738 1505 803 1545 ea:
832 1497 955 1544 tunc
984 1507 1017 1543 a
1042 1499 1229 1544 senatu
1255 1488 1505 1544 exclusis.
1549 1487 1668 1543 "iis
1707 1487 1872 1542 illatis
1900 1487 1967 1542 ad
2001 1487 2118 1557 pla—

533 1582 705 1637 citum
754 1581 966 1639 abbatis
998 1583 1431 1653 prosequebatur
1459 1580 1782 1636 Lambertus
1818 1594 1941 1651 quae
1986 1578 2117 1634 sub-

2215 378 2465 450 experiri,
2493 376 2798 446 justumque
2828 374 2984 429 michi
3006 374 3237 443 videtur,
3273 386 3325 430 ut
3358 382 3477 448 ρτίοτ
3506 390 3653 453 με,ηὼ

2216 471 2354 543 quod
2374 469 2497 525 aliis
2513 467 2847 539 prceparasti.
2871 486 2889 518 ›
2914 498 2987 509 -—-
3010 465 3147 521 Deos
3166 485 3350 539 quoque
3382 489 3481 527 suos
3496 478 3590 531 adeo
3610 484 3654 534 ξπ.

2217 565 2358 630 risit,
2385 571 2441 615 ut
2465 560 2709 633 probaret
2728 576 2814 613 eos
2839 560 3008 630 magis
3041 563 3341 631 contemptui
3361 580 3488 634 quam
3504 573 3657 628 esseni.

2219 656 2370 725 cujus
2397 652 2764 717 venerationis;
2781 668 2904 705 nam
2922 652 3184 721 ingressus
3209 654 3427 723 templum
3437 657 3658 727 Iovium.

2219 758 2362 804 ctum
2395 764 2612 803 aureum
2653 762 2756 817 quo
2806 744 3153 799 simulacrum
3184 745 3290 814 ejus
3317 747 3537 805 velabatur
3555 754 3660 823 jussit

2218 840 2448 907 detrahi,
2471 848 2520 894 et
2546 856 2641 910 pro
2670 854 2730 892 eo
2757 836 2965 891 laneum
3000 839 3178 908 reponi
3202 880 3216 904 ,
3236 840 3487 904 cavillatus
3521 862 3662 901 aurern

2218 933 2277 987 in
2305 933 2483 1002 hyeme
2512 932 2788 1002 frigidum,
2820 931 2876 983 in
2897 938 3082 984 testate
3108 945 3383 985 onerosum.
3407 932 3530 1002 (Cm.
3551 935 3599 991 Ν.
3616 938 3658 993 D.

2219 1043 2303 1093 ιιι,
2342 1024 2456 1095 54.)
2487 1023 2803 1094 Λῖδειιιαρίο
2833 1025 2997 1078 etiam
3021 1039 3233 1076 aureum
3255 1024 3441 1077 barbam
3466 1028 3553 1081 belli
3576 1048 3661 1097 με.

2219 1118 2377 1189 cepit,
2401 1117 2579 1171 dicens
2601 1117 2963 1170 inconveniens
2986 1131 3100 1169 esse
3125 1113 3289 1184 ﬁlium
3308 1115 3531 1172 barbatum
3544 1120 3661 1188 rideri,

2220 1208 2372 1278 cujus
2394 1217 2545 1277 pater
2574 1207 2761 1278 Apollo
2782 1215 2961 1278 utpote
2988 1206 3224 1277 quotidie
3252 1224 3483 1261 renascens
3515 1211 3660 1265 hebdo-

2222 1310 2310 1357 tur
2357 1300 2623 1355 imberbis.
2674 1299 2989 1355 Simulacris
3029 1316 3229 1371 quoque
3274 1303 3511 1356 tenentibus
3546 1321 3661 1359 aurea

2220 1407 2430 1470 pateras
2455 1398 2673 1463 ademit,
2698 1404 3019 1467 protestatus
3041 1396 3107 1448 ab
3146 1394 3415 1449 hominibus
3446 1413 3524 1451 non
3552 1399 3663 1453 dum

2219 1491 2418 1561 despici
2462 1490 2601 1560 quod
2647 1488 2756 1543 illis
2813 1489 3135 1558 offerebatur
3185 1504 3218 1540 a
3260 1486 3396 1552 Diis;
3432 1487 3550 1559 (610.,
3569 1487 3659 1545 Tw.

2219 1600 2274 1650 ν,
2297 1583 2412 1654 21.)
2443 1599 2635 1636 aurum
2664 1582 2904 1637 videlicet
2935 1582 2984 1636 si
3016 1581 3214 1636 malum
3264 1590 3399 1649 esset,
3427 1582 3563 1637 habere
3581 1583 3659 1637 Dm

535 1680 861 1743 sequuntur,
910 1643 1075 1743 prout
1117 1643 1509 1729 inlerveniebat
1542 1673 1593 1727 ei
1640 1643 2020 1742 opportunitas
2049 1670 2118 1725 ad
2145 1643 2194 1702 Β
2225 1643 2329 1730 non
2362 1643 2562 1741 debere,
2594 1675 2641 1728 si
2663 1690 2781 1728 vero
2805 1673 3020 1740 bonum,
3052 1672 3163 1727 illis
3183 1674 3347 1743 potius
3386 1643 3580 1727 conreniu
3609 1676 3662 1744 qui

535 1766 770 1836 gratiam
792 1766 1083 1823 audientis.
1117 1765 1356 1839 (CICERO,
1381 1783 1461 1833 ιιι,
1490 1766 1568 1837 9.)
1601 1764 1893 1831 Narrante,
1918 1765 2116 1835 inquit,

538 1855 766 1911 Platone
818 1859 1091 1913 inducitur
1128 1859 1347 1930 quidam
1405 1857 1572 1930 Gyges
1610 1860 1666 1912 in
1712 1866 1866 1913 terra:
1913 1859 2119 1912 hiatum

540 1949 746 2018 magnis
774 1949 1028 2005 imbribus
1065 1950 1327 2017 solutum,
1357 1952 1531 2023 ibique
1573 1952 1791 2020 offendit
1822 1968 2009 2021 equum
2028 1950 2122 2020 ja-

536 2050 739 2094 centem
767 2058 988 2097 anteum.
1028 2043 1194 2114 Cujus
1227 2044 1423 2113 apertis
1459 2043 1714 2097 lateribus
1746 2061 1864 2097 cum
1894 2044 2121 2098 invenis-

536 2137 616 2183 set
646 2130 909 2186 hominem
936 2143 1201 2189 mortuum
1236 2134 1536 2205 quemdam,
1567 2133 1838 2188 habentem
1871 2134 1925 2187 in
1952 2134 2121 2203 digito

537 2221 797 2277 annulum
842 2239 1061 2277 aureum
1085 2266 1100 2291 ,
1150 2224 1417 2278 abstraxit
1448 2232 1497 2279 et
1529 2224 1703 2278 induit
1738 2224 1913 2290 illum,
1945 2226 2122 2296 sicque

533 2315 607 2371 ad
641 2326 879 2387 pastores
913 2321 1080 2389 regios
1106 2336 1160 2374 se
1196 2321 1406 2391 recepit,
1432 2338 1551 2375 cum
1591 2330 1725 2376 esset
1756 2340 1891 2378 unus
1918 2339 2117 2379 eorum.

541 2408 649 2475 Qui
694 2427 814 2466 cum
846 2411 1092 2482 pratdicti
1142 2413 1329 2468 annuli
1370 2414 1577 2485 paleam
1623 2414 1693 2469 ad
1730 2415 1964 2486 palmam
1999 2433 2126 2471 con-

536 2513 758 2570 vertens,
783 2505 893 2575 ipse
920 2522 1122 2577 quoque
1146 2522 1322 2561 omnes
1344 2508 1523 2562 videns
1555 2524 1588 2562 a
1614 2509 1817 2562 nemine
1839 2510 2120 2576 videretur,

537 2596 697 2666 hujus
726 2597 974 2653 miraculi
1005 2598 1169 2655 solere
1200 2600 1403 2670 factus,
1448 2617 1564 2671 rege
1602 2599 1873 2672 Lydorum
1901 2603 2122 2673 interfe-

538 2698 624 2744 cto
660 2706 778 2744 cum
812 2691 1132 2762 quibusdam
1173 2694 1284 2749 suis
1318 2692 1646 2764 principibus
1673 2736 1688 2760 ,
1735 2711 1899 2750 ustore
1927 2695 2040 2765 ejus
2074 2704 2125 2751 et

541 2800 698 2854 regno
739 2795 814 2841 est
846 2787 1065 2857 potitus.

613 2878 702 2933 6l.
744 2879 880 2948 (74.)
918 2879 1066 2937 Illud
1105 2898 1333 2954 quoque,
1369 2883 1566 2955 inquit,
1607 2883 1941 2939 memorabile
1983 2884 2125 2955 apud

538 2970 877 3041 philosophos
912 2973 1134 3028 habetur
1160 2975 1222 3029 de
1248 2975 1540 3032 Dammone
1573 2986 1623 3033 et
1665 2976 1885 3048 Pythia,
1922 2978 2127 3032 duobus

539 3062 781 3119 videlicet
820 3064 1155 3137 Pytagoreis,
1186 3084 1409 3139 quorum
1447 3069 1585 3125 alter
1616 3088 1649 3124 a
1689 3068 1943 3140 Dionysio
1990 3067 2129 3125 Sici—

539 3156 701 3213 liensi
727 3169 953 3231 tyranno
974 3160 1294 3230 dampnatus
1317 3164 1579 3218 sententia
1609 3162 1852 3234 capitali,
1883 3164 2035 3234 petiit
2063 3163 2127 3217 ab

540 3267 601 3306 eo
631 3253 875 3308 inducias
895 3254 1110 3309 domum
1137 3271 1289 3309 suam
1310 3255 1640 3326 disponendi.
1679 3254 1955 3325 Tyrannus
1980 3265 2129 3310 astu—

544 3343 803 3410 tissimus,
833 3346 972 3414 quod
997 3348 1219 3415 reperiri
1246 3364 1350 3402 non
1370 3365 1519 3418 posse
1543 3349 1890 3416 existimavit,
1913 3365 2130 3418 sponso-

543 3446 655 3485 rem
684 3431 775 3502 qui
802 3448 897 3500 pro
932 3448 988 3486 se
1020 3433 1289 3502 feriretur,
1315 3436 1362 3487 si
1394 3452 1598 3488 moram
1622 3436 1838 3504 faceret,
1867 3435 1932 3488 ab
1959 3452 2019 3489 eo
2048 3454 2131 3491 re-

543 3523 783 3594 quisivit.
817 3522 922 3578 Ille
950 3532 1009 3579 ut
1030 3524 1189 3594 ﬁdem
1219 3525 1415 3595 faceret
1440 3526 1711 3592 redeundi,
1736 3526 1918 3582 vadem
1944 3530 2128 3583 mortis

543 3632 657 3671 sua:
697 3608 901 3670 socium
927 3616 1119 3670 obtulit
1162 3619 1427 3672 constanti
1459 3619 1637 3673 animo
1669 3636 1764 3690 pro
1797 3636 1851 3675 se
1875 3662 1890 3687 ,
1938 3622 1986 3675 si
2027 3638 2129 3676 non

543 3714 906 3775 reverteretur,
929 3717 1177 3779 paratum
1200 3712 1353 3765 mori.
1378 3711 1462 3765 Ad
1486 3711 1622 3767 diem
1647 3713 1922 3769 intentata:
1943 3717 2127 3773 mortis

542 3800 874 3870 proscriptus
900 3801 1079 3869 rediit,
1111 3818 1230 3856 cum
1254 3805 1427 3859 socius
1448 3805 1567 3875 jam
1600 3806 1894 3862 decerneret
1917 3825 2012 3878 pro
2042 3825 2128 3863 so-

543 3891 627 3945 cio
647 3890 993 3950 libentissime
1021 3897 1176 3951 mori.
1204 3898 1533 3953 Ammiratus
1556 3908 1810 3970 tyrannus
1834 3902 2127 3957 amicitiam

539 3983 872 4056 philosophis
899 3989 1160 4044 cariorem
1199 4007 1310 4046 esse
1338 4007 1499 4062 quam
1529 3993 1723 4062 vitam,
1763 3996 1983 4049 remissa
2010 4012 2127 4050 sen-

542 4079 797 4133 tententia
839 4080 1099 4136 condicta:
1133 4085 1319 4139 mortis
1341 4126 1356 4152 ,
1399 4092 1682 4157 utrumque
1727 4088 1783 4141 in
1830 4090 2126 4144 amicitiam

540 4185 695 4224 suam
724 4172 936 4243 ascivit,
959 4175 1148 4246 quippe
1184 4192 1313 4247 quos
1351 4176 1409 4231 in
1439 4176 1538 4232 tali
1562 4178 1796 4248 periculo
1822 4196 1964 4235 veros
1990 4183 2129 4236 amie

542 4266 632 4315 'cos
660 4263 922 4332 probavit.
977 4264 1129 4321 Idem
1141 4268 1187 4325 τε
1221 4285 1340 4324 vero
1367 4277 1624 4340 tyrannus
1652 4271 1775 4327 licet
1800 4273 1992 4328 multos
2027 4291 2127 4345 pu-

2222 1769 2312 1824 illc
2345 1768 2424 1821 uti
2447 1767 2659 1820 scirent.
2687 1764 2837 1821 Idem
2871 1782 2991 1819 cum
3015 1783 3048 1819 a
3066 1764 3290 1835 quodam
3311 1763 3546 1835 philosopho
3559 1766 3661 1818 beati-

2225 1862 2479 1932 ﬁcaretur
2507 1877 2566 1915 eo
2596 1860 2736 1931 quod
2758 1860 2827 1914 ad
2861 1869 3052 1914 nutum
3072 1858 3185 1929 ejus
3215 1866 3465 1927 suppeteret
3482 1858 3660 1914 sibitsste

2222 1954 2500 2025 potestatis
2525 1969 2671 2019 usus,
2699 1969 2816 2006 eum
2839 1952 2908 2005 ad
2936 1950 3336 2005 convescendum
3357 1949 3491 2003 eodem
3504 1951 3655 2003 (irini-

2226 2048 2381 2111 tavit,
2406 2055 2667 2115 terpraeter
2697 2044 3131 2099 consuetudinem
3157 2043 3414 2111 exquisitis
3435 2042 3652 2094 diritiitros-

2220 2139 2698 2210 viviumagendum
2746 2138 3006 2203 instituit,
3040 2138 3097 2191 in
3144 2152 3243 2207 quo
3291 2134 3523 2204 philosopho
3547 2150 3653 2187 mu

2223 2233 2579 2287 discumbenti
2604 2232 2863 2285 nudatum
2892 2229 3134 2301 gladium
3171 2229 3307 2281 tenui
3340 2226 3417 2297 ﬁlo
3432 2243 3539 2296 super
3567 2234 3660 2294 caput

2225 2325 2477 2397 suspendi
2498 2326 2684 2395 jussit.
2711 2322 3072 2393 Philosophus
3108 2322 3284 2377 videns
3337 2320 3520 2392 gladium
3545 2320 3661 2388 inpra-

2225 2418 2434 2473 dentem
2459 2416 2563 2471 sibi
2594 2415 2866 2471 exhorruit
2910 2415 3211 2485 convivium
3231 2455 3245 2479 ,
3279 2422 3325 2467 et
3361 2412 3581 2465 imminente
3605 2410 3661 2463 sibi

2226 2509 2463 2581 periculo
2485 2508 2808 2578 hujusmodi,
2836 2507 3074 2579 gratiam
3101 2503 3410 2561 convescendi
3436 2512 3590 2574 tyranno
3612 2502 3660 2571 qui

2228 2619 2284 2657 se
2312 2603 2625 2656 invitaverat
2653 2601 2864 2654 omnino
2897 2600 3195 2654 excusavit.
3229 2598 3308 2652 Ad
3350 2599 3442 2652 hac
3475 2606 3660 2666 tyrannis:

2236 2714 2255 2746 ι
2280 2693 2448 2759 Talis,
2479 2695 2671 2765 inquit,
2702 2694 3006 2747 securitatis
3033 2703 3113 2748 est
3142 2691 3296 2746 michi
3327 2690 3551 2752 beatitudo,
3578 2687 3661 2755 cuiu

2230 2803 2313 2841 me
2331 2803 2441 2840 esse
2465 2785 2605 2855 falso
2628 2786 2955 2856 prcedicasti,
2980 2802 3105 2839 cum
3126 2785 3204 2839 vel
3225 2794 3331 2838 rota
3367 2784 3541 2853 fortuna
3578 2778 3662 2831 uolo

2232 2895 2440 2934 summa
2474 2877 2746 2932 convolvat
2767 2878 2814 2909 ⁷⁸
2845 2877 3073 2948 infimis,
3124 2876 3201 2931 vel
3242 2878 3349 2946 ipsa
3381 2891 3490 2928 mors
3520 2871 3661 2925 omnia

2157 3010 2202 3071 Ο
2233 2972 2515 3027 imminens
2533 2971 2670 3026 nulli
2690 2987 2906 3042 parcere
2932 2969 3079 3024 velit.
3104 2990 3122 3021 ι
3147 2968 3295 3042 (νη.
3314 2960 3663 3033 Μλκηιιιῶλίτ.

2234 3062 2312 3136 1.)
2355 3063 2595 3137 Legitur,
2628 3064 2930 3119 Alexandro
2955 3063 3308 3134 sacrificante,
3353 3075 3522 3131 puerum
3553 3055 3609 3126 qui
3637 3053 3663 3105 ei

2231 3160 2405 3232 ignem
2435 3159 2749 3214 accendebat
2786 3158 3067 3212 carbonem
3106 3173 3265 3211 unum
3292 3156 3343 3208 in
3382 3150 3543 3207 brachio
3581 3162 3663 3199 csa-

2229 3254 2389 3326 pisse,
2412 3251 2700 3322 adustoque
2731 3265 2947 3320 corpore
2969 3247 3289 3302 immobilem
3304 3242 3581 3316 permansisse,
3607 3250 3660 3287 ut

2231 3345 2465 3401 dolorem
2516 3342 2594 3398 rel
2637 3343 2897 3413 gemitum
2934 3342 3087 3412 signo
3129 3339 3300 3411 aliquo
3336 3336 3403 3391 vel
3432 3343 3537 3387 motu
3556 3327 3657 3398 proli-

2231 3437 2390 3493 disse.
2420 3435 2590 3490 Tanta
2622 3436 2725 3505 fuit
2779 3435 2837 3489 in
2863 3450 3024 3504 puero
3057 3432 3331 3488 reverentia
3371 3424 3601 3495 discipline,
3632 3425 3662 3470 Il

2231 3531 2417 3601 religio
2439 3530 2661 3583 vinceret
2683 3543 2894 3582 sensum
2920 3534 3149 3581 natura.
3187 3524 3419 3595 Diogenes
3451 3516 3607 3587 Cynicus
3634 3512 3664 3561 il

2230 3626 2374 3680 dolio
2429 3622 2780 3689 recumbebat,
2832 3620 2972 3692 quod
3028 3620 3183 3692 quasi
3216 3618 3281 3672 ad
3318 3602 3663 3669 habitandsnuﬁ

2229 3717 2487 3787 sufficiens
2512 3714 2748 3785 praetorii
2781 3712 2992 3767 nomine
3011 3710 3315 3765 honorabat.
3341 3704 3498 3775 Egerat
3533 3710 3608 3751 τετυ
3634 3701 3663 3745 ιι

2228 3810 2369 3865 idem
2404 3808 2607 3863 dolium
2634 3823 2753 3861 cum
2777 3804 2886 3860 sole
2921 3812 3226 3869 verteretur,
3251 3800 3437 3870 ejusque
3455 3787 3664 3848 cantuum

2227 3902 2431 3957 vitabat
2483 3898 2877 3971 refrigerandus
2927 3896 3095 3952 salem
3134 3897 3190 3950 in
3215 3900 3397 3954 testate,
3423 3893 3462 3941 et
3484 3898 3567 3971 eunt
3587 3876 3665 3971 rale-

2227 3992 2434 4062 ﬂendus
2475 3964 2724 4061 captabat
2758 3990 2815 4043 in
2851 3987 3050 4058 hyeme.
3089 3985 3194 4057 (Cf.
3220 3984 3309 4048 ib.,
3342 3997 3403 4045 iv,
3449 3976 3491 4030 ὅ.
3524 3970 3605 4025 Est.
3628 3964 3662 4062 il.

2227 4058 2368 4151 -Clc.,
2398 4058 2551 4138 Tusc.
2582 4100 2634 4150 v,
2664 4082 2778 4153 52.)
2811 4080 2977 4146 Quem
3005 4096 3127 4133 cum
3170 4074 3443 4149 praeteriens
3474 4058 3667 4157 Merula:

2229 4177 2457 4249 Magnus
2487 4185 2679 4247 prazter
2704 4175 3017 4246 optimatum
3049 4185 3260 4225 suorum
3296 4158 3666 4250 extimationmllt‘

2227 4271 2429 4327 clinata
2457 4270 2734 4339 majestate
2766 4269 2910 4338 regia
2933 4266 3207 4329 reviseret,
3237 4257 3422 4315 adstitit
3464 4250 3615 4339 Diogeni
3635 4253 3663 4289 ¹¹¹

540 4353 704 4409 nisset
730 4355 948 4426 injuste,
997 4376 1164 4415 unum
1210 4369 1385 4417 tamen
1429 4362 1689 4418 laudatur
1732 4366 1945 4420 omnino
1985 4335 2130 4437 juste
2161 4359 2480 4436 Dprretorio
2504 4378 2599 4415 suo
2633 4335 2870 4432 captanti
2893 4352 3361 4429 hyemalemsolem.
3406 4344 3497 4410 Quo
3522 4335 3664 4437 ξαιηξίθ

539 4445 772 4514 punisse.
810 4445 1046 4512 Quidam
1083 4453 1225 4507 enim
1262 4455 1488 4509 wrarius
1522 4456 1842 4526 perpendens
1884 4474 2002 4512 eum
2032 4459 2126 4513 de-

539 4542 728 4601 lectari
750 4541 1076 4598 cruciatibus
1101 4545 1394 4613 hominum,
1420 4547 1744 4602 existimarit
1769 4548 1854 4603 illi
1873 4551 2130 4605 deservire

540 4637 611 4692 ad
651 4636 913 4707 placitum
942 4677 958 4703 ,
1013 4636 1060 4690 si
1112 4636 1284 4707 furori
1350 4639 1464 4708 ejus
1520 4641 1843 4696 adinveniret
1900 4643 2129 4714 alicujus

540 4729 791 4783 novitatis
827 4736 1166 4784 tormentum.
1207 4728 1487 4786 Formavit
1526 4749 1648 4803 ergo
1681 4743 1733 4788 et
1773 4734 1911 4804 fudit
1953 4736 2129 4790 bovem

542 4837 779 4889 cuneum,
826 4838 1046 4892 eumque
1087 4830 1312 4901 tyranno
1365 4828 1701 4893 prwsentavit
1750 4828 1902 4898 quasi
1944 4828 2126 4897 cujus-

540 4913 671 4968 dam
703 4913 1068 4984 jucunditatis
1125 4916 1502 4985 spectacular».
1575 4916 1681 4983 Qui
1735 4921 2016 4991 requisitas
2063 4921 2128 4976 ab

540 5020 641 5072 eo,
696 5006 766 5060 ad
817 5022 947 5078 quos
991 5023 1118 5063 usus
1175 5007 1335 5061 talem
1384 5009 1686 5065 machinam
1732 5016 2126 5085 excogitasset,

541 5097 816 5168 respondit
845 5098 1060 5170 artifex,
1089 5099 1185 5155 illo
1205 5100 1631 5158 intromittendos
1652 5106 1698 5159 si
1720 5122 1849 5171 quos
1879 5109 2127 5162 crucian-

542 5187 638 5244 dos
662 5188 972 5261 destinaret,
994 5208 1314 5264 accensaque
1335 5193 1583 5248 desubtus
1609 5212 1752 5265 rogo,
1786 5198 2015 5267 mugitus
2046 5198 2130 5253 illi

540 5280 698 5356 quasi
718 5281 861 5336 bovis
885 5299 978 5353 per
1010 5299 1068 5340 os
1111 5284 1346 5356 ejusdem
1390 5288 1647 5343 machina:
1689 5288 2005 5344 reddituros.
2048 5291 2126 5345 Ad

2232 4421 2647 4527 bfﬁciosissime:
2679 4421 2961 4516 t'Interim,
3013 4448 3181 4519 inquit
3239 4443 3475 4512 Diogenes,
3516 4421 3663 4527 diruit:

2232 4551 2407 4622 queris
2434 4565 2494 4601 ne
2528 4547 2698 4600 obstes
2723 4544 2880 4599 michi
2905 4560 2936 4597 a
2956 4542 3084 4608 sole,
3113 4555 3266 4611 neque
3293 4533 3538 4589 submoveat
3556 4515 3663 4622 1W"

2233 4643 2622 4697 ministrantem
2661 4636 2913 4703 calorem,
2942 4651 3093 4707 quem
3145 4635 3246 4701 ipse
3278 4643 3369 4681 non
3400 4630 3511 4693 potes
3540 4613 3658 4707 dare.)

2234 4734 2316 4790 Ad
2350 4735 2460 4788 [nec
2483 4731 2785 4785 Alexander
2812 4744 2864 4783 se
2890 4698 2922 4781 a
2951 4698 3248 4798 philosopho
3275 4717 3565 4791 parvipensum
3586 4698 3659 4753 tli-

2236 4827 2432 4889 ridens,
2466 4834 2513 4879 et
2570 4838 2844 4877 conversus
2885 4820 2954 4874 ad
2987 4818 3241 4890 principes
3277 4810 3368 4865 sibi
3407 4800 3657 4890 οιιέφιεξτίξξ

2242 4940 2260 4973 ι
2297 4881 2498 4985 Videte,
2544 4917 2734 4988 inquit,
2791 4881 2998 4969 beluam
3034 4881 3329 4983 quazvtotum
3357 4894 3551 4955 mundum
3569 4881 3658 4988 ⁸⁸ξᾲ

2232 5013 2327 5068 sub
2350 4971 2589 5082 pedibus,
2613 4971 2765 5081 quem
2802 5022 2895 5061 nos
2931 4971 3077 5059 tanta
3118 5001 3283 5057 labore
3311 4971 3655 5082 quarimutcf

2232 5121 2351 5161 cum
2377 5105 2517 5174 regio
2549 5117 2758 5156 munere
2782 5108 2943 5154 vestes
2967 5112 3112 5168 paene
3135 5094 3265 5148 nudo
3288 5086 3511 5177 Ρνοίεῗνείν

2232 5215 2321 5254 eas
2356 5197 2633 5268 Diogenes,
2656 5209 2890 5248 asserens
2927 5200 3110 5244 natum
3141 5202 3253 5240 cum
3295 5175 3462 5268 divitiis
3494 5182 3552 5268 ct!

2231 5292 2387 5345 habet
2411 5258 2629 5361 sil/pair.
2658 5284 2918 5359 (sirenas.
2953 5281 3069 5339 Sat.
3094 5298 3143 5350 -ι,
3173 5276 3275 5347 ll.)
3297 5271 3425 5327 [lica
3442 5258 3650 5320 barbam

1824 5423 2056 5482 VARIE
2097 5424 2494 5483 LECTIONES.

613 5538 663 5574 "
681 5538 762 5595 vel
796 5552 962 5609 supra
993 5536 1073 5592 vel
1101 5546 1257 5594 aetate

544 5608 597 5659 7ο
626 5611 707 5682 ita
731 5608 970 5679 correxi;
996 5609 1250 5681 convolat
1275 5609 1351 5681 Γ.
1428 5672 1435 5677 .

1303 5548 1620 5608 praetextata
1646 5562 1651 5567 ·
1673 5540 2002 5603 scribendum
2051 5554 2149 5601 est.

2254 5545 2300 5579 ⁷⁸
2334 5542 2688 5601 Narrationes
2739 5545 3004 5615 sequentes
3033 5535 3103 5589 ad
3138 5531 3284 5611 fidem
3309 5521 3406 5583 cod.
3443 5507 3643 5575 13m".
