3902 6286
54 285 179 344 MO!

1068 277 1462 336 CHRONICON
1504 281 1561 333 S.
1602 277 1909 336 HUBERTI
1948 280 2274 342 ANDAGIN.

3175 290 3317 348 “0‘2

54 407 287 461 libertate
312 401 368 455 in
403 401 704 455 servitutem
744 416 930 454 venum
952 400 1120 464 ierat;
1143 415 1295 470 quem
1317 415 1436 451 cum
1473 414 1638 452 emere
1668 399 1714 456 A
1740 399 1893 454 modo
1923 401 2128 456 dentem
2159 403 2399 458 strinxit.
2436 401 2580 458 Nam
2608 413 2723 474 post
2754 404 3029 460 victoriam
3092 403 3320 465 Ca’sari‘

53 493 483 552 velletXeniades
521 493 850 559 Chorintius,
909 502 959 547 et
1012 492 1138 563 quid
1188 491 1407 561 artificii
1465 501 1634 545 nosset

55 599 475 663 percunctaretur
507 604 524 641 :
561 607 578 639 ‹
603 586 761 653 Novi,
799 587 970 658 inquit
1007 585 1288 656 Diogenes,
1338 585 1634 639 hominibus

53 683 227 738 liberis
252 683 530 751 imperare.
560 700 576 731 ι
611 679 839 733 Miratus
875 678 1140 733 Xeniades
1171 694 1476 748 responsum
1497 678 1632 748 ejus,

51 786 274 846 emptum
301 775 474 828 emisit
508 790 687 838 nianu,
711 773 954 844 ﬁliosque
979 790 1100 827 suos
1135 774 1184 827 ei
1211 774 1422 828 tradens
1451 791 1467 828 :
1496 793 1513 824 ι
1533 772 1636 826 Ac-

48 869 177 936 cipe,
202 865 395 936 inquit,
423 864 612 918 liberos
650 881 787 918 meos
811 865 998 935 quibus
1019 865 1260 934 imperes.
1291 885 1309 916 ι
1364 895 1436 904 -
1486 863 1635 918 Idem

50 958 195 1030 (159)
246 957 549 1011 Alexander
597 973 715 1010 cum
758 959 826 1011 ad
869 957 1235 1011 Brachmanas
1280 959 1634 1028 pertransiens

44 1047 262 1101 eandem
294 1057 495 1118 gentem
519 1048 668 1118 longe
695 1058 816 1102 ante
842 1049 1112 1103 didicisset
1137 1051 1266 1103 adeo
1291 1050 1521 1103 cohiberi
1541 1067 1637 1103 na-

47 1138 210 1193 turali
238 1137 370 1209 lege,
401 1149 454 1192 ut
481 1139 689 1209 publice
720 1140 1143 1209 philosophantes
1170 1140 1348 1193 studio
1379 1141 1636 1193 virtutum

44 1232 175 1286 vitia
204 1232 486 1298 nescirent,
515 1241 564 1286 et
595 1233 828 1286 maxime
862 1232 1253 1302 impudicitiam
1281 1241 1328 1285 et
1362 1231 1634 1301 cupidita-
1691 1229 1694 1232 ’

43 1334 164 1389 tem,
194 1325 531 1393 pra'sentavit
555 1341 608 1378 se
634 1325 765 1377 satis
803 1334 1090 1378 reverenter
1139 1323 1366 1394 ngimo
1410 1323 1638 1394 principi

39 1415 275 1486 ejusdem
298 1417 601 1486 provinciie.
629 1415 795 1481 Quem
819 1416 1080 1486 ngimus
1109 1416 1354 1487 regaliter
1374 1416 1636 1485 excipiens

40 1510 411 1577 admonuit,ut
445 1511 628 1580 futura
650 1512 735 1564 die
761 1512 1032 1565 interesset
1056 1511 1324 1564 auditorio
1360 1511 1636 1583 cujusdam

36 1603 176 1656 inter
206 1606 343 1657 duos
370 1603 830 1674 ricinosjustitia'.
864 1603 1059 1658 Lecato
1084 1605 1137 1658 in
1169 1605 1462 1658 crastinum
1480 1605 1632 1675 judi-

34 1696 140 1761 cio,
167 1697 309 1750 sedit
334 1713 451 1751 cum
480 1697 706 1768 IIgdimo
729 1698 1031 1754 Alexander
1053 1716 1171 1753 cum
1208 1699 1501 1770 frequentia
1539 1715 1636 1769 po-

31 1788 249 1855 pulari,
280 1790 547 1858 affuerunt
580 1803 626 1845 et
658 1792 762 1845 duo
805 1793 984 1860 vicini,
1039 1809 1263 1863 quorum
1317 1809 1479 1846 causa
1525 1803 1637 1846 erat

28 1880 327 1952 ejusmodi.
360 1883 508 1938 Alter
528 1883 685 1938 alteri
713 1902 898 1954 agrum
954 1886 1279 1952 vendiderat,
1311 1902 1462 1956 quem
1513 1885 1637 1938 dum

34 1983 243 2037 emptor
295 1976 576 2041 evcoleret,
607 1978 658 2028 in
692 1992 750 2029 eo
777 1977 1081 2030 thesaurum
1103 1978 1391 2031 invenerat.
1412 1975 1538 2030 Mox
1569 1976 1639 2030 ad

32 2061 366 2115 venditorem
396 2066 510 2133 agri
537 2081 825 2131 recurrens,
865 2067 1181 2119 hortabatur
1230 2077 1286 2119 ut
1335 2067 1639 2120 thesaurum

32 2171 187 2208 suum
215 2157 492 2224 reciperet,
522 2174 638 2211 cum
673 2158 837 2211 nichil
865 2158 967 2211 sibi
997 2169 1191 2228 praeter
1222 2175 1409 2229 agrum
1461 2158 1640 2236 vendi-

44 2249 216 2304 lisset.
264 2248 518 2304 Venditor
564 2262 775 2304 econtra
820 2251 1144 2306 causabatur
1179 2252 1331 2306 illum
1373 2253 1494 2323 jam
1537 2269 1640 2307 non

29 2357 184 2395 suum
205 2359 324 2397 esse
352 2345 681 2410 thesaurum,
705 2346 829 2413 quia
855 2347 1061 2400 vendito
1096 2361 1222 2415 agro
1273 2345 1641 2399 eliminaverat

27 2452 56 2490 a
87 2453 140 2490 se
167 2436 342 2490 etiam
377 2438 495 2508 agri
525 2449 851 2504 proventum.
889 2438 1194 2493 Alexander
1234 2437 1460 2492 miratus
1504 2438 1638 2492 libe-

25 2544 141 2581 ram
193 2528 372 2581 totius
410 2529 722 2596 cupiditatis
779 2532 1207 2587 contentionem:
1256 2530 1637 2601 «Ilujasmodi,

21 2620 222 2690 inquit,
250 2621 417 2676 nulla
439 2633 570 2677 esset
601 2623 654 2676 in
696 2641 849 2695 regno
899 2641 1014 2679 meo
1053 2624 1255 2697 agenda
1298 2625 1637 2694 disceptatio,

19 2714 146 2783 quia
180 2731 354 2770 omne
372 2715 636 2771 inventuiri
660 2717 860 2784 publici
879 2718 1024 2788 juris
1047 2718 1336 2773 vindicaret
1389 2717 1642 2771 violenter

16 2809 259 2864 exactio.
289 2827 310 2861 ι
363 2808 444 2862 Ad
467 2809 578 2864 luvc
598 2809 858 2880 ngimus
885 2811 1225 2882 interrogavit
1274 2828 1413 2876 eum,
1460 2821 1640 2864 utrum

17 2915 198 2953 rerum
227 2914 442 2955 natura
467 2917 765 2957 communes
788 2904 981 2957 ibidem
1003 2905 1260 2973 proferret
1284 2904 1507 2973 capias?
1539 2904 1641 2957 Ile-

14 2992 320 3058 spondentc
357 2990 691 3048 Alexandro:
715 3012 733 3045 i
755 2992 934 3047 Etiam
959 2995 1377 3064 copiosissimas,
1407 3015 1424 3046 ›
1457 2996 1641 3049 subin-

1739 494 2112 564 interrogatus,
2156 513 2250 549 cur
2271 499 2324 550 in
2345 496 2597 551 electione
2623 498 2793 568 partis
2815 507 3072 565 errasset,
3108 515 3324 570 respon-

1739 587 1816 640 dit
1845 607 1856 641 :
1894 607 1911 638 ‹
1931 587 2301 644 Prweinctura
2324 591 2437 662 ejus
2461 608 2541 646 me
2566 591 2801 660 decepit:
2823 610 2840 641 ι
2873 590 3088 660 jocatus
3129 593 3185 645 in
3207 591 3326 648 Ca?-

1738 697 1909 734 sarem
1940 684 2030 752 qui
2057 683 2133 738 ita
2167 693 2286 755 toga
2309 686 2749 755 pra'cingebatur,
2786 694 2843 739 ut
2877 683 3128 739 trahendo
3186 685 3326 742 laci-

1740 773 1882 826 niam
1905 774 2188 829 incedendo
2213 777 2349 831 velut
2374 777 2549 832 mollis
2588 778 2869 832 videretur.
2900 777 2977 832 De
3018 795 3118 848 quo
3175 777 3328 849 Sylla

1737 867 1984 936 providus
2008 869 2146 922 dixit
2171 869 2446 940 Pompeio,
2481 872 2768 926 cavendum
2797 889 2828 924 a
2850 887 3010 942 puero
3045 870 3160 926 illo.
3188 870 3320 942 (1b.,

1740 975 1798 1026 ll,
1823 959 1900 1029 5.)
1941 959 2085 1014 Idem
2111 963 2291 1017 Cicero
2315 981 2431 1018 cum
2475 966 2616 1036 apud
2647 965 3032 1036 Damasippum
3079 975 3324 1032 ccenaret,

1738 1061 1786 1106 et
1816 1051 1906 1106 ille
1939 1054 2190 1108 mediocri
2221 1058 2338 1110 vino
2369 1059 2609 1128 apposito
2633 1058 2828 1112 diceret
2857 1073 2874 1111 :
2919 1076 2937 1108 ί
2962 1057 3138 1111 Bibite
3180 1055 3331 1112 Pha—

1739 1143 1941 1197 lernam
1973 1146 2090 1210 hoc,
2115 1157 2190 1199 est
2222 1149 2358 1201 enim
2383 1166 2643 1202 annorum
2668 1149 3046 1220 quadraginta.
3070 1167 3088 1200 ι
3128 1167 3145 1199 ‹
3164 1147 3322 1214 Bene,

1738 1236 1907 1308 inquit
1931 1235 2039 1303 ille,
2099 1247 2307 1292 (etatem
2359 1242 2513 1310 refert
2539 1241 2647 1296 ⁷ο.»
2695 1239 2846 1296 Idem
2894 1257 3014 1294 cum
3080 1257 3325 1310 generum

1739 1345 1892 1382 suum
1911 1331 2114 1402 exigucv
2131 1341 2352 1386 statura:
2371 1333 2631 1388 hominem
2655 1333 2809 1406 longo
2833 1332 3010 1404 gladio
3034 1334 3329 1388 accinctum

1739 1423 1953 1476 vidisset
1984 1440 1994 1475 :
2035 1445 2050 1474 ι
2073 1422 2226 1491 Quis,
2257 1427 2447 1496 inquit,
2475 1443 2716 1495 generum
2751 1444 2922 1481 meum
2979 1426 3222 1497 alligavit
3260 1426 3328 1480 ad

1740 1515 2057 1585 gladium?»
2089 1516 2190 1571 Sed
2217 1535 2378 1589 neque
2400 1518 2560 1588 fratri
2590 1537 2683 1573 suo
2708 1520 3330 1590 inmordacitatepeper-

1741 1610 1835 1662 cit.
1864 1608 1993 1663 Erat
2012 1620 2059 1663 et
2088 1611 2196 1681 ipse
2213 1629 2390 1680 parva:
2419 1621 2672 1678 statura};
2696 1612 2846 1682 cujus
2894 1613 3180 1683 imaginem
3209 1627 3327 1664 cum

1743 1702 1959 1756 vidisset
2011 1702 2306 1772 clgpeatam
2352 1705 2649 1774 ingentibus
2694 1704 3028 1759 lineamentis
3066 1720 3228 1775 usque
3262 1703 3331 1756 ad

1742 1804 1962 1865 pectus:
1991 1793 2245 1863 «Frater,
2284 1797 2474 1866 inquit,
2532 1813 2676 1850 meus
2719 1796 2973 1850 dimidius
3028 1796 3199 1865 major
3257 1801 3333 1849 est

1743 1906 1901 1961 quam
1922 1899 2078 1943 totus.
2108 1909 2124 1940 ι
2155 1888 2218 1942 In
2237 1889 2516 1944 consulatu
2555 1907 2755 1961 quoque
2800 1889 3049 1943 Vaticinii
3091 1889 3136 1920 ⁸⁰
3181 1903 3334 1959 quem
3392 1941 3404 1962 ν

1741 1983 1928 2052 paucis
1951 1983 2133 2036 diebus
2158 1984 2336 2054 gessit,
2371 1984 2468 2037 hoc
2499 1983 2651 2036 modo
2679 1983 2802 2035 risit
2828 1999 2845 2036 :
2884 2000 2901 2030 ε
2933 1980 3207 2050 Magnum,
3251 1981 3336 2033 in-

1741 2075 1878 2144 quit,
1903 2085 2225 2128 ostentatum
2256 2077 2298 2106 ⁸¹
2334 2076 2530 2129 accidit
2567 2077 2621 2129 in
2647 2091 2784 2128 anno
2821 2073 3098 2138 Vaticinii,
3150 2073 3204 2125 in
3234 2087 3335 2142 quo

1742 2181 1834 2219 nec
1858 2165 2043 2219 bruma
2074 2183 2165 2220 nec
2197 2183 2282 2220 ver
2303 2183 2393 2219 nec
2419 2177 2577 2221 testas
2609 2183 2699 2220 nec
2735 2177 3021 2219 autumnus
3059 2165 3181 2234 fuit.
3209 2183 3226 2216 ι
3269 2193 3338 2202 -

1744 2253 1878 2324 (1b.,
1903 2271 1952 2309 c.
1981 2255 2058 2326 4.)
2084 2256 2301 2310 Audivit
2335 2254 2518 2311 Cwsar
2544 2257 2815 2326 Augustus
2838 2257 2978 2309 inter
3003 2270 3188 2325 pueros
3212 2269 3340 2324 quos

1746 2345 1984 2400 Ilerodes
2019 2363 2050 2399 a
2075 2347 2277 2400 bimam
2315 2357 2364 2400 et
2415 2348 2559 2416 infra
2587 2348 2824 2416 jusserat
2872 2345 3130 2410 occidere,
3185 2359 3340 2398 stmm

1743 2454 1946 2508 quoque
1990 2437 2166 2507 ﬁlium
2219 2438 2483 2503 interisse,
2508 2447 2555 2490 et
2581 2438 2720 2491 dixit
2749 2455 2760 2490 :
2795 2455 2813 2488 ί
2839 2435 3058 2489 Mallem
3111 2435 3339 2488 Ilerodis

1742 2549 1851 2588 esse
1875 2548 2065 2602 porcus
2089 2548 2248 2602 quam
2277 2530 2444 2600 filius.
2460 2551 2476 2581 ι
2496 2528 2648 2584 Idem
2668 2527 3104 2584 C(vsarsublimis
3119 2528 3341 2581 Actiaca

1743 2623 1964 2677 victoria
1993 2625 2368 2686 revertebatur;
2385 2621 2615 2674 occurrit
2640 2620 2687 2673 ei
2707 2620 2844 2673 inter
2868 2617 3196 2688 gratulantes
3225 2618 3345 2688 qui-

1743 2717 1866 2770 dam
1881 2732 2090 2770 corvum
2111 2725 2288 2769 tenens
2303 2731 2454 2786 quem
2489 2711 2800 2767 instituebat
2822 2711 3023 2764 dicere:
3045 2728 3062 2763 ι
3085 2709 3209 2776 Ave,
3229 2709 3347 2764 Ca:-

1742 2810 2336 2879 sarvictorimperator.
2363 2826 2382 2859 ›
2416 2806 2644 2859 Miratus
2673 2802 2856 2859 Cicsar
2877 2803 3159 2872 oﬂiciosam
3177 2817 3341 2868 avent,

1742 2904 1931 2974 viginti
1951 2903 2165 2956 milibus
2191 2901 2417 2954 nummis
2441 2900 2588 2954 emit.
2621 2896 2810 2952 Secius
2847 2896 3075 2967 opiﬁcis,
3103 2895 3171 2948 ad
3194 2911 3346 2966 quem

1743 2995 1907 3050 nichil
1932 3010 1994 3048 ex
2019 2993 2116 3048 illa
2137 2992 2460 3046 liberalitate
2487 2999 2792 3062 pervenerat
2815 2989 2882 3055 ⁸⁸,
2917 2988 3196 3058 afﬁrmavit
3229 2985 3347 3041 Ca:-

21 3082 150 3137 tulit
191 3083 348 3154 ngi
360 3100 473 3138 mus
499 3102 517 3140 :
547 3104 565 3138 i
591 3084 722 3140 Ila'c
765 3087 975 3157 quidem
1021 3088 1164 3141 dona
1215 3089 1470 3142 creatoris
1521 3087 1641 3142 licet
1670 3103 1716 3164 ρ
1746 3087 1856 3140 sari
1896 3085 2048 3139 illum.
2081 3094 2129 3138 et
2161 3085 2328 3138 alium
2354 3083 2562 3149 habere,
2594 3098 2746 3153 quem
2773 3090 2829 3134 ut
2859 3080 3051 3149 a/ferre
3073 3087 3346 3149 cogeretur

21 3175 242 3230 alendis
273 3177 355 3231 ibi
376 3179 703 3246 provenirent
729 3181 1008 3246 creaturis,
1050 3181 1243 3234 scirent
1291 3181 1524 3252 profecto
1551 3181 1646 3234 ho-

22 3270 198 3323 mines
269 3279 444 3324 tantcv
491 3271 773 3341 injustitia:
802 3282 851 3328 et
901 3273 1214 3344 cupiditatis
1266 3273 1364 3328 illa
1397 3291 1499 3329 non
1532 3277 1646 3330 suis

17 3363 187 3416 modo
210 3362 410 3416 debita
442 3365 666 3432 meritis,
689 3367 780 3420 sed
812 3367 867 3420 in
895 3367 1079 3422 eadem
1119 3377 1261 3422 terra
1306 3368 1646 3424 subsistenti-

15 3455 117 3510 bus
141 3456 228 3510 vel
260 3456 576 3513 volatilibus
612 3461 689 3515 vel
712 3463 893 3518 bcstiis
917 3465 984 3520 ⁷⁷.
1011 3484 1029 3516 ι

1750 3179 1984 3249 rogavit;
2007 3176 2207 3230 allatus
2237 3192 2419 3230 corvus
2444 3174 2598 3230 verba
2625 3190 2742 3245 qua:
2764 3173 3024 3226 didicerat
3056 3171 3344 3241 expressit:

1756 3269 1919 3336 (Ave,
1947 3270 2114 3322 victor
2141 3268 2430 3337 imperator
2471 3263 2726 3318 Ant/toni.
2751 3282 2769 3315 ι
2825 3261 2979 3317 Nihil
3023 3260 3207 3316 Ctvsar
3251 3275 3345 3314 ex-

1751 3371 2026 3433 asperatus
2053 3361 2188 3414 satis
2213 3359 2368 3413 duxit
2407 3357 2452 3389 ⁸³
2468 3357 2656 3428 jubere
2681 3355 2837 3410 illum
2873 3354 3104 3409 dividere
3133 3354 3349 3408 donati—

1753 3471 1868 3511 vum
1893 3471 2012 3509 cum
2037 3451 2423 3507 contubernali.
2461 3449 2743 3505 Salutatus
2779 3447 3342 3517 similiterapsittaco,

1747 3549 1851 3604 emi
1875 3565 1991 3602 eum
2015 3547 2201 3616 jussit.
2233 3543 2383 3599 Idem
2413 3545 2638 3598 miratus
2675 3543 2729 3596 in
2757 3543 2898 3612 pica,
2952 3541 3088 3594 hanc
3142 3555 3345 3611 quoque

91 3548 191 3604 62.
245 3546 996 3624 HannibalCarthaginensis
1042 3557 1183 3627 apud
1238 3575 1407 3629 regem
1461 3559 1649 3614 Antio—

13 3642 185 3696 chum
224 3640 521 3712 profugus,
547 3643 867 3712 facetissime
890 3648 1172 3701 cavillatus
1215 3658 1310 3702 est.
1348 3649 1455 3718 (Ib.
1482 3666 1542 3714 ιι,
1567 3651 1647 3718 2.)

15 3734 334 3808 Ejusmodi
365 3735 640 3790 cavillatio
660 3738 737 3792 sic
760 3747 856 3793 est.
899 3737 1210 3794 Ostentabat
1259 3738 1548 3792 Antiochus
1595 3741 1651 3792 in

14 3847 218 3902 campo
246 3831 497 3900 ingentes
528 3831 730 3901 copias,
759 3849 890 3902 quas
933 3833 1126 3887 bellum
1179 3832 1372 3902 populo
1413 3832 1648 3886 Romano

15 3924 287 3995 facturus
325 3935 754 3993 comparaverat.
785 3925 1127 3981 Convertebat
1183 3927 1470 3979 exercitum
1518 3927 1652 3980 insi-

15 4017 221 4086 gnibus
249 4015 531 4084 argenteis
554 4023 603 4068 et
639 4017 814 4070 aureis
839 4017 1132 4085 florentem,
1159 4016 1442 4070 inducebat
1464 4033 1650 4070 currus

16 4122 146 4161 cum
181 4103 439 4176 falcibus
465 4115 513 4158 et
544 4105 847 4176 elephantos
871 4123 990 4160 cum
1033 4108 1288 4174 turribus,
1335 4123 1490 4178 equos
1533 4123 1652 4161 cum

14 4200 184 4252 miris
235 4197 422 4268 frenis
473 4205 521 4250 et
545 4197 790 4267 ephipiis,
838 4214 956 4252 cum
1004 4198 1286 4252 monilibus
1316 4209 1363 4252 et
1395 4197 1648 4268 phaleris.

12 4291 135 4348 Rex
165 4299 336 4345 tanto
362 4289 601 4344 exercitu
633 4299 843 4361 tamque
874 4302 1060 4345 ornato
1123 4292 1316 4358 elatus,
1369 4290 1651 4346 IIanniba—
1757 4291 1948 4356 moria,
1978 4298 2035 4342 ut
2063 4297 2110 4341 et
2144 4285 2242 4340 illa
2267 4285 2455 4357 quibus
2497 4283 2770 4336 dominum
2808 4289 3104 4351 querentem
3152 4278 3352 4334 solebat

12 4385 123 4440 lem
148 4385 202 4417 ⁷⁸
231 4381 570 4453 compellens
601 4399 618 4438 :
654 4405 670 4436 ε
692 4383 950 4449 Putasne,
976 4385 1168 4455 inquit,
1211 4385 1343 4438 satis
1397 4400 1506 4438 esse
1548 4383 1654 4437 Ro-
1758 4384 1943 4439 audire
1986 4382 2280 4436 subtexeret
2309 4397 2326 4434 :
2360 4398 2377 4430 ‹
2402 4377 2572 4447 Opera
2615 4385 2664 4430 et
2714 4376 2950 4444 impensa
3000 4373 3177 4443 periit.
3213 4390 3231 4423 ι
3267 4370 3350 4425 Ad

13 4480 206 4535 manis
230 4479 361 4534 hcce
407 4479 660 4532 omnia?»
707 4477 850 4532 Tunc
893 4478 1084 4533 Poenus
1127 4478 1341 4534 eludens
1390 4478 1655 4549 ignaviam
1690 4471 1733 4525 D
1758 4479 1896 4550 quod
1924 4476 2108 4532 Caesar
2135 4473 2495 4542 risit,emique
2522 4485 2667 4523 avem
2694 4467 2882 4538 jussit,
2904 4467 3090 4537 quanti
3147 4463 3351 4518 rutilant

11 4574 348 4629 imbellium
406 4570 636 4624 militum
690 4574 1017 4643 pretiumque
1081 4590 1348 4627 armorum
1373 4589 1390 4627 :
1426 4594 1443 4626 ι
1465 4571 1653 4639 Plane,
1757 4572 1930 4627 adhuc
1951 4577 2168 4624 emerat.
2186 4597 2254 4606 ——
2272 4563 2483 4620 Solebat
2507 4560 2839 4617 descendenti
2867 4577 2898 4613 (ι
2922 4558 3126 4630 palatio
3149 4556 3352 4613 Ctesari

11 4667 113 4720 ille
171 4667 399 4738 inquit,
426 4666 561 4718 satis
612 4682 720 4719 esse
761 4666 872 4720 hare
908 4667 1061 4721 credo
1091 4667 1366 4735 Romanis,
1406 4670 1504 4722 etsi
1551 4669 1658 4722 sint
1759 4663 1974 4735 aliquod
1997 4659 2345 4728 honorificum
2371 4656 2698 4726 epigramma
2737 4652 3003 4723 porrigere
3048 4647 3352 4714 erculus;

13 4759 381 4817 avarissimi.
412 4776 430 4806 ι
462 4755 531 4809 Et
546 4757 641 4810 hoc
683 4759 816 4811 satis
866 4775 969 4812 non
1022 4759 1191 4813 solum
1220 4761 1409 4831 lepide,
1468 4759 1559 4814 sed
1607 4767 1656 4812 et
1758 4757 1814 4810 id
1843 4773 1959 4809 cum
1984 4755 2186 4825 frustra
2217 4767 2352 4821 stupe
2376 4749 2604 4820 fecisset,
2635 4761 2819 4799 rursus
2847 4761 2965 4798 cum
2991 4743 3131 4797 idem
3180 4742 3356 4812 factu-

14 4856 217 4911 acerbe
249 4854 499 4908 dictum.
526 4849 634 4905 Rex
659 4852 722 4906 de
749 4870 966 4907 numero
1000 4855 1262 4908 exercitus
1284 4865 1330 4908 et
1373 4855 1437 4908 de
1493 4854 1658 4925 wqtti-
1762 4867 1877 4903 rum
1902 4848 2117 4903 vidisset
2141 4847 2432 4916 Augustus,
2471 4841 2618 4896 breve
2648 4857 2746 4893 sua
2771 4855 2931 4892 manu
2952 4838 3007 4891 in
3032 4835 3219 4890 charta
3263 4850 3358 4889 ex-

9 4950 331 5021 paratione
356 4945 672 5017 qutesierat,
694 4945 785 5000 ille
815 4947 1080 5017 respondit
1105 4947 1166 5001 de
1202 4947 1404 5018 prtvda.
1435 4977 1504 4985 -—-
1521 4945 1653 5018 (1b.,
1761 4944 1932 4998 aravit
1954 4939 2193 4996 Grtvcum
2216 4933 2912 5009 epigramma,pergentique
2929 4930 3115 5001 deinde
3138 4929 3207 4983 ad
3229 4944 3283 4982 sc
3302 4927 3356 4982 in

13 5060 63 5100 c.
92 5045 180 5116 5.)
219 5041 301 5098 In
329 5039 609 5098 Cwsarem
639 5057 840 5112 quoque
874 5040 1198 5095 mordacitas
1245 5040 1512 5096 Ciceronis
1559 5040 1655 5095 hoc
1763 5038 1966 5094 obviam
1993 5035 2136 5090 misit
2175 5029 2440 5088 Gra'culo.
2468 5027 2572 5084 Ille
2594 5026 2810 5085 leaeudo
2835 5024 3060 5080 laudare
3084 5032 3132 5079 et
3169 5021 3358 5078 mirari

1389 5151 1621 5208 νΑΙὶΙᾹΞ
1665 5149 1955 5212 LECTION
1964 5148 2064 5206 ES.

91 5252 141 5284 ⁷⁷
179 5243 468 5305 Post/two
516 5245 571 5298 in
625 5245 674 5300 1.
717 5248 952 5318 sequitur
990 5255 1146 5317 caput
1185 5255 1423 5300 nostrum
1475 5245 1564 5312 65,
1619 5247 1806 5301 deinde
1855 5263 1932 5319 c._
1963 5243 2054 5308 6‘2,
2105 5239 2220 5319 sine
2267 5237 2378 5292 ullo
2425 5235 2629 5319 ordinis
2680 5231 2923 5287 mutandi
2973 5227 3358 5319 signa.“

10 5342 192 5400 quum
218 5329 428 5394 aperte
453 5329 699 5400 repugnet
731 5311 1008 5400 intentioni
1053 5311 1317 5400 auctoris,
1365 5311 1660 5400 censuimus
1714 5316 2044 5400 mutandum.
2098 5311 2300 5400 Auctor
2353 5311 2492 5362 enim
2531 5311 3356 5400 Lqutwit‘mque“:ocfasiottgnsftv

14 5372 606 5464 hionum'Lanibertih
631 5390 864 5464 ejusdem
894 5391 1098 5460 generis
1149 5391 1211 5464 in
1249 5372 1488 5464 mentem
1513 5391 1613 5464 ipsi
1668 5398 1933 5455 venerunt,
1965 5387 2060 5464 hoc
2091 5381 2335 5464 ,Ιυωίθξη
2389 5377 2756 5464 ’ζιειηίζναιξαηξ
2809 5373 3091 5464 ζρξιέεςξδξξῖ

395 5445 697 5542 infect/ala
728 5445 923 5518 assuta
971 5462 1303 5542 postnmodulm
1335 5445 1682 5542 supplevisse;
1719 5478 1878 5542 quam
1921 5445 2914 5542 scedulan‘t.librariusmilitiath

11 5516 359 5615 ᾗ).δῖ
382 5605 419 5615 ,γ
452 5516 793 5615 "ﬁliannilnil—
822 5516 918 5592 1"."
971 5516 1048 5566 ’τ’
1074 5533 1178 5591 fert
1203 5532 1372 5589 Macr.
1399 5516 1409 5532 ’
1434 5516 1444 5531 ’
1472 5533 1516 5566 ⁸ο
1542 5516 1791 5591 Υιιῐὶἒειύῐι
1821 5533 1894 5590 i’.
1928 5527 2129 5587 Vatinii
2161 5525 2333 5584 Macr.
2411 5524 2455 5560 ⁸⁸
2481 5528 2758 5593 ostentum
2797 5516 2874 5576 Μ’
2954 5516 3360 5592 ⁸’”Ρ¹’⁰νθ¹¹⁰³’³¹ί

13 5604 96 5674 λ’.
187 5612 240 5645 ⁸³
266 5605 430 5666 dixit
454 5604 521 5660 i‘.

1751 3641 1988 3694 redemit.
2029 3638 2342 3708 Exemplum
2369 3638 2466 3691 hoc
2496 3653 2777 3708 pauperem
2810 3649 3040 3689 sutorem
3083 3633 3350 3688 sollicita-

1752 3734 1844 3798 vit,
1881 3741 1934 3784 ut
1960 3747 2173 3785 corvum
2194 3731 2496 3783 institueret
2517 3729 2586 3783 ad
2611 3745 2791 3799 parem
2815 3728 3225 3793 salutationem;
3257 3727 3350 3797 qui

1756 3839 1991 3894 impensa
2022 3822 2331 3887 exhaustus,
2364 3837 2500 3890 saepe
2523 3821 2592 3874 ad
2620 3836 2766 3873 avem
2803 3836 2904 3872 non
2954 3820 3348 3889 respondentem

1754 3917 1926 3970 dicere
1950 3914 2148 3969 solebat
2173 3929 2190 3967 :
2215 3933 2231 3964 ‹
2256 3912 2427 3984 Opera
2445 3921 2495 3966 et
2531 3913 2766 3984 impensa
2792 3912 2972 3980 periit.
2996 3930 3014 3961 ι
3047 3911 3350 3979 Aliquando

1756 4019 1930 4064 tamen
1986 4025 2168 4061 corvus
2216 4008 2368 4076 carpit
2419 4006 2590 4058 dicere
2632 4003 2893 4056 dictatam
2949 3999 3348 4056 salutationem.

1759 4101 1876 4156 Hac
1903 4101 2090 4155 audita
2118 4100 2332 4154 transiit
2357 4099 2649 4169 Augustus,
2699 4094 3050 4166 respondens:
3089 4113 3106 4144 ε
3133 4090 3353 4148 Saluta-

1758 4206 1932 4252 torum
1961 4195 2149 4248 talium
2178 4193 2310 4246 satis
2339 4191 2482 4246 domi
2512 4189 2695 4243 habeo.
2720 4207 2737 4240 ι
2771 4185 3043 4258 Superfuit
3066 4202 3218 4241 corvo
3245 4203 3353 4241 me-

1580 5689 1787 5748 NOTAE

95 5794 271 5868 (159)
316 5789 453 5853 Hoc
481 5785 626 5850 unde
654 5783 899 5848 hauserit
923 5784 1126 5855 nescio,
1156 5785 1257 5847 etsi
1283 5783 1410 5843 olim
1463 5800 1550 5843 me
1579 5800 1638 5844 ea
1677 5784 1874 5862 legisse
1900 5781 2142 5845 memini.
