3902 6286
197 227 354 290 1403

186 628 553 685 elemosinam
576 631 623 666 θ’
651 632 970 702 promisisse
992 635 1120 688 olim
1153 638 1399 693 ecclesiae
1423 637 1773 708 Mosomensi,

179 720 430 792 ejusque
460 725 751 779 convenire
776 726 1017 796 justiciaa
1037 736 1091 782 et
1115 729 1312 784 honori
1340 739 1400 785 ut
1447 733 1772 801 promissam

181 820 498 875 attraheret
539 821 771 877 abhatice
812 823 895 877 sui
934 825 1093 893 juris.
1129 824 1371 882 Credidit
1403 827 1643 896 pontifex
1673 828 1772 882 ab-

179 909 324 975 bati,
360 917 414 964 et
447 912 708 981 quicquid
743 913 798 966 in
841 915 1117 969 territorio
1154 915 1411 971 Remensi
1457 931 1617 972 suum
1655 925 1774 972 erat

175 1001 439 1056 ecclesia:
477 1003 619 1058 beati
661 1003 904 1072 Huberti,
943 1007 993 1060 ei
1025 1007 1288 1062 violenter
1320 1009 1617 1076 interdixit,
1665 1010 1772 1064 nisi

175 1089 290 1144 sibi
323 1102 736 1163 recognosceret
774 1097 918 1165 quod
955 1096 1287 1151 reclamabat
1323 1098 1550 1151 ecclesia
1584 1097 1768 1152 Meso-

172 1185 418 1238 mcnsis.
447 1184 562 1238 Tali
608 1187 924 1257 compulsus
974 1190 1299 1244 necessitate
1346 1189 1514 1243 abbas
1558 1191 1622 1244 ad
1675 1205 1766 1242 ar-

171 1275 597 1347 chiepiscOpum
622 1280 788 1344 venit,
829 1290 1221 1351 assumptoqne
1267 1280 1556 1335 Lamhea'to
1586 1282 1768 1350 priore

171 1365 246 1419 ah
278 1369 517 1423 ecclesia
563 1371 737 1424 sancti
787 1369 1040 1441 Remigii,
1089 1373 1158 1426 ab
1197 1389 1260 1426 eo
1312 1373 1615 1442 requisivit,
1667 1389 1766 1427 cur

131 1473 277 1511 sua
335 1461 784 1524 heatol—luberto
842 1465 919 1519 sic
967 1465 1264 1519 interdixit.
1321 1465 1652 1534 Reginoldus
1703 1475 1765 1520 ut

167 1559 293 1603 erat
354 1561 515 1606 tenax
564 1564 754 1623 empta:
795 1556 963 1610 semel
994 1556 1292 1620 sententiae,
1329 1563 1381 1609 et
1423 1556 1660 1610 maxime
1705 1557 1762 1611 in

166 1643 386 1709 quilms
421 1645 704 1699 videbatur
738 1647 840 1700 sibi
885 1663 1047 1717 super
1077 1663 1256 1716 posse,
1286 1655 1399 1701 tum
1434 1649 1597 1701 etiam
1633 1648 1760 1718 quia

1238 235 1629 299 CHRONICON
1667 244 1724 302 S.
1762 247 2066 309 HUBERTI
2097 253 2420 318 ANDAGIN.
2933 299 2960 305 ..
3109 296 3116 303 .
3366 281 3450 341 ροϐ

189 349 468 406 defuncto
517 358 572 407 et
619 358 679 408 ut
721 346 951 424 petierat
1012 351 1213 410 ibidem
1274 361 1513 429 sepulto,
1578 361 1785 418 Rodul-
1815 366 2241 430 ANamucensis
2289 392 2515 433 uxorem
2563 383 2712 438 deoit

191 439 288 496 fus
315 444 488 500 abbas
509 445 870 503 Mosom‘ensis
901 447 1048 520 (144)
1085 453 1354 522 suggessit
1400 453 1701 526 Raginoldo
1731 456 1777 491 ⁸⁷

189 534 502 592 Remorum
545 541 808 610 pontiﬁci,
851 542 1101 597 eumdem
1143 542 1415 616 Rogerum
1467 548 1777 618 praedictam

2006 385 2241 430 mcensis
2289 392 2515 433 uxorem
2563 385 2732 451 dealt,
2789 385 3077 462 ipsumque
3125 391 3449 458 Porcensem

1881 473 2195 562 comitatum
2229 483 2351 524 cum
2391 473 2646 530 omnibus
2690 492 2812 547 quae
2846 491 3001 537 erant
3035 487 3118 540 sui
3158 488 3317 557 juris,
3353 511 3448 562 pa-

1879 557 1946 610 tri
1972 569 2023 613 et
2051 560 2162 613 tilio
2188 562 2422 617 maxima
2447 567 2606 635 pretii
2636 584 2849 626 summa
2880 573 2947 627 ab
2975 575 3054 630 eis
3083 591 3296 649 accepta
3321 557 3449 638 ven-

1877 647 2045 717 didit;
2074 666 2306 720 quorum
2343 670 2615 713 consensu
2653 663 2897 718 unanimi
2924 673 2975 718 et
2998 665 3142 720 dono
3172 647 3447 739 legaliccl~

1874 739 1981 794 lam
2025 745 2338 811 przedictam
2381 748 2524 803 beati
2566 749 2829 808 Tietboldi
2873 755 3236 817 Theodericus
3279 765 3447 822 abbas

1873 831 2112 888 ecclesice
2135 834 2276 890 beati
2301 835 2524 893 liuberti
2553 849 2607 896 et
2629 843 2768 899 beati
2791 845 2935 901 Petri
2958 860 3216 919 perpetuo
3242 855 3446 911 haben-

1871 919 1994 974 dam
2025 925 2277 992 optimnt,
2312 943 2550 1000 suosque
2574 937 2871 992 monachos
2903 939 2973 992 ibi
3007 943 3304 1011 constituit,
3347 947 3442 1000 ﬁr—

1871 1022 2018 1066 mato
2049 1015 2171 1069 inde
2220 1021 2433 1088 publice
2475 1025 2753 1096 privilegio
2794 1029 2846 1083 in
2885 1033 3104 1087 archivo
3148 1039 3440 1105 pontificali

1869 1110 2107 1163 ecclesia?
2138 1109 2440 1181 Remensis,
2472 1132 2895 1190 recognOseentc
2939 1125 3068 1181 illud
3101 1137 3153 1182 et
3197 1132 3442 1201 signante

1868 1201 2276 1273 archiepiscopo
2305 1205 2603 1278 Raginold'o
2644 1227 2768 1267 cum
2804 1217 3012 1272 clericis
3057 1219 3226 1276 beatae
3261 1223 3441 1281 Mariae

1867 1301 2078 1362 Semper
2105 1296 2331 1366 virginis
2361 1299 2526 1370 (M7).

1935 1385 2022 1439 66.
2067 1386 2202 1458 (78.)
2238 1389 2440 1444 Cellam
2481 1394 2644 1448 etiam
2669 1395 2976 1454 Cunensem
3010 1400 3179 1473 (M8),
3214 1419 3333 1473 quae
3359 1413 3442 1460 est

1864 1477 1920 1530 in
1949 1478 2156 1533 honore
2189 1481 2330 1535 beati
2360 1482 2637 1540 Michaelis
2660 1490 2991 1561 archangeli,
3024 1510 3145 1548 cum
3186 1497 3440 1552 omnibus

1863 1571 2192 1638 appenditiis
2239 1575 2376 1641 suis,
2428 1577 2636 1632 scilicet
2659 1581 3022 1640 denominatis
3065 1586 3120 1640 in
3160 1588 3439 1658 privilegio

1863 1661 2106 1730 ejusdem
2145 1665 2406 1734 ecclesize,
2449 1671 2713 1739 subjectis
2761 1673 2839 1727 illi
2885 1677 3150 1744 ecclesiis,
3191 1679 3436 1746 decimis,

165 1749 376 1803 parum
429 1748 617 1792 contra
675 1740 959 1794 avaritiam
1009 1741 1377 1806 consuluerat,
1426 1742 1480 1794 in
1530 1742 1755 1811 quibus—

1865 1746 2089 1819 familia,
2145 1758 2302 1813 terris
2345 1760 2506 1815 cultis
2553 1771 2607 1816 et
2649 1765 2889 1830 incultis,
2922 1769 3114 1837 pratis,
3152 1771 3322 1836 silvis,
3355 1773 3437 1824 vi--

162 1843 416 1897 minque
445 1831 660 1900 aliquod
708 1834 1054 1888 commodum
1082 1834 1352 1903 sperabat,
1385 1834 1550 1903 hujus
1579 1834 1756 1888 disce-

162 1921 441 1987 ptazionis
482 1924 752 1992 judicium
793 1925 1032 1979 decrevit
1075 1925 1414 1980 referendum
1466 1929 1531 1981 ad
1567 1928 1756 1982 conci»

161 2011 304 2064 lium
336 2014 722 2080 episcoporum
744 2017 888 2084 quod
919 2017 972 2068 in
997 2017 1246 2071 proximo
1262 2016 1566 2080 praeﬁxerat
1592 2016 1758 2072 Sues-

161 2105 346 2157 sionis
376 2116 596 2160 civitate
637 2121 926 2200 agendum.
962 2109 1143 2162 Abbas
1173 2109 1239 2162 ad
1270 2109 1561 2162 concdium
1587 2110 1753 2176 venit,

160 2197 452 2253 deducens
477 2214 662 2254 secum
694 2197 1047 2254 Godefridum
1070 2200 1239 2254 ﬁlium
1264 2201 1503 2270 pratdicti
1534 2201 1753 2272 Rogeri,

157 2300 424 2360 paratum
454 2293 557 2347 sibi
588 2293 954 2348 disrationare
980 2293 1224 2363 lcgaliter
1263 2294 1618 2347 elemosinam
1653 2309 1752 2362 pa-

155 2384 258 2439 tris
296 2384 415 2438 sui.
454 2383 521 2439 Et
569 2401 694 2440 cum
742 2386 883 2440 inter
919 2395 1098 2440 cetera
1145 2399 1234 2438 res
1273 2400 1490 2455 quoque
1543 2384 1753 2439 abbatis

151 2479 527 2532 ventilaretur
550 2479 603 2532 in
631 2478 885 2544 concilio,
932 2478 1047 2533 haec
1079 2478 1202 2532 inde
1241 2477 1505 2531 sententia
1541 2477 1752 2546 publice

93 2633 104 2640 η
151 2573 530 2628 determinata
561 2582 647 2629 est
679 2574 1061 2644 episcoporum
1100 2571 1326 2642 judicio.
1368 2569 1445 2624 De
1487 2571 1750 2625 altaribus

155 2663 466 2720 Remensis
512 2665 756 2720 ecclesiae
787 2679 909 2735 quae
953 2664 1283 2734 acquisierat
1329 2661 1559 2716 ecclesia
1605 2660 1750 2714 beati

157 2755 421 2826 lluberti,
455 2757 749 2812 Remorum
777 2756 1087 2827 pontiﬁcem
1117 2770 1279 2825 posse
1301 2754 1525 2808 licenter
1555 2753 1750 2822 impla-

161 2849 336 2903 citare
391 2850 677 2915 abi-atem;
736 2850 801 2903 de
855 2847 1038 2902 fundis
1081 2863 1212 2901 vero
1263 2845 1490 2900 abbatiee
1539 2860 1648 2898 non
1699 2843 1749 2897 ei

161 2944 466 3013 quicquam
492 2944 536 2977 99
575 2942 1036 3012 respondendum,
1061 2941 1165 2995 nisi
1206 2941 1261 2994 in
1297 2940 1573 2994 audientia
1607 2938 1747 2992 Leo—

162 3037 378 3090 dicnsis
403 3037 664 3102 ecclesize,
696 3037 761 3090 ad
792 3051 956 3105 quam
979 3035 1168 3089 eadem
1194 3034 1408 3088 abbatia
1432 3032 1744 3102 pertineret,

1861 1847 2000 1913 neis,
2054 1864 2232 1918 aquis,
2280 1852 2627 1920 molendinis,
2673 1857 2988 1925 piscaturis,
3041 1858 3235 1926 furnis,
3282 1863 3437 1931 legali

1855 1938 2064 1994 Galteri
2092 1951 2145 1995 et
2175 1941 2358 1998 fratris
2381 1944 2502 2013 ejus
2541 1941 2782 2001 Dodonis
2823 1949 2968 2004 dono
3008 1960 3061 2003 et
3101 1953 3290 2006 uxoris
3320 1952 3436 2020 ejus

1859 2029 2098 2087 Hawidis
2150 2033 2274 2088 ﬁliae
2321 2035 2530 2090 Arnulfi
2579 2038 2795 2093 comitis
2831 2038 2977 2110 (149)
3020 2041 3260 2097 ecclesiae
3294 2043 3436 2096 beati

1858 2123 2000 2177 Petri
2037 2134 2088 2179 et
2117 2125 2261 2179 beati
2305 2124 2527 2181 Huberti
2558 2139 2820 2199 perpetuo
2857 2128 3160 2187 habendam
3196 2134 3434 2203 acquisi-

1855 2217 1954 2271 vit.
2010 2215 2112 2270 Ubi
2181 2233 2455 2273 consensu
2500 2219 2808 2290 Engelberti
2865 2223 3200 2280 Trevircnsis
3251 2217 3435 2278 archi4

1855 2310 2092 2377 episcopi
2121 2309 2314 2364 locatis
2351 2312 2634 2367 monachis
2653 2311 2950 2368 Robertum
2985 2317 3313 2370 monachum
3339 2331 3438 2385 op-

1853 2400 2000 2454 timae
2029 2401 2379 2468 habitudinis,
2419 2403 2548 2456 olim
2579 2413 2758 2457 autem
2789 2407 3047 2460 clericum
3084 2409 3308 2477 majoris
3337 2423 3429 2462 ec-

1854 2493 2034 2549 clesiae
2081 2489 2459 2559 Virdunensis,
2501 2495 2854 2564 prtepositum
2909 2499 3216 2564 constituit;
3277 2499 3432 2566 cujus

1839 2583 2122 2637 industria
2159 2583 2409 2638 eumdem
2433 2585 2613 2639 locum
2649 2587 3086 2655 possessionibus
3114 2595 3166 2643 et
3192 2588 3432 2644 aediﬁciis

1852 2675 2151 2745 ampliavit.

1923 2766 2009 2821 67.
2040 2767 2176 2839 (79.)
2208 2767 2369 2834 Boso,
2401 2769 2568 2825 abbas
2614 2771 2789 2825 sancti
2830 2770 3064 2841 Agerici,
3110 2772 3194 2826 vir
3238 2786 3429 2828 admo-

1851 2859 1979 2915 dum
2007 2862 2222 2929 optimm
2255 2859 2550 2931 religionis,
2576 2863 2892 2916 morabatur
2919 2861 3132 2932 Jupiliae
3163 2879 3287 2917 cum
3311 2861 3427 2932 cpi-4

1851 2963 2017 3020 scepo
2043 2967 2143 3005 suo
2165 2946 2500 3006 Theoderico
2528 2950 2858 3006 Virdunensi
2882 2951 3049 3022 (l50).
3081 2951 3156 3005 lbi
3188 2951 3431 3005 inﬁrma-

1851 3049 1960 3107 tus,
1994 3057 2118 3096 cum
2151 3058 2207 3096 se
2231 3043 2568 3112 priesentirct
2592 3043 2919 3096 moriturum
2948 3042 3278 3097 omnimodis
3302 3058 3430 3112 pr-

163 3145 291 3183 r-um
329 3145 394 3182 ex
447 3131 662 3184 decreto
703 3143 976 3183 canonum
1013 3135 1224 3182 constet
1264 3127 1466 3180 nemini
1502 3127 1663 3180 licere
1693 3126 1748 3179 in
1776 3132 1821 3194 α
1853 3130 2006 3187 cibus
2040 3133 2218 3202 exegit
2241 3147 2269 3186 a
2302 3133 2437 3198 suis,
2486 3133 2552 3186 ad
2593 3141 2842 3186 sanctum
2875 3130 3173 3188 “ubertum
3207 3149 3264 3187 se
3287 3131 3427 3185 refe—

163 3228 404 3280 alienam
444 3241 677 3280 messem
719 3240 940 3280 manum
985 3224 1217 3278 mittere.
1270 3221 1361 3277 Sic
1399 3237 1486 3276 res
1535 3219 1746 3275 abbatis

165 3317 420 3370 absoluta
459 3325 541 3371 est
565 3316 770 3386 judicio
796 3316 1194 3385 episcoporum.
1232 3312 1371 3365 Bene
1402 3319 1583 3365 autem
1610 3327 1744 3365 con-

165 3410 320 3460 scius
355 3409 625 3463 infensum
670 3411 770 3464 sibi
797 3409 1178 3479 Raginoldum,
1223 3421 1288 3461 eo
1329 3407 1472 3476 quod
1506 3407 1646 3460 unde
1681 3405 1745 3436 ¹⁰⁰

167 3499 427 3568 sperabat.
469 3501 677 3553 nullum
717 3502 818 3554 sibi
849 3502 1159 3570 proveniret
1199 3498 1566 3565 commodum,
1614 3498 1748 3552 adeo

165 3607 294 3644 cum
327 3592 687 3660 complacavit
734 3593 798 3622 ¹⁰¹
845 3593 1291 3644 convenientilims
1321 3591 1548 3654 cxcniis,
1583 3600 1641 3643 ut
1666 3591 1745 3642 ah

163 3694 283 3739 tare
315 3684 380 3737 de
405 3684 618 3751 Bcdols,
648 3685 879 3750 firmato,
906 3683 1190 3753 privilegio
1223 3692 1275 3736 ct
1302 3683 1520 3735 exclusa
1550 3682 1603 3734 in
1628 3697 1749 3750 per-

165 3787 394 3848 petuum
444 3794 697 3848 p"‘rsona,
751 3777 1019 3847 optineret
1055 3774 1316 3829 donatum
1369 3773 1613 3828 ecclesia:
1658 3772 1747 3826 Pi-

164 3869 315 3924 l‘ettsi
361 3867 505 3938 (MSS)
540 3867 647 3935 (an.
686 3865 863 3937 1087).

236 3959 326 4013 63.
370 3960 504 4029 (77.)
543 3958 789 4029 Rogerus
813 3973 1031 4029 quoque
1061 3956 1412 4012 Porcensium
1444 3969 1625 4009 comes
1647 3968 1747 4007 an-

166 4060 218 4106 te
250 4052 428 4121 ipsum
453 4050 718 4106 Percense
743 4061 981 4108 castrum
1011 4050 1156 4121 (146)
1180 4059 1332 4103 trans
1363 4048 1583 4101 fluvium
1607 4044 1750 4099 Axo-

165 4161 292 4198 nam
327 4145 612 4199 ecclesiam
638 4145 690 4199 in
720 4146 928 4199 honore
956 4143 1101 4198 beati
1138 4141 1442 4196 Thietboldi
1484 4140 1750 4194 :edilicare

167 4249 430 4310 co‘perat,
459 4241 642 4310 ibique
668 4239 942 4310 deputatis
969 4238 1292 4308 quilmsdam
1319 4253 1501 4290 rerum
1525 4251 1749 4290 suarum

166 4333 632 4402 possessionibus,
663 4348 784 4402 quae
821 4333 876 4385 in
915 4332 1196 4402 privilegio
1235 4331 1478 4399 ejusdem
1511 4329 1751 4383 ecclesia}

167 4438 611 4495 remlmerantur,
646 4428 958 4483 coenobium
988 4426 1221 4496 aiicujus
1261 4425 1444 4494 magni
1488 4422 1746 4487 nominis,

1849 3225 2080 3279 rendum
2110 3223 2294 3293 ibique
2322 3223 2710 3293 sepeliendum.
2744 3222 3208 3293 Prosequentibns
3245 3231 3426 3275 autem

1850 3318 2177 3388 quibusdam
2231 3317 2593 3372 nobilioribus
2658 3317 2824 3371 castri
2874 3315 3123 3371 Hoicnsis
3159 3345 3223 3354 —-
3254 3313 3430 3368 fuerat

1848 3414 1990 3466 enim
2037 3413 2161 3467 inde
2202 3413 2339 3467 bene
2359 3419 2542 3477 natus,
2573 3421 2741 3479 nepos
2781 3409 3028 3461 videlicet
3069 3405 3299 3460 Bosonis
3341 3411 3429 3458 ar"—

1849 3503 2153 3558 chidiaeoni
2186 3504 2344 3574 longe
2384 3517 2549 3572 supra
2607 3497 3232 3566 memorati—sepultus
3261 3503 3343 3549 est
3373 3495 3426 3549 in

1848 3597 2075 3648 ecclesia
2108 3592 2406 3649 honoriﬁce.
2434 3593 2498 3648 ad
2541 3592 2788 3646 dextram
2831 3590 3017 3645 altaris
3058 3588 3201 3643 beati
3237 3595 3426 3657 proto-

1849 3687 2103 3756 martyris
2155 3686 2435 3755 Stc—phani,
2485 3685 2824 3739 deservicnte
2866 3679 3277 3752 eju-sexequiis
3335 3677 3429 3748 qui

1848 3789 1978 3832 tunc
2024 3778 2340 3830 morabatur
2390 3777 2590 3830 ibidem
2635 3777 2835 3829 domno
2885 3774 3117 3828 Henrico
3177 3769 3428 3841 pontifice

1850 3869 2157 3923 Leodiensi.
2204 3867 2278 3921 Ex
2312 3867 2430 3936 ejus
2461 3867 2757 3935 'parentum
2786 3865 2908 3934 jure
2937 3864 3267 3918 hereditario
3299 3876 3426 3930 pro-

1849 3967 2115 4014 venerunt
2141 3959 2267 4013 huic
2309 3957 2558 4011 ecclesia:
2607 3956 2728 4010 duae
2772 3954 3083 4009 mansiones
3128 3952 3314 4021 viginti
3358 3951 3427 4005 li-

1851 4058 2069 4110 brarum
2101 4055 2154 4108 in
2178 4054 2396 4108 i’loicnsi
2426 4053 2564 4106 foro.

1921 4146 2007 4200 68.
2044 4147 2178 4217 (80.)
2222 4145 2491 4199 Henricus
2517 4144 2807 4214 episcopus
2845 4149 2904 4196 ut
2946 4149 3063 4195 erat
3097 4139 3178 4193 vir
3216 4137 3428 4193 tuenda:

1850 4240 2088 4305 virtutis,
2135 4238 2396 4293 Obertum
2451 4237 2736 4307 quemd'an:
2791 4233 3140 4306 praepositum
3185 4230 3428 4285 ecclesiae

1851 4344 2054 4389 sancta:
2083 4333 2277 4388 (lrucis
2302 4331 2623 4400 criminibus
2657 4329 2963 4383 convictum
2992 4327 3058 4380 de
3083 4325 3298 4379 civitate
3330 4323 3426 4376 de—

1853 4435 2097 4482 creverat.
2125 4425 2441 4480 omnimodo
2475 4425 2541 4454 ¹⁰²
2568 4422 2989 4477 exturbandum.
3025 4418 3116 4472 ille
3142 4432 3269 4470 vero
3298 4430 3426 4484 pro-
3483 4447 3492 4452 -

168 4532 225 4576 ut
256 4531 375 4576 erat
401 4523 802 4591 magnanimus,
844 4529 1096 4575 extruere
1139 4520 1518 4573 meditabatur.
1566 4515 1669 4571 Sed
1718 4534 1748 4571 a
1780 4492 1827 4550 ί)
1853 4518 2058 4588 ripiens
2082 4532 2139 4572 se
2165 4517 2229 4570 ad
2261 4515 2622 4585 Berengcrum
2655 4513 2903 4566 abbatem
2936 4509 3107 4564 sancti
3148 4505 3426 4566 Laurentii

169 4616 282 4668 suis
315 4616 583 4685 proditus,
613 4623 666 4669 et
705 4615 758 4668 in
802 4613 1051 4684 captione
1081 4613 1489 4672 dehonestatus,
1529 4624 1654 4664 cum
1691 4623 1750 4661 se

167 4724 275 4762 non
309 4725 472 4778 posSe
515 4708 773 4778 prosequi
817 4707 960 4777 quod
1000 4706 1164 4759 nimis
1201 4704 1485 4758 distulerat
1520 4702 1745 4766 videret,

171 4802 327 4854 trcdio
355 4819 574 4872 quoque
616 4801 785 4856 nimio
828 4801 1052 4854 affectus
1097 4796 1562 4852 dehonestationis
1614 4809 1744 4857 suze,
1798 4867 1804 4872 _

169 4891 335 4948 ﬁliam
373 4909 528 4951 suam
559 4893 803 4950 Sibillam
839 4891 1129 4947 Godefrido
1155 4890 1264 4944 ﬁlio
1293 4889 1496 4943 Alberti
1533 4886 1746 4940 comitis

1851 4611 2017 4677 venit,
2044 4617 2098 4665 et
2127 4609 2268 4678 apud
2290 4624 2413 4664 eum
2447 4617 2554 4661 tam
2585 4606 2675 4660 diu
2713 4605 2889 4669 latuit,
2917 4603 3090 4656 donec
3119 4617 3184 4655 eo
3228 4599 3424 4653 suifra-

1850 4711 2008 4774 gante
2040 4703 2091 4755 in
2123 4701 2351 4771 gratiam
2379 4697 2619 4768 episcopi
2647 4697 2824 4750 rediit.
2856 4694 2959 4748 Sed
2984 4707 3088 4746 non
3115 4691 3283 4745 multo
3305 4699 3426 4758 post

1851 4796 2090 4850 collectis
2137 4795 2299 4848 rebus
2342 4791 2478 4856 suis,
2527 4789 2820 4846 Henricum
2862 4800 3044 4856 regem
3090 4782 3241 4847 adiit,
3271 4781 3426 4850 quia

1849 4889 2111 4960 Gregorio
2142 4903 2277 4959 papa
2299 4903 2392 4956 per
2414 4883 2736 4940 decennium
2759 4872 3425 4944 excommunicatus,qui—

1455 4998 1688 5051 VAIll/E
1731 4999 2128 5055 LECTIONES.

245 5098 288 5169 δῖ
319 5099 607 5169 Raginoldi
644 5101 690 5154 1.

177 5164 241 5197 ¹⁰⁰
278 5164 507 5241 inde—sp.
535 5187 589 5225 n.
621 5187 664 5226 s.
692 5175 979 5241 provenire
1008 5169 1080 5221 l‘.

785 5099 830 5131 9⁸
875 5098 1061 5152 abhinc.
1099 5097 1200 5149 duo
1233 5093 1362 5163 folir;
1397 5092 1580 5143 (leam!
1616 5091 1669 5142 in
1709 5091 1755 5163 1.
1797 5091 2234 5163 sedeonmlimns
2261 5092 2330 5144 l'.
2408 5081 2453 5121 δ’
2481 5089 2735 5159 cuiquam
2762 5085 2841 5152 i';
2875 5099 2943 5136 an
2985 5095 3106 5137 esse
3135 5078 3426 5150 cuiquam?

1171 5161 1240 5197 ιο(
1268 5163 1500 5234 placavit
1535 5178 1580 5215 c.
1615 5161 1790 5214 xeniis
1822 5161 1905 5216 1·.¹
1975 5164 2039 5195 ³⁰²
2066 5163 2290 5219 omnino
2321 5163 2390 5216 Γ.

1665 5254 1892 5311 ΝΟΤίΕ.

247 5346 393 5414 (111)
413 5364 461 5401 a.
490 5348 872 5403 1087-1106.
902 5348 1202 5403 secundum
1225 5345 1464 5399 Annales
1491 5339 1743 5412 Mosam,

177 5413 274 5470 ss.
307 5413 394 5483 lll,
423 5429 473 5488 p.
510 5420 630 5472 me.

249 5487 393 5558 (115)
418 5487 528 5558 jam
566 5507 708 5544 anno
737 5491 891 5555 1087,
942 5491 1059 5545 vide
1088 5506 1269 5559 supra.
1323 5488 1431 5542 Etsi
1465 5487 1551 5540 vix
1599 5487 1744 5540 credi

179 5568 351 5638 potest
391 5563 503 5615 haec
544 5561 682 5615 intra
718 5571 824 5615 tam
868 5563 1027 5617 breve.
1065 5561 1322 5632 temporis
1351 5559 1585 5630 spatium
1617 5575 1742 5613 cve-

183 5644 340 5685 insse.

248 5701 391 5774 (146)
424 5704 668 5759 Porcien.
702 5703 766 5758 Β.

1923 5348 2070 5419 (lsi?)
2113 5365 2163 5402 a.
2211 5346 2363 5419 l08_7,
2393 5344 2579 5419 indicti
2607 5354 2844 5419 xhanno
2875 5333 3105 5406 Philippi
3128 5333 3217 5388 28.
3244 5330 3423 5386 Edidit

1775 5467 1778 5469 .
1849 5413 2104 5475 Ma‘billon
2137 5419 2277 5472 Ann.
2313 5415 2510 5470 Bened.
2539 5413 2601 5478 V,
2633 5413 2758 5464 062.
3013 5477 3016 5478 ν
3303 5433 3306 5437 -

1921 5472 2069 5560 (lii—8)
2095 5472 2098 5473 ν
2123 5490 2258 5543 Cons
2309 5504 2401 5540 sur
2429 5488 2476 5560 la
2524 5472 2719 5539 Chiérc
2760 5478 2881 5552 prcs
2911 5480 2976 5534 de
3006 5477 3324 5551 Lenguyon.
3353 5472 3416 5530 Β.

1923 5563 2068 5633 (119)
2096 5559 2522 5633 thsnia_censis_.

1923 5622 2068 5705 (150)
2106 5631 2209 5696 Qui
2239 5630 2372 5685 obiit
2401 5644 2451 5683 a.
2488 5626 2644 5694 1088,
2678 5625 2807 5696 Apr.
2840 5622 2929 5678 ‘28.
