3902 6286
423 224 562 305 1107
1445 213 1841 273 CHRONICON
1876 215 1935 273 S.
1968 212 2273 272 HUBERTI
2311 209 2637 270 ANDAGIN.
3560 210 3710 270 μω

425 346 532 403 bus
597 349 817 415 poterat
862 335 1301 412 expeditionibus
1359 332 1664 390 Romanam
1720 335 2007 392 ecclesiam
2033 340 2086 401 Α
2111 335 2218 390 mis
2238 333 2443 404 injuste
2462 349 2522 389 se
2541 330 2893 403 praegravari,
2918 331 3036 386 sine
3051 328 3267 400 judicio
3280 327 3569 399 justitiam
3592 329 3707 384 rio-

424 437 876 514 persequebatur.
905 430 1137 486 Obsessa
1166 428 1311 484 enim
1346 438 1402 483 et
1429 438 1587 499 capta
1624 428 1769 485 Urbe
1803 428 2007 501 Grcgo-
2107 427 2279 483 lenter
2310 426 2565 497 opprimi,
2608 424 2850 480 divinam
2891 424 3114 496 quidem
3165 424 3248 478 vel
3281 422 3705 493 dispositionem

427 530 576 589 rium
605 544 799 603 papam
824 525 1124 596 fugaverat,
1150 537 1325 593 eoque
1352 524 1644 594 superstite
1688 522 2007 579 Guibcrtum
2107 521 2194 576 vel
2232 518 2651 590 permissionem
2694 519 2910 589 placere
2937 518 3064 583 sibi,
3103 517 3242 572 velle
3285 526 3481 572 tamen
3527 516 3603 569 ab
3629 518 3703 571 eis

429 621 799 682 Ravennatem
814 619 934 672 loco
948 616 1068 687 ejus
1083 615 1461 683 substituerat,
1487 617 1581 686 qui
1598 624 1652 672 et
1663 616 1778 687 ipse
1790 617 1903 688 jam
1915 618 2008 672 diu
2110 613 2342 680 censeri,
2358 612 2405 668 si
2415 612 2494 668 sic
2507 620 2810 666 mereretur
2821 610 3066 666 tractari.
3087 608 3712 677 Succlamantibusqu-

430 712 938 776 excommunicatus
959 710 1141 766 sedem
1175 710 1532 781 apostolicam
1569 710 1891 767 temerarius
1927 711 2011 766 in—
2110 707 2324 776 busque
2366 713 2421 760 et
2449 705 2556 759 hoc
2576 703 2742 760 nimis
2775 703 3105 774 injuriosum
3134 717 3277 767 esse,
3307 717 3415 757 nec
3437 701 3556 755 tale
3583 701 3714 770 quid

431 809 628 865 vadere
678 813 1119 875 praesumpserat.
1170 802 1471 859 Decedente
1512 813 1694 857 autem
1751 803 2012 875 Gregorio

433 899 577 970 apud
629 897 1020 963 Beneventum,
1083 894 1389 951 cardinales
1450 893 1712 950 Romanae
1770 896 2016 952 ecclesiae

433 990 677 1053 Odonem
709 988 1049 1047 Hostiensem
1096 988 1433 1060 episcopum,
1475 987 1685 1044 civibus
1713 988 2017 1059 religiosio—

435 1083 591 1141 ribus
639 1082 1128 1147 consentientibus,
1180 1094 1279 1151 pro
1323 1095 1391 1135 eo
1443 1079 1499 1133 in
1543 1078 1671 1133 sede
1720 1078 2019 1149 apostolica

437 1174 841 1233 Substituerunt
890 1174 1062 1244 (151),
1092 1188 1255 1244 quem
1303 1172 1435 1227 olim
1487 1171 1813 1227 Remensem
1855 1171 2018 1227 cleri-

438 1282 564 1321 cum
595 1274 650 1321 et
689 1275 876 1337 postea
916 1264 1333 1321 Cluniacensem
1371 1264 1698 1320 monachum
1737 1261 2021 1318 Urbanum

437 1379 636 1438 papam
679 1362 892 1419 censeri
931 1362 1336 1433 judicavcrunt.
1387 1360 1479 1416 Sic
1504 1359 1806 1416 sacerdotio
1846 1369 1901 1415 et
1932 1375 2022 1415 re-

440 1471 548 1529 gno
577 1455 899 1523 dissidente,
940 1455 1069 1511 licet
1107 1454 1432 1528 generaliter
1476 1454 1533 1508 in
1579 1452 1785 1508 mundo
1835 1459 2024 1508 sancta

443 1545 676 1601 ecclesia
730 1545 1150 1616 periclitaretur,
1204 1543 1498 1615 specialius
1543 1551 1726 1599 tamen
1790 1541 2024 1599 Henrico

442 1634 729 1693 insistente
744 1638 1066 1704 vexabatur,
1093 1636 1224 1690 dum
1248 1634 1531 1706 pontiﬁces
1546 1632 2027 1704 postpositajusti-

441 1727 518 1785 tia
559 1727 662 1782 sibi
707 1727 972 1794 faventes,
1020 1727 1106 1782 vel
1147 1725 1370 1781 Urbano
1411 1725 1796 1782 subtraherent
1836 1725 1905 1756 ¹⁰³
1945 1724 2030 1779 vel

443 1817 703 1875 Guiberto
720 1821 1058 1875 attraherent
1072 1820 1159 1874 ¹⁰³.
1181 1818 1296 1874 Sub
1314 1818 1758 1874 talidissentione
1771 1818 2029 1874 ecclesia-

444 1911 578 1967 stica
606 1912 897 1983 languente
925 1912 1159 1982 justitia,
1184 1920 1378 1981 praeter
1409 1920 1590 1967 cetera
1625 1911 1890 1966 virtutum
1917 1910 2032 1965 dis-

444 2004 676 2075 pendia,
753 2005 1055 2059 simoniaca
1116 2005 1342 2060 haeresis
1418 2004 1623 2075 passim
1697 2004 2029 2072 invaluerat,

444 2094 576 2149 dum
604 2095 767 2150 modo
796 2111 937 2165 quos
964 2095 1478 2151 excommunicabat
1511 2094 1768 2151 Urbanus
1803 2095 2035 2152 Guiber—

445 2192 534 2243 tus
580 2187 905 2253 absolveret,
938 2197 991 2242 et
1030 2188 1277 2243 Guiberti
1307 2189 1617 2245 desertores
1644 2188 1898 2246 Urbanus
1920 2192 2035 2247 col-

447 2277 659 2348 ligeret.
690 2276 901 2333 Interea
941 2279 1121 2334 adhuc
1163 2280 1455 2350 superstite
1489 2279 1726 2337 Henrico
1756 2282 2031 2352 pontiﬁce,

448 2367 684 2426 Obertus
727 2371 1044 2426 morabatur
1091 2388 1217 2428 cum
1274 2373 1544 2444 principe,
1610 2383 1666 2429 ct
1706 2374 2034 2430 honoratum

451 2477 639 2518 secum
684 2462 880 2519 delatis
918 2464 1261 2532 muneribus,
1288 2474 1453 2535 prout
1489 2473 1722 2537 poterat,
1763 2466 2039 2521 ambiebat

449 2558 730 2630 obsequiis
773 2567 829 2615 et
860 2558 1142 2617 favoribus
1187 2558 1423 2630 alicujus
1458 2557 1686 2616 honoris
1720 2556 1789 2613 ab
1820 2573 1887 2613 eo
1910 2558 2039 2615 abs-

450 2652 702 2708 trahendi
729 2654 987 2723 optentis.

521 2744 609 2800 69.
643 2744 781 2817 (81.)
817 2744 978 2801 Anno
1006 2753 1188 2801 autem
1210 2744 1376 2800 Verbi
1402 2744 1670 2800 incarnati
1709 2741 1842 2799 1091
1877 2740 2036 2815 (Mai.

2114 799 2267 854 illum
2284 798 2395 870 pati
2413 798 2629 864 debere,
2648 797 2926 867 respondit
2943 794 3178 851 Obertus
3207 795 3259 850 id
3286 795 3480 865 ipsum
3505 807 3569 848 se
3582 793 3717 847 bene

2115 906 2528 962 recognoscere,
2542 891 2637 946 sed
2648 897 2975 960 praeceptum
2993 889 3202 945 domini
3215 888 3301 943 sui
3320 901 3575 942 nonease
3590 902 3719 956 pra-

2117 982 2442 1037 tereundum
2469 981 2594 1047 sibi,
2631 980 2777 1051 quod
2799 980 2915 1035 sive
2932 980 3142 1049 justum
3176 979 3295 1033 sive
3324 978 3605 1047 injustam
3643 977 3721 1030 illi

2115 1071 2394 1143 iuraverat
2414 1068 2816 1139 exequendum.
2842 1067 2924 1123 Ad
2949 1068 3065 1122 haec
3090 1065 3445 1136 Berengerus
3465 1074 3723 1119 constan-

2121 1161 2265 1218 tior:
2316 1159 2441 1215 Sine
2485 1176 2675 1230 magno
2714 1158 2919 1226 dolare,
2966 1158 3163 1228 inquit,
3202 1157 3560 1228 relinquitur,
3587 1156 3722 1225 quod

2122 1271 2226 1309 non
2247 1270 2367 1307 cum
2394 1269 2584 1324 magno
2611 1267 2789 1306 amore
2816 1250 3136 1322 possidetur.
3171 1249 3267 1305 Sic
3297 1249 3626 1320 digrediens
3650 1259 3729 1302 tu-

2122 1348 2186 1404 lit
2215 1363 2403 1403 sccum
2434 1347 2691 1402 baculum
2749 1362 2914 1417 quem
2958 1345 3175 1400 tenebat
3224 1344 3602 1415 pastoralem,
3650 1353 3728 1398 at-

2124 1440 2455 1497 testantibus
2499 1440 2831 1511 quibusque,
2883 1439 3002 1508 ipso
3043 1453 3268 1510 quoque
3312 1435 3553 1503 Oberto,
3586 1437 3728 1491 bene

2126 1533 2204 1590 illi
2247 1533 2395 1604 juste
2433 1533 2752 1599 convenire;
2790 1539 2847 1587 et
2873 1531 3172 1602 assumptis
3217 1547 3413 1587 secum
3464 1529 3731 1585 fratribus

2129 1641 2269 1698 quos
2296 1625 2501 1697 placuit
2525 1625 2651 1692 sibi,
2700 1625 2928 1682 secessit
2959 1625 3028 1680 ad
3074 1624 3377 1680 ecclesiam
3418 1623 3577 1678 beati
3619 1621 3724 1677 Hoc

2062 1691 2103 1750 Β
2131 1691 2487 1788 Βωῑίξίιυθῐη
2533 1719 2692 1788 plane
2734 1717 3162 1789 recognoscebat
3203 1726 3451 1788 matrem
3500 1732 3730 1771 conva-

2131 1815 2305 1871 sionis
2329 1824 2383 1873 et
2419 1814 2780 1884 professionis
2820 1830 2953 1871 suae.
2993 1813 3072 1870 lbi
3114 1824 3404 1887 gratanter
3448 1824 3728 1886 exceptas,

2134 1924 2259 1964 cum
2286 1909 2492 1965 illatam
2531 1922 2643 1963 non
2667 1908 2843 1963 solum
2884 1908 2986 1963 sibi
3030 1907 3298 1978 injuriam
3338 1906 3591 1971 referret,
3635 1906 3726 1961 sed

2133 2003 2300 2060 etiam
2325 2003 2577 2074 publicas
2595 2000 3060 2066 exordinationes,
3089 2015 3232 2070 quas
3258 1997 3504 2055 Obertus
3525 2008 3725 2053 temere

2134 2098 2441 2164 exercebat,
2466 2112 2593 2154 cum
2620 2094 2960 2151 Theoderico
2980 2095 3182 2195 abbate
3211 2103 3271 2149 et
3312 2093 3567 2149 fratribus
3586 2109 3721 2150 eon-

2134 2192 2379 2249 ferret—
2390 2190 2599 2247 scilicet
2626 2189 2775 2260 quod
2804 2188 2871 2243 de
2901 2186 3069 2243 ma'nu
3104 2186 3581 2243 excommunicati
3610 2189 3731 2241 sine

2137 2285 2377 2357 legitima
2407 2283 2672 2339 electione
2696 2289 2752 2336 et
2780 2290 2936 2351 pacta
2967 2279 3200 2351 pecunia
3235 2280 3626 2351 episcopatum
3650 2294 3735 2333 ar.

2136 2376 2418 2448 ripuisset,
2440 2374 2586 2446 quod
2621 2389 2682 2430 se
2703 2373 2784 2429 sic
2809 2373 2983 2443 ejecto
3012 2379 3067 2426 et
3091 2369 3459 2426 Guolbodoni
3493 2369 3735 2440 deposito

2133 2467 2406 2539 justitiam
2447 2465 2794 2538 prodidisset,
2835 2464 2980 2534 quod
3025 2462 3306 2517 abbatiam
3355 2460 3735 2516 Florinensem

2139 2562 2444 2619 Gisleberto
2479 2560 2815 2616 Hasteriensi
2847 2560 2995 2631 (152)
3038 2557 3342 2630 praeposito
3371 2569 3433 2613 et
3475 2555 3737 2611 Broniea-

2142 2673 2256 2713 sem
2305 2657 2524 2712 cuidam
2577 2653 2951 2711 Guiremundo
2995 2652 3172 2708 sancti
3209 2650 3408 2707 Jacobi
3470 2648 3737 2704 monacho

2141 2758 2328 2806 taxato
2350 2749 2565 2821 publice
2598 2748 2772 2819 pretio
2790 2746 3144 2809 vendidisset,
3174 2744 3329 2815 quod
3371 2744 3655 2798 hactenus
3676 2741 3737 2795 li-

453 2838 592 2911 51.),
615 2855 730 2895 sua;
765 2854 895 2895 vero
918 2840 1284 2896 ordinationis
1331 2839 1418 2908 16,
1467 2839 1725 2895 dominus
1770 2837 2039 2894 Henricus
2142 2843 2330 2898 beram
2356 2854 2411 2897 et
2435 2842 2731 2914 gloriosam
2781 2847 2987 2895 sanetae
3023 2837 3210 2892 Maria:
3239 2837 3549 2906 sanctique
3587 2833 3740 2889 Lan-

455 2930 735 2987 hominem
782 2933 953 2998 exuit;
1000 2934 1056 2987 in
1083 2933 1381 3004 dampnum
1417 2933 1605 3005 gloriae
1638 2931 1958 2988 Leodiensis
1987 2939 2043 2987 et
2144 2934 2580 2991 bertiecclesiam
2598 2931 3270 2989 sicinfccisset—tantam
3289 2925 3743 2984 adversusObcr-

456 3021 698 3076 maximo
727 3021 1015 3092 dispendio
1058 3031 1261 3080 nostra:
1293 3039 1459 3094 quam
1495 3023 1786 3094 specialius
1829 3023 2042 3079 colebat
2069 3040 2114 3102 ρ
2146 3037 2261 3083 tum
2278 3023 3304 3096 suseitaviteorumindignationem,ut
3317 3018 3742 3075 communican-

457 3112 795 3169 solitudinis.
841 3112 1014 3185 Cujus
1056 3116 1149 3170 vix
1178 3115 1365 3171 audita
1406 3113 1643 3171 Obertus
1688 3123 1884 3182 morte,
1924 3114 2045 3170 sine

455 3207 723 3262 electione
768 3208 1141 3264 ecclesiastica
1178 3209 1245 3264 de
1282 3224 1449 3264 manu
1493 3209 1637 3281 regis
1669 3209 2046 3280 episcopatum

459 3300 711 3366 extorsit,
741 3316 864 3355 cum
892 3301 1148 3356 maximis
1174 3302 1350 3372 pactis
1376 3301 1637 3372 praemiis,
1662 3309 1848 3357 tamen
1881 3302 2048 3357 etiam

461 3389 777 3444 ﬁdelitatem
801 3392 879 3444 illi
905 3391 1112 3447 faciens
1134 3394 1550 3462 interpositione
1578 3393 1941 3463 jurisjurandi
1957 3393 2046 3449 ¹⁰⁸.

536 3479 621 3536 70.
669 3480 805 3553 (82.)
846 3480 1207 3537 Contulerant
1247 3499 1305 3538 se
1349 3484 1419 3539 ad
1454 3484 1707 3538 eumdem
1744 3485 2046 3554 principem

459 3576 571 3631 duo
597 3575 876 3646 quondam
906 3575 1366 3645 pseudoabbatcs,
1401 3574 1684 3631 Guolbodo
1707 3576 1881 3631 sancti
1901 3575 2017 3631 Lau
2035 3607 2049 3618 -

462 3668 626 3723 rentii
652 3677 706 3722 et
736 3667 924 3737 Leupo
960 3668 1137 3723 sancti
1176 3667 1470 3736 Trudonis,
1517 3683 1656 3740 quos
1689 3669 1969 3726 convictos
1997 3680 2052 3727 et

463 3759 1011 3827 excommunicatos,
1078 3760 1403 3818 criminibus
1456 3762 1739 3833 probatis,
1796 3763 2051 3821 dominus

465 3851 737 3910 Henricus
783 3854 853 3910 ab
882 3855 1158 3926 episcopio
1205 3854 1493 3912 Leodiensi
1532 3857 1817 3928 expulerat
1842 3858 1929 3912 '°".
1963 3856 2051 3915 Hii

463 3946 650 4003 audita
677 3948 798 4019 ejus
828 3957 1004 4005 morte
1033 3949 1254 4005 adducti
1278 3949 1334 4005 in
1369 3966 1520 4021 spem
1547 3953 1905 4022 recuperandi
1946 3954 2049 4009 ho-

463 4040 636 4107 noris,
663 4049 717 4097 ct
749 4041 854 4112 ipsi
884 4042 1029 4113 pacti
1053 4051 1182 4099 sunt
1217 4044 1505 4114 pecuniam
1530 4045 1783 4116 principi.
1818 4044 2052 4103 Obertus

2149 3137 2316 3178 sensu
2334 3119 2493 3191 quasi
2522 3116 2996 3173 excommunicato
3017 3114 3378 3186 probabiliter
3410 3127 3527 3168 non
3552 3110 3744 3166 amotio

2151 3212 2669 3271 communicandum
2699 3218 3005 3265 censerent.
3049 3207 3131 3262 Ad
3163 3207 3285 3262 haec
3314 3205 3666 3276 Bercngerns
3686 3201 3744 3256 ti-

2151 3325 2305 3365 mens
2327 3309 2503 3364 eidem
2546 3305 2793 3362 ecclesiae
2817 3319 2916 3375 pro
2951 3301 3197 3374 periculo
3236 3299 3540 3369 temporis,
3566 3297 3740 3367 ipsius

2151 3402 2314 3457 etiam
2342 3399 2554 3455 abbatis
2575 3404 2880 3452 retractans
2897 3393 3303 3464 simplicitatem
3323 3389 3745 3446 insuﬁieientem

2151 3495 2281 3552 huic
2318 3500 2481 3549 tantae
2527 3489 2852 3553 defensioni,
2904 3486 3189 3557 subjunxit
3238 3485 3524 3539 neminem
3568 3480 3743 3551 inqui-

2151 3587 2294 3653 nari,
2324 3586 2432 3641 nisi
2467 3601 2536 3640 ex
2562 3597 2835 3639 consensu
2865 3580 3065 3636 mentis
3089 3598 3103 3647 ;
3137 3595 3199 3633 se
3218 3578 3451 3651 quidem
3480 3586 3745 3632 “eterna

2151 3678 2462 3749 expulsum,
2489 3685 2543 3731 et
2572 3675 2693 3731 ideo
2720 3674 2856 3728 alias
2892 3671 2997 3726 sibi
3043 3666 3414 3728 secedendum
3445 3690 3459 3724 :
3484 3670 3599 3740 ipsi
3630 3684 3745 3723 cum

2152 3785 2286 3842 pace
2312 3770 2435 3825 loco
2461 3784 2564 3824 suo
2587 3767 2964 3837 persisterent,
2986 3780 3165 3836 neque
3200 3763 3528 3819 inimicitias
3550 3772 3751 3818 temere

2153 3863 2368 3935 aliquas
2420 3861 2474 3917 in
2527 3876 2585 3917 se
2625 3862 2975 3925 suscitarent,
3014 3873 3138 3913 cum
3171 3857 3237 3911 ad
3291 3856 3400 3910 hoc
3455 3870 3629 3910 nemo
3663 3869 3749 3908 eos

2156 3954 2336 4009 adhuc
2356 3953 2657 4022 impelleret
2681 3969 2694 4018 ;
2722 3958 2979 4006 caverent
3013 3949 3239 4003 omnino
3265 3963 3334 4001 ne
3374 3946 3750 4002 inconsultius

2153 4047 2260 4102 tale
2290 4046 2421 4118 quid
2456 4045 2776 4116 inciperent,
2822 4043 2970 4114 quod
3003 4041 3333 4113 quandoque
3352 4039 3444 4094 eis
3479 4040 3753 4110 incepisse

364 4569 378 4584 O
468 4505 724 4562 ﬁdentior
747 4516 894 4564 esset
924 4508 978 4563 in
1009 4510 1365 4581 malignitatis
1400 4515 1719 4568 exercenda:
1743 4514 1831 4567 ⁸⁸⁸.
1873 4512 1931 4567 ln
1958 4528 2053 4569 ea-

465 4149 686 4205 queque
713 4135 1117 4192 restitutionem
1148 4153 1340 4194 eorum
1370 4138 1439 4194 ad
1480 4140 1709 4207 gratiam
1746 4142 1866 4212 ejus
1896 4142 2052 4212 jura-
2153 4140 2461 4211 pmniteret,
2507 4137 2790 4208 respondit
2829 4136 2999 4191 abbas
3041 4150 3101 4190 se
3138 4147 3357 4204 quoque
3402 4132 3493 4186 sui
3524 4140 3588 4186 et
3628 4145 3748 4186 suo-

464 4225 565 4291 vit,
599 4226 722 4282 illos
747 4242 968 4299 quoque
995 4245 1182 4285 secum
1212 4229 1473 4287 Leodium
1498 4232 1721 4287 deduxit
1745 4233 1855 4304 (an.
1892 4233 2050 4303 l09l,
2157 4251 2278 4290 rum
2307 4249 2429 4289 esse
2483 4232 2803 4298 sollicitum,
2846 4230 3009 4284 malle
3050 4243 3111 4283 se
3149 4225 3422 4281 Obertum
3474 4224 3756 4279 oﬂ’endere

466 4316 618 4391 Dec).
657 4318 1034 4377 Dissimulavit
1090 4330 1270 4378 tamen
1316 4324 1534 4380 interim
1578 4341 1702 4396 quae
1749 4325 2057 4383 intenderet
2158 4343 2325 4399 quam
2354 4325 2565 4393 Deum;
2602 4325 2648 4380 si
2682 4325 2810 4395 quis
2840 4331 2987 4379 esset
3027 4318 3267 4385 Domini,
3298 4316 3759 4388 perseverare-td

470 4427 651 4483 agere,
676 4413 852 4470 donec
871 4424 1224 4473 consecratus
1254 4416 1495 4475 Coloniae
1521 4419 1631 4490 (an.
1655 4418 1812 4483 1092,
1841 4420 1969 4475 Feb.
1997 4423 2051 4492 l)
2087 4411 2130 4469 ῐ)
2156 4421 2243 4475 vel
2272 4419 2329 4474 in
2351 4419 2473 4474 loco
2493 4417 2795 4489 persistens
2820 4416 2906 4471 vel
2935 4415 3003 4470 de
3027 4414 3152 4468 loco
3177 4427 3365 4468 secum
3393 4410 3625 4465 exiens.
3658 4408 3765 4463 Fir-

2160 4520 2309 4569 mata
2337 4526 2468 4583 ergo
2495 4510 2859 4567 communiter
2884 4505 3202 4578 bujusmodi
3245 4503 3552 4569 sententia,
3589 4502 3765 4559 Theo-

2151 4602 2380 4658 dericus
2397 4610 2684 4671 assumpto
2706 4615 2891 4656 secum
2916 4597 3224 4669 Berengero
3247 4594 3487 4651 secessit
3497 4596 3565 4649 in
3591 4593 3764 4649 Fran-

469 4689 675 4760 abbati,
704 4698 766 4746 ut
790 4689 910 4747 sine
933 4691 1195 4749 dilatione
1221 4694 1290 4749 ab
1317 4694 1547 4750 ecclesia
1584 4697 1760 4750 sancti
1808 4694 2055 4751 Lauren-
2164 4696 2327 4762 ciam,
2350 4702 2405 4750 et
2441 4709 2568 4749 cum
2611 4692 2973 4765 Ragiualdum
3007 4689 3306 4746 Remorum
3346 4687 3767 4758 pontiﬁcemde

468 4782 534 4839 tii
557 4782 882 4851 discederet,
906 4792 961 4838 et
988 4784 1331 4841 Guolbodoni
1359 4787 1634 4842 abbatiam
1661 4788 1830 4844 libere
1860 4789 2059 4844 haben-
2160 4798 2358 4848 eventu
2405 4804 2591 4845 rerum
2631 4785 3031 4843 consulendum
3056 4788 3397 4855 expeterent,
3434 4782 3534 4837 ille
3584 4782 3762 4852 priva-

471 4875 598 4933 dam
622 4877 971 4949 relinqueret.
1006 4877 1346 4951 Berengerus
1367 4896 1438 4936 ne
1464 4880 1912 4937 irrationabiliter
1943 4883 2059 4937 cul—
2163 4883 2261 4938 tim
2278 4882 2701 4937 Ambianensem
2715 4878 3026 4951 pontiﬁcem
3049 4875 3369 4932 lheruinum
3393 4876 3764 4945 praemittens.

473 4977 695 5039 paretur
739 4971 1007 5042 abjecisse
1055 4972 1342 5028 ecclesiam
1382 4989 1546 5044 quam
1596 4975 1838 5047 legaliter
1875 4990 2062 5031 susce-
2166 4975 2445 5031 mandavit
2494 4973 2842 5029 venientibus
2870 4985 2941 5026 ne
2983 4985 3043 5025 se
3068 4969 3120 5024 ei
3163 4976 3598 5039 praesentarent,
3644 4966 3764 5037 quia

474 5069 631 5132 perat
652 5064 965 5135 regendam,
991 5064 1048 5120 in
1083 5065 1388 5123 crastinum
1419 5064 1623 5123 Oberto
1663 5083 1722 5123 se
1756 5074 2059 5138 praesenta-
2168 5068 2318 5124 nullo
2340 5068 2503 5122 modo
2526 5066 2609 5122 vel
2632 5066 2687 5121 in
2723 5064 2891 5120 verbo
2916 5062 3001 5118 vel
3026 5061 3081 5116 in
3106 5060 3299 5117 osculo
3328 5060 3416 5115 eis
3452 5058 3765 5114 communi-

475 5155 574 5225 vit,
604 5167 861 5217 causatus
883 5160 1101 5233 publice
1121 5176 1309 5220 coram
1339 5161 1661 5220 melioribus
1691 5161 1948 5229 civitatis,
1986 5161 2067 5216 ni-
2170 5168 2341 5227 caret,
2382 5160 2488 5215 nisi
2516 5160 2734 5231 culpam
2761 5171 2923 5214 suam
2950 5155 3185 5213 fatentes
3213 5153 3554 5226 prmissus
3582 5152 3653 5208 ad
3674 5164 3763 5205 eos

1790 5294 2024 5352 VARIAZ
2065 5292 2462 5350 LECTIONES.

1900 5415 1965 5447 ¹⁰³
1989 5414 2110 5468 hinc
2131 5412 2183 5468 1.
2213 5412 2401 5485 pergit.

469 4595 596 4653 dem
623 4607 808 4655 autem
830 4600 920 4656 die
946 4602 1278 4658 reversionis
1306 4620 1420 4660 suae
1446 4606 1724 4661 mandavit
1749 4606 2054 4679 Berengero

554 5413 622 5447 ¹⁰³
660 5412 737 5470 ita
765 5414 849 5484 l‘;
893 5417 1239 5477 subtraheret
1270 5425 1322 5475 et
1360 5418 1661 5475 attraiteret
1703 5415 1786 5471 ed.

2502 5411 2570 5444 ¹⁰⁵
2597 5412 2738 5469 deest
2769 5410 2819 5467 1.

481 5485 654 5544 detur.

2921 5409 2991 5443 ¹⁶⁴
3018 5411 3213 5464 iterum
3242 5407 3461 5465 verbum
3487 5406 3673 5463 decue
3692 5406 3765 5465 σε·

2021 5597 2251 5657 NOTAE.

2284 5676 2296 5688 Ι

567 5709 715 5787 (151)
748 5711 868 5775 scil.
898 5716 1026 5792 post
1055 5708 1324 5775 Victorem
1354 5711 1441 5778 lli.
2249 5710 2396 5786 (132)
2431 5708 2694 5769 Ηιιδεὶἑνύ.
2721 5704 2786 5765 ιι.
