3902 6286
139 272 272 334 1409

1155 266 1549 328 annomcon
1581 268 1641 326 s.
1681 262 1990 329 nunerum
2026 266 2354 332 sumam.

3254 277 3396 341 1M0

137 394 419 465 episcopus
439 404 472 447 a
492 386 797 447 Wibertina
822 386 1019 445 haeresi
1046 394 1102 444 et
1122 385 1307 444 Oberti
1329 387 1712 445 communione
1738 393 1786 452 Α
1815 391 2132 448 adhibuisse
2185 392 2273 459 ηδ,
2307 392 2691 462 imperatorem
2721 392 3005 452 dominum
3045 412 3207 456 suum
3252 412 3308 457 et
3335 419 3396 461 se

138 483 454 540 absolveret.
488 480 568 537 Illi
594 496 692 552 per
716 481 880 536 talem
910 480 1276 537 invectionem
1298 497 1423 537 cum
1450 481 1563 551 jam
1592 496 1709 536 cer-

138 576 300 631 tiores
319 575 509 629 ﬁerent
529 573 807 630 sententia
829 589 961 640 sua,
990 574 1225 630 absoluti
1254 589 1351 644 per
1371 572 1706 642 Iheruinum,

135 671 338 741 excepti
375 678 505 726 sunt
537 669 922 726 venerabiliter
947 685 977 723 a
1011 667 1311 740 Raginaldo
1352 669 1646 740 pontiﬁce;
1675 685 1706 724 a

134 779 240 834 quo
274 762 537 818 consolati
572 771 628 817 et
663 762 989 828 conﬁrmati,
1024 770 1084 817 ut
1118 761 1472 830 persisterent
1496 761 1710 816 tuenda

133 855 363 919 veritati,
386 854 725 911 diverterunt
765 855 832 911 ad
874 855 1066 910 cellam
1091 852 1510 909 Eberneicortis.
1557 852 1708 909 lianc

134 945 501 1003 Theodericus
547 947 851 1020 Berengero
897 947 1351 1013 accommodavit,
1396 956 1456 1001 ut
1506 946 1706 1003 ibidem

130 1047 433 1094 remaneret
460 1054 584 1094 cum
622 1040 757 1106 suis,
786 1041 960 1096 donec
998 1054 1096 1110 per
1135 1054 1418 1095 accessum
1448 1038 1707 1109 temporis

129 1126 435 1200 expectai'ét
465 1131 629 1187 ﬁnem
657 1132 757 1200 rei,
787 1133 976 1203 sicque
1002 1131 1331 1188 Cumensem
1360 1132 1552 1188 cellam
1587 1146 1706 1187 mo-

127 1232 349 1280 raturus
376 1225 449 1280 ibi
473 1226 714 1295 expetiit.
754 1225 960 1281 Interea
1000 1226 1339 1298 Berengerus
1362 1227 1702 1284 criminatio-

126 1316 288 1373 nibus
311 1317 379 1350 ¹⁶⁷
410 1317 695 1386 infamare,
728 1319 853 1374 vitae
882 1327 937 1373 et
972 1319 1221 1374 moribus
1269 1320 1389 1390 ejus
1419 1319 1701 1393 derogare,

123 1412 234 1459 tam
264 1406 404 1461 male
429 1422 488 1462 se
522 1409 591 1464 ab
619 1423 687 1463 eo
711 1416 1002 1463 tractatum
1042 1409 1315 1464 continuis
1340 1410 1702 1480 querimoniis

123 1499 423 1569 deplorare,
456 1516 565 1556 non
595 1518 719 1558 eum
766 1517 834 1558 ex
867 1503 1186 1573 pontiﬁcatu
1227 1503 1575 1569 honoratum,
1606 1504 1702 1560 sed

121 1591 497 1661 pontiﬁcatum
542 1609 610 1650 ex
637 1610 703 1650 eo
751 1594 1172 1651 dehonestatum
1222 1595 1548 1652 declamare.
1590 1596 1703 1654 Nec

120 1682 278 1738 latuit
304 1682 565 1741 Obertitm
607 1686 725 1743 hac
764 1687 983 1741 illorum
1026 1686 1316 1754 sententia,
1357 1695 1412 1741 et
1448 1703 1561 1743 sua
1595 1702 1700 1758 pu-

118 1776 275 1833 blica
298 1777 698 1834 criminationis
736 1779 982 1846 infamia,
1011 1796 1174 1851 quam
1208 1782 1334 1837 licet
1383 1781 1700 1837 dissimula-

114 1874 229 1922 tam
256 1883 357 1924 sua
387 1869 492 1924 sibi
512 1869 675 1925 etiam
700 1870 1060 1926 attestabatur
1102 1872 1456 1927 conscientia.
1505 1871 1701 1928 Decre-

113 1959 192 2014 vit
219 1960 389 2031 igitur
410 1976 469 2016 se
491 1961 790 2028 vindicare,
808 1963 904 2018 sed
925 1978 993 2018 ne
1015 1962 1071 2017 id
1097 1963 1372 2018 videretur
1396 1964 1703 2020 inconsulte

113 2050 330 2117 fecisse,
363 2053 608 2107 evocavit
636 2054 1020 2119 consulendos,
1051 2069 1191 2123 quos
1219 2054 1322 2109 sibi
1353 2056 1437 2110 vel
1462 2056 1702 2125 praemiis

113 2144 194 2199 vel
220 2144 684 2216 promissionibus
720 2144 973 2200 eﬂ‘ecerat
995 2144 1268 2217 ﬁdeliores
1297 2145 1525 2201 amicos.
1556 2145 1704 2201 Con-

112 2245 382 2291 venerunt
437 2237 604 2291 etiam
655 2252 797 2307 quos
872 2237 1221 2293 ordinaverat
1281 2247 1335 2294 et
1388 2239 1704 2294 restituerat

110 2326 359 2390 abbates,
406 2326 613 2383 scilicet
660 2326 944 2382 Guolbodo
976 2328 1151 2383 sancti
1186 2325 1486 2393 Laurentii,
1518 2327 1702 2398 Leupo

106 2419 281 2475 sancti
306 2417 612 2485 Trudonis,
638 2417 976 2475 Gislebertus
1006 2418 1363 2486 Florinensis,
1391 2420 1704 2477 Guarmun—

102 2509 204 2565 dus
226 2508 579 2576 Broniensis,
605 2507 1002 2566 Theodericum
1025 2510 1277 2566 abbatem
1300 2511 1703 2583 condempnare

99 2600 297 2670 parati,
323 2617 462 2656 cum
489 2600 593 2670 ipsi
632 2601 1103 2672 dampnabilesex
1143 2602 1363 2657 decreto
1402 2618 1699 2671 canonum,

100 2693 301 2748 nullam
353 2692 617 2749 haberent
657 2694 1038 2750 auctoritatem
1076 2695 1381 2765 judicandi.
1413 2694 1491 2752 Ne
1519 2706 1700 2752 tamen

102 2786 203 2841 soli
254 2785 587 2842 viderentur
652 2787 1025 2858 pracipitassc
1080 2790 1408 2845 sententiam
1468 2790 1700 2859 alicujus

106 2879 459 2937 temeritatis.
508 2878 697 2934 habito
737 2880 969 2935 consilio
999 2897 1124 2936 cum
1156 2882 1577 2948 archidiaconis,
1601 2883 1699 2937 de-

109 2979 402 3026 creverunt
445 2971 706 3042 legitimis
752 2974 1164 3030 cvocationibus
1207 2974 1457 3030 abbatem
1506 2992 1695 3046 prose-

110 3063 414 3131 quendum,
441 3071 496 3119 et
533 3063 636 3119 nisi
690 3063 833 3119 infra
878 3066 1143 3122 terminos
1164 3083 1353 3122 earum
1406 3084 1465 3123 se
1500 3084 1699 3139 repra-
1726 3094 1767 3153 ο

107 3167 191 3211 se:
210 3162 357 3210 taret
384 3155 454 3211 ad
482 3155 791 3226 episcopale
804 3157 1093 3227 judicium,
1128 3159 1278 3215 illum
1302 3160 1450 3230 juste
1476 3177 1699 3218 excom-

108 3247 544 3315 municandum,
593 3257 688 3304 aut
726 3249 953 3306 omnino
1015 3252 1417 3322 deponendum.
1475 3253 1698 3310 Interim

106 3336 352 3395 Obertus
376 3339 577 3407 furere,
610 3341 741 3396 etin
768 3342 1021 3398 abbatem
1052 3344 1344 3418 indignari,
1376 3355 1431 3402 et
1458 3347 1599 3403 unde
1622 3348 1699 3403 illi

105 3437 264 3484 tanta
296 3432 606 3488 constantia
642 3442 835 3490 contra
884 3434 1238 3494 Leodiensem
1260 3439 1576 3510 episcopum
1601 3440 1697 3496 de-

104 3519 327 3585 mirari,
386 3520 657 3578 eiciendos
705 3540 772 3579 ex
817 3526 940 3583 loco
986 3528 1287 3584 monachos
1322 3538 1377 3584 et
1432 3529 1700 3586 militibus

106 3612 229 3669 suis
275 3610 555 3667 abbatiam
593 3614 1013 3684 dispertiendam
1048 3621 1267 3674 minari.
1298 3620 1450 3675 Missi
1480 3630 1609 3677 sunt
1630 3622 1700 3677 ab

105 3719 174 3761 eo
204 3704 277 3760 ad
302 3706 697 3761 monasterium
734 3706 1086 3763 Godiscalcus
1131 3710 1299 3764 abbas
1333 3709 1701 3768 Hasteriensis

106 3805 164 3853 et
193 3797 591 3854 Guarmundus
619 3797 959 3867 Broniensis,
990 3808 1053 3855 ut
1071 3798 1332 3856 fratribus
1355 3801 1460 3857 hoc
1480 3803 1699 3872 pericu—

106 3893 225 3947 lum
272 3892 646 3959 enuntiarent,
690 3901 745 3948 et
787 3893 867 3949 sic
914 3909 945 3949 a
986 3895 1257 3951 sententia
1287 3897 1624 3964 revellerent,
1648 3908 1703 3955 et

106 3983 287 4038 errori
311 3997 416 4039 suo
458 3983 623 4055 hujus
668 3985 883 4041 timoris
914 3986 1151 4058 impulsu
1204 3988 1546 4046 inclinarent.
1569 3990 1703 4047 Fra-

111 4076 295 4131 tribus
323 4085 641 4132 constanter
672 4079 1112 4149 persistentibus,
1160 4090 1214 4137 et
1237 4082 1344 4138 illis
1394 4084 1703 4140 communi-

108 4184 240 4225 care
269 4168 361 4223 vel
399 4169 455 4224 in
483 4171 861 4241 respondendo
891 4173 1223 4242 nolentibus,
1265 4176 1555 4245 populares
1575 4177 1701 4248 qui-

108 4277 239 4332 que,
269 4261 459 4317 audita
507 4263 825 4333 hujusmodi
876 4265 1320 4333 comminatione,
1360 4268 1611 4325 abbatem
1649 4278 1704 4325 et

108 4355 422 4410 monachos
465 4356 832 4425 querebantur
897 4357 1158 4427 insanire,
1220 4359 1275 4414 in
1322 4359 1701 4419 confusionem

1813 484 1933 554 ejus
1957 484 2275 555 episcopum
2318 500 2420 540 suo
2472 486 2733 542 instinctu
2775 491 3298 561 excommunicassc,
3340 503 3393 551 et

1810 592 1908 648 per
1942 579 2048 634 hoc
2086 579 2618 635 excommunicatum
2677 597 2803 637 eum
2854 583 3106 653 probare,
3156 587 3303 656 quod
3334 602 3393 643 se

1813 684 2055 739 suosque
2083 669 2152 724 ab
2181 669 2301 740 ejus
2331 671 2676 727 subtraheret
2715 675 3132 741 communione;
3155 675 3394 748 itemque

1809 759 2008 817 fratres
2032 777 2163 818 suos
2194 762 2265 817 ab
2298 764 2581 819 ordinibus
2619 765 2739 835 ejus
2767 766 3135 836 prohibuisse.
3166 766 3396 840 Insuper

1808 850 2173 925 Berengerum
2221 856 2500 926 publicum
2541 873 2845 930 praconem
2897 876 3010 916 sua
3049 859 3287 917 infamia
3324 861 3392 917 ad

1808 944 1928 1014 ejus
1958 944 2217 1014 injuriam
2247 948 2558 1004 retinuisse.

1878 1036 2061 1092 Abbas
2100 1048 2322 1109 accepto
2373 1041 2493 1096 loco
2524 1041 2843 1098 consulendi
2888 1043 3012 1111 sibi,
3059 1061 3184 1100 cum
3225 1046 3393 1102 advo-

1806 1137 1986 1184 casset
2008 1145 2150 1200 quos
2170 1141 2396 1187 noverat
2438 1133 2675 1190 sanioris
2705 1136 2940 1202 consilii,
2973 1136 3040 1191 de
3067 1139 3391 1195 criminibus

1807 1223 2035 1293 objectis
2081 1225 2223 1280 bona
2260 1228 2592 1283 conscientia
2640 1243 2741 1298 pro
2784 1245 2843 1284 se
2887 1229 3272 1287 satisfacturus
3302 1248 3392 1289 re-

1804 1315 2045 1387 spondit,
2088 1316 2338 1373 videlicet
2384 1336 2485 1375 nec
2525 1320 2907 1391 imperatorem
2931 1338 3033 1378 nec
3077 1324 3393 1394 episcopum

1803 1410 2362 1466 excommunicandos
2403 1413 2667 1482 quaesisse
2692 1414 2805 1469 ullo
2838 1413 3019 1481 modo,
3052 1430 3151 1471 nec
3175 1430 3395 1471 excom-

1802 1504 2113 1560 municatos
2134 1521 2193 1560 se
2224 1506 2361 1560 velle
2398 1506 2647 1576 probare.
2680 1507 2899 1564 Fratres
2930 1524 3061 1564 suos
3096 1508 3166 1563 ab
3188 1508 3395 1563 ordini-

1803 1597 1968 1653 nibus
1995 1597 2116 1668 ejus
2151 1614 2210 1653 se
2231 1598 2598 1668 prohibuisse,
2646 1599 2773 1669 quia
2810 1601 3045 1656 ordinati
3084 1600 3395 1656 sufﬁcerent

1805 1688 1998 1744 oﬁiciis
2024 1689 2287 1744 ecclesiae.
2332 1688 2696 1761 Berengerum
2728 1690 2978 1745 abbatem
3030 1699 3151 1761 post
3179 1698 3391 1745 tantum

1808 1780 2185 1851 prajudicium
2219 1790 2274 1836 et
2303 1781 2623 1836 violentiam
2667 1783 2734 1838 ad
2762 1793 2991 1838 matrem
3035 1800 3190 1839 suam
3216 1783 3394 1838 eccle-

1806 1873 1945 1928 siam
1967 1872 2372 1944 confugientcm
2397 1888 2505 1928 non
2538 1889 2597 1928 se
2624 1874 2880 1930 debuisse
2903 1876 3137 1942 abicere,
3167 1889 3397 1945 praser-

1803 1965 1900 2019 tim
1925 1981 2049 2020 cum
2089 1964 2370 2035 pracipiat
2404 1964 2687 2035 apostolus
2717 1965 3134 2021 necessitatibus
3175 1973 3394 2020 sancto-

1803 2071 1926 2109 rum
1956 2055 2384 2110 communicare.
2415 2053 2630 2111 Judicio
2651 2071 2841 2111 eorum
2868 2071 2927 2110 se
2957 2065 3208 2125 paratum
3241 2071 3395 2109 com-
3470 2106 3491 2122 κ

1802 2146 2036 2213 mittere,
2087 2147 2133 2201 si
2171 2146 2303 2215 quid
2348 2147 2404 2200 in
2450 2146 2558 2202 hiis
2614 2147 2872 2204 omnibus
2905 2148 3183 2217 videretur
3233 2146 3399 2202 alicui

1802 2252 2078 2308 peccasse.
2143 2236 2348 2293 Relatis
2418 2252 2517 2306 per
2580 2236 2876 2293 Henricum
2946 2238 3396 2294 archidiaconnm

1802 2330 2250 2386 excusationibus
2277 2330 2531 2401 singulis,
2565 2344 2692 2384 cum
2722 2329 3030 2385 obiceretur
3048 2330 3230 2385 abbati
3254 2345 3396 2399 quo-

1803 2421 1969 2477 modo
1999 2421 2161 2476 ﬁdem
2204 2420 2408 2475 faceret
2456 2420 2640 2485 dictis,
2673 2420 2862 2474 habito
2905 2421 3102 2475 iterum
3140 2420 3393 2487 consilio,

1803 2515 1871 2570 ad
1896 2515 2001 2570 hoc
2041 2528 2216 2584 usque
2257 2512 2520 2567 ventilata
2549 2520 2637 2567 est
2665 2512 2935 2567 sententia
2961 2512 3277 2581 hujusmodi
3300 2511 3394 2581 jn-

1803 2605 1954 2672 dicii,
1986 2612 2047 2659 ut
2073 2605 2203 2675 quia
2224 2601 2584 2658 monachicus
2610 2601 2746 2657 ordo
2780 2609 2897 2657 erat
2930 2601 3237 2657 vocationis
3261 2615 3395 2671 apo-

1805 2699 2033 2766 stolica,
2052 2714 2118 2754 ex
2138 2696 2447 2769 evangelica
2479 2696 2804 2752 auctoritate
2826 2694 3097 2751 suﬁiceret
3120 2710 3393 2750 excusan-

1803 2792 1874 2846 do
1899 2791 2081 2847 abbati
2111 2789 2208 2843 Est
2236 2799 2291 2845 et
2320 2788 2445 2844 Non
2473 2787 2691 2855 (Matth.
2721 2804 2772 2856 v,
2800 2787 2890 2859 37)
2925 2787 3150 2853 dixisse,
3176 2785 3395 2841 interdi-

1807 2892 1963 2940 cente
2021 2883 2253 2938 Domino
2313 2884 2539 2937 omnino
2600 2896 2709 2937 non
2763 2882 2982 2952 jurare,
3040 2889 3094 2935 et
3156 2879 3203 2935 si
3263 2878 3395 2949 quid

1803 2977 2170 3032 abundantius
2211 2983 2357 3033 esset
2412 2976 2540 3043 hiis,
2606 2992 2637 3030 a
2694 2976 2839 3030 malo
2889 2989 3028 3030 esse.
3076 2972 3395 3045 Indignatus

1802 3067 2036 3124 Obertus
2073 3077 2197 3138 post
2235 3077 2316 3123 tot
2361 3068 2447 3123 sui
2488 3067 2662 3138 ipsius
2697 3065 3089 3133 contumelias,
3140 3074 3266 3136 post
3314 3072 3395 3121 tot

1802 3177 1917 3217 sua
1945 3160 2312 3216 animositatis
2339 3158 2519 3215 minas
2543 3160 2864 3230 provenisse
2898 3159 3080 3214 abbati
3112 3167 3224 3214 tam
3262 3157 3395 3213 faci-

1800 3254 1907 3308 lem
1941 3252 2203 3308 evadendi
2240 3252 2407 3319 viam,
2458 3250 2738 3305 mandavit
2783 3251 2855 3317 ei,
2894 3251 3124 3322 gratiam
3150 3250 3395 3321 episcopi

1801 3341 2121 3399 Leodiensis
2162 3358 2378 3413 semper
2421 3356 2545 3397 esse
2596 3343 2964 3398 necessariam
2994 3343 3177 3397 abbati
3218 3341 3398 3399 sancti

1800 3433 2048 3502 Iluberti,
2085 3435 2391 3491 elaboraret
2436 3449 2558 3489 eam
2599 3434 2702 3489 sibi
2743 3434 2811 3489 ad
2858 3449 3097 3505 praesens
3137 3435 3393 3493 maximis

1800 3527 2011 3585 exeniis
2036 3527 2342 3598 acquirere,
2378 3541 2504 3582 cum
2556 3525 2789 3582 necdum
2839 3527 3136 3597 quicquam
3183 3526 3392 3582 servitii

1799 3618 2075 3675 videretur
2115 3618 2332 3675 fecisse.
2363 3617 2447 3674 Ad
2482 3618 2599 3674 hac
2625 3618 2796 3674 abbas
2831 3618 2935 3674 sibi
2956 3619 3095 3674 bene
3131 3619 3391 3676 conscius

1801 3718 1854 3763 et
1876 3710 2036 3778 longe
2054 3710 2279 3765 alterius
2305 3711 2491 3778 gloria
2515 3710 2747 3781 cupidus
2774 3711 3072 3782 respondit,
3105 3710 3398 3768 Leodiensl

1801 3798 2059 3868 episcopo
2112 3813 2224 3854 non
2264 3798 2581 3853 defuturum
2631 3800 2916 3855 servitium
2974 3802 3239 3869 abbatia;
3291 3802 3395 3859 sub

1802 3890 1906 3945 hac
1924 3888 2262 3945 dissentione
2285 3897 2609 3944 extenuatas
2631 3904 2720 3944 res
2755 3890 3004 3945 ecclesiae
3031 3907 3133 3945 nec
3163 3892 3267 3946 sibi
3294 3907 3396 3949 nec

1801 3981 2065 4038 fratribus
2098 3982 2184 4036 vel
2229 3980 2298 4036 ad
2339 3996 2504 4036 usum
2545 3980 2761 4035 vivendi
2795 3995 2891 4035 eas
2951 3980 3217 4036 sufﬁcere.
3265 3980 3396 4037 Inde

1801 4089 1928 4129 cum
1953 4072 2174 4128 tandem
2226 4079 2352 4143 post
2392 4071 2596 4127 multas
2627 4069 2974 4142 fatigationes
3030 4070 3295 4127 dimissus
3323 4072 3393 4128 ad

1803 4165 2199 4222 monasterium
2223 4164 2476 4232 redisset,
2505 4163 2893 4236 gravissimum
2930 4180 2962 4218 a
2986 4163 3246 4219 fratribus
3268 4179 3395 4235 per-

1803 4258 1930 4314 tulit
1977 4257 2296 4314 scandalum
2325 4299 2340 4324 ,
2389 4256 2738 4313 existimatus
2797 4255 2905 4310 illis
2954 4256 3394 4314 communicasse

1804 4352 2006 4423 quibus
2032 4352 2134 4422 ipsi
2164 4352 2313 4407 salva
2337 4349 2442 4405 ﬁde
2470 4349 2882 4406 destinaverant
2928 4364 3037 4403 non
3074 4350 3390 4405 communi-

109 4446 349 4502 abbatia
377 4446 534 4502 novis
554 4454 609 4501 et
645 4446 907 4504 inauditis
947 4449 1317 4507 deliramentis
1355 4452 1425 4507 ab
1447 4452 1704 4524 episcopo
1734 4462 1781 4518 Ι)
1805 4446 2060 4501 cautium.
2110 4444 2216 4500 Sed
2260 4459 2387 4500 cum
2411 4443 2615 4499 certius
2663 4442 2957 4512 PfObal‘em
3009 4441 3062 4496 id
3109 4458 3234 4497 eum
3279 4457 3393 4498 non

109 4538 409 4595 Leodiensi
446 4538 754 4608 dissentire,
800 4556 896 4597 eos
920 4557 1112 4612 panas
1141 4543 1306 4614 hujus
1345 4544 1704 4603 dissensionis

107 4631 374 4700 luituros,
406 4647 508 4689 nec
537 4648 596 4689 se
622 4633 856 4705 amplius
874 4635 961 4690 vel
984 4636 1227 4691 ecclesia
1255 4637 1338 4691 vel
1377 4637 1483 4694 illis
1517 4642 1704 4695 deser-

104 4726 364 4793 vituros,
423 4724 530 4781 nisi
586 4726 752 4797 hujus
789 4727 1046 4783 novitatis
1100 4728 1376 4799 utrimque
1432 4731 1704 4801 sopiretur

108 4819 418 4876 contentio.
474 4818 657 4875 Abbas
705 4826 786 4874 tot
837 4819 1277 4879 infestationibus
1321 4831 1376 4878 et
1413 4824 1703 4893 questibus

106 4922 425 4984 permotus,
457 4927 582 4968 cum
607 4913 677 4969 ab
708 4913 964 4969 omnibus
1009 4916 1167 4986 quasi
1212 4915 1474 4987 fugitivus
1505 4932 1702 4988 argue-

106 5015 286 5074 retur,
334 5005 578 5062 decrevit
631 5021 690 5063 se
732 5006 1076 5063 obiciendum
1119 5009 1380 5078 periculo,
1418 5016 1474 5064 et
1506 5018 1704 5080 prater

109 5114 269 5170 spem
297 5098 551 5154 omnium
576 5098 723 5155 venit
745 5098 1031 5168 Leodium,
1066 5100 1159 5156 Dei
1190 5102 1431 5158 conﬁsus
1472 5102 1698 5157 auxilio.

109 5192 349 5252 Miratus
386 5193 689 5262 advenisse,
713 5193 1119 5266 repraesentavit
1142 5209 1201 5251 se
1228 5194 1499 5251 auditorio
1518 5196 1705 5252 adver-

111 5290 398 5346 sariorum
445 5288 695 5344 condicta
745 5288 853 5345 die.
887 5287 1057 5361 Igitur
1084 5298 1375 5359 personata
1402 5290 1702 5360 quastione

112 5382 167 5437 in
198 5384 321 5439 vice
343 5380 552 5449 Oberti,
592 5382 843 5451 culpatus
882 5390 969 5437 est
1010 5382 1176 5437 abbas
1209 5381 1577 5439 Theodericus
1602 5384 1704 5439 cri-

111 5475 366 5531 minibus
402 5473 786 5541 dcnominatis,
820 5473 1067 5529 videlicet
1101 5488 1294 5543 papam
1333 5471 1614 5530 Urbanum
1648 5484 1703 5532 et

1810 4539 2029 4609 fecisse,
2064 4541 2440 4607 decreverunt,
2477 4546 2538 4594 ut
2556 4537 2855 4609 assumptis
2879 4537 2947 4593 de
2972 4535 3232 4592 fratribus
3252 4553 3393 4608 quos

1810 4631 1991 4700 vellet,
2007 4632 2129 4687 loco
2157 4640 2213 4687 et
2231 4630 2463 4701 tempori
2479 4631 2713 4697 cederet,
2737 4638 2793 4685 et
2816 4630 3043 4685 meliora
3068 4640 3392 4686 ornamenta

1811 4724 2057 4781 ecclesia
2098 4739 2284 4780 secum
2330 4723 2584 4779 eveheret
2630 4736 2835 4792 perque
2877 4721 3202 4777 remotiores
3226 4721 3393 4778 cellas

1810 4826 2211 4889 transponeret.
2239 4832 2309 4874 ne
2343 4832 2410 4873 ea
2438 4816 2829 4886 superveniens
2870 4815 3107 4871 Obertus
3127 4816 3395 4873 violenter

1809 4910 2086 4983 diriperet.
2144 4910 2526 4983 Respondente
2566 4909 2761 4966 abbate
2808 4908 2953 4964 nolle
3008 4924 3069 4965 se
3112 4911 3396 4967 communi

1807 5005 2050 5078 periculo
2083 5004 2295 5071 deesse,
2320 5003 2572 5077 graviora
2601 5014 2724 5058 esse
2758 5002 2901 5057 mala
2939 5017 3064 5072 qua
3092 5001 3380 5074 singulari-

1809 5110 1892 5156 ter
1920 5101 2182 5157 timentur
2209 5115 2373 5172 quam
2400 5116 2525 5171 qua
2552 5098 2763 5170 pariter
2785 5095 3157 5168 perferuntur,
3200 5095 3389 5151 fratri.

1806 5194 1912 5252 bus
1958 5210 2178 5267 quoque
2215 5193 2692 5266 subjungentibus,
2744 5208 2803 5248 se
2847 5191 3024 5263 magis
3076 5190 3153 5245 illi
3192 5190 3391 5247 timere

1806 5303 1971 5359 quam
2001 5288 2124 5356 sibi,
2152 5288 2246 5359 qui
2288 5296 2349 5342 ut
2376 5286 2572 5358 privati
2606 5285 2864 5357 episcopo
2893 5283 3061 5340 nichil
3107 5283 3387 5349 deberent,

1802 5381 1968 5460 cessit
1995 5381 2210 5437 tandem
2237 5395 2426 5436 eorum
2451 5379 2684 5437 consilio
2722 5378 3089 5438 acquiescere.
3122 5375 3390 5433 Lamber-

1801 5482 2025 5546 tumque
2065 5474 2331 5546 majorem
2376 5482 2431 5531 et
2459 5473 2743 5529 Wiredum
2785 5487 2887 5544 pro
2919 5473 3236 5529 defenslone
3260 5469 3390 5525 fidei

112 5565 486 5642 Baginaldum
538 5565 833 5622 Remorum
866 5564 1178 5636 pontiﬁcem
1228 5563 1284 5619 in
1314 5565 1562 5621 consiliis
1584 5566 1701 5622 suis
1802 5581 1862 5622 se
1883 5566 2028 5621 ultro
2076 5566 2382 5638 ingerentes
2425 5582 2611 5622 secum
2655 5563 2863 5621 eduxit.
2913 5563 3127 5621 Evcctis
3165 5575 3387 5634 quoque

392 5652 397 5655 ’
1476 5655 1712 5712 ἾΑΒΙΕ
1747 5656 2152 5716 LECTIONES.

190 5750 260 5785 “"
285 5748 548 5807 Obertum
581 5742 841 5804 excidisse
869 5746 1170 5819 suspiceris.
1252 5747 1321 5783 ⁸⁸⁸
1345 5748 1555 5806 addidit
1582 5739 1817 5809 Maricae
1840 5754 1974 5809 hanc
1995 5770 2189 5823 vocem,
2217 5770 2335 5809 cum
2365 5755 2498 5811 desit
2528 5755 2583 5810 in
2606 5754 2801 5811 codice.
