3902 6286
79 238 206 304 η·ιὲ

77 367 260 425 rueret,
311 370 360 413 et
415 373 557 414 omni
625 353 898 432 spurcitia:
951 357 1178 427 infectus
1233 357 1640 427 inquinatione,
1671 359 1717 416 Α

72 463 239 510 sancta
262 461 566 506 sanctorum
593 453 703 506 suis
726 451 1205 515 maledictionibus,
1231 451 1277 504 si
1301 450 1384 520 fas
1411 460 1483 502 est
1507 449 1634 516 dici,

75 546 458 602 contmninaret.
505 544 640 612 Ecce
668 561 818 598 verus
849 544 1149 614 antichristi
1178 542 1408 607 satelles,
1453 559 1636 595 currus

72 640 294 693 sat/mna:
339 646 386 690 et
433 638 608 706 ﬁdelis
661 639 870 709 auriga,
924 636 1157 692 Simonis
1205 639 1347 705 magi
1396 635 1638 705 quendam

70 732 349 785 similitudo
391 748 508 784 vera
558 731 776 785 molitur
837 731 1101 784 destruere
1158 745 1372 800 regnum
1415 728 1635 792 Christi,

67 826 182 877 dum
218 834 413 877 sancta:
463 825 652 878 matris
717 823 949 877 ecclesia;
1004 832 1203 876 statuat
1254 821 1491 891 persequi
1537 837 1638 874 non

66 917 281 981 deistit,
327 917 451 969 etin
493 933 679 986 corpus
711 934 866 970 suum
920 916 1178 970 trahicere
1230 914 1460 981 laborat,
1509 932 1638 984 quos

64 1008 298 1064 Christus
330 1026 513 1064 cruore
537 1027 630 1062 suo
670 1010 885 1064 redemit
915 1018 963 1062 et
987 1011 1156 1079 pascit
1197 1016 1244 1061 et
1278 1015 1446 1077 potat.
1482 1006 1638 1060 Tanti

63 1103 242 1170 capitis
272 1110 486 1154 mortem
517 1103 791 1155 exinanire
833 1103 996 1170 cupit,
1027 1117 1240 1171 ovesque
1273 1110 1420 1153 tanto
1449 1100 1638 1154 sudore

62 1190 348 1247 Salvatoris
402 1195 636 1248 intentas
671 1194 830 1259 leoni,
863 1195 950 1264 qui
980 1210 1178 1263 semper
1216 1194 1515 1245 animarum
1547 1211 1639 1246 uo-

59 1296 284 1338 strarum
311 1289 617 1357 sanguinem
642 1289 777 1354 sitit,
804 1287 1022 1357 prodere
1047 1305 1144 1340 non
1179 1287 1452 1356 fonnidut,
1480 1289 1637 1340 immo

58 1396 229 1432 omnes
291 1381 343 1432 in
394 1380 704 1434 oblivionem
756 1380 994 1432 veritatis
1054 1389 1102 1434 et
1153 1380 1332 1432 odium
1371 1379 1636 1449 religionis

55 1488 224 1524 secum
247 1474 583 1541 praecipitare
634 1473 872 1541 festinat.
915 1471 1054 1544 Ergo
1080 1473 1204 1544 quia
1235 1489 1370 1525 nunc
1404 1482 1636 1542 tempora

51 1562 347 1634 periculosa
393 1581 508 1634 qme
558 1565 810 1633 praedixit
861 1564 1129 1634 apustolus
1183 1566 1421 1630 instant,
1460 1581 1635 1619 omnes

51 1655 185 1724 quod
222 1656 450 1725 professi
490 1664 612 1708 sunt
640 1639 749 1709 esse
792 1657 1130 1710 contendant.
1168 1655 1224 1708 Si
1253 1657 1376 1710 tuba
1398 1657 1636 1718 sat/rana:

47 1747 282 1817 graviter
306 1748 535 1812 intonat,
581 1756 631 1800 et
685 1747 1056 1817 temporalium
1107 1747 1362 1801 bonorum
1402 1749 1638 1802 minatur
1673 1718 1713 1771 Β

47 1839 348 1908 dispendia,
383 1840 559 1892 carnis
594 1841 758 1893 etiam
797 1843 1108 1910 quandoque
1144 1842 1417 1900 moritura:
1458 1840 1643 1894 admo-

49 1941 127 1983 net
156 1949 365 1999 ptenas,
398 1940 564 1985 totum
608 1931 828 1985 libenter
887 1933 1085 1987 Christi
1144 1934 1373 2002 excipiat
1419 1935 1640 2000 caritas,

47 2034 99 2076 at
133 2041 302 2094 neque
342 2042 514 2092 mors,
575 2042 735 2094 neque
777 2026 906 2091 vita,
954 2043 1114 2096 neque
1163 2026 1342 2096 aliqua
1396 2037 1642 2080 creatura

49 2125 238 2168 terreat
283 2132 380 2168 nos
413 2134 443 2168 a
481 2116 785 2185 defensione
818 2117 1056 2169 veritatis
1089 2127 1136 2170 et
1169 2116 1278 2168 zelo
1309 2117 1560 2185 justitia‘,
1587 2125 1643 2168 ut

47 2229 74 2262 a
99 2210 295 2280 gremio
321 2211 512 2263 matris
533 2210 766 2263 ecclesire
788 2227 1100 2281 nequeamus
1126 2209 1301 2276 avelli,
1328 2219 1375 2263 et
1401 2228 1429 2262 a
1455 2210 1644 2262 semita

46 2301 298 2356 [laniante
357 2303 655 2356 exorbitare
709 2304 866 2355 sedis.
916 2304 1232 2372 Quapropter
1271 2319 1378 2368 vos,
1425 2319 1453 2354 ο
1484 2303 1644 2356 amici

41 2396 136 2448 Dei
169 2405 217 2448 et
251 2412 426 2466 usque
454 2395 605 2448 modo
636 2397 876 2449 veritatis
915 2404 963 2448 et
1003 2395 1312 2448 sanctitatis
1356 2402 1642 2459 amatores,

37 2489 211 2541 locum
247 2506 331 2542 ves
347 2497 510 2555 trum,
545 2488 599 2542 id
625 2499 702 2541 est
738 2488 896 2557 fidem
927 2487 1268 2553 catholicam,
1309 2486 1470 2542 nolite
1500 2486 1646 2540 dese-

35 2600 167 2649 rere,
233 2582 291 2634 in
327 2590 518 2633 castra
556 2581 772 2634 Domini
812 2580 962 2649 lupos
1003 2596 1123 2632 cum
1166 2580 1345 2648 furore
1387 2579 1644 2632 irruentes

32 2673 84 2724 in
141 2683 422 2744 quantum
463 2673 681 2742 potestis
732 2672 1028 2736 exturbate,
1077 2671 1276 2722 armati
1311 2670 1416 2738 fide
1460 2679 1509 2726 et
1557 2688 1648 2740 spe

29 2766 263 2820 caelestis
310 2767 509 2837 gloria:
560 2765 910 2830 corroborati,
951 2781 1100 2818 omne
1136 2781 1230 2834 pro
1283 2765 1490 2820 nomine
1517 2763 1647 2822 Iesu

29 2861 432 2930 intproperiwn
462 2861 753 2914 maximam
776 2859 1092 2930 dignitatem
1113 2865 1370 2926 reputate,
1406 2857 1650 2925 rapinam

28 2952 294 3006 bonorum
341 2962 641 3007 vestrorum
671 2969 788 3006 cum
829 2951 1026 3022 gaudio
1061 2951 1334 3018 suscipite,
1380 2960 1649 3007 contume-

32 3045 137 3098 lias
179 3056 230 3098 et
291 3061 581 3116 corporum
625 3053 917 3097 vestrorum
963 3042 1232 3102 cruciatus
1295 3042 1649 3100 certissimum
1677 3066 1717 3123 ρ

30 3149 388 3206 peccatorum
439 3147 728 3190 vestrorum
763 3135 1085 3189 medicamen
1113 3134 1434 3188 existimate.
1465 3133 1650 3188 Gloria

31 3241 81 3283 et
112 3232 337 3284 divitia:
385 3230 630 3285 Christus
665 3230 734 3282 sit
769 3230 822 3281 in
853 3228 1008 3282 corde
1055 3235 1242 3281 vestro.
1285 3226 1493 3284 Bonum
1522 3243 1648 3280 con-.-

25 3325 287 3377 srientia:
342 3333 526 3376 vestrae
594 3322 951 3376 testimonium
1019 3322 1092 3374 sit
1155 3320 1298 3374 vobis
1343 3321 1649 3390 indeﬁciens

25 3417 396 3478 consolatio;
451 3425 500 3469 et
549 3417 593 3468 si
649 3414 1040 3484 aliquantulum
1086 3431 1180 3484 pro
1222 3414 1443 3467 veritate
1488 3415 1652 3466 susti—

20 3511 206 3573 netis,
241 3506 431 3576 ﬂdelis
474 3519 549 3559 est
578 3508 718 3559 Deus
751 3509 840 3575 qui
877 3524 978 3562 non
1005 3508 1238 3576 patietur
1285 3523 1371 3561 vos
1400 3508 1648 3577 temptari

22 3619 204 3672 supra
268 3600 329 3652 id
385 3599 523 3668 quod
559 3600 806 3666 potestis;
852 3600 940 3652 sed
991 3601 1197 3654 veniens
1245 3602 1409 3654 veniet
1451 3610 1500 3653 et
1547 3617 1651 3654 non

21 3693 316 3758 tardabit,
366 3691 626 3760 facietque
668 3700 973 3759 proventum
1002 3699 1060 3743 ut
1109 3692 1368 3744 sustinere
1411 3692 1645 3759 possitis.

19 3789 83 3844 Si
141 3803 276 3842 vero
311 3784 486 3838 molas
519 3783 728 3838 leonum
759 3799 892 3853 quas
929 3781 1187 3836 Dominus
1210 3783 1267 3834 in
1292 3783 1376 3836 ira
1400 3799 1500 3835 sua
1526 3799 1652 3836 con-

19 3883 236 3952 fringet
275 3878 508 3943 timetis,
535 3894 596 3932 ne
620 3893 705 3930 vos
727 3877 971 3932 devorent
993 3885 1043 3930 et
1067 3875 1431 3944 simplicitatis
1465 3886 1650 3930 vestrae

19 3988 262 4026 cursant
298 3968 490 4038 aliquo
523 3968 677 4032 modo
723 3967 1048 4037 perturbent,
1094 3967 1263 4020 «cincti
1303 3965 1526 4036 Benigni
1557 3967 1652 4020 do-

19 4083 144 4119 mus
172 4065 386 4134 fugam
410 4061 645 4129 ﬁliorum
667 4061 900 4120 ecclesia:
927 4060 984 4116 in
1007 4057 1209 4113 Christi
1232 4059 1408 4128 gratia
1435 4059 1652 4129 benigne

15 4158 326 4228 suscipiet,
375 4163 424 4206 et
455 4153 885 4223 paupertatulam
910 4162 1147 4206 nostram
1183 4151 1444 4207 voluntati
1471 4162 1652 4207 vestra:

16 4269 129 4306 non
171 4251 381 4304 dicam
408 4247 555 4314 dare,
582 4247 672 4300 sed
711 4247 867 4316 quasi
912 4256 1084 4300 vestra
1135 4246 1198 4276 ιη
1247 4245 1388 4300 vobis
1439 4245 1652 4300 reddere

14 4345 96 4402 rel
159 4343 500 4397 ministrare
552 4356 734 4393 sumus
779 4341 976 4409 parati.
1038 4338 1398 4409 Quapropter,
1459 4340 1651 4408 fratres

10 4436 348 4501 ltarissimi,
393 4433 603 4486 virilem
646 4433 883 4486 animum
917 4433 973 4485 in
1003 4449 1165 4486 causa
1206 4432 1301 4486 Dei
1327 4441 1512 4500 tenete,
1541 4441 1592 4487 et
1617 4450 1649 4485 a
1678 4417 1728 4477 ι)

9 4534 288 4598 veritate,
325 4543 456 4600 qua:
487 4527 730 4581 Christus
764 4536 862 4592 est,
893 4543 954 4580 ne
990 4525 1251 4580 ea‘cidatis
1290 4527 1501 4580 omnino
1536 4536 1651 4580 sat-

8 4627 188 4698 agite.
247 4621 475 4677 Valete.
512 4620 577 4672 In
597 4621 743 4673 exitu
775 4618 945 4674 Israel
969 4619 1032 4673 de
1055 4619 1290 4688 [Egypto
1313 4621 1652 4688 sanctificata

1 4728 86 4773 est
121 4735 229 4790 per
293 4714 603 4769 Dominum
659 4729 781 4766 vera
839 4712 1114 4782 confessio.
1171 4711 1310 4768 lluic
1361 4713 1651 4768 conventui

7 4813 324 4884 prtcdictzc
375 4806 780 4864 benedictionis
802 4806 888 4860 die
917 4815 1118 4861 statuta
1161 4807 1329 4862 abbas
1356 4805 1650 4861 'l‘hcodcri-

3 4923 112 4962 cus
147 4903 399 4962 studuit
429 4901 712 4966 interesse,
756 4899 949 4953 abbate
990 4898 1313 4968 Berengero,
1339 4897 1646 4964 Lamberto,

3 4998 286 5064 Win-edo,
320 4996 578 5060 Roberto
597 4993 914 5059 comitatus,
944 5009 1044 5062 pro
1072 5009 1129 5048 se
1159 4993 1384 5062 suisque
1413 4993 1650 5063 legatum

0 5092 289 5148 ecclesia:
346 5087 616 5165 “omnium
680 5086 1140 5156 interpellaturus.
1203 5085 1374 5152 Cujus
1426 5100 1648 5138 causam

1 5205 142 5243 cum
179 5183 638 5258 suggerentibus
679 5184 936 5252 pracdicto
966 5181 1189 5235 Jcrnuta
1232 5182 1424 5236 abbate
1469 5181 1650 5236 Divin-

0 5287 182 5344 nensi
219 5296 284 5341 ct
355 5279 600 5335 Radull‘o
663 5281 854 5335 abbate
888 5279 1213 5334 Virduncnsi
1265 5279 1436 5348 (157),
1491 5279 1648 5333 dom-

1079 236 1471 296 cnaomcou
1513 237 1570 292 s.
1611 235 1916 304 HUBEBTI
1945 173 2285 304 summa

3172 249 3316 308 HM

1744 374 1847 414 nus
1874 356 2030 429 llngo
2061 357 2320 418 Romanae
2341 357 2586 416 ecclesia:
2622 359 2834 430 legatus
2862 364 3238 435 approbasset,
3270 379 3325 426 et

1742 451 1795 504 in
1851 461 2120 506 conventu
2161 452 2543 522 episcoporum
2589 452 2816 508 relatam
2869 456 3146 524 laudaret,
3203 478 3323 515 cam

1741 547 2063 602 auctoritate
2093 563 2190 602 sua
2217 546 2484 604 exlirmis
2521 547 2855 606 ﬁrmioribus
2874 551 3126 618 reddidit,
3153 555 3323 609 beati-

1741 638 1911 700 ﬁcans
1935 641 2224 696 ecclesiam
2247 641 2406 711 cujus
2433 651 2592 696 erant
2622 643 2757 700 tales
2780 645 2897 710 lilii,
2921 646 3036 715 qui,
3069 649 3324 704 deﬁciun-

1743 733 1885 792 tibus
1912 735 2053 801 aliis,
2077 735 2433 804 persisterent
2452 736 2735 791 catholicae
2757 746 2810 792 et
2835 740 3144 807 apostolica:
3168 743 3324 808 ﬁdei;

1740 836 1795 880 ot
1828 828 2150 896 promittens
2169 829 2252 885 eis
2273 829 2538 884 auxilium
2561 827 2824 885 Romana:
2859 832 3104 888 ecclesiae
3132 844 3182 888 et
3215 851 3327 890 suae

1741 917 2048 987 legationis,
2081 935 2148 974 ne
2185 919 2387 978 Oberto
2414 921 2703 978 subessent
2745 922 2830 977 vel
2863 926 3330 982 communicarent

1741 1012 1966 1070 ommno
1995 1013 2293 1070 interdixit.

1758 1159 1762 1162 ,
1814 1101 1897 1156 72.
1943 1104 2078 1175 (86.)
2108 1104 2364 1164 (libertus
2382 1109 2716 1166 amaricatus
2737 1111 3000 1168 relatione
3025 1122 3324 1183 gestorum,

1743 1203 1800 1248 ut
1829 1197 2037 1251 solebat
2060 1200 2266 1254 exarsit
2295 1202 2352 1256 in
2381 1203 2481 1268 ira,
2519 1212 2573 1258 et
2603 1205 2802 1274 sacpius
2837 1207 3133 1275 complosis
3159 1207 3329 1260 mani-

1741 1287 1863 1354 bus,
1897 1305 1954 1346 se
1992 1291 2170 1359 ipsum
2211 1295 2492 1362 arguebat,
2544 1299 2629 1352 vel
2663 1299 2792 1367 quia
2829 1300 2998 1354 semel
3022 1315 3052 1353 a
3083 1315 3141 1354 se
3176 1316 3327 1354 com-

1740 1382 1898 1450 pulso
1927 1383 2121 1439 abbate
2151 1401 2258 1439 non
2289 1388 2614 1444 extorsisset
2638 1391 2913 1446 licentiam
2947 1394 3174 1447 nocendi
3200 1409 3328 1462 par-

1741 1475 1885 1530 tibus
1918 1475 2054 1541 suis,
2103 1486 2290 1532 exacta
2332 1478 2436 1534 ﬁde
2483 1481 2588 1535 sibi
2635 1482 2691 1536 in
2735 1485 2884 1537 nullo
2944 1483 3324 1550 dissenticndi,

1738 1568 1824 1628 vel
1866 1569 2012 1636 quo-.l
2053 1585 2110 1622 se
2161 1571 2339 1625 adhuc
2387 1572 2771 1640 continuisset,
2817 1591 2927 1630 non
2978 1576 3332 1632 cont'umlisse

1741 1659 1959 1727 penitus
1997 1661 2286 1715 ecclesiam
2309 1662 2387 1716 sic
2415 1663 2520 1718 sibi
2564 1665 2818 1719 rebellem
2863 1669 3036 1721 sancti
3081 1666 3329 1731 Hulrerti,

1746 1751 2006 1809 fratribus
2032 1752 2156 1810 inde
2178 1754 2440 1810 violenter
2462 1757 2722 1826 expulsis.
2757 1757 2866 1813 Nec
2885 1759 2976 1813 diu
3009 1770 3330 1830 conceptum

1746 1841 1984 1898 furorem
2016 1845 2364 1899 dissimulare
2390 1848 2598 1915 potuit,
2628 1850 2962 1920 collectoque
2996 1868 3160 1904 manu
3190 1851 3333 1904 mili-

1746 1937 1848 1990 tari
1878 1938 1942 1992 ad
1971 1939 2368 1993 monasterium
2389 1941 2575 1995 venire
2609 1942 2902 2011 disposuit,
2928 1954 2982 1997 et
3005 1946 3330 2014 hospitatns,

1743 2027 2011 2094 Nasauiae,
2049 2031 2284 2086 nuncios
2313 2032 2581 2087 adventus
2612 2034 2696 2086 sui
2734 2035 2998 2102 praemisit
3027 2038 3094 2088 ad
3116 2036 3330 2101 fratres,

1747 2130 1802 2184 ut
1833 2120 1890 2174 in
1921 2123 2225 2177 crastinum
2249 2124 2298 2177 ci
2342 2125 2572 2180 honeste
2605 2128 2984 2194 procederent,
3016 2138 3068 2182 et
3101 2137 3158 2181 ut
3179 2129 3336 2184 dccc-

1746 2210 1839 2264 bat
1875 2210 2230 2268 Lcodiensem
2273 2215 2592 2284 episcopum
2621 2218 2923 2271 venientem
2961 2220 3334 2288 susciperent;

1742 2301 2114 2358 couilninatus
2141 2302 2528 2358 vindicandum
2555 2305 2609 2359 in
2637 2307 2752 2370 cos,
2783 2307 2894 2361 nisi
2921 2308 3081 2362 sol-ito
3111 2324 3338 2362 accura-

1749 2391 1856 2446 tius
1879 2399 1932 2444 (ξι
1963 2393 2320 2462 sollempnius
2357 2395 2411 2448 id
2451 2404 2694 2465 agerent.
2730 2395 3036 2452 Praunissis
3060 2401 3336 2468 apparito-

1749 2484 1900 2538 ribus
1941 2493 1995 2538 et
2041 2485 2184 2540 hanc
2235 2489 2688 2556 cxtorqucutibus
2747 2490 3031 2544 minaciter
3088 2493 3336 2560 gloriam,

1749 2591 1910 2630 nemo
1969 2577 2250 2644 respondit
2303 2578 2371 2632 ad
2418 2579 2683 2648 gratiam;
2737 2581 2831 2635 sed
2889 2596 2956 2634 ne
3013 2583 3340 2638 conticuisse

1749 2669 1975 2726 ωηιιὶηο
2025 2669 2193 2724 nimia
2229 2671 2502 2725 videretur
2528 2671 2848 2742 indignatio,
2893 2689 3096 2742 quassa
3125 2684 3337 2729 tantum

1749 2777 1881 2822 voce
1920 2762 2256 2819 Gislebertus
2289 2763 2439 2832 prior
2466 2764 2603 2818 dixit
2637 2780 2696 2819 se
2734 2774 2788 2818 et
2819 2765 3014 2821 fratres
3046 2783 3210 2836 super
3236 2768 3340 2822 hiis

1750 2852 1805 2906 in
1832 2868 2124 2910 commune
2152 2855 2524 2919 consulturos,
2547 2865 2600 2909 et
2631 2872 2729 2925 pro
2754 2873 2811 2910 re
2841 2867 2894 2910 et
2920 2867 3164 2927 tempore
3203 2859 3336 2929 quid

1750 2945 1932 3006 facere
1961 2947 2220 3002 deberent
2256 2964 2313 3002 se
2356 2947 2616 3004 facturos.
2652 2948 2708 3002 In
2740 2951 3044 3004 crastinum
3076 2951 3141 3005 de
3171 2968 3339 3021 nego-

1751 3043 1827 3096 tio
1858 3043 2240 3109 tranantibus,
2281 3043 2404 3106 licet
2432 3043 2758 3113 quibusdam
2784 3054 3003 3099 nutaret
3046 3046 3098 3098 in
3127 3049 3341 3101 occulto

1754 3136 1879 3192 ﬁdei
1920 3135 2227 3190 tenerrima:
2276 3144 2472 3201 status,
2525 3137 2579 3189 in
2623 3138 2764 3191 banc
2795 3147 2977 3192 tamen
3013 3141 3339 3193 sententiam

1753 3227 2009 3286 discessit
2032 3227 2279 3282 monium
2313 3229 2506 3282 melior
2532 3244 2838 3284 consensus
2872 3248 2884 3283 :
2915 3230 3221 3300 legitim'm
3247 3232 3341 3283 ab-

1751 3320 1932 3377 batem
1967 3321 2048 3376 eis
2088 3337 2339 3390 praeesse,
2383 3321 2634 3390 quamvis
2679 3321 3019 3393 contingeret
3056 3338 3180 3378 eum
3212 3332 3343 3377 tunc

1752 3415 1964 3480 abesse,
2007 3431 2195 3470 eorum
2240 3414 2519 3469 communi
2541 3429 2772 3469 assensu
2798 3416 2951 3468 illum
2982 3415 3051 3470 ab
3078 3416 3338 3484 episcopo

1750 3509 2063 3573 dissentire,
2129 3507 2250 3562 sine
2298 3506 2633 3562 conscientia
2671 3507 2794 3575 ejus
2845 3523 2953 3561 non
3002 3507 3202 3560 debere
3245 3522 3342 3561 eos

1751 3601 2009 3669 cuiquam
2067 3599 2306 3653 maxime
2349 3613 2474 3654 cum
2519 3598 2764 3668 periculo
2802 3598 2925 3652 ﬁdei
2992 3598 3337 3663 consentire;

1751 3683 2180 3745 convenirech
2225 3692 2408 3759 potius
2450 3707 2614 3760 quam
2662 3690 2870 3745 homini
2914 3691 3154 3744 obedire.
3211 3689 3341 3744 Erat

1753 3789 1936 3834 autem
1992 3779 2345 3848 solempnitas
2386 3778 2652 3833 Johannis
2703 3781 2934 3848 apostoli
2976 3781 3101 3848 (an.
3158 3778 3338 3846 “195),

1752 3890 1860 3943 qua
1901 3871 2158 3926 recolitur
2187 3879 2312 3924 ante
2339 3879 2552 3940 portam
2577 3869 2828 3923 Latinam
2861 3871 3066 3924 missus
3098 3887 3127 3922 a
3165 3869 3344 3922 Domi—

1754 3968 1902 4020 tiano
1929 3981 2132 4022 cresare
2171 3966 2222 4018 in
2265 3961 2412 4018 dolio
2458 3962 2722 4016 ferventis
2751 3959 2854 4014 olei
2891 3961 3048 4030 (Mai.
3083 3962 3158 4026 6).
3189 3960 3345 4014 Post-

1753 4061 1939 4115 habito
1997 4060 2162 4130 igitur
2215 4059 2409 4112 timore
2463 4071 2587 4110 cum
2641 4053 2838 4108 fratres
2878 4053 3124 4108 ordinem
3182 4067 3342 4106 suum

1752 4160 2174 4223 exequerentur,
2201 4159 2255 4204 et
2285 4164 2385 4204 suo
2412 4156 2657 4216 tempore
2693 4145 2807 4215 jam
2845 4144 3021 4214 major
3057 4143 3226 4198 missa
3255 4160 3346 4197 ce-

1754 4248 2077 4311 lebraretur,
2103 4260 2228 4300 ecce
2252 4242 2647 4312 superveniens
2668 4239 2925 4294 Otbcrtus
2959 4255 3082 4293 cum
3109 4238 3344 4293 tumultu

1754 4352 1807 4396 ct
1838 4341 1916 4396 ira
1948 4349 2224 4412 patentem
2276 4339 2500 4393 intravit
2536 4336 2846 4401 ecclesiam,
2904 4345 2958 4390 et
3003 4335 3145 4388 nulla
3192 4350 3345 4388 reve-

1755 4433 1928 4488 rentia
1953 4431 2233 4502 przemissa
2257 4429 2542 4493 orationis,
2572 4443 2696 4482 cum
2731 4427 2914 4481 furore
2943 4427 2996 4478 in
3033 4425 3344 4494 superiores

1755 4523 2030 4578 cancellos
2053 4537 2112 4576 se
2140 4521 2426 4591 proripuit,
2456 4519 2820 4587 manibusque
2859 4516 3074 4585 injectis
3113 4516 3344 4568 diacono

1755 4618 2097 4691 evangelium
2127 4617 2324 4688 legenti
2361 4615 2561 4670 librum
2598 4614 2814 4680 clausit,
2856 4621 2912 4667 ct
2954 4621 3192 4681 ca‘ptum
3220 4610 3344 4663 oili-

1756 4711 1902 4765 cium
1937 4710 2018 4764 ira
2049 4709 2288 4763 dictante
2339 4705 2808 4760 intermittendum
2840 4704 3126 4758 minaciter
3155 4703 3341 4757 edixit.

1759 4803 1963 4859 Deinde
1998 4803 2358 4858 totius'mortc
2406 4800 2717 4870 impatiens,
2755 4807 2970 4867 arrepta
3020 4795 3344 4852 sacerdotali

1756 4899 1896 4952 stola
1924 4899 2217 4951 silibonem
2261 4896 2328 4927 ⁸⁸³
2372 4895 2637 4959 ascendit,
2669 4901 2722 4946 et
2766 4891 2883 4945 sine
2928 4890 3037 4944 ulla
3079 4894 3343 4943 retracta-

1755 4993 1902 5047 tione
1925 4992 2176 5046 abbatem
2213 4991 2495 5044 absentem
2526 4995 2578 5042 et
2605 5004 2699 5042 eos
2736 4987 2828 5056 qui
2871 4999 3058 5042 secum
3102 4982 3348 5036 exierant

1755 5085 2077 5144 nominatim
2117 5082 2631 5147 cxcommunicavit,
2671 5088 2930 5134 causatus
2968 5077 3182 5146 publice
3217 5088 3342 5127 cum

1756 5181 1977 5235 meliora
2009 5179 2250 5233 ceclcshe
2291 5185 2611 5230 ornamenta
2648 5173 2804 5244 quasi
2848 5172 3172 5242 sacrilegum
3212 5167 3341 5222 sub-

1753 5275 1996 5340 duxissc,
2038 5272 2142 5337 vel,
2182 5271 2325 5340 quod
2369 5269 2541 5340 magis
2579 5284 2703 5323 cum
2738 5265 3016 5336 gravabat,
3059 5262 3159 5316 sibi
3187 5259 3344 5330 quasi

1347 5418 1580 5475 VARirE
1611 5415 2015 5473 LECTIONES.

81 5549 162 5582 ¹¹²
191 5547 284 5601 ita
318 5543 411 5598 Γ.
444 5547 632 5595 nostra
655 5537 702 5593 l.
783 5524 1164 5596 “umbonem
1197 5538 1240 5591 l.

1586 5625 1815 5684 NOTAE.

77 5736 258 5811 (157)
290 5731 363 5789 S.
398 5726 607 5783 Vitoni.
