3902 6286
630 237 768 300 1415

1662 216 2060 279 CHRONICON
2099 218 2158 275 s.
2200 213 2509 274 BUBERTI
2546 210 2878 275 ANDAGIN.
3218 224 3244 233 α
3571 200 3578 206 ’
3634 237 3714 299 ηις

624 353 1222 416 excommunicatonon
1236 340 2090 413 eommunicare.0bstupefactis
2109 338 2219 395 ciru
2245 341 2294 398 Α
2314 338 2430 408 jam
2466 338 2701 394 multum
2737 337 2925 393 aberat
2977 336 3128 409 quin,
3158 345 3217 395 ut
3255 338 3442 412 dicitur,
3471 343 3598 419 gladio
3624 362 3716 419 mu,

624 449 1029 508 rumstantibus
1059 445 1114 499 in
1133 438 1516 498 ammiratione
1546 436 1628 494 sic
1649 435 1925 492 effrenatae
1952 432 2219 490 immode-

628 542 888 607 mtionis,
909 552 1032 594 cum
1063 534 1133 589 ad
1159 549 1224 588 ea
1250 547 1375 603 quae
1399 528 1658 586 videbant
1714 526 2220 583 scandalizarentur

625 633 848 708 singuli,
886 639 1003 686 tum
1050 629 1135 684 vel
1166 626 1412 682 maximo
1447 623 1657 696 pudore
1706 620 2081 677 adiciebantur
2122 615 2220 689 qui

625 745 751 787 cum
777 742 845 784 eo
881 730 1145 781 venerant
1171 721 1382 777 nobiles
1408 718 1534 774 laici
1562 726 1617 772 et
1638 724 1699 771 ut
1727 716 1938 787 quique
1969 711 2041 745 ¹¹⁸
2061 716 2222 767 erant

626 819 1000 892 diligentiores
1029 815 1107 870 illi
1145 811 1428 871 servanda:
1452 808 1755 876 ﬁdelitatis;
1786 823 1818 862 a
1852 822 1964 878 quo
1983 804 2076 860 vix
2117 817 2220 874 op-

626 913 885 976 tinentes,
913 918 975 964 ut
1015 906 1173 979 quasi
1220 906 1276 960 in
1325 901 1558 959 consilio
1589 901 1906 971 loqueretur
1931 897 2036 963 eis,
2068 907 2223 950 com-

626 1002 824 1075 positis
844 999 1288 1073 suggestionibus
1302 992 1659 1052 elaborabant
1674 1006 1800 1046 eum
1817 1003 2076 1045 revocare
2096 983 2224 1041 sibi-

628 1096 868 1166 metipsi,
904 1092 1315 1150 dieentesillum
1338 1087 1558 1160 quidem
1580 1084 1891 1167 justissime
1915 1081 2103 1147 irasci,
2126 1078 2221 1135 sed

627 1205 751 1247 esse
777 1188 1106 1259 injuriosum
1138 1186 1208 1240 ab
1237 1184 1316 1238 ira
1340 1181 1644 1252 sapientem
1684 1175 2017 1247 supervinei,
2050 1172 2222 1228 mira-

628 1284 739 1339 bile
778 1281 1035 1337 omnibus
1070 1276 1243 1333 videri
1310 1289 1437 1330 eum
1486 1270 1758 1327 clausisse
1807 1278 1864 1323 et
1906 1266 1989 1323 sic
2022 1280 2222 1321 excus-

631 1375 771 1430 sisse
808 1370 1153 1442 evangelium
1182 1367 1301 1434 Dei,
1341 1380 1402 1421 se
1447 1379 1552 1419 nec
1578 1362 1713 1417 velle
1762 1375 1864 1415 nec
1909 1374 2073 1430 posse
2111 1357 2224 1428 pati

632 1466 874 1535 ofﬁcium
899 1463 1049 1535 quod
1095 1459 1453 1517 interdixerat
1491 1455 1729 1526 amplius
1769 1450 2123 1522 interrumpi;
2167 1449 2226 1504 in

634 1559 727 1614 tali
763 1557 985 1629 negotio
1015 1570 1126 1610 non
1158 1551 1470 1616 temerarie,
1517 1548 1612 1604 sed
1638 1546 1890 1603 consulto
1918 1560 2056 1615 Opus
2080 1558 2223 1611 esse,

632 1650 935 1722 praesertim
992 1663 1120 1704 cum
1162 1645 1214 1699 ei
1264 1644 1517 1699 subesset
1548 1648 1795 1712 potestas
1829 1638 2228 1708 cujuscumque

631 1743 836 1810 vellet,
884 1737 1349 1797 convenientioris
1403 1746 1584 1790 tamen
1639 1732 1915 1791 vindictae.
1974 1730 2057 1785 Ad
2108 1730 2228 1784 haec

634 1832 894 1889 Otbertus
947 1830 1167 1887 erubuit
1214 1827 1652 1901 praesumpsisse,
1704 1824 1852 1895 quod
1881 1823 1997 1894 jam
2040 1820 2229 1877 sanior

637 1926 807 1982 nollet
858 1923 1088 1989 fecisse,
1137 1931 1191 1978 et
1235 1922 1451 1993 publice
1509 1918 1797 1974 confessus
1845 1924 1929 1971 est
1987 1930 2046 1970 se
2101 1921 2231 1968 tunc

638 2018 805 2074 etiam
837 2016 1133 2072 maximam
1161 2013 1510 2070 formidinem
1542 2010 1853 2081 pertulisse,
1881 2024 2007 2063 cum
2044 2004 2230 2061 subito

634 2110 967 2182 respexisset
1012 2109 1211 2163 fratres
1231 2105 1600 2162 consistentes
1644 2103 1702 2157 in
1740 2102 1911 2156 choro
1959 2099 2228 2165 ordinate,

633 2212 690 2257 et
719 2202 1034 2272 posthabito
1069 2200 1220 2254 omni
1241 2199 1362 2268 ejus
1401 2197 1599 2252 timore
1634 2193 1746 2248 Deo
1785 2194 1887 2249 soli
1919 2200 2232 2249 reverenter

636 2292 943 2358 deservire,
988 2291 1221 2345 miratus
1282 2304 1405 2344 cum
1449 2287 1823 2358 indignatione
1870 2293 1951 2341 tot
1988 2293 2043 2340 et
2082 2285 2255 2341 tales-

637 2384 839 2440 ibidem
884 2399 944 2440 se
977 2382 1308 2447 oﬂendisse,
1377 2396 1505 2436 cum
1559 2380 1663 2435 sibi
1720 2379 2031 2433 nuntiatum
2084 2386 2235 2434 esset

632 2490 936 2545 perpaucos
957 2473 1013 2527 in
1035 2474 1157 2528 loco
1178 2471 1530 2527 remansisse.
1561 2470 1774 2538 Quibus
1804 2471 1992 2525 statim
2012 2469 2234 2526 satisfa-

635 2563 807 2629 ciens,
832 2562 981 2634 quod
1009 2577 1105 2618 eos
1132 2561 1492 2633 inquietasset
1514 2560 1885 2627 inconsultus,
1901 2570 1963 2615 ut
1991 2568 2232 2631 emptum

637 2654 877 2711 officium
934 2661 1338 2725 exequerentur
1390 2652 1674 2709 humiliter
1729 2653 1996 2723 expetiit,
2042 2660 2098 2708 et
2136 2668 2232 2708 ec-

634 2744 862 2801 clesiam
889 2743 1044 2799 exiit.
1077 2742 1155 2798 Ea
1179 2743 1269 2798 die
1299 2743 1476 2813 copiis
1505 2757 1693 2799 secum
1722 2742 1919 2797 delatis
1953 2742 2232 2813 pranden-

636 2846 719 2895 tes
748 2836 1065 2909 plenissime
1086 2834 1299 2902 refecit,
1328 2850 1439 2890 non
1469 2843 1530 2890 ut
1572 2834 1968 2906 regratiaretur
2000 2847 2234 2904 exaspe-

636 2931 794 2999 ratis,
819 2931 913 2987 sed
947 2937 1010 2985 ut
1054 2928 1251 2985 leniret
1286 2927 1498 2983 exeniis
1547 2942 1688 2998 quos
1725 2943 1834 2982 non
1877 2933 2236 2983 concusserat

635 3021 938 3077 terroribus
961 3019 1260 3076 intentatis.
1304 3016 1575 3075 Praeterea
1605 3033 1701 3089 per
1728 3017 1997 3089 quosdam
2022 3032 2228 3089 oppor-

637 3121 803 3171 tunos
837 3113 1009 3185 partis
1031 3129 1146 3170 suae
1173 3128 1366 3169 omnes
1389 3111 1674 3168 blanditiis
1714 3112 1945 3179 ambire,
1981 3112 2231 3184 singulo-

637 3224 759 3263 rum
819 3207 1033 3264 animos
1081 3215 1406 3277 attemptare
1432 3247 1447 3273 ,
1495 3204 1765 3262 firmiores
1804 3205 2229 3274 circumvenire,

639 3299 971 3356 infirmiores
1000 3292 1265 3368 invenire,
1316 3299 1681 3354 humilitatem
1730 3307 1788 3355 et
1827 3299 2231 3356 humanitatem

639 3405 771 3460 erga
802 3404 898 3445 eos
946 3376 1209 3445 attentius
1245 3388 1719 3457 commmendare,
1745 3404 2049 3460 eorumque
2085 3388 2234 3443 utili-

642 3481 869 3547 tatibus,
912 3479 957 3537 si
1007 3478 1269 3547 sinerent,
1320 3495 1381 3536 se
1419 3494 1769 3535 communem
1820 3478 1956 3535 fore.
2013 3478 2093 3534 Ita
2137 3494 2235 3549 per

640 3589 774 3631 suos
797 3571 1136 3643 attemptatis
1170 3570 1432 3628 fratribus
1466 3570 1521 3626 in
1548 3571 1851 3628 crastinum
1875 3570 2232 3641 semetipsum

639 3664 722 3720 eis
742 3663 1097 3734 praesentavit
1137 3660 1417 3731 Otbertus,
1445 3672 1500 3719 et
1527 3663 1781 3734 quamvis
1825 3662 1904 3717 illi
1944 3677 2235 3734 assurgere

640 3754 1084 3827 dedignantibus,
1115 3753 1544 3826 indignationem
1576 3766 1758 3811 tamen
1782 3770 1938 3811 suam
1970 3754 2235 3811 dissimuo

604 3880 609 3886 -
638 3845 754 3903 lare
779 3846 995 3915 doctus,
1023 3846 1178 3919 quasi
1209 3847 1399 3904 dolens
1443 3862 1546 3919 pro
1582 3848 1687 3915 eis,
1724 3855 1787 3902 ut
1819 3847 2238 3918 sese,haberent

639 3939 1152 4010 cmpit’percontari
1172 3981 1189 4008 ,
1232 3940 1589 3997 necessitates
1635 3953 1830 3994 eorum
1878 3952 1944 3994 ac
1999 3939 2049 3995 si
2103 3954 2235 3996 suas

640 4030 927 4104 conqueri,
980 4041 1232 4101 paratum
1293 4047 1353 4088 se
1393 4031 1452 4086 in
1500 4030 1758 4086 omnibus
1817 4030 2106 4088 consulere
2161 4032 2233 4087 il-

633 4124 706 4181 lis
753 4143 766 4179 :
814 4131 1028 4180 tantum
1084 4124 1262 4196 sopita
1317 4125 1469 4180 omni
1532 4124 1885 4181 contentione
1951 4126 2231 4183 consenti-

636 4223 760 4271 rent
807 4213 933 4283 sibi,
979 4215 1206 4271 mallent
1262 4215 1384 4288 ejus
1428 4216 1667 4288 experiri
1723 4217 2021 4274 amicitiam
2064 4233 2234 4290 quam

636 4309 1022 4378 inimicitiam,
1087 4319 1384 4381 pensantes
1443 4310 1604 4383 cujus
1657 4321 1804 4368 esset
1861 4313 2093 4384 periculi
2142 4322 2231 4369 ta-

2320 430 2418 485 lito
2446 429 2595 501 ([58)
2625 429 2879 485 deficeret
2897 428 3006 499 jam
3038 445 3189 501 paene
3227 444 3460 503 prostrata
3493 440 3534 494 in
3559 446 3613 500 eis
3636 454 3715 507 teri.

2321 523 2450 579 tatis
2474 522 2743 587 defensio,
2768 523 2878 577 nisi
2905 523 3240 580 subvenisset
3261 526 3338 582 vel
3368 529 3464 585 solo
3484 535 3626 602 pudore
3642 557 3700 611 pan

2322 619 2495 674 lulum
2520 624 2773 672 cunctata
2802 616 3017 672 consilii
3044 617 3203 674 ratio.
3233 618 3507 681 Secedentes
3525 638 3717 702 namquein

2321 717 2534 781 partem
2580 708 2777 766 fratres
2818 710 3135 766 consulendi
3176 714 3354 782 gratia,
3380 730 3480 770 cum
3514 720 3720 793 aliquamdiu

2322 803 2639 857 dubitarent
2665 817 2733 856 an
2757 802 3082 858 desisterent
3106 819 3195 861 .an
3224 807 3522 875 persisterent
3541 814 3579 868 in
3598 828 3723 873 senten-

2322 895 2420 962 tia,
2463 895 2684 950 tandem
2734 894 2943 966 placuit
2979 896 3230 952 omnibus
3266 897 3413 953 nichil
3445 904 3634 973 agendum
3658 910 3725 966 sine

2324 988 2540 1045 abbatis
2561 988 2920 1055 conscientia,
2948 1005 3110 1060 quem
3142 990 3286 1046 nullo
3306 992 3457 1048 adhuc
3475 995 3633 1067 legitimi
3651 1018 3725 1059 en-

2324 1081 2493 1137 minis
2509 1081 2718 1152 judicio
2743 1081 3001 1137 videbant
3020 1083 3339 1154 depositum,
3362 1102 3570 1159 quemque
3585 1092 3727 1149 scith

2323 1175 2533 1231 nullius
2569 1175 2816 1231 criminis
2858 1175 3167 1246 ohjectione
3203 1177 3341 1248 juste
3373 1179 3727 1251 deponendumﬂr

2325 1268 2519 1324 ducias
2547 1267 2733 1339 potius
2768 1268 2838 1322 ab
2871 1267 3133 1339 episcopo
3169 1277 3466 1340 expeterent,
3499 1268 3618 1329 donec
3636 1278 3726 1332 missa

2326 1359 2598 1431 legatione
2622 1360 2875 1415 abbatem
2905 1376 3073 1431 super
3094 1346 3202 1416 hiis
3227 1363 3541 1427 convenirent,
3558 1376 3595 1420 et
3616 1367 3645 1421 si
3661 1384 3728 1436 pos—

2326 1463 2447 1510 sent
2474 1454 2763 1524 impetrata
2800 1452 3151 1510 immunitate
3184 1454 3345 1510 libere
3381 1458 3624 1513 veniendiet
3650 1476 3728 1515 me

2326 1547 2491 1602 dendi
2519 1562 2706 1602 secum
2736 1547 2894 1602 illum
2917 1547 3268 1603 deducerent.
3299 1546 3436 1614 Quod
3458 1565 3550 1604 cum
3567 1550 3728 1606 diﬂiculie

2329 1639 2719 1709 optinuissent,
2741 1649 2797 1694 et
2816 1647 2928 1695 tres
2949 1640 3018 1695 ad
3038 1640 3287 1695 abbatem
3308 1639 3477 1696 fratres
3490 1641 3727 1707 destinasset,

2330 1731 2472 1787 inter
2523 1732 2793 1803 agendum
2869 1731 3098 1802 quidam
3146 1730 3473 1788 Bulonienses
3501 1734 3550 1765 “'
3581 1736 3726 1804 gregarii

2330 1822 2657 1880 satellitibus
2681 1824 3093 1894 collectis’apud
3117 1822 3489 1893 Gruispontem,
3506 1825 3725 1880 latentibuiii

2331 1915 2467 1970 silva
2492 1915 2709 1972 insidiis
2733 1917 2854 1972 vias
2880 1916 3234 1983 obsederunt,
3266 1925 3317 1971 et
3352 1916 3574 1972 duodecim
3592 1919 3728 1973 velitata

2331 2008 2624 2080 rapientes,
2656 2009 2859 2080 quibus
2883 2008 3258 2065 deducebatur
3280 2008 3539 2079 episcopale
3552 2010 3725 2075 servitium,

2330 2102 2506 2158 donec
2546 2118 2609 2157 ea
2653 2102 3051 2170 dividerentur,
3101 2102 3158 2157 in
3198 2110 3371 2158 castro
3407 2102 3523 2172 quod
3549 2102 3636 2171 juxta
3661 2111 3728 2155 erat

2331 2192 2562 2250 Mervolt
2583 2195 2997 2251 concluserunt.
3026 2193 3297 2267 Vulgante
3325 2193 3469 2259 fama,
3494 2210 3577 2264 qua
3593 2202 3729 2247 usuum

2331 2284 2506 2340 estde
2539 2285 2787 2341 minimis
2827 2286 3034 2341 exaltat
3078 2286 3334 2353 maxima,
3370 2282 3729 2345 nunciaturObuu,

2333 2391 2392 2431 se
2422 2392 2547 2432 cum
2578 2378 2696 2434 suis
2721 2379 2790 2433 ab
2832 2378 3077 2434 inimicis
3106 2379 3518 2443 circumventum,
3541 2377 3731 2430 hacctiibc

2331 2466 2502 2522 latere
2534 2467 2591 2522 in
2631 2468 2785 2524 silvis
2815 2484 3024 2524 cuneos
3064 2468 3327 2535 hostium,
3356 2466 3465 2522 talia
3489 2466 3715 2521 aeminenti

2332 2575 2522 2616 surum
2541 2603 2556 2629 ,
2588 2561 2696 2620 nisi
2730 2563 2946 2634 magnis
2974 2563 3190 2618 viribus
3220 2562 3478 2618 conﬁsum.
3508 2559 3733 2629 Capitulis

2332 2652 2569 2725 quisque
2610 2653 2853 2723 pericula
2888 2663 3039 2709 metu
3073 2669 3178 2710 suo
3217 2653 3403 2719 metiri,
3440 2652 3549 2707 alius
3578 2650 3679 2704 alium
3701 2647 3733 2699 ad

2333 2740 2519 2813 fl‘8‘“1‘
2547 2743 2778 2811 ιιοηθτὴ
2825 2744 3015 2815 sicque
3041 2745 3296 2815 proxima
3327 2751 3465 2798 nocte
3491 2740 3677 2796 conductis
3696 2738 3736 2789 le

2332 2847 2526 2889 corum
2567 2833 2780 2903 peritis,
2826 2833 3032 2891 infecto
3063 2836 3284 2910 negotio
3325 2844 3512 2908 propter
3527 2830 3626 2904 quod
3652 2842 3736 2883 me-

2332 2931 2477 2991 rant,
2502 2938 2600 2994 per
2628 2925 2877 2981 occultos
2914 2925 3206 2984 anfractus
3241 2926 3474 2983 Otbertus
3509 2918 3737 2985 recessim"i

2334 3031 2467 3073 vero
2516 3016 2675 3073 missi
2731 3016 2951 3074 fuerant
2998 3020 3067 3075 ad
3120 3021 3415 3077 vocandum
3457 3016 3739 3079 abbatemm

2334 3118 2604 3180 praesente
2626 3109 2851 3166 Dodone
2873 3111 2926 3167 ei
2948 3128 3143 3168 rerum
3166 3113 3401 3169 ordinem
3422 3111 3740 3166 retulissenmmr

2335 3199 2462 3256 silio
2499 3200 2743 3271 ejusdem
2777 3201 3022 3259 Dodonis
3055 3204 3243 3261 visum
3271 3213 3351 3259 est
3385 3200 3534 3257 abbati
3559 3214 3627 3255 non
3647 3192 3741 3250 seiu-

2336 3293 2635 3366 gerendum
2665 3303 2871 3351 temere
2907 3296 3061 3352 iratae
3104 3298 3381 3368 potestati,
3414 3293 3625 3351 cedendum
3647 3288 3743 3339 inter—
3794 3316 3795 3321 η

2336 3383 2469 3439 dum
2501 3382 2738 3440 fortuna:
2765 3395 2819 3441 et
2838 3387 3093 3457 tempori,
3122 3388 3288 3458 idque
3311 3404 3340 3443 a
3367 3387 3496 3442 nullo
3521 3381 3668 3453 sapiente
3680 3377 3741 3428 im-

2334 3477 2639 3547 putandum
2670 3478 2912 3546 crimini,
2940 3494 3066 3534 eum
3112 3480 3234 3551 ipse
3257 3480 3581 3547 Dominuspro
3598 3482 3742 3542 pem"-

2335 3569 2485 3626 tione
2511 3570 2579 3626 de
2605 3570 2831 3627 civitate
2850 3572 2907 3626 in
2937 3556 3221 3629 civitatem
3250 3571 3528 3644 fugiendum
3547 3558 3742 3638 prtu‘jt‘l'iL

2339 3661 2433 3719 Sic
2458 3663 2681 3719 interim
2704 3664 2900 3721 abbate
2924 3675 3201 3734 cessante,
3225 3682 3347 3722 cum
3368 3665 3591 3719 audiretur
3603 3655 3745 3711 011nm

2336 3771 2368 3810 a
2396 3755 2519 3812 loco
2550 3758 2869 3826 recessisse,
2892 3759 3008 3830 jam
3035 3760 3290 3816 securior
3317 3760 3422 3831 ipse
3442 3757 3573 3812 abbas
3588 3750 3632 3805 ad
3650 3760 3734 3801 mm

2336 3846 2565 3902 sterium
2608 3848 2796 3904 venire
2840 3850 3163 3920 maturavit,
3205 3860 3261 3907 et
3298 3846 3580 3921 aliquamdiu
3612 3845 3746 3894 moratus

2337 3954 2466 3995 cum
2500 3937 2795 4010 fratribus,
2845 3942 2903 3997 in
2947 3944 3286 4000 sententiam
3324 3956 3471 4014 quam
3510 3934 3681 3991 tuebatur
3702 3940 3746 3977 te

2335 4032 2601 4103 reposuit,
2651 4049 2955 4106 eorumque
2998 4037 3170 4093 rebus
3211 4052 3311 4109 pro
3346 4044 3550 4104 tempore
3581 4017 3745 4082 ordilﬂli‘»

2335 4122 2452 4180 Deo
2476 4125 2602 4182 illos
2630 4128 2982 4184 committens
3005 4130 3258 4186 recessit.
3732 4199 3738 4209 .

2408 4217 2498 4274 75.
2532 4218 2670 4292 (87.)
2706 4219 2809 4276 Per
2860 4222 3004 4278 idem
3044 4231 3264 4295 tempus
3300 4222 3365 4278 ad
3408 4217 3749 4302 augmentum}?t

2335 4311 2508 4381 εοοΡίί
2548 4313 2829 4383 quaerebat
2860 4314 3122 4373 Otbertus
3158 4331 3339 4373 emere
3386 4320 3582 4369 castrum
3608 4298 3745 4357 Coti"iit

633 4402 742 4458 lein
786 4402 1141 4474 pessumdare
1169 4402 1481 4472 ecclesiam,
1514 4412 1569 4460 et
1597 4404 2027 4462 ecclesiasticam
2066 4405 2231 4463 dissi-
2254 4423 2310 4485 ι)
2333 4421 2463 4462 cum
2498 4406 2672 4481 (159),
2696 4410 2844 4480 quod
2865 4419 2986 4466 erat
3010 4412 3234 4468 comitis
3258 4405 3486 4466 Balduini
3511 4398 3620 4475 (160)
3640 4384 3741 4485 1M]

634 4508 768 4565 pare
799 4493 1085 4550 familiam.
1117 4492 1601 4552 Subclamantibus
1630 4497 1736 4553 hiis
1762 4498 1857 4569 qui
1881 4514 2011 4554 eum
2035 4513 2102 4555 eo
2130 4515 2226 4556 ve—

634 4594 851 4656 nerant,
873 4588 1077 4659 Optime
1098 4602 1388 4658 perorasse
1407 4589 1742 4660 pontificem,
1763 4607 1928 4648 omne
1947 4608 2011 4648 os
2032 4607 2226 4648 eorum

633 4679 927 4737 adversum
951 4696 1011 4738 se
1033 4681 1432 4738 rationabiliter
1451 4682 1811 4752 conclusisse,
1837 4700 1947 4740 non
1970 4685 2228 4755 expedire

634 4772 718 4830 eis
748 4774 912 4831 talem
940 4775 1124 4832 virum
1165 4776 1222 4831 in
1264 4793 1365 4833 sua
1393 4777 1553 4848 culpa
1577 4777 1824 4848 perdere,
1854 4778 1952 4850 qui
1993 4778 2228 4836 remisso

634 4867 982 4926 auctoritatis
1042 4868 1285 4941 pondere
1337 4884 1450 4926 non
1528 4870 1889 4926 erubescebat
1945 4871 2226 4927 humiliter

632 4976 950 5035 exposcere,
965 4963 1116 5035 quod
1139 4962 1187 5020 si
1206 4962 1367 5020 vellet
1374 4962 1862 5034 poteratviolenter
1875 4978 2073 5038 cogere
2090 4985 2104 5022 :
2119 4980 2233 5022 non

2333 4501 2557 4556 tarium.
2591 4499 2770 4573 Hujus
2794 4505 3000 4577 negotii
3030 4513 3351 4561 executores
3388 4498 3527 4570 elegit
3542 4482 3749 4577 llrnllllthim

2329 4598 2386 4646 et
2405 4589 2687 4664 Wigerum
2712 4593 2915 4652 fratres
2933 4595 3225 4652 Tudetiani
3249 4593 3404 4651 castri
3420 4589 3544 4663 (161)
3563 4576 3749 4638 achillem

2329 4687 2426 4758 qui
2477 4695 2630 4744 tanto
2669 4689 2777 4745 sibi
2828 4691 2897 4746 ad
2946 4691 3055 4747 hoc
3097 4691 3413 4747 videbantur
3449 4671 3750 4772 ορροτῖ⁰¹¹ίῗ¹¹⁶’

2330 4791 2540 4853 quanto
2591 4783 2852 4854 praedicto
2897 4785 3086 4841 comiti
3125 4801 3193 4841 ex
3246 4780 3500 4839 vicinitate
3543 4770 3751 4862 prima?

2332 4872 2450 4940 Qua
2484 4873 2771 4932 funetione
2794 4886 3008 4946 exacui,
3041 4894 3167 4935 cum
3189 4876 3485 4932 viderentur
3502 4865 3663 4922 Otherto
3682 4854 3751 4946 ἐξω

2339 4966 2649 5027 deservisse
2677 4971 2746 5029 ad
2780 4942 3035 5044 gratiam,
3070 4973 3445 5045 suggesseruut
3468 4960 3547 5027 illi,
3571 4942 3755 5011 metmIrin

1928 5107 2162 5166 VARUE
2204 5107 2614 5169 LECTIONES.

707 5198 780 5235 ⁸⁸⁸
803 5203 883 5259 ita
902 5203 978 5260 1‘.
1010 5204 1107 5278 qui
1130 5203 1183 5261 1.
1261 5202 1329 5237 ’¹¹¹
1355 5202 1702 5263 Buloniensis
1737 5204 1791 5261 1.

2168 5319 2374 5380 ὈΤΕ.

711 5433 863 5513 (158)
904 5430 1300 5513 Hieronymum
1341 5436 1416 5493 ita
1455 5436 1662 5513 dixisse
1723 5446 1914 5495 auctor
1960 5444 2046 5513 est
2088 5434 2230 5513 Era-
2333 5439 2629 5513 emptionis
2670 5439 3003 5513 actae71096,
3047 5438 3170 5496 Jun.
3226 5438 3292 5494 14
3330 5428 3512 5513 Leodii,
3543 5405 3745 5513 εξ)ξάρῇ

632 5485 878 5603 ςιιςιξξ³
896 5485 1138 5603 Ῐᾼᾱθδίἰέ
1158 5508 1514 5581 Latinorum;
1537 5510 1738 5568 iterum
1757 5511 1999 5568 occurrit
2022 5529 2073 5569 c.
2105 5512 2197 5570 89.
2327 5485 2643 5603 (imiimi;
3070 5512 3222 5594 prius
3242 5518 3357 5567 acta
3378 5485 3747 5603 sunt;

705 5579 858 5650 (159)
895 5570 1119 5650 δρυυῖηο
1500 5570 1513 5581 ’
2327 5570 2444 5641 funi
2467 5587 2593 5642 abb.
2612 5570 2748 5644 Lob.
2773 5602 2824 5643 a.
2849 5584 2989 5643 1094
3010 5570 3285 5642 mortuum
3312 5594 3424 5637 csse
3457 5570 3735 5628 testatum“

705 5596 858 5650 (ων)
895 5596 1119 5635 υοιιυτη·
2327 5596 2444 5641 tum
2467 5596 2593 5642 abb.
2612 5596 2748 5644 1.01).
2773 5602 2824 5643 a.
2849 5596 2989 5643 1094
3010 5596 3285 5642 mortuum
3312 5596 3424 5637 csse
3457 5596 3650 5628 ιωιιυκυτ
3671 5596 3693 5603 ν

704 5649 862 5794 ἔιθο)
903 5649 1226 5737 Men-tensis.
1658 5725 1670 5739 .
1870 5728 1883 5742 ο
2325 5655 2685 5718 Laubienses.

735 5720 856 5778 161)
901 5720 1091 5779 Thmn.
1131 5722 1386 5794 Wigerus
1424 5726 1493 5785 de
1534 5724 1712 5783 Tudtn
1741 5735 1828 5786 est
1868 5736 2012 5788 inter
2055 5738 2220 5791 testes
3794 5736 3795 5794 ἶ

735 5720 856 5778 161)
901 5720 1091 5779 Thuin.
1131 5722 1386 5798 Wigerus
1424 5726 1493 5785 de
1534 5724 1712 5783 Tudin
1741 5735 1828 5786 est
1868 5728 2012 5788 inter
2055 5738 2220 5791 testes
