3956 6288
110 315 241 378 tm
431 288 439 290 ’
1125 299 1515 361 ΔΗΒΟΝΙΟΟΝ
1558 297 1617 355 s.
1657 295 1688 353 Ε

1795 295 1967 354 ΈΒΤΙ
2003 295 2328 354 ANDAGIN.
3229 293 3370 360 “18

105 433 265 503 hujus
296 439 411 484 sua:
435 420 771 480 execunonis
800 412 1112 474 nou'solum
1141 418 1217 472 illi
1247 426 1470 488 paratos
1495 414 1682 469 remit—
1707 415 1756 476 Α
1785 426 2131 484 exasperare,
2160 412 2362 483 quibus
2398 410 2571 482 ignoti
2606 408 2847 503 hominis
2874 417 3379 480 personam‘venie-

102 537 232 591 tere,
259 522 351 579 sed
372 527 426 576 et
455 526 720 590 quantum
743 513 981 586 placeret
1000 512 1049 567 ei
1073 511 1140 596 de
1154 515 1156 518 ’
1173 525 1275 566 suo
1297 509 1526 576 addere;
1556 518 1679 561 tan-

103 630 216 676 tum
253 617 407 672 daret
443 610 714 668 abbatiam
762 607 938 663 sancti
987 597 1473 660 Huberti’cuidam
1505 599 1681 676 fratri

98 721 286 765 eorum
323 690 893 775 Ingobrando,'sancti
931 694 1082 750 Petri
1123 687 1360 748 ctenobii
1395 688 1682 746 Lobiensis

98 796 390 855 monacho.
431 792 565 860 Qua:
591 807 680 846 res
709 805 835 844 cum
865 786 1098 842 difﬁcilis
1134 784 1412 840 videretur
1436 781 1680 846 Otberto,

97 887 389 960 superstite
424 885 605 940 adhuc
648 883 842 937 abbate
878 879 1120 950 legitimo
1141 920 1154 944 ,
1187 877 1314 932 licet
1349 876 1454 932 sibi
1493 875 1684 930 inobe-

95 981 267 1039 dienti
315 989 369 1034 et
410 976 708 1043 contrario,
755 972 1048 1030 subintulit
1091 986 1333 1043 praesens
1374 969 1450 1024 ibi
1497 983 1683 1025 comes

92 1071 413 1142 Arnulphus
440 1069 587 1140 (162)
618 1083 790 1139 nepos
813 1082 1026 1133 eorum,
1056 1065 1104 1120 si
1129 1063 1278 1134 quod
1303 1077 1403 1132 pro
1430 1063 1536 1116 hoc
1563 1061 1684 1130 ipso

93 1165 546 1237 impedimentum
580 1170 820 1228 curaret,
854 1161 908 1216 id
945 1159 1048 1214 sibi
1076 1157 1382 1213 curandum
1409 1155 1684 1225 relinque-

89 1264 202 1322 ret;
238 1254 453 1310 felicem
499 1253 614 1307 fore
657 1251 752 1306 tali
789 1257 1147 1322 procuratore
1191 1245 1498 1312 abbatiam,
1535 1244 1685 1299 illam

96 1347 284 1418 nepoti
307 1362 409 1402 suo
435 1362 493 1400 se
518 1345 891 1400 committente
917 1342 1216 1398 non‘multo
1234 1348 1359 1411 post
1382 1339 1436 1392 in
1454 1339 1687 1410 pristino

87 1447 238 1495 statu
270 1438 698 1494 reformandam.
740 1435 996 1492 Otbertus
1037 1451 1165 1506 ergo
1206 1449 1332 1488 cum
1368 1433 1692 1511 aliquandiu.

85 1528 414 1602 fatigaretur
463 1536 542 1583 tot
589 1511 1053 1598 promissionibus
1095 1534 1152 1580 et
1204 1523 1514 1594 suffragiis,
1569 1531 1686 1577 tum

82 1640 220 1680 vero
259 1623 631 1694 impelleretur
675 1621 757 1676 ira
797 1629 852 1675 et
878 1620 1004 1675 odio
1029 1617 1349 1674 Theoderici
1386 1617 1491 1673 hoc
1523 1617 1688 1672 modo

81 1716 368 1786 ejiciendi,
399 1716 527 1771 licet
552 1715 859 1770 reluctante
900 1712 1240 1768 conscientia
1269 1727 1337 1766 ex
1355 1710 1565 1782 judicio
1592 1724 1684 1762 ra-

80 1808 283 1875 tionis,
317 1807 599 1863 consensit
633 1815 815 1862 tamen
845 1820 1066 1876 operam
1095 1805 1226 1860 dare
1267 1813 1432 1858 tanta:
1461 1801 1684 1857 exordi-
1712 1783 1761 1843 Β

83 1899 325 1954 nationi.
360 1899 638 1954 Mandavit
679 1898 917 1969 denique
962 1896 1248 1966 Arnulpho
1291 1895 1548 1950 Lobiensi
1590 1895 1687 1948 ab-

80 1991 234 2058 bati,
288 2000 348 2046 ut
393 1991 461 2046 ad
508 2006 566 2046 se
608 1991 939 2061 quantocius
986 1989 1224 2053 veniret,
1267 1995 1322 2042 et
1356 1987 1685 2042 monachum

84 2086 254 2139 suum
306 2081 713 2152 Ingobrandum
773 2095 960 2134 secum
1019 2079 1330 2133 deduceret.
1383 2067 1686 2132 Deductum

84 2177 193 2233 sibi
224 2176 464 2231 liberum
495 2175 648 2230 reddi
674 2174 863 2245 jussit,
901 2188 1077 2243 eoque
1108 2179 1374 2243 prresente
1417 2171 1690 2226 ordinavit

85 2267 348 2322 abbatem
400 2265 650 2321 ecclesiae
696 2263 872 2320 sancti
910 2261 1170 2330 IIuberti,
1212 2263 1362 2318 nulla
1402 2263 1687 2334 praemissa

83 2358 326 2415 fratrum
358 2357 597 2429 regulari
642 2357 928 2422 electione,
970 2356 1120 2411 nullo
1152 2355 1370 2427 cognito
1403 2356 1459 2409 in
1487 2371 1553 2411 eo
1582 2371 1691 2410 me-

83 2452 191 2506 rito
223 2450 570 2506 maturitatis
601 2457 655 2504 et
679 2449 822 2504 vitae.
852 2448 990 2502 Dein
1029 2449 1200 2504 missa
1226 2448 1495 2520 legatione
1534 2463 1692 2502 man-

81 2543 233 2600 davit
301 2542 568 2598 fratribus
599 2556 658 2596 se
689 2555 882 2596 eorum
905 2548 960 2594 et
988 2539 1316 2594 utilitatibus
1345 2547 1401 2593 et
1419 2539 1691 2594 honestati

80 2637 461 2703 consuluisse,
495 2635 735 2691 nobilem
775 2633 885 2688 illis
931 2641 987 2688 et
1017 2633 1154 2688 satis
1192 2633 1495 2688 humanum
1523 2633 1691 2686 abba-

79 2740 190 2786 tem
221 2729 545 2796 ordinasse,
575 2743 737 2783 orare
767 2735 828 2782 ut
855 2726 1031 2798 gratia
1067 2725 1152 2780 sui
1179 2725 1384 2780 amoris
1412 2725 1564 2779 illum
1594 2740 1691 2780 vo-

75 2823 333 2879 luntarie
367 2821 710 2892 susciperent
743 2820 829 2887 ¹¹⁶,
863 2819 1080 2890 sibique
1109 2833 1236 2874 cum
1263 2833 1330 2872 eo
1354 2826 1586 2872 venturo
1609 2816 1690 2872 fa-

75 2929 209 2969 vore
231 2912 435 2968 debito
469 2912 846 2982 procederent.
882 2909 1112 2966 Turbati
1153 2924 1345 2964 omnes
1371 2917 1484 2963 tam
1509 2908 1690 2963 subita

76 3022 272 3062 rerum
319 3004 746 3076 permutatione,
784 3020 908 3059 cum
944 3012 1071 3074 post
1111 3018 1460 3059 communem
1495 3001 1691 3058 ammi-

81 3098 371 3153 rationem
400 3097 468 3152 ad
493 3111 552 3152 se
585 3097 785 3168 singuli
815 3097 1079 3163 redirent,
1123 3103 1240 3151 tum
1272 3095 1509 3165 denique
1537 3102 1689 3164 post-

81 3190 275 3260 posita
298 3189 532 3260 periculi
560 3189 888 3244 necessitate
911 3189 1073 3259 etrapit
1097 3188 1377 3244 evidenter
1402 3203 1684 3258 apparere,
1716 3169 1760 3231 C

81 3281 220 3352 quid
283 3281 439 3350 apud
485 3296 759 3351 quemque
828 3282 1096 3337 hactenus
1159 3281 1408 3352 viguerat
1472 3280 1690 3336 virtutis

81 3386 302 3440 amore,
352 3371 617 3443 quicquid
663 3371 728 3403 “7
767 3371 1003 3427 latuerat
1049 3372 1419 3426 simulationis
1461 3372 1686 3441 timore;

83 3463 361 3535 gravabat
405 3463 558 3519 viros
602 3463 821 3518 virtutis
868 3463 1154 3518 inimicum
1202 3463 1430 3519 humani
1477 3463 1692 3537 generis

79 3556 394 3612 adversum
421 3571 517 3612 eos
563 3555 644 3610 sic
672 3570 833 3610 suum
881 3556 1210 3625 malignasse
1250 3557 1562 3622 consilium,
1593 3574 1691 3612 su-

81 3649 327 3704 scitabat
354 3663 619 3704 censores
648 3647 874 3703 extincti
902 3645 1129 3717 pudoris
1149 3646 1412 3702 affectatae
1433 3648 1695 3704 novitatis

77 3742 165 3799 sic
187 3743 274 3800 eis
297 3742 630 3814 provenisse
650 3741 1102 3797 emolumentum.
1133 3737 1245 3794 Illis
1259 3756 1360 3810 pro
1379 3739 1619 3810 pondere
1641 3749 1696 3795 et

79 3836 469 3892 asti‘matione
510 3851 698 3892 rerum
745 3835 836 3888 vix
874 3841 994 3890 erat
1019 3833 1102 3889 vel
1134 3819 1364 3890 cedendi
1397 3833 1575 3901 locus,
1609 3833 1697 3888 vel

77 3929 430 3986 consulendi
451 3938 688 4000 tempus.
720 3928 830 3982 Alii
856 3944 924 3984 ne
946 3928 1182 3983 celerius
1204 3927 1512 3983 excessisse
1539 3936 1696 3983 nota-

78 4031 284 4078 rentur
339 4039 377 4078 a
423 4022 704 4078 communi
751 4021 1045 4088 sententia,
1098 4021 1216 4076 sola
1261 4021 1697 4091 reprimebantur

75 4115 455 4181 verecundia,
481 4115 608 4170 licet
631 4115 703 4170 sit
723 4113 1039 4168 difﬁcillima
1069 4113 1138 4167 ad
1162 4128 1221 4169 se
1246 4113 1536 4168 celandum
1557 4129 1694 4185 gau-

73 4204 312 4260 diorum
370 4205 655 4274 patientia.
709 4203 916 4260 Tamen
955 4204 1170 4260 collecti
1216 4205 1274 4258 in
1325 4221 1520 4273 unum,
1569 4221 1696 4261 cum

70 4306 415 4368 quaarerent
439 4299 494 4352 in
515 4313 807 4354 commune
838 4297 1116 4369 quomodo
1142 4313 1202 4353 se
1223 4299 1478 4368 praesenti
1507 4314 1698 4356 neces-

73 4391 235 4447 sitati
284 4399 711 4461 compararent,
761 4392 887 4447 licet
918 4391 1286 4462 quorumdam
1327 4406 1424 4447 cor
1464 4406 1497 4446 a
1537 4391 1698 4448 labiis

69 4483 351 4553 distaret,
397 4483 456 4537 in
485 4484 590 4539 hoc
615 4491 799 4540 tamen
822 4499 1014 4539 omnes
1038 4483 1141 4538 visi
1175 4491 1305 4538 sunt
1328 4483 1696 4551 consensisse,

1782 505 1875 560 bat
1901 505 2170 576 ingerere.
2201 503 2456 560 Evocatis
2485 503 2653 575 igitur
2673 502 2957 570 fratribus,
2984 503 3180 561 indixit
3213 509 3294 564 eis
3318 511 3377 566 in

1785 612 1954 652 unum
1985 599 2298 665 convenire,
2339 613 2398 654 se
2429 596 2778 668 colloquendi
2806 599 2980 669 gratia
3009 601 3146 657 velle
3172 618 3374 658 conve-

1784 689 2065 746 nientibus
2088 691 2437 746 intervenire.

1861 781 1946 836 75.
1981 783 2118 855 (89.)
2157 783 2368 840 Relicto
2405 785 2622 840 interim
2661 784 3029 856 Ingobrando,
3072 796 3127 843 et
3160 804 3378 845 assum-

1783 872 1893 942 ptis
1917 889 2104 928 secum
2132 891 2270 946 quos
2312 877 2634 948 affectanda:
2661 879 2740 933 rei
2777 888 3005 935 noverat
3034 880 3283 950 idoneos,
3309 885 3380 940 ad

1784 962 1983 1020 fratres
2004 969 2292 1035 processit,
2321 986 2526 1040 eosque
2561 971 2724 1025 hilari
2765 973 2920 1027 vultu
2954 975 3202 1032 salutans
3246 993 3372 1032 con-

1787 1058 1946 1114 sedit.
1979 1057 2045 1113 Et
2069 1063 2350 1128 praemissa
2373 1065 2678 1134 quzestione
2705 1067 2984 1137 quomodo
3011 1083 3068 1122 se
3091 1069 3377 1137 haberent,

1785 1166 1950 1222 quem
1993 1151 2202 1206 exitum
2249 1163 2329 1208 tot
2367 1158 2528 1212 malis
2576 1159 2692 1214 suis
2736 1168 3043 1229 sperarent,
3095 1161 3383 1232 subjnnxit

1785 1256 2011 1316 paterna
2049 1245 2438 1315 sollicitudine,
2485 1253 2632 1320 quod
2660 1269 2825 1308 suum
2871 1261 3010 1320 erat,
3047 1254 3154 1310 illis
3190 1255 3379 1324 provi-

1786 1338 1954 1404 disse,
1999 1353 2191 1393 eorum
2238 1340 2562 1396 desolationi
2614 1355 2823 1415 patrem
2883 1347 3141 1402 idoneum
3189 1364 3384 1418 procu-

1785 1447 1960 1498 rasse,
1998 1446 2234 1502 eumque
2277 1432 2404 1488 illis”
2430 1434 2742 1500 adduxisse.
2783 1437 2894 1494 Illis
2929 1440 2999 1495 ad
3025 1439 3131 1493 hoc
3155 1439 3384 1493 reticen-

1787 1523 1956 1590 tibus,
1999 1532 2054 1578 et
2083 1525 2244 1594 quasi
2269 1541 2336 1580 ex
2366 1526 2553 1581 habitu
2603 1528 2745 1583 laesae
2769 1544 2894 1600 erga
2928 1548 2987 1586 se
3013 1531 3233 1602 pietatis
3262 1530 3384 1584 vul-

1786 1625 1902 1671 tum
1930 1616 1986 1670 in
2015 1625 2159 1671 terra
2195 1618 2620 1687 declinantibus,
2650 1637 2717 1676 ex
2741 1621 2850 1676 biis
2885 1623 2978 1692 qui
3016 1631 3386 1679 convenerant

1789 1725 1887 1780 pro
1917 1725 2017 1764 sua
2052 1709 2304 1780 quisque
2326 1713 2570 1782 potentia
2619 1715 2785 1784 cmpit
2811 1717 3120 1773 tacentibus
3157 1732 3388 1772 succen-

1790 1818 1910 1858 sere
1937 1821 1949 1856 :
1981 1802 2300 1872 hujusmodi
2351 1813 2566 1874 gestum
2601 1822 2831 1861 summa:
2852 1807 3086 1864 feritatis
3114 1818 3168 1863 et
3192 1809 3387 1863 immo—

1790 1892 1993 1947 derata:
2021 1892 2429 1964 dedignationis
2464 1911 2618 1962 esse;
2664 1905 2924 1952 extremae
2951 1899 3126 1954 videri
3170 1902 3390 1955 demen-

1791 1986 1899 2052 tiae,
1951 1987 2031 2040 sic
2079 1987 2202 2042 illos
2250 1987 2388 2042 velle
2427 1989 2688 2059 episcopo
2735 1989 3029 2047 Leodiensi
3079 1993 3384 2059 obsistere;

1789 2077 1961 2132 nimia
1986 2078 2129 2148 apud
2159 2093 2256 2133 eos
2279 2079 2541 2148 patientia
2571 2081 2726 2135 illum
2751 2083 2997 2150 viluisse,
3021 2075 3128 2154 qui
3155 2092 3264 2138 tam
3291 2083 3389 2139 diu

1791 2167 2144 2222 insolentiam
2168 2184 2360 2222 eorum
2389 2169 2470 2223 sic
2493 2169 2716 2240 impune
2741 2174 3092 2241 pertulisset;
3124 2174 3392 2230 fratribus

1792 2266 2016 2314 econtra
2061 2259 2283 2329 publice
2315 2259 2674 2314 causantibus
2710 2271 2908 2330 praeter
2949 2263 3122 2333 legem
3155 2279 3214 2318 se
3251 2279 3393 2334 pra:-

1792 2352 2030 2422 gravari,
2065 2353 2202 2407 satis
2233 2367 2508 2422 superque
2543 2351 2812 2422 injustum
2846 2363 2901 2409 et
2928 2355 3263 2425 injuriosum
3303 2357 3392 2411 vi-

1792 2445 1909 2500 deri
1953 2445 2205 2500 abbatem
2251 2437 2583 2500 habentibus
2622 2445 2874 2502 abbatem
2921 2447 3298 2518 superinduci,
3337 2456 3396 2505 et

1793 2538 1900 2594 hoc
1923 2540 2105 2610 ipsum
2130 2539 2336 2596 nullius
2363 2554 2556 2594 eorum
2580 2554 2701 2595 esse
2721 2540 3051 2612 cognitionis
3078 2541 3395 2612 nulliusque

1792 2630 2048 2702 legitima:
2070 2630 2374 2686 electionis.
2402 2629 2720 2702 Indignatus
2747 2639 2830 2686 est
2861 2629 3118 2687 Otbertus
3145 2648 3204 2688 se
3230 2649 3392 2688 suos-

1793 2738 1900 2794 que
1928 2724 2183 2778 concludi
2228 2732 2336 2778 tam
2366 2723 2606 2778 evidenti
2643 2723 2878 2791 ratione,
2908 2724 3135 2796 jamque
3169 2725 3394 2782 ordina-

1793 2816 1998 2871 tionem
2028 2832 2185 2872 suam
2226 2816 2440 2871 irritam
2472 2832 2614 2883 esse,
2648 2817 2758 2872 nisi
2805 2817 3240 2874 contradicentes
3267 2817 3392 2873 vio-

1793 2908 1957 2963 lentia
1985 2909 2336 2979 opprimeret,
2359 2909 2664 2980 postposita
2688 2910 2838 2964 omni
2862 2912 3129 2966 canonica
3155 2911 3397 2966 auctori-

1795 3009 1923 3057 tate.
1968 3000 2035 3056 Et
2066 3017 2136 3057 ne
2181 3003 2314 3072 quid
2355 3003 2702 3073 inexpertum
2742 3003 3078 3074 relinqueret
3117 3021 3247 3076 erga
3287 3003 3397 3060 sibi

1795 3093 2142 3160 obsistentes,
2171 3094 2340 3150 sem‘cl
2361 3104 2416 3149 et
2441 3095 2660 3163 iterum,
2691 3095 2818 3151 licet
2841 3095 3170 3152 retineretur
3194 3097 3263 3152 ab
3289 3096 3394 3164 eis,

1794 3201 1853 3240 se
1875 3185 2106 3256 pedibus
2127 3202 2320 3242 eorum
2345 3184 2631 3258 temptavit
2647 3197 3017 3259 prosternere,
3051 3197 3111 3243 ut
3137 3189 3221 3244 vel
3244 3197 3397 3244 tanta

1794 3277 2127 3348 pontiﬁcalis
2149 3277 2432 3350 dignitatis
2455 3280 2812 3336 inclinatione
2842 3281 3105 3348 vinceret,
3129 3297 3269 3352 quos
3292 3297 3396 3337 eo-

1793 3378 1955 3426 tenus
1985 3380 2251 3441 potestate
2276 3373 2607 3440 probaverat
2636 3373 2862 3427 omnino
2893 3373 3254 3429 invincibiles.
3285 3373 3402 3445 Igi-

1795 3471 1884 3517 tur
1908 3471 2032 3533 post
2067 3463 2271 3518 multas
2294 3463 2696 3530 contentiones,
2729 3472 2854 3533 post
2888 3465 3072 3520 varias
3097 3466 3398 3522 verborum

1795 3558 2128 3628 objectiones
2155 3565 2208 3612 et
2240 3557 2596 3627 rejectiones,
2630 3572 2902 3628 exurgens
2937 3557 3005 3612 de
3052 3557 3235 3614 medio
3277 3557 3398 3613 fra-

1799 3658 1964 3716 trum,
1993 3664 2268 3704 cameram
2305 3649 2554 3714 secessit,
2585 3657 2641 3703 et
2667 3665 2764 3719 per
2793 3649 3046 3705 abbatem
3067 3649 3400 3708 Lobieusem

1797 3740 2040 3811 itemque
2069 3740 2324 3795 comitem
2356 3739 2706 3809 Arnulphum
2742 3741 3026 3796 mandavit
3053 3743 3164 3810 eis,
3203 3751 3265 3798 ut
3301 3753 3402 3800 aut

1796 3834 2042 3889 volentes
2080 3832 2281 3903 placito
2313 3846 2415 3886 suo
2459 3837 2740 3902 gratanter
2776 3833 3118 3900 accederent,
3157 3843 3254 3888 aut
3295 3851 3399 3892 sua

1798 3925 1904 3982 sibi
1927 3926 2298 3996 relinquentes
2319 3925 2440 3980 loco
2462 3923 2825 3980 discederent.
2864 3923 2997 3979 Tam
3035 3925 3244 3980 crudeli
3269 3939 3400 3980 sen-

1801 4019 1968 4074 tentia
1992 4017 2376 4084 determinata,
2414 4016 2613 4073 fratres
2657 4017 2933 4088 petierunt
2960 4016 3212 4072 inducias
3250 4033 3396 4088 prae-

1799 4112 2012 4182 positos
2038 4111 2300 4167 cellarum
2331 4109 2598 4166 evocandi
2625 4118 2678 4164 et
2719 4126 2844 4166 cum
2881 4111 2961 4166 eis
3010 4110 3066 4165 in
3103 4125 3398 4167 commune

1801 4203 2155 4269 consulendi;
2195 4203 2291 4259 sed
2320 4219 2414 4260 eas
2442 4203 2595 4260 nullo
2630 4202 2796 4258 modo
2840 4203 2950 4259 nisi
2980 4219 3156 4274 usque
3184 4204 3239 4258 in
3269 4219 3399 4260 cra--

1801 4299 2006 4354 stinum
2033 4305 2329 4368 potuerunt
2360 4296 2602 4367 assequi.
2628 4295 2839 4352 Interea
2869 4297 3190 4368 Arnulphus
3209 4312 3398 4355 comes

1802 4391 2068 4461 singulos,
2119 4399 2179 4445 ut
2205 4404 2611 4460 quemcumque
2643 4398 3026 4461 n'overat,pro
3062 4399 3256 4461 nepote
3295 4406 3398 4447 suo

1803 4483 2044 4554 aggredi,
2075 4483 2195 4555 ejus
2217 4499 2383 4540 causa
2413 4483 2711 4538 consilium
2738 4493 2792 4541 et
2814 4484 3082 4538 auxilium
3113 4499 3277 4540 suum
3306 4499 3398 4540 ec-

71 4584 136 4630 ut
166 4578 264 4632 vel
312 4575 394 4631 ad
429 4583 645 4645 tempus
673 4576 729 4630 in
758 4576 1029 4634 sententia
1060 4575 1416 4645 persistentes
1447 4577 1698 4632 consule-
1722 4553 1778 4614 D
1803 4553 1985 4631 clesia:
2013 4553 2278 4647 polliceri,
2319 4592 2446 4632 cum
2492 4576 2713 4631 interim
2763 4575 2908 4632 filius
2949 4575 3071 4646 ejus
3113 4574 3240 4632 Otto
3277 4576 3398 4647 ipsa

69 4677 204 4726 rent
235 4667 612 4726 aestimationi
648 4684 763 4723 suae
795 4676 851 4722 et
875 4667 1055 4735 famas,
1107 4676 1168 4723 ut
1203 4676 1259 4723 et
1294 4669 1390 4739 qui
1427 4669 1696 4724 delibera-

68 4772 207 4820 rent
234 4763 512 4828 deficere,
535 4761 696 4832 quasi
716 4761 893 4816 coacti
916 4762 1235 4817 viderentur
1253 4763 1360 4819 hoc
1389 4762 1604 4819 fecisse.

153 4856 254 4912 74.
301 4854 458 4926 (88.)
495 4853 706 4910 Interea
729 4852 987 4910 Otbertus
1013 4855 1166 4910 illum
1196 4871 1358 4911 suum
1385 4857 1697 4913 ordinatum

66 4950 386 5005 deducens
429 4947 671 5016 advenit,
715 4947 924 5003 habens
973 4963 1160 5003 secum
1205 4947 1549 5018 Arnulphum
1592 4947 1699 5004 Lo-

66 5043 352 5107 biensem
384 5040 636 5096 abbatem
663 5041 904 5112 itemque
927 5041 1275 5112 Arnulpbum
1303 5042 1560 5097 comitem
1583 5043 1700 5113 plu-

64 5149 300 5204 resque
325 5132 598 5203 episcopii
624 5133 943 5190 nobiliores.
971 5132 1222 5205 Cumque
1251 5149 1310 5188 se
1329 5134 1421 5189 vix
1449 5135 1697 5191 contine-

65 5233 164 5281 ret
186 5240 225 5280 a
257 5222 484 5292 furore,
521 5224 834 5297 indignatus
867 5226 1146 5282 neminem
1176 5225 1282 5283 sibi
1312 5233 1373 5280 ut
1397 5225 1696 5282 mandave—
1730 5248 1734 5251 ·

63 5324 162 5372 rat
218 5313 604 5386 processisse,
658 5317 983 5388 optimatum
1023 5333 1251 5374 suorum
1297 5326 1555 5390 suggestu
1591 5318 1698 5374 hoc

64 5405 280 5480 ipsum
359 5408 680 5479 compulsus
727 5417 813 5468 est
873 5409 1250 5480 dissimulare,
1306 5426 1376 5466 ne
1419 5410 1700 5466 videretur

1803 4665 1994 4721 eadem
2031 4665 2120 4721 die
2159 4664 2516 4721 Caviniacum
2554 4665 2752 4721 ﬁscum
2798 4666 3134 4736 pervadens,
3177 4681 3399 4722 omnem

1803 4759 1924 4830 ejus
1959 4759 2202 4830 praedam
2239 4759 2562 4829 abducebat,
2590 4768 2646 4816 et
2683 4759 2956 4830 quosdam
2991 4760 3156 4815 etiam
3189 4760 3399 4816 interfi-

1802 4849 1974 4917 ciens,
2005 4849 2168 4905 ﬁdem
2209 4859 2451 4921 paternaa
2496 4851 2910 4922 pollicitationis
2946 4851 3240 4907 inﬁciebat.
3287 4849 3398 4907 Nec

1797 4943 1913 5016 jam
1937 4951 2221 5015 supererat
2264 4944 2572 5000 constantia
2608 4945 2818 5001 diutius
2842 4945 3028 5012 reniti,
3060 4943 3397 5000 ﬁrmioribus

1801 5045 1883 5093 tot
1912 5038 2372 5095 coneussionibus
2415 5037 2678 5110 fatigatis,
2722 5038 3123 5094 inﬁrmioribus
3150 5046 3232 5093 tot
3266 5052 3397 5108 pro-

1802 5133 2164 5189 missionibus
2194 5132 2581 5190 inductis.~Isti
2621 5133 2973 5190 destinabant
2998 5133 3142 5204 apud
3177 5147 3236 5188 se
3265 5133 3398 5189 huic

1801 5227 2208 5283 exordinationi
2249 5227 2335 5283 vel
2383 5243 2496 5282 non
2539 5227 3096 5294 communicandum,
3148 5225 3232 5282 vel
3266 5241 3396 5282 cum

1801 5327 2027 5390 possent
2067 5320 2190 5375 loco
2217 5319 2551 5389 cedendum;
2582 5320 2661 5376 illi
2685 5320 2868 5376 oblata
2893 5335 2991 5392 spe
3012 5319 3396 5376 novandarum

1804 5426 1988 5468 rerum
2021 5411 2348 5470 affectabam
2380 5413 2613 5486 alicujus
2644 5411 2944 5472 functionis
2982 5412 3204 5485 assequi
3238 5427 3393 5470 com-

1404 5503 1640 5560 VARIA‘J
1675 5503 2084 5565 LECTIUNES.

149 5595 233 5629 “°
268 5605 548 5665 superent
577 5597 630 5652 1.
709 5599 775 5632 υτ
812 5599 854 5668 f.
887 5598 1152 5671 quidque.

1619 5713 1849 5775 NOTAE.

148 5804 334 5885 (162)
385 5803 813 5864 Cbisniacensis.

400 5923 674 5989 PATROL.
705 5924 911 5988 CLIV.

2978 5923 3058 5986 ἢεί
