3902 6286
582 312 726 371 μω

1607 294 2010 373 CHRONICON
2050 297 2110 353 S.
2153 294 2466 354 HUBERTI
2501 294 2834 355 ANDAGIN.

3714 308 3806 368 ιω

579 423 929 494 modum,vel
938 420 1202 494 permissa
1217 413 2184 488 libertateprosequivoluntatispro—
2209 419 2260 483 Α
2289 423 2456 485 taret,
2518 414 2899 472 Stabulensem
2953 413 3292 487 sepulturam
3347 424 3537 488 potius
3588 432 3808 499 expetas,

577 519 718 591 pria
730 518 816 575 vel
831 517 1001 571 otium
1020 514 1105 569 vel
1126 511 1430 585 negotium.
1458 509 1550 567 Sic
1566 508 1832 565 fratribus
1850 509 1990 564 inter
2004 523 2063 564 se
2077 507 2187 564 dis-

579 608 905 673 sidentibus,
925 605 1100 677 magis
1119 612 1300 661 autem
1323 620 1354 659 a
1377 619 1436 660 se
1456 602 1858 670 deﬁcientibus,
1886 600 2186 673 Ingohran—

587 701 721 756 dum
751 697 1010 755 Otbertus
1036 698 1159 753 loco
1196 697 1522 763 introduxit,
1574 696 1885 766 ibidemque
1929 696 2182 753 introdu-

579 803 730 853 ctum
746 792 1085 862 relinquens,
1110 789 1324 846 tardius
1351 789 1459 845 sibi
1490 790 1760 844 hactenus
1785 786 2182 844 dissidentibus

586 902 649 944 se
672 885 1029 957 pravaluisse
1066 884 1282 939 latatus
1306 881 1579 938 discessit.

652 978 741 1033 76.
776 976 913 1050 (90.)
954 975 1333 1048 Ingobrandus
1358 983 1483 1046 post
1509 981 1592 1030 tot
1615 972 1922 1028 anxietates
1951 971 2185 1028 insimu-

577 1076 705 1131 lata
733 1074 840 1130 sibi
872 1072 1342 1137 mutradictionis,
1370 1070 1594 1127 tandem
1630 1066 1809 1124 factus
1836 1083 2064 1137 compos
2089 1069 2185 1124 de-

576 1168 770 1225 siderii
802 1168 910 1235 sui,
941 1178 1003 1223 ut
1022 1175 1142 1223 erat
1161 1167 1316 1223 rudis
1345 1173 1400 1220 et
1431 1164 1616 1220 nimia
1641 1164 2030 1234 simplicitatis,
2067 1166 2183 1219 otio

581 1270 637 1318 et
684 1262 905 1318 licentia
946 1260 1182 1331 juvenili
1228 1260 1395 1329 capit
1446 1257 1668 1324 resolvi,
1720 1272 1972 1324 securus,
2012 1258 2184 1314 immo

580 1353 791 1409 inscius
831 1353 1194 1424 procuranda
1247 1350 1603 1422 pralationis.
1645 1348 1799 1420 Piget
1841 1350 2180 1417 meminisse,

582 1446 861 1516 quomodo
882 1445 988 1501 sub
1016 1446 1125 1502 hiis
1154 1445 1377 1501 casibus
1397 1441 1803 1513 pulcherrimus
1827 1442 1918 1497 ille
1941 1441 2041 1497 ﬂos
2064 1458 2184 1498 ma-

578 1539 714 1596 ximi
750 1540 982 1595 honoris
1011 1546 1068 1594 et
1098 1537 1317 1593 decoris
1354 1536 1521 1606 hujus
1551 1535 1659 1590 loci
1685 1535 2031 1591 decoloratus
2055 1551 2184 1591 con-

579 1632 794 1700 ciderit,
823 1649 934 1703 qua
961 1633 1251 1688 velocitate
1282 1628 1571 1685 deﬂuxerit
1595 1637 1704 1684 tam
1740 1628 1836 1683 diu
1864 1628 2183 1685 elaboratus

2288 508 2606 580 ibidemque
2632 508 2992 565 elemosinam
3031 525 3189 567 suam
3215 512 3610 569 constitueret.
3636 513 3807 577 fam.

2285 601 2436 659 tibus
2485 600 2614 657 ﬁliis
2660 600 2782 674 ejus
2831 599 3127 656 Lamberto
3172 609 3228 657 et
3274 600 3517 659 Henriw
3540 646 3560 671 ,
3617 612 3806 677 qucum

2246 762 2262 782 ν
2290 693 2634 752 Stabulensis
2676 693 2907 751 ecclesia
2945 694 3225 750 videretur
3269 696 3611 763 absolutior,
3653 716 3747 757 cum
3770 720 3811 762 ex

2287 787 2434 843 dono
2463 788 2774 859 subjaeeret
2809 787 2927 861 regi
2968 785 3204 843 Henrico
3245 796 3301 845 et
3327 805 3398 845 ex
3442 806 3588 846 cura
3632 798 3813 864 pastorali

2287 879 2547 951 Otberto,
2578 881 2872 954 Berengeri
2898 879 3170 937 sententia
3193 883 3507 953 praevaluit,
3553 894 3617 941 et
3656 888 3816 947 reditum

2288 974 2461 1031 trium
2500 975 2764 1031 librarum
2802 974 3105 1046 quotannis
3124 976 3373 1032 ecclesia
3396 978 3558 1034 beati
3586 977 3763 1038 [lubet-ti
3782 985 3817 1041 in

2287 1075 2614 1139 perpetuum
2656 1066 2903 1124 abstulit.
2936 1066 3307 1124 Theodericus
3348 1085 3589 1141 quoque
3623 1080 3670 1129 et
3697 1084 3820 1129 seu»

2287 1171 2438 1219 tores
2484 1162 2603 1233 ejus
2634 1178 2730 1234 per
2770 1176 3149 1234 quoscumque
3193 1171 3457 1233 poterant
3486 1165 3819 1224 ecclesiasticas

2287 1257 2672 1327 possessiones
2707 1253 3073 1322 infestabant,
3123 1255 3370 1327 dumque
3423 1257 3497 1312 ad
3550 1250 3761 1314 intendi:
3788 1271 3822 1315 et

2286 1348 2511 1418 rapinas
2539 1363 2730 1404 earum
2757 1347 3424 1420 tyrannoshortarentur,
3462 1349 3757 1420 obsequium
3782 1366 3819 1406 te

2284 1450 2549 1514 prastare
2596 1441 2708 1497 Deo
2747 1442 3175 1497 arbitrabantur.
3203 1440 3362 1498 Unde
3398 1453 3455 1499 et
3498 1444 3725 1516 quidam,
3760 1462 3820 1501 ac-

2287 1546 2443 1607 cepta
2467 1536 2759 1592 occasione
2782 1536 2931 1591 circa
2956 1536 3142 1591 locum
3188 1536 3513 1609 tyrannidis
3547 1540 3817 1609 exeth

2285 1625 2696 1698 Ingobrandum
2742 1627 3102 1698 impostorem
3150 1637 3206 1683 et
3256 1629 3579 1699 pessimum
3624 1631 3820 1697 clamare,

579 1723 673 1780 ille
695 1733 872 1781 status
893 1724 1299 1781 decentissima
1326 1721 1611 1792 religionis
1631 1729 1687 1777 et
1715 1736 1839 1791 qua
1857 1722 1937 1778 cis
1966 1721 2181 1779 Renum
2217 1792 2239 1793 γέ
2289 1718 2533 1776 fautores
2558 1720 2679 1790 ejus
2700 1719 2825 1775 ﬁdei
2846 1720 3160 1777 desertores
3184 1729 3240 1776 et
3273 1722 3575 1793 religionis
3600 1725 3817 1793 proditam

578 1832 645 1871 eo
670 1825 917 1887 tempore
944 1816 1271 1872 laudabatur
1298 1812 1625 1883 singularis;
1657 1828 1780 1883 qua
1808 1822 2029 1883 quanta
2057 1813 2179 1870 lue-
2215 1792 2261 1848 Β
2287 1813 2574 1879 denotare,
2597 1820 2651 1867 et
2678 1813 2800 1868 ideo
2830 1829 2995 1869 omne
3024 1814 3234 1870 malum
3260 1814 3346 1870 eis
3370 1792 3722 1883 inferendum,
3742 1818 3821 1870 nal-

576 1912 651 1966 rit
671 1910 1024 1972 excellentia,
1042 1908 1133 1963 vix
1156 1914 1251 1963 aut
1271 1906 1423 1961 nullo
1451 1907 1617 1962 modo
1646 1907 1955 1977 posteritati
1981 1905 2183 1965 futura

575 2004 851 2057 videbitur
871 2000 1151 2068 credibile,
1184 2016 1311 2056 cum
1335 2000 1408 2055 sit
1425 2015 1587 2056 suum
1614 2000 1845 2056 humani
1875 2001 2078 2072 ingenii
2096 2001 2183 2058 vel

574 2094 763 2165 potius
782 2093 1011 2161 erroris,
1026 2094 1251 2149 credere
1272 2091 1485 2148 tardius
1513 2092 1779 2162 quicquid
1795 2092 1937 2148 virtu
1946 2092 2017 2148 tis
2034 2093 2181 2148 iner-

576 2188 665 2243 tia:
691 2188 813 2257 ejus
846 2194 1073 2257 putatur
1109 2185 1281 2257 (165).
1324 2184 1702 2257 lngobrandus
1727 2183 1961 2241 infracto
2000 2185 2182 2256 rigore

578 2278 829 2334 tenenda
851 2278 1093 2344 virtutis,
1118 2276 1350 2331 nimium
1372 2291 1480 2347 que
1499 2292 1695 2345 expers
1714 2277 2184 2334 moderandadis-

576 2369 838 2427 cretionis
847 2379 1042 2427 contra
1063 2385 1273 2425 morem
1287 2368 1561 2439 majorum
1584 2367 1821 2439 quadam
1837 2369 2182 2426 liberalitatis

575 2466 759 2534 specie
780 2463 1079 2520 ferociores
1096 2463 1476 2534 religiosorum
1501 2462 1718 2518 animos
1734 2463 2003 2529 emollire,
2017 2463 2178 2533 juve-

573 2572 710 2615 num
756 2572 888 2613 vero
931 2563 987 2613 et
1020 2556 1261 2613 maxime
1299 2555 1732 2612 adolescentium
1763 2554 2166 2613 familiaritates

575 2650 856 2718 affectare,
884 2658 1167 2721 postremo
1205 2665 1309 2706 nec
1327 2649 1618 2706 modestia:
1647 2665 1750 2707 nec
1780 2650 2025 2720 sumptui
2047 2666 2177 2720 par-

574 2760 701 2801 cere
726 2786 740 2811 ,
789 2742 923 2798 dum
972 2758 1226 2814 quosque
1281 2742 1443 2813 quasi
1495 2743 1563 2797 ad
1618 2743 1853 2813 gratiam
1911 2743 2179 2800 obnoxios

572 2836 978 2907 ﬁdosque'sibi
1026 2834 1232 2892 faceret
1266 2835 1440 2907 (164),
1485 2835 1615 2892 litat
1649 2851 1781 2892 vero
1823 2836 1897 2893 sit
1938 2836 2175 2905 difﬁcile,

573 2928 682 2985 hoc
727 2930 893 2985 modo
938 2930 1238 2985 attenuatis
1284 2930 1455 2986 immo
1480 2946 1634 3002 pane
1668 2932 1871 3002 elapsis
1916 2932 2178 2988 ecclesia-

572 3022 732 3079 sticis
790 3022 1098 3090 reditibus;
1153 3022 1468 3093 supervenit
1515 3024 1596 3078 rei
1633 3022 1920 3079 familiaris
1969 3025 2172 3095 inopia,

2286 1904 2514 1976 lumque
2559 1905 2765 1960 bonum
2808 1905 3028 1961 illorum
3081 1907 3284 1963 amodo
3325 1908 3673 1975 servandum,
3710 1909 3818 1979 idque

2284 1996 2433 2071 quod
2464 2003 2584 2050 erat
2607 1995 2855 2051 ecclesia
2883 1994 2992 2051 illis
3020 1995 3156 2051 solis
3180 1997 3624 2062 attribuendum,
3656 1999 3730 2068 qui
3752 2013 3826 2068 per

2285 2090 2453 2145 cellas
2493 2089 2845 2157 divertentes,
2888 2090 3165 2145 malorum
3206 2091 3530 2147 vitaverant
3554 2091 3821 2162 contagium.

2283 2180 2534 2253 Denique
2555 2182 2815 2255 quicquid
2842 2198 2910 2238 ex
2940 2198 3134 2239 eorum
3179 2183 3360 2241 rebus
3399 2200 3580 2256 rapere
3600 2194 3825 2255 poterant,

2285 2272 2513 2344 impune
2548 2275 2854 2345 rapiebant,
2882 2275 3020 2331 adeo
3055 2283 3118 2331 ut
3137 2291 3210 2332 ex
3234 2276 3366 2348 ipso
3406 2278 3714 2334 monasterio
3733 2294 3808 2348 ape

2284 2377 2409 2425 rent
2440 2370 2657 2440 pradas
2705 2371 2976 2441 publicas,
3030 2373 3180 2444 quod
3239 2388 3412 2430 nemo
3470 2390 3710 2446 umquam
3742 2374 3829 2443 eis:

2281 2464 2548 2533 temporis
2596 2465 2847 2521 evenisse
2894 2466 3144 2522 audierat
3192 2466 3287 2524 vel
3333 2467 3583 2524 viderat.
3624 2467 3825 2538 Quicquid

2281 2556 2447 2610 etiam
2484 2571 2647 2611 suum
2680 2558 2927 2614 ecclesia
2958 2567 3078 2614 erat
3106 2560 3163 2614 in
3186 2560 3489 2631 episcopio
3535 2558 3826 2617 Remensird

2282 2646 2662 2717 Lauduneusi,
2705 2652 2835 2706 item
2878 2650 3106 2709 Metensi
3147 2661 3204 2708 et
3247 2651 3605 2713 Virduuensi
3643 2656 3737 2711 sine
3766 2670 3824 2707 re-

2286 2753 2479 2815 spectu
2510 2742 2719 2801 Otberti
2761 2755 2816 2802 et
2845 2747 2992 2802 illius
3041 2749 3126 2804 sui
3154 2746 3513 2820 Ingobrandi
3562 2751 3722 2821 quieto
3746 2747 3829 2817 im

2282 2837 2623 2893 deserviebat
2656 2839 2839 2895 abbati
2875 2838 3216 2897 Theoderico
3240 2840 3477 2910 sibique
3503 2842 3741 2911 subjectis
3758 2837 3829 2892 in»

2279 2930 2478 2997 tribus,
2523 2930 2978 2989 interdicentibus
3007 2933 3243 2988 ducibus
3274 2932 3597 2989 Godefrido
3625 2942 3673 2988 et
3704 2931 3830 2986 Ther

2280 3022 2467 3078 derico
2491 3023 2608 3079 suis
2639 3023 2975 3090 hominibus,
3010 3039 3081 3080 ne
3128 3025 3375 3095 alicujus
3404 3042 3583 3097 prece
3604 3027 3678 3083 vel
3710 3026 3832 3095 pluit

573 3131 698 3187 qua
729 3131 855 3172 cum
884 3115 1000 3186 jam
1030 3132 1141 3171 non
1178 3098 1451 3172 sufﬁceret
1472 3116 1907 3187 imprudentium
1938 3118 2175 3174 tolerare
2203 3164 2243 3187 η
2282 3116 2493 3171 seducti
2528 3116 2786 3187 injuriam
2825 3119 2933 3174 illis
2963 3117 3168 3174 inferre
3215 3119 3588 3177 molirentur.
3628 3116 3830 3176 GM

573 3209 987 3281 negligentiam,
1021 3208 1239 3279 impulit
1261 3224 1359 3265 eos
1386 3210 1554 3265 etiam
1584 3211 1855 3282 negligere
1873 3211 2175 3282 dampnum

574 3316 741 3355 suum
785 3309 842 3355 et
884 3299 1192 3357 infamiam.
1226 3298 1363 3356 Nam
1394 3301 1675 3357 distractis
1710 3301 1902 3372 viginti
1932 3302 2176 3373 quinque

575 3406 645 3445 ex
703 3392 1046 3447 ornamentis
1089 3392 1336 3447 ecclesia
1372 3408 1496 3460 qua
1538 3403 1917 3448 remanserant
1948 3394 2172 3463 ibidem,

573 3482 774 3541 abbate
815 3480 1156 3536 Theoderico
1196 3482 1422 3546 meliora
1459 3497 1690 3552 quaque
1725 3484 1971 3541 salvandi
2000 3490 2174 3558 gratia

573 3574 855 3639 efferente,
900 3588 1027 3628 cum
1061 3571 1297 3628 necdum
1336 3574 1697 3642 pravalerent
1722 3574 1803 3630 sic
1828 3576 2064 3648 effugere
2091 3580 2175 3634 in-

575 3667 900 3737 digentiam.
946 3664 1278 3721 addiderunt
1324 3666 1491 3721 etiam
1531 3666 1895 3738 obpignorare
1923 3679 2018 3726 aut
2042 3688 2173 3728 ven-

579 3758 711 3817 dere
738 3773 1153 3830 possessionum
1181 3772 1411 3817 suarum
1446 3759 1791 3817 molendinos
1811 3771 1864 3819 et
1886 3764 2168 3822 ecclesias.

574 3850 847 3910 Praterea
879 3867 1005 3908 cum
1035 3867 1225 3908 rerum
1258 3852 1580 3925 indigentia,
1607 3856 1755 3925 quod
1781 3864 1900 3912 erat
1927 3859 2168 3929 gravius,

572 3947 781 4018 passim
818 3947 1212 4017 premebantur
1245 3946 1554 4004 vicinorum
1594 3948 1843 4017 infamia,
1880 3959 1934 4007 et
1970 3952 2172 4022 quibus

571 4041 792 4111 vigente
822 4040 1089 4112 religione
1135 4040 1357 4096 fuerant
1385 4040 1573 4112 gloria
1608 4051 1663 4098 et
1705 4043 1925 4112 honori,
1952 4060 2015 4100 ea
2045 4046 2170 4101 lan-

575 4141 777 4202 guente
804 4139 964 4188 erant
987 4132 1101 4203 jam
1152 4132 1469 4205 ignominia
1514 4142 1569 4191 et
1596 4136 1771 4191 oneri.
1818 4135 1934 4193 Sub
1963 4139 2169 4197 eisdem

570 4240 795 4296 quoque
840 4226 1038 4281 diebus
1090 4225 1431 4298 Berengerus
1490 4244 1618 4300 erga
1667 4231 1956 4287 ecclesiam
2007 4234 2170 4304 quasi

573 4319 805 4377 Otberto
850 4321 1154 4391 subjectam
1202 4329 1388 4377 tantas
1432 4324 1679 4379 exercuit
1719 4323 2057 4395 inimicitias,
2109 4337 2170 4385 ut

568 4412 949 4469 conversionis
1001 4423 1056 4469 et
1104 4414 1466 4484 professionis
1514 4417 1749 4487 propria
1780 4418 2005 4488 oblitus,
2052 4437 2169 4478 sua

2280 3225 2503 3280 quoque
2525 3226 2786 3267 concessa
2818 3211 2922 3267 sibi
2945 3211 3297 3282 providentia
3322 3211 3605 3285 Sulpenn
3631 3224 3681 3270 et
3704 3210 3832 3279 δορί

2278 3303 2394 3358 rias
2428 3319 2554 3359 cum
2581 3302 2859 3375 Ch’evogio
2895 3304 3045 3376 (165)
3090 3305 3460 3374 procurabat,
3504 3316 3567 3361 et
3604 3306 3699 3363 bat
3726 3314 3835 3359 tam

2281 3394 2567 3461 instantia,
2604 3402 2666 3450 ut
2690 3396 2739 3451 si
2767 3411 2932 3467 quem
2955 3396 3422 3453 ministerialium
3457 3397 3689 3453 mercede
3707 3394 3841 3464 Im

2279 3487 2479 3544 brandi
2520 3486 2900 3546 Mosomenses
2944 3489 3029 3545 vel
3056 3488 3441 3547 Bulonienses
3465 3491 3591 3547 illnc
3618 3488 3838 3545 deducat

2278 3582 2596 3639 laborarent
2617 3582 2706 3648 ηδ,
2735 3583 2825 3639 ille
2849 3598 2948 3639 eos
2968 3583 3055 3640 vel
3081 3591 3207 3641 astu
3230 3586 3576 3655 praeveniret
3598 3585 3679 3640 vel
3698 3583 3842 3638 ea»

2279 3676 2350 3731 tis
2389 3676 2599 3732 viribus
2642 3686 2969 3735 removeret.
3020 3675 3338 3749 Raginerus
3376 3695 3611 3751 quoque
3648 3676 3837 3734 Ρὶκιεὺ

2277 3769 2606 3839 praepositus
2647 3777 2799 3825 tanta
2838 3769 3129 3827 sedulitate
3166 3770 3581 3831 Maceriensem
3602 3775 3839 3829 nam

2277 3859 2388 3915 illis
2417 3861 2786 3929 obstruxerat,
2827 3870 2891 3921 ut
2930 3878 3095 3918 nemo
3150 3878 3352 3921 earum
3400 3870 3651 3938 partium
3692 3882 3744 3921 se
3772 3864 3839 3916 ib

2276 3953 2523 4025 ingerere
2567 3955 2792 4011 auderet
2832 3955 3236 4028 cujuscumque
3273 3962 3491 4031 negotii
3526 3963 3716 4034 gratia.
3760 3956 3845 4009 Br

2274 4048 2466 4104 bertus
2509 4049 2673 4105 etiam
2721 4038 2994 4108 Cunensis
3023 4053 3360 4124 praepositus
3395 4057 3619 4113 viribus
3652 4052 3839 4109 om

2275 4140 2625 4209 Calviacum,
2674 4141 3075 4200 Flabotivillam
3121 4154 3187 4219 et
3222 4145 3693 4221 Gandrehengias
3734 4144 3841 4213 11$:

2271 4243 2613 4306 pervaserat,
2637 4243 2692 4291 et
2714 4234 2980 4294 fratribus
3014 4237 3110 4307 qui
3159 4238 3257 4294 illo
3282 4240 3481 4310 plures
3516 4246 3839 4297 convenat-ﬂ

2272 4343 2467 4384 eorum
2504 4329 2773 4386 reditibus
2803 4331 3161 4387 deserviebat.
3198 4331 3358 4389 Hane
3390 4335 3645 4391 abhatia
3670 4334 3843 4390 divisio-

2271 4436 2399 4477 nem
2450 4438 2577 4479 cum
2624 4421 3005 4495 Ingobrandus
3048 4423 3275 4481 Otberto
3319 4429 3647 4499 sapissime
3690 4440 3841 4496 sag-

570 4504 737 4560 ctiam
760 4513 815 4560 et
846 4521 1075 4561 suorum
1116 4507 1442 4563 retentionis
1484 4508 1541 4563 in
1571 4512 1953 4579 persecutione
1990 4514 2167 4587 ingra-
2189 4519 2243 4581 D
2269 4524 2435 4584 reret,
2500 4514 2764 4574 Otbertus
2793 4533 2924 4574 vero
2974 4519 3083 4575 hoc
3141 4521 3329 4591 ipsum
3392 4522 3537 4579 duci
3596 4520 3845 4579 ϐοὰθῦ

571 4602 682 4664 tus,
732 4596 884 4652 ﬁeret
926 4599 1047 4653 loco
1085 4599 1591 4670 inrccuperabiliter
1632 4603 1988 4674 dampnosus.
2019 4606 2158 4665 Nam

568 4706 696 4746 cum
744 4690 839 4747 illo
870 4708 973 4747 suo
1014 4710 1185 4761 more,
1233 4696 1392 4766 quasi
1418 4696 1485 4751 ad
1530 4697 1731 4753 fratres
1772 4716 1902 4757 suos
1941 4712 2161 4759 susten-

568 4783 787 4851 tandos,
812 4786 1235 4854 quastionarias
1276 4788 1630 4846 circuitiones
1664 4803 1867 4863 ageret,
1903 4796 1971 4850 ad
2009 4795 2161 4855 Idam

566 4890 797 4931 uxorem
827 4874 1075 4934 Cononis
1105 4879 1322 4935 immitis
1348 4882 1520 4948 venit,
1547 4898 1781 4954 eamque
1820 4887 1965 4956 apud
1999 4888 2160 4944 Mon-

566 4973 905 5024 temacutum
961 4970 1295 5029 inﬁrmatam
1338 4974 1587 5044 invenit;
1631 4994 1755 5048 qua
1798 4983 2156 5051 praesentiens

568 5060 673 5115 sibi
708 5072 940 5118 mortem
975 5066 1304 5135 proximam,
1336 5067 1469 5123 dum
1516 5085 1575 5125 se
1601 5072 1743 5142 apud
1780 5056 1998 5130 beatum
2039 5075 2159 5132 Hu-

568 5147 784 5208 bertum
809 5169 920 5225 quo
946 5165 1102 5225 pater
1143 5158 1264 5229 ejus
1295 5158 1623 5219 Lambertus
1651 5163 1798 5234 jacet
1833 5167 2160 5226 deliberaret

570 5241 956 5314 sepeliendam,
977 5246 1315 5321 Berengerus
1338 5253 1564 5310 omnino
1581 5255 1792 5313 obstitit
1813 5273 1883 5314 ne
1906 5259 1961 5315 id
1980 5259 2155 5330 ﬁeret,

567 5340 738 5403 utque
766 5337 838 5395 ob
865 5340 1262 5404 subiectionem
1290 5344 1501 5404 Otberti
1529 5354 2037 5411 excommunicatos
2077 5356 2161 5411 vi-

2270 4609 2431 4681 quasi
2456 4609 2723 4667 advocato
2751 4611 3000 4668 ecclesia
3035 4614 3181 4684 quod
3213 4615 3347 4670 talia
3381 4626 3686 4685 [laterem
3716 4614 3839 4668 vi

2268 4702 2545 4775 ingereret
2575 4723 2587 4759 :
2625 4705 2718 4760 ille
2746 4721 2777 4761 e
2804 4706 3027 4763 diverso
3051 4709 3411 4777 causabatur,
3442 4712 3503 4767 id
3534 4714 3657 4768 sibi
3690 4712 3849 4779 Ep?

2265 4812 2394 4853 eum
2439 4813 2789 4867 succensere,
2826 4816 2892 4856 ea
2937 4816 3060 4871 qua
3092 4818 3195 4858 sua
3235 4812 3395 4859 erant
3425 4807 3713 4865 ecclesia.
3752 4802 3847 4855 ﬁ

2263 4891 2386 4962 ejus
2415 4908 2518 4948 nec
2559 4893 2761 4949 debere
2806 4909 2909 4950 nec
2956 4910 3123 4965 posse
3165 4912 3507 4970 quemquam
3567 4900 3851 4971 nam.

2265 4985 2374 5056 ipsi
2420 4986 2528 5042 hoc
2576 4988 2763 5057 potius
2809 4988 3195 5059 imputandum
3242 5006 3386 5059 esse,
3442 4995 3547 5065 qui
3582 5004 3849 5048 tam"

2265 5079 2389 5135 loco
2443 5080 2710 5136 hactenus
2764 5082 3001 5139 honesto
3056 5083 3407 5141 suscitaverit
3460 5087 3853 5143 confusio-el

2265 5171 2473 5243 quique
2501 5172 2748 5245 legitimo
2787 5174 2975 5231 abbati
3025 5177 3471 5260 superinduxerit
3510 5181 3687 5237 illum
3722 5191 3849 5233 sua

2267 5265 2431 5321 talem
2477 5266 2849 5323 consultorem
2887 5277 2944 5325 et
2985 5271 3350 5343 provisorem.
3398 5272 3517 5329 Sub
3574 5276 3681 5331 tali
3721 5274 3851 5341 IIIS!

2265 5348 2513 5416 ecclesia
2556 5360 2887 5420 confusione
2931 5362 3265 5424 Lanbertus
3319 5368 3521 5435 minor,
3584 5370 3693 5441 qui
3738 5378 3847 5437 ait

1856 5466 2085 5524 γ’Αῆῐῶ
2129 5467 2542 5530 LECTIONES.

640 5543 707 5575 ⁸⁸⁸
731 5544 1005 5602 laboraret
1037 5552 1088 5602 l.

2060 5656 2298 5716 NOTAE.

640 5730 790 5869 (υἱός
826 5729 913 5785 Cf.
952 5731 1177 5788 Salustii
1202 5735 1347 5808 Cat.,
1382 5757 1431 5797 c.
1460 5745 1510 5797 5.

643 5799 769 5865 (164
818 5799 918 5869 lb.,
944 5818 993 5857 c.
1030 5803 1115 5857 14.

643 5799 790 5869 (iet)
818 5799 918 5869 1b.,
944 5818 993 5857 c.
1030 5803 1115 5857 M.

2332 5752 2738 5835 (Έὲἓὶῗξραερυ,
2774 5755 3005 5835 Nostra.
3039 5728 3413 5835 ϐἀέυοσνκηί

2336 5825 2880 5900 (16ίί)((ᾇἸιαιὶύίρηοξμ,⁷
2904 5825 3269 5901 Flabeuville:
3295 5833 3759 5908 Candide-'96..
3790 5828 3825 5883 I
