3956 6288
126 300 252 361 1121
1151 291 1550 354 CHRONICON
1593 292 1652 351 S.
1692 293 2006 354 HUBERTI
2037 298 2364 360 ANDAGIN.
3255 319 3399 381 ηερ

124 410 403 503 ecclesiam
452 408 600 467 beati
643 406 880 505 Remigii
914 407 1253 505 morabatur,
1295 417 1517 505 propter
1564 417 1705 466 tem-
1730 414 1785 476 Α
1808 429 1933 472 esse
1970 415 2184 489 sibique
2232 417 2614 488 inhonestum,
2655 437 2783 479 cum
2833 424 2967 484 satis
3006 427 3397 505 intelligeretur

120 500 273 580 poris
316 511 369 560 et
420 518 609 560 rerum
657 502 1003 559 occasionem
1051 502 1353 575 subjectam
1411 504 1701 577 epistolam

119 597 334 670 scripsit
360 595 622 654 fratribus
654 596 744 651 “'.

187 692 271 746 71.
300 689 436 763 (96.)
464 689 832 748 Grassabatur
872 697 1004 746 tunc
1027 698 1168 745 inter
1200 687 1485 747 Otbertum
1520 697 1574 744 et
1594 686 1702 745 Lo-

116 784 426 841 vaniensem
448 788 703 840 comitem
741 783 888 856 (167)
934 783 1269 839 inexorabile
1299 783 1614 850 discidium,
1646 790 1702 839 et

114 892 178 932 ex
198 890 266 931 eo
300 874 443 930 inter
476 884 741 946 utrosque
768 875 1010 931 medium
1057 874 1382 947 gravissime
1420 873 1697 945 opprime-

112 966 271 1023 batur
301 964 669 1037 episcopium,
700 966 902 1021 comite
930 965 1104 1036 ipsam
1132 965 1408 1020 civitatem
1436 963 1698 1035 frequen-

108 1058 255 1116 tibus
275 1058 573 1115 assultibus
609 1059 924 1130 impetente,
963 1055 1188 1114 Otberto
1223 1074 1443 1129 quoque
1471 1058 1698 1113 collecta

107 1152 454 1225 expeditione
513 1153 785 1208 debellare
854 1151 1112 1207 comitem
1181 1150 1508 1207 destinante.
1584 1148 1699 1207 Hac

106 1246 399 1303 occasione
418 1245 670 1302 condicta
701 1244 789 1300 die
809 1252 1180 1300 convenerant
1207 1242 1263 1298 in
1306 1242 1527 1299 civitate
1552 1237 1700 1313 prin-

101 1337 251 1408 cipes
280 1336 579 1408 provincia
611 1335 916 1401 convocati,
951 1343 1008 1389 ut
1034 1334 1091 1389 in
1121 1334 1214 1390 tali
1240 1333 1471 1389 discidio
1497 1348 1698 1389 consu-

96 1431 273 1485 lerent
310 1429 477 1484 rebus
511 1427 779 1484 ecclesia.
815 1426 1064 1498 Cumque
1124 1426 1267 1481 inter
1301 1424 1697 1481 consulendum

96 1519 331 1576 inferret
359 1518 597 1576 Obertus
618 1519 939 1591 pradictum
970 1519 1226 1574 comitem
1254 1517 1368 1589 jam
1398 1532 1457 1572 se
1484 1532 1699 1572 excom-

92 1613 439 1681 municasse,
476 1612 574 1668 sed
607 1612 763 1667 illum
800 1611 949 1666 nullo
997 1610 1161 1667 modo
1214 1609 1270 1664 id
1300 1625 1513 1677 curare,
1562 1609 1696 1664 sub-

91 1704 284 1760 intulit
310 1705 425 1760 dux
453 1703 783 1760 Godefridus
812 1703 1085 1771 arridens,
1120 1701 1328 1758 dictum
1362 1701 1467 1757 sibi
1495 1702 1564 1756 ab
1602 1717 1697 1756 eo-

1805 508 1913 565 bac
1931 511 2223 568 occasione
2245 512 2582 568 audientiam
2606 530 2665 571 se
2687 517 2824 574 velle
2849 519 3147 593 declinare,
3170 527 3394 587 tandem

1804 601 2056 691 promisit
2104 618 2231 658 cum
2282 603 2421 659 duce
2467 604 2535 660 de
2582 606 2690 663 hiis
2728 611 3149 684 consulendum,
3200 626 3254 673 et
3296 635 3397 691 per

1806 690 1963 747 illum
1987 695 2249 768 quicquid
2276 696 2555 753 videretur
2583 698 2666 755 eis
2697 699 2825 757 inde
2851 705 3145 779 agendum,
3177 708 3234 765 in
3264 690 3395 782 pro-

1805 783 1956 840 ximo
1996 803 2055 843 se
2091 789 2605 847 determinaturum.
2652 792 2778 849 Hac
2828 796 3015 853 omnia
3064 815 3193 856 cum
3239 801 3394 861 Dodo

1804 878 2024 969 rediens
2046 881 2250 969 abbati
2276 884 2526 947 referret.
2558 885 2649 941 ille
2674 878 3014 949 exhilaratus
3038 892 3244 965 gratias
3282 896 3396 969 egit

1803 967 2156 1038 dispositioni
2183 974 2402 1044 divina,
2432 991 2661 1048 sperans
2683 993 2751 1033 ex
2783 979 2890 1035 hoc
2918 983 3168 1052 pendula
3184 967 3393 1041 dissen-

1804 1058 1947 1114 sioni
1974 1058 2138 1115 ﬁnem
2167 1075 2584 1137 proventuram,
2624 1076 2678 1122 et
2701 1068 2951 1126 veritatis
2987 1072 3255 1143 judicium
3289 1075 3393 1134 sub

1801 1158 1885 1207 tot
1917 1152 2153 1209 testibus
2195 1155 2263 1210 ad
2298 1156 2589 1214 victoriam
2616 1162 3047 1231 perducendum.
3076 1162 3187 1221 Nec
3215 1181 3389 1235 mora,

1803 1246 1987 1303 abbati
2013 1246 2320 1321 Berengero
2368 1251 2487 1308 hac
2509 1255 2693 1311 omnia
2745 1273 2844 1327 per
2888 1258 3139 1315 ordinem
3180 1259 3393 1331 signiﬁ-

1802 1340 1967 1408 cavit,
2001 1349 2055 1396 et
2108 1349 2171 1397 nt
2220 1341 2278 1396 in
2306 1343 2555 1414 partibus
2602 1347 2719 1403 suis
2767 1350 3017 1405 veritatis
3074 1350 3392 1410 defensores

1802 1432 2134 1488 conduceret
2183 1449 2372 1489 secum
2419 1436 2718 1494 mandavit.
2770 1439 2890 1511 Ipse
2932 1459 3061 1499 vero
3109 1452 3392 1517 assumpto

1802 1538 1992 1578 secum
2035 1523 2332 1581 Lamberto
2380 1528 2590 1600 majore
2654 1537 2708 1584 et
2759 1531 2998 1590 Boberto
3052 1535 3391 1597 Cunensiutu

1800 1616 2003 1685 priore,
2026 1615 2523 1690 Mcdiomatricum,
2554 1620 2798 1692 Tullum,
2824 1623 3131 1682 Virdunum
3168 1645 3391 1701 aggres-

1801 1721 1897 1762 sus
1956 1716 2040 1763 est
2088 1723 2419 1781 peragrare,
2471 1719 2527 1765 et
2588 1715 2929 1785 propositam
3008 1718 3393 1775 necessitatem

89 1795 223 1850 dem
249 1796 454 1852 comite
483 1794 1112 1851 excommunicationem
1140 1792 1289 1848 illius
1314 1792 1519 1847 nullam
1551 1792 1695 1862 apud
1724 1765 1772 1825 Β
1800 1799 2019 1855 tuenda
2065 1798 2193 1854 ﬁdei
2242 1801 2389 1856 notis
2436 1801 2543 1857 sibi
2588 1765 2849 1861 ﬁdelibus
2902 1809 3223 1877 enuntians,
3263 1810 3395 1880 quia

90 1902 153 1943 se
193 1896 476 1956 constare,
513 1887 619 1943 nisi
647 1887 819 1943 abbas
847 1885 1221 1942 Theodericus
1252 1884 1319 1940 de
1355 1893 1548 1940 sancto
1576 1880 1693 1938 Hu-

96 1981 260 2036 berto
281 1997 409 2037 eam
440 1980 547 2037 sibi
570 1980 960 2047 auctorizaret,
997 1988 1059 2034 ut
1087 1986 1184 2034 aut
1203 1978 1274 2033 ab
1297 1992 1363 2032 eo
1390 1992 1449 2033 se
1486 1977 1694 2032 absolvi

100 2082 440 2144 reposceret,
467 2079 564 2127 aut
588 2072 666 2126 illi
692 2072 853 2143 quasi
876 2070 946 2126 ab
980 2086 1047 2126 eo
1070 2068 1547 2125 excommunicato
1570 2069 1695 2123 uni-

89 2166 326 2223 versalis
347 2164 581 2222 ecclesia
605 2179 717 2219 non
740 2161 1193 2219 communicaret.
1221 2160 1303 2216 Ad
1327 2161 1443 2216 hac
1461 2158 1695 2216 Obertus

93 2273 219 2314 cum
242 2272 403 2328 pane
446 2255 671 2324 fureret,
706 2264 761 2311 et
811 2254 978 2310 nimis
1023 2253 1178 2309 illoto
1225 2267 1479 2308 sermone
1519 2249 1694 2306 furori

92 2348 462 2417 satisfaceret,
517 2347 730 2419 juravit
783 2362 909 2402 cum
960 2344 1359 2418 indignatione,
1421 2344 1584 2399 malle
1635 2358 1695 2400 se

91 2441 235 2498 mori
268 2456 442 2511 quam
479 2446 737 2511 respectu
765 2439 895 2495 talis
925 2446 1148 2509 tamque
1190 2436 1316 2493 vilis
1349 2452 1601 2507 persona
1636 2452 1695 2493 se

92 2533 358 2590 infamari
385 2533 476 2589 vel
517 2531 748 2604 despici,
792 2531 840 2588 si
871 2530 1003 2602 quid
1047 2543 1284 2600 usquam
1333 2529 1540 2584 valeret
1578 2528 1695 2600 ipse

88 2627 176 2683 vel
212 2626 323 2683 sui.
380 2625 636 2696 Cumque
685 2623 823 2695 ipsis
872 2636 1095 2693 quoque
1138 2620 1479 2692 principibus
1519 2621 1695 2677 iratus

84 2726 415 2793 opponeret,
463 2718 522 2773 in
554 2718 662 2774 hoc
694 2731 792 2774 eos
825 2715 1075 2771 ﬁdelitati
1119 2724 1325 2771 sancta
1353 2713 1537 2771 Maria
1565 2730 1694 2771 san-

84 2812 272 2883 ctique
300 2810 586 2867 Lamberti
609 2810 823 2878 deesse,
851 2808 1000 2881 quod
1027 2809 1109 2864 sic
1130 2808 1355 2878 impune
1374 2815 1695 2879 paterentur

84 2903 325 2976 deprimi
379 2902 766 2960 auctoritatem
836 2901 1161 2958 Leodiensis
1208 2901 1490 2973 episcopi;
1542 2900 1693 2958 nullo

84 2998 259 3053 modo
286 2996 345 3053 id
368 2996 502 3054 illos
530 2996 724 3053 decere
746 2995 861 3067 pati
891 2995 940 3051 si
966 3010 1077 3067 qua
1120 2993 1231 3051 illis
1269 2995 1522 3050 subesset
1560 3008 1693 3050 cura

82 3093 171 3149 sui
195 3093 436 3150 honoris
467 3111 480 3148 :
513 3100 825 3151 commotus
850 3092 918 3149 ad
949 3093 1069 3148 hac
1096 3092 1208 3148 dux
1245 3092 1363 3163 ipse
1385 3093 1443 3147 in
1472 3092 1687 3163 primis,

79 3186 349 3242 Albertus
390 3201 617 3258 quoque
666 3200 854 3242 comes
903 3183 1268 3241 Namucensis
1323 3194 1377 3241 et
1420 3184 1690 3247 Henricus

82 3276 466 3350 Durbojensis
489 3276 661 3352 (168),
709 3278 866 3334 Cono
892 3278 1057 3334 etiam
1086 3293 1273 3334 comes
1319 3277 1689 3348 Montisacuti,

77 3372 176 3427 sed
208 3378 265 3427 et
288 3369 564 3443 prafatus
584 3369 847 3427 Arnulfus
881 3369 1313 3439 Chisniacensis,
1345 3380 1406 3426 ut
1446 3379 1566 3428 erat
1603 3371 1690 3428 di-

74 3476 276 3521 versus
304 3478 337 3518 a
367 3478 459 3532 se,
496 3479 620 3518 cum
647 3479 846 3533 genero
872 3477 974 3518 suo
1028 3462 1253 3518 Dodone
1282 3462 1547 3533 Cunensi,
1604 3480 1693 3521 rec

77 3556 460 3627 sponderunt,
503 3571 564 3610 se
604 3553 825 3626 quidem
860 3553 1044 3609 ﬁdeles
1086 3563 1290 3609 sancta
1326 3554 1513 3612 Maria
1565 3572 1693 3613 san-

77 3648 263 3720 ctique
308 3648 608 3705 Lamberti
654 3662 799 3717 esse,
835 3646 932 3702 sed
969 3645 1024 3700 in
1068 3645 1176 3701 hoc
1218 3646 1385 3701 nimis
1425 3646 1694 3718 patienter

74 3739 222 3798 hanc
246 3742 451 3815 ipsam
478 3739 795 3796 ﬁdelitatem
828 3738 1097 3794 hactenus
1124 3736 1524 3806 dissimulasse,
1564 3738 1694 3811 quia

72 3832 464 3890 dissensionis
510 3833 678 3904 hujus
725 3845 925 3887 causas
967 3829 1336 3900 neglexissent
1376 3827 1691 3899 inquisisse.

69 3924 378 3985 Consensu
410 3941 552 3997 ergo
572 3923 824 3981 unanimi
852 3930 1138 3994 caperunt
1164 3920 1438 3989 insistere,
1466 3928 1527 3974 ut
1549 3921 1693 3976 diem

73 4021 465 4077 constitueret
490 4018 635 4073 inter
656 4032 715 4073 se
739 4026 794 4072 et
820 4017 1077 4072 abbatem
1102 4014 1422 4086 quastionis
1446 4014 1691 4086 agenda,

69 4111 145 4167 ita
175 4113 515 4177 dumtaxat,
541 4116 604 4163 ut
630 4122 1012 4180 quoscumque
1034 4115 1224 4179 posset
1252 4121 1366 4163 sua
1409 4106 1696 4162 sententia:

69 4203 411 4260 defensores
444 4202 669 4272 impune
694 4200 866 4257 abbas
895 4201 1189 4257 deduceret
1209 4208 1263 4254 et
1302 4199 1609 4267 reduceret,
1641 4208 1696 4255 et

68 4298 125 4353 in
156 4298 397 4370 publica
437 4293 719 4351 audientis
746 4291 1068 4349 Leodiensis
1088 4293 1334 4349 ecclesia
1348 4307 1446 4363 per
1466 4292 1693 4348 liberam

78 4390 375 4447 licentiam
404 4386 630 4445 dicendi
659 4394 715 4441 et
742 4385 999 4441 audiendi
1030 4386 1165 4456 ipsis
1193 4385 1556 4456 prasentibus
1592 4386 1694 4441 eli-

1797 1907 1907 1947 non
1933 1907 2033 1947 sua
2080 1891 2172 1948 sed
2202 1890 2408 1948 Christi
2439 1909 2530 1950 res
2572 1904 2693 1950 erat
2737 1898 2967 1968 agenda,
2998 1914 3068 1954 ne
3092 1900 3213 1970 ejus
3246 1900 3398 1957 testi-

1796 1984 1985 2038 monio
2020 1984 2275 2040 deessent
2315 1985 2588 2041 instanter
2633 1989 2982 2046 admonebat.
3030 1989 3258 2049 Videres
3295 2008 3396 2064 per

1798 2074 2043 2145 singulas
2095 2076 2258 2131 urbes
2294 2077 2582 2148 religiosas
2609 2088 2665 2133 et
2690 2090 2938 2149 potentes
2966 2099 3238 2155 personas
3264 2093 3393 2143 tan-

1795 2171 1911 2219 tam
1962 2179 2064 2236 pro
2108 2165 2322 2236 justitia
2378 2170 2817 2239 persecutionem
2865 2189 2975 2227 non
3017 2190 3180 2239 secus
3225 2191 3396 2246 quam

1796 2256 1891 2327 qui
1918 2256 2269 2327 patiebantur
2292 2257 2557 2327 indolere,
2581 2260 2813 2329 periculi
2851 2263 2937 2317 sui
2982 2264 3279 2321 securitate
3303 2282 3396 2322 re-

1797 2347 2007 2420 ligiosa
2029 2349 2307 2419 quondam
2338 2358 2393 2404 et
2420 2349 2667 2406 honesta
2692 2351 3098 2425 Andaginensis
3145 2357 3397 2414 ecclesia

1798 2454 2023 2495 causam
2052 2440 2315 2495 tuendam
2360 2441 2632 2511 excipere,
2670 2444 2948 2500 neminem
2988 2461 3183 2503 eorum
3223 2449 3396 2506 alium

1797 2532 1957 2603 quasi
2005 2532 2317 2588 cunctando
2377 2521 2707 2603 constilere;
2771 2536 2867 2593 sed
2920 2538 3167 2611 singulos
3229 2556 3395 2613 opem

1797 2640 1955 2680 suam
1978 2625 2225 2681 certatim
2250 2625 2434 2684 abbati
2464 2627 2806 2698 promittere.
2837 2627 3083 2703 Denique
3126 2631 3395 2692 Paulinus

1795 2715 2119 2773 Metensium
2143 2716 2587 2787 archidiaconus,
2613 2728 2677 2777 ut
2711 2729 2830 2777 erat
2868 2722 3062 2780 doctus
3104 2725 3396 2799 suffragari

1796 2806 2076 2879 ejusmodi
2123 2806 2541 2865 defensionibus
2563 2841 2635 2850 —
2655 2822 3016 2869 consueverat
3034 2814 3180 2871 enim
3211 2815 3394 2889 longis

1794 2910 1851 2957 et
1878 2902 2065 2958 multis
2092 2903 2592 2973 persecutionibus,
2629 2920 2753 2977 qua
2785 2904 2950 2961 illata
2980 2905 3201 2965 fuerant
3227 2906 3392 2965 Heri-

1795 3010 2001 3050 manno
2022 2994 2285 3066 pontiﬁci,
2312 3004 2631 3052 constanter
2645 2996 2929 3054 decertare
2949 2999 3167 3056 tuenda
3179 3000 3394 3056 ﬁdei-

1796 3085 1869 3141 Et
1899 3103 2014 3155 nos,
2042 3087 2240 3159 inquit,
2269 3087 2392 3158 jam
2424 3088 2519 3143 diu
2560 3089 2813 3162 fatigavit
2839 3090 2926 3145 hic
2953 3108 3129 3146 rerum
3154 3101 3393 3167 eventus,

1797 3198 1889 3237 nec
1919 3182 1989 3236 ad
2014 3182 2106 3236 Iros
2128 3184 2284 3254 quasi
2316 3199 2474 3237 novos
2512 3200 2669 3238 casus
2698 3185 3035 3257 excipiendos
3076 3185 3394 3259 cujusquam

1793 3275 2107 3330 incitatione
2127 3276 2444 3349 indigemus.
2477 3273 2551 3330 Et
2586 3292 2680 3332 nos
2713 3286 2764 3332 et
2784 3286 2970 3332 nostra
3000 3276 3216 3335 Christo
3238 3278 3397 3334 debe-

1797 3384 1935 3435 mus,
1981 3367 2214 3439 dignitas
2253 3369 2320 3400 ³³⁸
2359 3368 2516 3439 hujus
2572 3369 2816 3423 criminis
2872 3369 3167 3424 communis
3208 3376 3288 3424 est
3334 3370 3398 3424 in

1793 3476 1914 3516 eum
1949 3461 2300 3516 credentibus.
2347 3459 2472 3515 Erit
2518 3468 2657 3516 certe
2700 3477 2907 3533 quoque
2960 3460 3302 3533 injuriosum,
3344 3464 3397 3518 si

1794 3553 1936 3624 quod
1970 3553 2117 3608 debet
2169 3570 2279 3608 esse
2329 3553 2712 3624 voluntarium,
2764 3554 2949 3626 aliqua
2992 3571 3142 3609 mora
3167 3555 3396 3611 interue-

1797 3642 1971 3696 niente
1990 3643 2235 3697 uideatur
2259 3653 2548 3712 extortum,
2585 3654 2637 3700 et
2672 3646 2814 3717 quod
2848 3647 3018 3702 verbis
3045 3653 3393 3717 ostentamus,

1799 3733 2004 3788 auxilio
2059 3734 2391 3803 di/feramus.
2459 3733 2602 3788 Huic
2660 3737 2867 3806 negotio
2924 3753 3027 3791 non
3082 3739 3397 3794 conveniunt

1796 3827 1955 3883 verba
2007 3844 2211 3882 summo
2255 3843 2344 3882 ore
2398 3826 2691 3896 stillantia,
2749 3828 2843 3883 sed
2884 3845 2950 3884 ea:
2997 3830 3186 3884 intimo
3215 3832 3394 3887 cordis

1799 3917 1964 3990 fundo
1997 3918 2281 3990 diligenter
2304 3916 2684 3989 exsculpenda.
2724 3915 2899 3972 Nulla
2927 3917 3013 3972 hic
3037 3935 3232 3973 merces
3272 3935 3393 3974 cor-

1797 4019 2003 4082 rumpet
2045 4009 2255 4083 linguas
2301 4018 2531 4079 nostras,
2585 4008 2768 4065 liberis
2812 4011 2996 4082 ofﬁciis
3036 4009 3393 4067 celebrabitur

1796 4105 1907 4162 hac
1935 4106 2200 4173 amicitia,
2223 4112 2274 4159 et
2301 4105 2420 4175 ipsa
2458 4120 2514 4159 re
2544 4112 2597 4160 et
2619 4120 2726 4159 non
2754 4121 2820 4159 ea:
2847 4107 3121 4160 commodo
3151 4106 3392 4163 atstima-

1797 4196 1943 4252 bitu'r
1968 4198 2077 4253 hac
2107 4196 2231 4251 talis
2262 4197 2461 4269 gratia.
2508 4197 2612 4253 Cui
2634 4213 2760 4254 cum
2800 4196 2987 4254 Lanzo
3019 4199 3190 4254 abbas
3212 4200 3391 4257 sancti

1797 4290 2071 4349 Vincentii
2099 4291 2305 4347 diceret
2342 4306 2401 4346 se
2429 4290 2652 4362 quidem
2675 4290 2883 4346 iturum
2903 4300 3157 4364 prompto
3177 4292 3387 4364 animo,

1798 4387 1892 4443 sed
1936 4385 2205 4458 quosdam
2249 4383 2414 4441 famis
2467 4383 2734 4455 periculo,
2791 4399 2914 4456 qua
2965 4391 3098 4441 tunc
3147 4384 3387 4442 maxima

73 4480 466 4538 mataveritas
497 4476 880 4548 triumpharet.
916 4474 1213 4547 Obstupuit
1242 4473 1694 4547 Otbertus,quasi
1725 4488 1773 4546 ι)
1795 4477 2101 4551 erat(170),
2122 4476 2516 4534 retardandos:
2539 4475 2779 4543 Nostris,
2806 4476 2984 4549 inquit
2998 4475 3394 4546 Paulinus,sti—

72 4582 323 4630 cornuto
352 4580 424 4628 ut
451 4571 657 4627 dicitur
688 4568 1006 4642 syllogismo
1053 4567 1202 4640 (169)
1238 4568 1590 4639 interceptus,
1638 4576 1694 4625 et

70 4680 201 4723 cum
256 4678 559 4737 nusquam
592 4669 782 4733 posset
810 4661 1107 4729 declinare,
1149 4668 1231 4715 tot
1256 4660 1503 4716 virorum
1539 4677 1691 4717 com-

70 4774 315 4829 pressus
348 4755 710 4822 auctoritate,
737 4753 992 4825 quamvis
1039 4768 1182 4825 agre
1215 4752 1359 4809 diem
1407 4753 1516 4810 illis
1555 4770 1689 4811 con-

69 4852 247 4908 cessit
281 4848 626 4924 quaestionis
656 4847 898 4919 agenda.
933 4845 1041 4902 Sed
1083 4861 1195 4902 non
1233 4852 1450 4917 poterat
1491 4848 1688 4916 evinci,

68 4954 132 5000 ut
160 4945 371 5000 abbati
418 4942 762 5014 permitteret
794 4938 1047 4995 veniendi
1082 4945 1138 4994 et
1176 4937 1439 4996 redeundi
1480 4941 1691 4997 securi-

67 5044 273 5095 tatem.
306 5034 579 5106 Cumque
597 5040 959 5090 causarentur
977 5045 1171 5087 omnes
1197 5039 1254 5087 et
1277 5031 1385 5088 hoc
1424 5032 1689 5104 injustam

1792 4573 1998 4644 pendiis
2012 4572 2208 4626 ibimus
2229 4569 2449 4642 singuli,
2475 4570 2603 4642 quia
2629 4586 2733 4624 non
2756 4578 2834 4624 est
2854 4569 3102 4642 perfecta:
3120 4570 3389 4639 caritatis,

1793 4667 1843 4720 si
1878 4665 2016 4738 quod
2062 4672 2142 4719 est
2169 4663 2529 4736 exequendum
2575 4664 2777 4735 gratis,
2816 4663 3095 4735 ingravate
3137 4662 3389 4717 adversus

1797 4758 2030 4812 amicum
2042 4757 2247 4813 auxilio
2258 4756 2619 4833 prosequaris.
2638 4755 2844 4811 Eadem
2857 4755 2925 4813 ad
2936 4755 3202 4810 auxilium
3229 4754 3391 4811 abba-

1793 4850 1865 4907 tis
1876 4849 3169 4916 TullensesetVirdunensesexcitavitsententia,
3199 4848 3388 4904 eadem

1797 4944 1865 5001 ad
1886 4943 2286 5016 procedendum
2305 4943 2569 4999 animavit
2596 4943 2928 5012 constantia;
2950 4955 3185 5013 cumque
3203 4955 3301 5013 per
3310 4946 3394 4996 tot

1796 5037 2114 5095 defensores
2152 5051 2377 5095 causam
2407 5052 2565 5093 suam
2587 5036 2855 5110 agendam
2880 5035 3053 5092 abbas
3095 5047 3251 5105 aque
3272 5032 3391 5105 jam

1386 5149 1623 5209 VARM‘]
1670 5153 2071 5226 LECTIONES.

147 5249 223 5283 ¹¹⁹
264 5245 541 5320 Epistola
566 5244 901 5321 desideratur
926 5244 986 5298 in
1006 5241 1059 5310 1,
1085 5242 1207 5321 sive
1220 5239 1434 5297 librarii
1458 5245 1799 5321 negligentia,
1836 5250 1943 5321 sive
1972 5247 2118 5321 quod
2148 5247 2207 5321 in
2244 5247 2422 5303 codice
2447 5246 2759 5319 originario,
2802 5260 2954 5317 quem
2990 5244 3041 5300 1.
3087 5241 3387 5315 descripsit,

66 5331 275 5377 auctor
303 5312 439 5375 eam
467 5316 707 5388 supplere
730 5321 1094 5387 proposuerat,
1116 5312 1207 5369 sed
1233 5328 1339 5368 non
1371 5312 1722 5386 suppleverat.

1800 5320 1868 5355 m
1899 5321 1941 5391 f.
1968 5319 2287 5391 indignitas.

145 5504 314 5578 (167)
356 5501 669 5559 Henricum
703 5500 980 5574 iuniorem
1025 5510 1089 5557 ut
1124 5500 1361 5569 videtur,
1413 5501 1504 5557 cui
1555 5409 1877 5577 1:905Tébu
1936 5515 1990 5564 et
2008 5506 2077 5563 de
2095 5507 2150 5562 la
2169 5504 2377 5563 Roche.
2406 5500 2783 5573 Leodii1856,
2807 5500 2843 5559 8

145 5576 368 5637 acescit
390 5572 755 5631 Godefzidus.
786 5571 865 5628 De
888 5585 1060 5633 causa
1086 5579 1145 5629 et
1167 5572 1553 5646 terminatione
1582 5573 1696 5631 litis
1902 5579 2004 5636 169
2055 5577 2280 5635 Hieron.
2380 5577 2471 5639 ist.
2504 5576 2596 5645 69,
2621 5575 2677 5631 2.

158 5646 410 5724 aegra,
429 5645 603 5724 c._14.
647 5713 694 5724 η
797 5715 811 5724 _
946 5713 1013 5724 Α..
1216 5714 1295 5724 7"
1397 5715 1410 5724 .
1451 5716 1462 5724 ι
1517 5713 1539 5724 Δ
1608 5722 1612 5724 Α
1652 5715 1664 5724 α
1822 5722 1827 5724 Α
1876 5524 2200 5724 ἷΗῼζΑῃηο
2250 5593 2389 5706 103%
2432 5649 2599 5722 fames
2645 5647 2742 5705 diu
2793 5661 2843 5705 et

786 5571 865 5628 De
888 5585 1060 5633 causa
1086 5579 1145 5629 et
1167 5572 1553 5646 terminatione
1582 5573 1696 5631 litis

67 5664 124 5704 v.
243 5664 301 5704 tu
352 5688 397 5704 ..
429 5659 489 5699 c.
590 5689 603 5700 .

67 5664 124 5704 ν.
158 5664 397 5712 Δεῖμα..
429 5664 489 5699 c.
518 5664 603 5700 η.

1902 5578 2026 5721 ἓξὲξ
2047 5576 2599 5721 causam
2621 5575 2677 5702 ξε

1901 5640 2026 5722 1'76)
2047 5649 2200 5705 Anno
2250 5640 2389 5706 109'5
2432 5640 2599 5722 fames
2645 5647 2742 5705 diu
2793 5652 3043 5719 concepta
3085 5640 3382 5701 inualescit.

145 5713 619 5791 (168)__Durbug.
647 5713 915 5791 Benacus
940 5713 1698 5791 ﬁlius.erat_Henrici,Afrgtris
1804 5713 1948 5779 min.
1974 5713 2143 5778 L'eod.

276 5785 709 5845 i'Namucensis
728 5806 742 5855 ;
763 5803 817 5843 v.
851 5785 1037 5856 Ernst,
1069 5785 1175 5844 Des
1205 5786 1426 5845 Comtes
1465 5788 1534 5845 de
1558 5786 1699 5845 Dur-
