3902 6286
532 280 693 380 4ης

1565 294 1964 361 CHRONICON
2002 293 2059 348 S.
2102 288 2412 349 HUBERTl
2447 291 2773 353 ANDAGlN.

3696 302 3822 361 ιιξι

530 448 763 495 securus
792 431 1048 492 locasset,
1078 422 1249 479 Cunis
1297 435 1551 477 reversus
1586 418 1865 490 quomodo
1900 431 1989 470 res
2020 426 2120 467 sua
2149 413 2197 471 Λ
2225 412 2392 479 vavit,
2424 413 2721 485 dicensque
2741 414 2991 472 eamdem
3014 417 3352 476 audientiam
3373 434 3490 476 non
3515 422 3705 480 solum
3747 444 3832 499 per

528 528 888 604 processisset
910 520 1091 577 abbati
1139 518 1444 589 Berengero
1490 514 1633 585 apud
1683 511 2123 568 Eberneicortem

530 618 914 684 commoranti,
958 623 1012 670 et
1031 629 1171 685 quos
1219 612 1333 683 ipse
1376 616 1728 683 procurasset
1759 607 1863 663 sibi
1896 604 2125 659 rescribi

528 713 825 774 mandavit.
858 709 1160 780 Rescripsit
1185 708 1294 773 ille,
1331 721 1390 761 se
1426 712 1773 776 procurante,
1808 709 2027 771 paratos
2058 698 2127 753 ad

528 807 835 865 condictam
856 802 1189 859 audientiam
1215 798 1528 865 convenire,
1546 797 1613 852 de
1633 794 1889 850 Remensi
1906 792 2126 863 quidem

530 898 823 969 metropoli
868 897 1134 953 domuum
1179 893 1489 948 Manassem
1525 888 1899 961 przepositum,
1940 894 2128 956 postea

528 989 738 1046 factum
769 988 1241 1059 archiepiscopum
1271 984 1441 1055 (171),
1477 981 1751 1052 Rogcrum
1783 976 2127 1034 defensorem

528 1082 776 1139 ecclesia:
809 1090 863 1137 et
892 1080 1363 1143 archidiaconum,
1411 1073 1706 1129 Rodulfum
1737 1070 2127 1127 cancellarium

529 1183 585 1229 et
637 1184 765 1246 post
810 1173 1117 1230 Manassem
1171 1170 1521 1242 praepositum
1575 1167 1754 1237 (l7'2),
1812 1163 2127 1219 Odalricum

531 1268 886 1323 scolasticum
916 1266 1160 1322 ecclesiae
1189 1264 1450 1319 Romanae
1505 1262 1639 1317 satis
1686 1268 1876 1315 notum
1930 1266 1984 1313 et
2032 1273 2127 1312 ca-

526 1376 653 1415 rum
681 1360 870 1432 (173);
922 1360 988 1414 de
1036 1359 1266 1414 ecclesia
1320 1356 1460 1411 beati
1512 1354 1742 1425 Remigii
1779 1352 2127 1407 Lambcrtum

527 1453 765 1524 priorem
795 1462 848 1507 et
882 1469 1021 1524 quos
1049 1468 1237 1508 secum
1260 1451 1531 1506 deducere
1553 1448 1714 1503 vellet
1739 1466 1752 1514 ;
1785 1447 1851 1501 de
1896 1445 2127 1501 ecclesia

530 1542 914 1600 Suessionensi
957 1544 1365 1616 Engelrannum
1393 1542 1459 1572 ¹¹¹
1502 1541 1971 1605 archidiaconum,
2018 1553 2127 1592 non

526 1639 706 1694 multo
735 1647 860 1710 post
905 1638 1157 1693 Lauduni
1204 1638 1520 1708 episcopum
1573 1635 1886 1689 ordinatum
1936 1631 2125 1702 (174),

527 1718 597 1788 de
630 1732 860 1788 ecclesia
901 1730 1255 1786 Laudunensi
1302 1728 1531 1783 Ebalum
1574 1726 2022 1782 archidiaconum
2077 1734 2130 1779 et

525 1823 929 1879 Adalberonem
961 1825 1232 1887 abbatem,
1272 1831 1325 1877 et
1359 1837 1498 1892 quos
1529 1820 1647 1891 ipse
1688 1834 1910 1889 quoque
1937 1833 2122 1872 secum

514 1915 713 1981 venire
778 1923 1129 1984 competeret.
1190 1913 1459 1969 Praeterea
1523 1910 1851 1983 significavit
1915 1910 1965 1965 ei
2032 1926 2128 1980 per

525 2008 746 2063 easdem
800 2007 1029 2074 litteras,
1082 2004 1318 2061 Henrico
1355 2013 1408 2060 et
1440 2004 1684 2059 Lanzoni
1725 2001 2128 2058 archidiaconis

524 2106 581 2155 et
618 2100 819 2171 quibus
866 2099 971 2154 sibi
1016 2099 1198 2154 visum
1245 2099 1424 2153 fuerat
1459 2096 1964 2151 rationabilioribus
1990 2093 2127 2149 Leo—

523 2178 735 2248 diensis‘
802 2192 1047 2247 ecclesiae
1097 2206 1198 2261 pro
1248 2205 1308 2243 re
1363 2198 1417 2243 et
1470 2197 1713 2257 tempore
1776 2203 1834 2241 se
1891 2187 2127 2255 plurima

525 2284 816 2353 scripsisse
858 2292 912 2337 et
952 2281 1348 2347 transmisisse,
1403 2280 1459 2333 in
1485 2279 1685 2350 quibus
1720 2279 1983 2349 arguebat
2031 2293 2129 2333 eos

524 2375 778 2432 mercede
805 2375 1027 2430 Balaam
1069 2374 1323 2430 seductos
1351 2388 1538 2427 coram
1571 2371 1699 2426 filiis
1730 2369 1933 2426 Israhel
1968 2386 2129 2426 scan-

521 2468 708 2525 dalum
744 2468 1016 2540 posuisse,
1050 2466 1313 2521 habentes
1348 2464 1512 2520 modo
1543 2462 1827 2518 Otbertum
1863 2479 1963 2534 pro
1990 2479 2128 2534 pon-

522 2561 706 2629 tifice,
783 2576 946 2633 quem
1003 2575 1187 2616 secum
1254 2560 1385 2614 olim
1449 2558 1862 2614 detestabantur
1917 2556 2128 2627 judicio

521 2640 976 2712 Contradictionis
998 2653 1341 2723 justissimae,
1394 2660 1449 2708 et
1479 2659 1540 2706 ut
1579 2652 1697 2722 ipsa
1728 2650 1977 2721 quaedam
2008 2650 2128 2719 ejus

520 2749 685 2805 verba
735 2748 1192 2818 interponantur:
1234 2744 1295 2800 Si
1329 2745 1446 2812 hoc,
1486 2745 1683 2815 inquit,
1720 2753 1857 2797 recte
1900 2743 2125 2813 fecistis,

520 2841 676 2897 hodie
696 2840 957 2896 (tutamini
976 2841 1033 2892 in
1052 2837 1357 2892 Abimeleclt
1381 2847 1430 2892 et
1455 2838 1566 2908 ipse
1590 2838 1646 2891 in
1661 2836 1804 2891 vobis
1824 2852 1841 2889 :
1866 2835 2127 2889 Dominus

521 2940 698 2987 autem
754 2930 1029 2986 lwtabitur
1077 2931 1131 2983 in
1156 2929 1402 3000 operibus
1452 2929 1565 2982 suis
1610 2926 1813 2999 (Judic.
1870 2943 1958 2994 ιχ,
2014 2926 2124 2998 19).

519 3018 726 3079 Omnes
779 3022 881 3077 has
932 3020 1350 3091 procurationes
1398 3017 1735 3075 defensionis
1782 3035 1897 3074 sua:
1944 3018 2131 3073 retulit

519 3115 693 3172 abbas
733 3113 945 3170 Dodoni
975 3112 1240 3181 Cunensi,
1284 3121 1339 3167 et
1381 3121 1442 3167 ut
1485 3128 1673 3168 secum
1724 3112 1917 3167 ducem
1949 3110 2129 3167 Gode-

517 3206 727 3263 fridum
767 3213 1203 3262 commorantem
1248 3202 1467 3259 Bulonii
1511 3205 1829 3259 conveniret
1872 3205 2129 3274 precibus

518 3301 777 3374 Optinuit,
806 3316 904 3371 per
928 3315 988 3355 se
1011 3300 1215 3355 certius
1254 3299 1324 3353 ab
1345 3314 1412 3353 eo
1434 3298 1791 3369 quaesiturus,
1839 3297 1973 3369 quid
2002 3314 2129 3352 cum

521 3390 747 3446 Otberto
778 3398 1071 3444 tractasset
1116 3390 1184 3445 de
1234 3390 1528 3446 securitate
1575 3389 1769 3459 agendi
1803 3398 2125 3446 conventus.

520 3481 825 3554 Respondit
872 3481 983 3536 dux
1047 3480 1247 3534 iterum
1295 3488 1459 3549 atque
1507 3480 1705 3534 iterum
1747 3496 1805 3534 se
1843 3479 2127 3536 Otbertum

518 3592 623 3648 pro
679 3579 782 3631 hoc
828 3573 1227 3643 interpellasse,
1275 3572 1432 3626 illum
1480 3588 1610 3627 vero
1666 3572 1891 3628 variatis
1950 3576 2128 3633 verbis

520 3671 730 3727 certius
769 3669 896 3723 inde
931 3683 1260 3738 responsum
1312 3667 1578 3723 hactenus
1618 3667 1970 3725 insimulasse
2018 3671 2124 3739 “';

523 3763 621 3818 sed
664 3761 721 3815 in
765 3760 1067 3816 crastinum
1113 3776 1173 3816 se
1194 3758 1511 3815 habiturum
1542 3777 1665 3815 cum
1693 3776 1759 3816 eo
1791 3762 2126 3845 colloquium

521 3853 811 3921 Vilantiaa,
863 3869 1050 3909 secum
1100 3868 1166 3908 eo
1212 3868 1387 3923 usque
1422 3851 1573 3907 Dodo
1614 3853 1858 3920 veniret,
1906 3853 2126 3926 illicque

521 3948 863 4021 experiretur
919 3946 1051 4018 quid
1099 3944 1433 4001 credendum
1505 3945 1572 4000 de
1623 3946 1896 4002 mandatis
1942 3948 2125 4003 abbati

518 4040 767 4099 referret.
793 4040 1162 4097 Prmsenserat
1189 4048 1373 4095 autem
1405 4038 1664 4095 Otbertus
1721 4041 2125 4099 studiosissime

522 4136 774 4197 abbatem
834 4149 949 4189 rem
1005 4149 1163 4189 suam
1211 4148 1561 4204 procurasse,
1612 4140 1802 4204 totque
1846 4135 2126 4191 auditores

522 4228 814 4284 adversum
837 4242 897 4283 se
917 4225 1224 4293 etclericos
1244 4241 1374 4281 suos
1394 4225 1712 4293 suscitasse,
1735 4227 1883 4297 ipsos
1904 4244 2125 4300 quoque

521 4322 857 4380 Leodienses
916 4321 1215 4376 maximam
1269 4320 1706 4391 indignationem
1763 4322 2121 4392 concepisse,

522 4417 671 4488 quod
702 4430 950 4486 persona:
974 4414 1207 4468 aliarum
1234 4413 1651 4483 urbium,qua~:i
1690 4414 2123 4485 perspicaciores

524 4508 1082 4580 superinducerentur
1123 4507 1204 4563 eis
1229 4507 1298 4562 ad
1332 4506 1763 4577 disputandum;
1800 4516 1854 4562 et
1877 4507 2123 4564 diffidens

523 4599 670 4672 parti
714 4615 828 4654 sum
874 4599 921 4653 si
964 4597 1427 4670 congrederentur
1447 4597 1498 4652 ei
1525 4598 1591 4653 ad
1615 4597 1906 4667 judicium,
1935 4615 2124 4657 neces-

525 4693 744 4750 sitatem
771 4691 1107 4748 imminentis
1136 4691 1427 4747 audientiae
1446 4690 1736 4748 destinavit
1764 4708 1822 4749 se
1856 4709 2124 4764 quocum-

525 4802 634 4861 que
674 4786 839 4841 modo
870 4786 1081 4841 vitare:
1126 4785 1272 4840 unde
1314 4793 1369 4839 et
1391 4785 1517 4839 duci
1557 4785 1625 4840 ad
1651 4801 1709 4840 se
1743 4787 1980 4855 venienti
2015 4790 2123 4845 hoc

525 4880 707 4954 ipsum
730 4878 994 4935 secretius
1033 4876 1324 4932 intimavit.
1357 4876 1477 4931 Dux
1509 4893 1639 4933 vero
1668 4886 1727 4933 ut
1761 4879 1866 4935 hoc
1890 4882 2118 4951 audivit,

526 4972 721 5031 callide
747 4971 894 5044 quod
918 4970 1146 5028 timebat
1183 4968 1441 5027 Otbertus
1483 4971 1747 5028 adversus
1780 4988 1904 5027 eum
1936 4974 2120 5047 ingra-

2157 4556 2204 4611 D

2227 522 2286 562 se
2315 509 2663 563 avertendam
2710 509 2797 577 ¹²³,
2834 527 3026 567 verum
3073 529 3175 570 sua
3223 518 3567 574 auctoritate
3617 530 3673 574 et
3714 538 3833 578 con-

2227 597 2393 652 ductu
2430 599 2815 669 roborandam,
2853 605 3123 674 compulit
3152 606 3256 661 sibi
3287 607 3575 678 duplicari
3610 614 3832 681 pecuni:

2227 692 2650 762 promissionem
2676 695 2907 765 primam
2931 716 2946 765 ;
2980 698 3171 769 sicque
3196 701 3551 772 malignante
3574 704 3835 775 impietate

2228 797 2353 836 cum
2420 784 2685 854 avaritia,
2744 803 3005 858 oppressa
3057 799 3141 846 est
3181 791 3547 849 eliminandu:
3614 798 3839 854 veritatis

2228 877 2581 945 experientia.
2627 878 2763 934 Nam
2791 896 2919 935 eum
2944 880 3268 940 defensione
3296 886 3467 941 ducis
3498 897 3558 941 et
3582 890 3838 946 conducta

2230 976 2413 1025 tantus
2441 980 2662 1042 tamque
2684 973 2938 1044 vulgatus
2981 986 3290 1034 conventus
3324 989 3666 1049 speraretur
3692 999 3839 1054 agen-

2229 1062 2332 1116 dus
2363 1062 2548 1118 Lcodii
2578 1065 2899 1122 imminente
2928 1070 3177 1125 natalitio
3199 1074 3606 1142 apostolorum
3634 1073 3775 1130 Petri
3804 1088 3840 1131 et

2229 1154 2383 1210 Pauli
2407 1156 2517 1225 (an.
2548 1157 2728 1230 1095),
2759 1160 2877 1230 ipsa
2899 1162 3089 1218 eadem
3115 1164 3205 1219 die
3230 1181 3365 1220 cum
3390 1168 3609 1223 comite
3637 1169 3840 1225 Amulio

2229 1263 2288 1304 se
2318 1247 2502 1305 Remis
2524 1248 2771 1306 futurum
2798 1254 3013 1323 publice
3036 1256 3309 1323 condixit,
3354 1267 3423 1312 ut
3470 1258 3605 1329 ejus
3647 1276 3837 1317 causam

2229 1354 2355 1394 cum
2400 1340 2665 1397 Rainaldo
2724 1345 3140 1418 archiepiscopo
3202 1358 3429 1420 ageret,
3495 1367 3742 1423 eumque
3791 1356 3837 1410 de

2227 1431 2277 1484 Μ
2283 1435 2559 1490 osomcnsi
2575 1445 2759 1492 castro
2781 1440 2928 1508 quod
2945 1440 3269 1497 incenderat
3287 1453 3345 1498 et
3360 1454 3693 1502 vastaverat
3717 1450 3833 1515 (li-3;

2229 1529 2606 1584 concordaret.
2666 1528 2819 1585 Dodo
2870 1531 3181 1606 intelligens
3232 1534 3551 1593 Otbertum
3588 1550 3645 1594 et
3678 1542 3833 1599 ducem

2230 1623 2527 1695 cognitioni
2571 1623 2945 1681 discernenda:
2980 1629 3224 1683 veritatis
3272 1629 3592 1698 defecisse,
3623 1636 3831 1691 eum

2230 1715 2502 1771 defectum
2534 1718 2718 1773 abbati
2755 1720 2963 1789 retulit,
2993 1731 3048 1777 et
3076 1724 3317 1779 meliora
3353 1727 3617 1796 speranti
3650 1729 3828 1783 maximi

2234 1810 2438 1866 doloris
2469 1812 2670 1867 vulnus
2702 1813 2946 1870 adauxit.
2999 1814 3189 1887 Neque
3220 1818 3386 1874 enim
3431 1829 3658 1875 tantum
3685 1838 3828 1892 prose

2231 1901 2468 1970 dolebat,
2498 1904 2769 1960 subducto
2792 1906 2894 1961 sibi
2917 1907 3041 1962 loco
3061 1908 3442 1976 defensionis,
3474 1925 3737 1983 quantum
3758 1932 3828 1984 μω

2232 1995 2340 2050 hiis
2392 2012 2533 2066 quos
2585 2008 2865 2053 emoverat
2918 2008 3086 2056 tantae
3142 2005 3565 2073 expectationi.
3625 2005 3829 2062 Subinde

2231 2104 2452 2159 quoque
2496 2088 2836 2162 Berengerus
2891 2093 3060 2148 abbas
3099 2106 3413 2168 assumpto
3458 2100 3635 2169 priore
3673 2106 3828 2158 sancti

2232 2177 2484 2252 Remigii,
2549 2180 2707 2238 Piros
2752 2200 2928 2255 usque
2965 2199 3349 2256 processerat,
3409 2195 3725 2262 quaesiturus
3771 2198 3832 2251 de

2232 2273 2582 2329 certilicanda
2613 2277 2910 2332 securitate
2938 2293 3132 2334 eorum
3157 2298 3311 2352 quos
3355 2291 3414 2338 et
3461 2285 3576 2355 ipse
3603 2298 3829 2343 venturos

2233 2365 2639 2423 sollicitaverat.
2693 2369 2898 2427 Ibidem
2948 2374 3233 2445 paulisper
3273 2381 3535 2433 cessanti
3564 2383 3755 2437 missus
3780 2385 3830 2437 ab

2234 2457 2431 2514 abbate
2490 2458 2817 2519 Lambertus
2869 2467 3046 2537 major
3100 2472 3393 2539 occurrit,
3476 2484 3535 2528 et
3582 2490 3690 2545 quo
3736 2488 3825 2530 asta

2232 2551 2443 2607 Otberti
2488 2560 2543 2607 et
2569 2554 2725 2612 ducis
2763 2572 2887 2627 spes
2923 2574 3118 2614 eorum
3143 2560 3429 2619 frustrata
3482 2576 3655 2631 esset,
3699 2562 3827 2623 nichil

2231 2646 2340 2701 tale
2364 2646 2575 2700 verenti
2599 2648 2897 2703 nunciavit.
2918 2636 3274 2723 'Bcrengerus
3309 2654 3648 2727 indignatus
3668 2673 3725 2713 ex
3746 2669 3827 2712 tu

2234 2737 2416 2793 subita
2442 2754 2627 2793 rerum
2652 2742 2957 2809 eversione,
3009 2745 3197 2799 statim
3227 2747 3495 2803 dictante
3528 2751 3715 2806 eadem
3754 2768 3829 2806 sua

2234 2827 2611 2899 indignatione
2642 2832 2864 2902 scripsit
2892 2834 3199 2904 majoribus
3228 2835 3581 2909 Leodiensis
3602 2843 3827 2905 emicat,

2234 2937 2347 2977 non
2392 2933 2539 2980 recte
2585 2942 2680 2983 eos
2737 2925 2896 2984 fama:
2949 2946 3065 2986 suae
3110 2940 3167 2986 et
3223 2934 3441 2989 honori
3497 2939 3830 3001 consuluisse,

2231 3014 2440 3087 judicio
2480 3027 2535 3073 et
2573 3019 2801 3088 justitiae
2850 3022 3017 3077 nimis
3066 3023 3433 3094 impudenter
3465 3028 3524 3083 in
3560 3032 3829 3101 capites»

2236 3108 2523 3178 defecisse,
2552 3111 2834 3168 infamiam
2861 3114 3028 3184 hujus
3061 3116 3319 3174 defectus
3344 3122 3441 3175 sui
3464 3122 3634 3193 longe
3651 3125 3831 3193 lati-qu

2233 3211 2313 3258 tot
2339 3205 2682 3262 auditoribus
2714 3208 2944 3278 repulsis
2984 3210 3326 3281 declarasse,
3358 3226 3422 3271 et
3452 3227 3645 3273 tamen
3676 3237 3705 3274 a
3726 3236 3831 3275 cea-

2234 3294 2379 3349 dicta
2410 3295 2688 3351 audientia
2729 3299 2810 3353 sic
2848 3297 3163 3368 frustratos,
3189 3318 3408 3361 causas
3432 3309 3656 3377 agenda,-
3674 3309 3832 3364 deict-

2235 3386 2407 3441 sionis
2437 3397 2491 3442 et
2519 3389 2808 3446 elimandte
2834 3392 3080 3447 veritatis
3109 3394 3550 3452 nichilhomiaus
3574 3400 3834 3454 eiecisse.

2235 3475 2426 3533 Sciens
2467 3495 2689 3551 quoque
2728 3481 2979 3537 abbatem
3028 3482 3446 3542 Theodericum
3475 3487 3617 3543 afﬁci
3643 3491 3832 3561 gratis-

2233 3569 2374 3625 simo
2413 3585 2671 3640 maerore,
2711 3574 3017 3629 secundum
3059 3576 3231 3631 animi
3284 3579 3379 3634 sui
3432 3581 3833 3637 teneritudinem

2232 3662 2376 3718 hanc
2425 3663 2570 3719 inter
2618 3665 2855 3735 plurima
2907 3668 2984 3722 illi
3055 3670 3283 3741 scripsit
3353 3676 3830 3731 consciam:

2229 3754 2426 3809 Rerum
2464 3757 2673 3827 quidem
2701 3761 2876 3813 exitus
2904 3761 3192 3831 prudentia
3249 3768 3497 3835 metitur,
3551 3772 3645 3824 sed
3686 3771 3835 3823 «ﬁas

2229 3850 2431 3921 decepti
2474 3868 2651 3907 errore
2674 3862 2847 3908 rotam
2880 3856 3113 3925 fortuna?
3159 3873 3255 3912 nos
3293 3876 3513 3931 quoque
3540 3863 3834 3933 aliud.

2231 3943 2565 4012 revolvimus,
2588 3954 2639 4000 et
2663 3949 2925 4002 maximos
2945 3948 3153 4005 labores
3175 3952 3389 4021 frustra
3414 3955 3647 4026 fatigati
3666 3974 3841 4025 ειμι·

2229 4036 2427 4092 diutus.
2481 4036 2605 4092 Erit
2654 4048 2790 4094 certe
2818 4041 2914 4095 hoc
2954 4044 3140 4097 a'terni
3180 4042 3402 4100 Iudicis
3432 4050 3734 4115 vindicare,
3758 4068 3835 4119 τεο

2229 4132 2380 4201 cujus
2416 4131 2522 4201 ﬁde
2555 4132 2784 4186 maxime
2809 4135 3180 4204 proposuimus
3223 4138 3467 4193 inimicis
3501 4142 3623 4210 eius
3662 4144 3837 4212 displi—

2228 4240 2363 4278 cere.
2408 4223 2748 4295 Summopere
2776 4242 2893 4279 vero
2920 4227 3216 4282 curandum
3250 4239 3330 4284 est
3361 4233 3515 4287 vobis
3560 4236 3663 4288 hoc
3700 4238 3835 4288 citis

2225 4319 2302 4373 eis
2329 4335 2457 4388 quos
2487 4320 2732 4383 vocastis,
2769 4329 2828 4373 ut
2865 4321 2922 4373 in
2952 4320 3083 4376 locis
3111 4324 3235 4397 suis.
3255 4312 3489 4393 cessent,
3520 4330 3835 4400 signiﬁcares

2229 4412 2342 4485 Ego
2372 4431 2575 4485 quoque
2607 4415 2811 4469 rediens
2835 4416 3094 4489 id‘ipsum
3123 4419 3324 4473 curabo
3354 4431 3667 4480 maturare.
3708 4423 3833 4478 7dr.

2228 4506 2338 4563 Nec
2361 4524 2537 4576 mora,
2570 4508 2836 4565 ordinatis
2862 4509 2935 4565 ab
2967 4518 3202 4581 utroque
3239 4512 3463 4584 legatis,
3498 4527 3565 4572 ut
3604 4530 3837 4574 cessa-It

2233 4602 2511 4657 audientia
2555 4611 2837 4658 cessarent
2875 4611 2932 4657 et
2978 4605 3210 4671 evocati,
3248 4604 3611 4681 Berengerus
3640 4613 3833 4667 micas

2230 4696 2418 4752 Remis
2442 4695 2771 4767 quantocius
2799 4696 2927 4751 duci
2951 4697 3212 4764 occurrit,
3232 4708 3287 4753 et
3314 4702 3452 4770 quia
3477 4719 3585 4772 pro
3610 4715 3839 4773 mare

2231 4792 2336 4848 sibi
2356 4790 2644 4845 videbatur
2662 4801 2859 4860 potens
2885 4805 3143 4861 persona,
3169 4793 3358 4863 potius
3379 4807 3550 4852 came
3570 4797 3619 4852 ιε
3678 4800 3691 4809 .
3777 4798 3789 4850 Ι

2230 4900 2397 4958 quam
2430 4883 2759 4939 mordaciter
2779 4884 3174 4953 exasperanda,
3223 4902 3354 4941 cum
3390 4889 3626 4957 publica
3653 4906 3839 4962 quere-

2229 4985 2381 5034 retur
2428 4977 2495 5033 de
2545 4992 2610 5032 ea
2661 4992 2828 5049 quam
2885 4977 3196 5047 patiebatur
3249 4989 3446 5037 sancta
3502 4986 3753 5040 ecclesia
3782 4986 3841 5036 δ

1818 5088 2054 5148 VARle
2092 5092 2494 5152 LECTIONES.

605 5180 667 5262 “f
709 5181 1117 5267 Eniolrannum.
1149 5182 1201 5237 1.
1240 5182 1524 5267 sedninfra
1569 5182 2015 5267 Engelramnurn.
2094 5187 2315 5267 “_’_non
2345 5189 2785 5261 interponendum
2835 5190 3060 5260 videtur,
3114 5194 3221 5249 nisi
3272 5194 3629 5267 interpretum
3688 5202 3834 5255 ειιᾶ

530 5250 927 5309 dissimulando
954 5254 1233 5311 vitavisse.
1312 5254 1382 5286 ¹²³
1419 5250 1782 5313 ἁιιετωηύοιι
1807 5257 2067 5313 excidisse
2092 5259 2319 5316 videtur.

2084 5374 2318 5433 ΝΟΤᾸΕ.

604 5460 753 5536 (171)
769 5460 1123 5536 'Raginoldus
1142 5474 1394 5524 mortuus
1415 5475 1500 5523 est
1521 5483 1600 5522 xu
1622 5466 1741 5525 Kal.
1766 5469 1926 5529 Febr.
1956 5473 2116 5531 1096.

527 5531 689 5607 Negr.
710 5531 995 5607 Remfap.
1028 5536 1217 5606 Varin,
1247 5538 1509 5595 Archives
1542 5540 1748 5597 admiu.
1792 5544 1860 5600 de
1902 5546 1954 5602 la
1997 5547 2123 5603 ville

527 5606 597 5663 de
623 5604 830 5663 Reims.

592 5677 750 5749 (172)
796 5677 917 5749 Quo
948 5696 1063 5736 .xrv
1116 5682 1234 5739 Kal.
1295 5680 1413 5740 Oct.
1469 5682 1605 5739 1106
1656 5696 1876 5746 mortuo
1937 5691 2119 5747 archi-
2174 5674 2185 5679 ἦ

529 5748 821 5888 ῧιὲἓὲεὲξιιέῗ
847 5752 1053 5809 electus
1072 5761 1178 5822 est,
1216 5762 1271 5810 et
1296 5754 1454 5823 1108,
1502 5754 1764 5815 Gervasio
1811 5761 2123 5821 adversario

570 5832 829 5877 mvatutt.

2303 5479 2451 5553 (175)
2478 5479 2633 5553 1097
2648 5479 3025 5553 legatiopead
3053 5476 3336 5536 Urbanum
3382 5476 3697 5537 nfuncms
3736 5492 3823 5535 est

2183 5566 2190 5613 ;
2229 5549 2441 5618 Marlot,
2474 5551 2615 5607 Hist.
2646 5549 2801 5608 Rem.
2832 5549 2897 5618 ll,
2928 5550 3056 5607 2M.

2301 5622 2847 5711 (l7£)nApno.39%.
2893 5619 3163 5694 Sigeherti
3217 5623 3372 5680 Auct.
3431 5622 3825 5685 [iam

2228 5694 2376 5752 Mon.
2403 5694 2501 5751 SS.
2531 5694 2619 5762 Vi,
2642 5695 2769 5751 445.

2302 5768 2451 5836 (175)
2491 5767 2650 5825 Anno
2681 5766 2841 5836 1092,
2869 5768 3013 5824 Ann.
3040 5765 3269 5825 Mosam.
3298 5770 3303 5781 '
