3902 6286
130 252 247 307 1425

123 465 225 536 ejus
244 465 360 520 duci
388 480 638 534 parcens,
667 466 1003 539 obliquabat.
1052 469 1191 527 Cum
1220 476 1366 531 enim
1402 474 1687 537 Otbertum

123 568 377 615 accusaret
436 558 582 631 quod
638 561 947 618 condictam
1005 566 1254 623 veritatis
1312 568 1686 630 defensionem

122 650 242 705 male
284 651 385 707 sibi
436 654 693 710 conscius
740 655 1197 727 subterfugisset;
1246 661 1441 720 ducem
1495 681 1623 722 vero
1655 683 1688 723 e

119 742 310 799 diverso
334 746 759 815 commendaret,
786 749 933 819 quod
957 764 1078 805 eam
1104 766 1230 806 cum
1260 754 1457 811 ceteris
1485 757 1688 827 princi-

115 834 257 905 pibus
279 838 540 910 episcopii
569 841 963 900 condicendam
980 832 1329 916 extorsisset,
1356 850 1467 906 dux
1487 853 1687 909 rubore

113 928 368 999 perfusus,
432 941 568 989 teste
619 937 981 1008 conscientia,
1041 941 1393 1019 arguebatur,
1456 961 1565 1014 qua
1630 963 1688 1003 se

106 1019 274 1089 judice
324 1039 485 1080 nemo
544 1043 749 1085 nocens
804 1031 1122 1088 absolvitur.
1182 1030 1409 1105 Excepit
1459 1037 1687 1094 verbum

110 1114 553 1183 prudentissimus
611 1122 697 1175 vir
757 1121 1060 1181 Rainoldus
1140 1126 1586 1200 archiepiscopus
1656 1147 1689 1187 a

107 1204 394 1280 Berengero
450 1212 705 1281 privatim
754 1218 1133 1287 praemonitus,
1181 1229 1236 1276 et
1278 1231 1537 1278 causatus
1590 1240 1690 1279 cur

106 1299 184 1353 vel
231 1299 340 1370 ipse
368 1304 452 1358 vel
479 1306 645 1361 ceteri
683 1309 1042 1366 ecclesiarum
1073 1311 1393 1369 defensores
1424 1316 1505 1371 sic
1537 1325 1690 1386 pate-

102 1401 283 1446 rentur
332 1395 579 1454 abbatias
602 1398 922 1458 Lcodiensis
971 1404 1233 1476 episcopii
1262 1406 1529 1477 deperire,
1561 1425 1687 1465 eum

101 1494 312 1552 possent
333 1503 493 1544 suum
531 1491 682 1546 illum
713 1490 998 1551 Otbertum
1034 1498 1101 1552 ad
1129 1499 1275 1568 quod
1301 1500 1498 1556 vellent
1524 1504 1687 1559 etiam

97 1576 363 1634 nolentem
386 1582 651 1640 violenter
670 1588 967 1656 attrahere,
993 1591 1077 1646 vel
1096 1591 1369 1647 volentem
1394 1593 1689 1652 liberaliter

96 1668 390 1742 inclinare;
423 1691 490 1731 eo
516 1694 689 1749 usque
716 1681 911 1737 ducem
957 1684 1356 1742 rationabiliter
1403 1687 1687 1745 inductum

91 1762 377 1833 affectavit,
400 1779 460 1824 ut
478 1773 819 1841 promitteret
833 1791 892 1831 se
913 1792 1103 1833 revera
1119 1778 1234 1849 jam
1257 1780 1688 1839 allaboraturum

89 1858 472 1918 ecclesiasticae
535 1864 843 1922 defensioni
897 1878 950 1923 et
1000 1870 1369 1942 legitimorum
1428 1876 1688 1932 abbatum

85 1952 438 2021 restitutioni,
493 1958 640 2026 quod
689 1968 742 2014 et
778 1960 880 2017 hoc
924 1963 1088 2018 modo
1131 1966 1314 2021 divina
1368 1968 1690 2039 disponente

86 2043 373 2099 clementia
398 2050 686 2115 processit.
1522 2054 1529 2061 ’

156 2136 241 2191 78.
283 2137 422 2209 (97.)
463 2138 594 2196 Erat
619 2153 863 2199 castrum
899 2145 1042 2202 inter
1072 2146 1273 2218 Hojum
1308 2158 1361 2205 et
1398 2150 1685 2221 Leodium,

87 2230 227 2299 quod
250 2229 412 2288 Mons
443 2234 628 2291 clarus
660 2237 808 2308 (176)
831 2239 1135 2308 dicebatur,
1168 2244 1426 2314 quodque
1449 2245 1689 2303 infestis-

81 2323 282 2378 simum
319 2325 425 2381 sibi
454 2329 771 2401 navigantes
802 2346 897 2401 per
919 2331 1127 2388 Mosam
1163 2336 1465 2405 saepissime
1487 2336 1689 2394 Oberto

79 2419 585 2489 conquerebantur.
632 2422 736 2479 Tot
785 2424 1006 2480 illorum
1048 2428 1302 2496 querelas
1348 2437 1403 2484 et
1456 2429 1689 2500 injurias

77 2526 200 2566 cum
264 2513 361 2568 ille
415 2515 508 2570 diu
566 2516 945 2589 indignaretur
988 2521 1122 2591 pati,
1176 2522 1419 2578 collectis
1476 2523 1690 2580 viribus

72 2605 342 2663 obsidere
370 2618 613 2665 castrum
654 2612 966 2669 destinavit.
1020 2613 1161 2670 Huic
1190 2614 1461 2671 obsidioni
1503 2617 1692 2687 dispo-

69 2699 268 2755 nendae
292 2701 495 2757 ducem
513 2704 775 2775 episcopii
799 2714 854 2761 et
878 2706 1154 2777 principes
1177 2716 1518 2777 evocaverat,
1547 2708 1691 2779 jam-

68 2806 178 2862 que
212 2793 476 2851 ordinata
503 2797 849 2867 expeditione
888 2807 1013 2855 ante
1058 2808 1302 2856 castrum
1348 2801 1687 2871 constiterat,

70 2898 199 2938 cum
234 2886 424 2941 subito
453 2887 564 2943 dux
594 2900 814 2961 arrepto
842 2899 1089 2963 tempore
1110 2891 1395 2949 Otbertum
1420 2895 1688 2950 inclama-

62 2977 177 3045 vit,
237 2979 409 3050 eique
459 2982 677 3051 publice
732 2985 1026 3040 consilium
1081 3003 1244 3043 suum
1302 2997 1357 3043 et
1420 2989 1688 3043 auxilium

1146 250 1546 322 CHRONICON
1585 266 1641 323 s.
1680 263 1990 334 HUBERTI
2015 277 2338 344 ANDAGIN.
2386 301 2396 310 -

126 372 318 429 οιὶιθνιο
345 369 623 442 iniuriam:
659 366 873 426 dicendi
919 374 1165 447 ιηοάυω»
1207 383 1369 452 QuaSi
1414 382 1689 443 defensori
1719 395 1763 454 A
1792 398 1939 464 quod
1962 402 2189 459 omnino
2230 405 2507 463 interdicit
2540 408 2801 469 canonica
2827 424 3142 489 auctoritas,

128 465 223 489 Α..-
248 465 358 489 .I.....
388 480 616 489 ...Α-λιι..-
671 466 984 489 -.ι.Ιζ....--1--Α
1054 469 1125 489 Π..
1155 488 1177 489 η
1293 476 1305 486 ο
1406 474 1486 489 Λ--

3239 303 3381 369 ΝΞΟ

3172 426 3385 484 scilicet

1792 500 1978 550 taxato
2032 498 2208 567 pretio
2263 501 2512 559 abbatias
2556 506 2871 565 vendidisse
2918 522 2973 568 et
3013 517 3383 577 ecclesiastica

1790 586 2115 657 ministeria,
2141 608 2264 663 quae
2286 610 2386 665 pro
2403 598 2692 657 animabus
2712 604 2972 661 curandis
2998 610 3167 678 gratis
3198 611 3385 683 largiri

1790 680 2102 740 debuisset:
2149 683 2405 746 Otbertus
2431 690 2523 745 tali
2555 701 2778 765 tamque
2805 697 3085 769 insperata
3104 680 3386 774 compres-

1782 790 1887 853 sus
1907 780 2213 848 exactione,
2240 781 2366 839 lieet
2387 783 2709 857 intelligeret
2736 789 2841 847 hoc
2859 808 2971 848 non
2998 803 3147 851 recte
3166 796 3382 867 fecisse,

1791 870 2093 927 conabatur
2130 882 2313 930 tamen
2367 877 2471 933 sibi
2513 882 2848 950 prmtendere
2897 900 3008 941 non
3058 888 3237 944 solum
3272 906 3387 947 sua:

1791 959 2147 1030 malignitatis
2178 966 2441 1035 velamen,
2485 969 2581 1026 sed
2621 979 2676 1026 et
2709 974 3007 1032 multorum
3036 979 3385 1048 praelatorum

1791 1053 2034 1122 probata
2056 1055 2280 1116 haeresis
2302 1060 2696 1133 defensionem,
2731 1076 3070 1125 contestatus
3093 1087 3205 1126 non
3237 1087 3296 1127 se
3331 1073 3385 1126 in

1791 1144 2264 1207 benedictionibus
2315 1155 2430 1210 suis
2480 1158 2712 1228 gratiam
2763 1158 2859 1215 Dei
2893 1162 3235 1231 vendidisse,
3292 1164 3389 1219 sed

1791 1239 1976 1309 potius
2000 1255 2095 1295 eas
2133 1244 2303 1312 gratis
2338 1249 2675 1318 contulisse;
2714 1267 2823 1306 non
2860 1264 3042 1309 autem
3072 1255 3176 1310 sibi
3216 1254 3389 1311 videri

1792 1329 2077 1401 injustum,
2136 1335 2180 1389 si
2227 1335 2295 1391 de
2339 1342 2781 1408 possessionibus
2811 1347 3201 1403 ecclesiasticis
3225 1363 3389 1404 suum

1792 1424 2034 1495 exigeret
2075 1429 2451 1498 commodum,
2503 1450 2641 1504 quas
2682 1452 2792 1491 non
2845 1438 3177 1495 habentibus
3203 1438 3392 1496 distri~-

1791 1515 1994 1574 buebat
2019 1520 2087 1575 ad
2111 1521 2441 1579 habendum.
2495 1524 2624 1581 llmc
2660 1530 2830 1599 pestis
2857 1531 2925 1585 de
2949 1531 3181 1589 Francia
3210 1541 3392 1588 trans-

1793 1608 1918 1665 fusa
1940 1612 1996 1666 in
2023 1612 2433 1688 Lotharingiam
2463 1635 2630 1689 quam
2676 1621 2746 1675 sit
2796 1621 3154 1692 detestabilis,
3200 1632 3390 1680 nostro

1797 1712 2039 1775 tempore
2074 1704 2268 1763 Petrus
2313 1708 2611 1767 Damianus
2650 1712 2961 1770 Alexandro
3004 1732 3158 1787 papa:
3197 1716 3394 1787 hujus-

1792 1794 1942 1850 modi
1969 1795 2275 1854 invectione
2303 1800 2579 1870 deplanxit
2608 1802 2694 1857 ³⁸⁵.
2742 1803 2847 1861 Sed
2868 1814 2928 1860 ut
2948 1806 3015 1861 ad
3038 1807 3117 1861 rei
3143 1806 3391 1862 ordinem

1792 1885 2102 1957 redeamus,
2160 1888 2419 1948 Otbertus
2463 1895 2719 1963 praedicta
2761 1897 3070 1969 principum
3110 1898 3394 1955 exactione

1792 1992 2161 2047 compressus,
2199 1980 2324 2037 licet
2345 1983 2502 2053 quasi
2527 1984 2745 2039 obtorto
2772 1987 2915 2041 collo
2946 1998 3233 2058 cogeretur
3255 1988 3393 2043 velle

1791 2068 1939 2136 quod
2006 2069 2257 2138 nolebat,
2325 2072 2392 2127 de
2445 2074 2706 2130 abbatum
2755 2076 3105 2133 restitutione
3158 2079 3394 2150 benigne

1789 2164 1974 2213 tamen
2003 2176 2105 2231 pro
2131 2169 2377 2233 tempore
2412 2168 2712 2234 respondit,
2763 2175 2818 2222 et
2861 2185 2929 2224 ex
2974 2178 3218 2240 tempore
3265 2186 3396 2227 sen-

1790 2249 1959 2303 tentia
2005 2251 2267 2322 quicquid
2293 2252 2420 2308 inde
2459 2264 2765 2323 censerent,
2822 2274 2881 2313 se
2938 2258 3212 2314 facturum
3265 2274 3396 2329 pro-

1791 2341 1960 2397 misit.
2005 2342 2294 2398 Decretum
2317 2354 2402 2401 est
2424 2348 2611 2401 statim
2634 2357 2694 2401 ut
2719 2358 2929 2405 remota
2962 2351 3113 2406 omni
3135 2350 3395 2407 dilatione

1791 2429 2190 2488 Wolbodonem
2235 2442 2291 2489 et
2324 2433 2728 2506 lngobrandum
2760 2438 3000 2507 ejiceret,
3036 2448 3092 2493 et
3119 2439 3395 2510 legitimos

1792 2524 2018 2580 abbates
2073 2526 2211 2582 locis
2281 2527 2397 2583 suis
2454 2538 2762 2599 reponeret.
2823 2529 2906 2585 Ad
2967 2530 3074 2586 hoc
3135 2528 3395 2589 Otbertus

1791 2617 1999 2674 veritus
2028 2634 2097 2673 ne
2120 2619 2224 2674 sibi
2249 2619 2580 2691 quandoque
2622 2621 2777 2677 oneri
2821 2621 2984 2689 foret,
3028 2623 3077 2678 si
3116 2624 3241 2679 talis
3263 2640 3394 2695 per-

1791 2711 2024 2767 mutatio
2074 2712 2333 2768 abbatum
2365 2713 2549 2769 subito
2579 2724 2634 2770 et
2680 2715 2990 2770 inconsulte
3013 2715 3187 2784 fieret,
3216 2724 3395 2771 retra-

1792 2812 1938 2860 etato
1973 2820 2098 2860 cum
2125 2805 2573 2876 prudentioribus
2597 2807 2850 2874 consilio,
2901 2807 2968 2863 de
2996 2807 3103 2863 hiis
3120 2806 3394 2878 judicium

1791 2898 2062 2969 agendum
2095 2899 2399 2966 constituit,
2442 2909 2504 2954 ut
2537 2900 2937 2959 rationabiliter
2963 2901 3072 2956 illis
3104 2917 3204 2972 pro
3233 2902 3394 2972 culpa

1790 3006 1891 3045 sua
1934 2991 2202 3047 convictis
2250 2999 2305 3045 et
2346 2990 2556 3061 ejectis,
2598 2991 2715 3062 jam
2756 3001 2887 3047 tunc
2930 2992 3245 3048 excluderet
3288 2989 3395 3047 sibi

62 3073 386 3142 excusavit,
447 3075 555 3131 nisi
605 3076 854 3133 abbatias
912 3081 1090 3135 sancti
1133 3079 1359 3136 Hubcrti
1403 3083 1688 3153 sanctique
1717 3118 1758 3175 Ο
1793 3084 2141 3140 occasionem
2204 3086 2536 3156 quandoque
2600 3085 2944 3141 removendae
3000 3084 3390 3141 contentionis.

60 3166 368 3223 Laurentii
398 3185 501 3225 suo
532 3178 679 3226 statu
710 3183 1021 3243 reponeret,
1074 3184 1127 3230 et
1169 3192 1263 3232 cas
1316 3192 1455 3247 quas
1499 3177 1691 3232 vendi-

55 3258 249 3326 derat,
304 3260 499 3329 ejectis
539 3265 899 3335 emptoribus,
941 3283 1039 3337 per
1085 3269 1384 3340 condignas
1427 3254 1692 3339 personas

49 3352 244 3424 gratis
311 3352 520 3409 ibidem
586 3357 867 3414 ordinatas
932 3359 1248 3431 disponeret
1301 3361 1470 3434 (177).
1537 3361 1693 3428 Quod

46 3443 275 3513 inquit,
312 3462 346 3496 ο
378 3449 783 3520 commilitones,
826 3470 858 3506 a
890 3452 1000 3507 Deo
1042 3454 1306 3508 auxilium
1336 3455 1688 3525 sperabimus,

39 3536 144 3608 qui
173 3535 308 3606 ejus
332 3537 569 3592 ecclesiis
592 3542 992 3611 depereuntibus
1015 3563 1117 3600 non
1145 3547 1312 3600 solum
1336 3548 1692 3617 defensionem

43 3647 161 3685 non
187 3629 591 3700 impendimus,
620 3633 710 3686 sed
738 3643 787 3687 et
812 3634 1033 3689 liberam
1058 3653 1232 3689 vocem
1253 3640 1692 3694 contradictionis

38 3720 470 3778 subtrahimus.
509 3700 860 3777 Scilicet'hoc
908 3724 973 3778 de
1017 3725 1164 3777 nobis
1209 3727 1498 3795 promeruit
1550 3727 1695 3781 beni-

41 3815 342 3886 gnissima
389 3813 669 3884 dispositio
699 3813 991 3880 Creatoris,
1037 3816 1126 3886 qui
1149 3832 1241 3869 nos
1267 3816 1540 3871 ministros
1581 3834 1693 3873 sua:

36 3908 306 3979 publica:
364 3908 443 3961 rei
483 3909 789 3975 constituit,
841 3916 898 3962 ut
939 3925 1033 3978 pro
1079 3926 1177 3962 sua
1204 3911 1423 3982 quisque
1469 3928 1694 3981 persona

37 4011 321 4057 nostrum
366 3999 453 4055 illi
478 4017 721 4072 negemus
749 4001 1044 4069 servitium,
1079 4020 1209 4073 quos
1240 4020 1335 4073 pro
1361 4003 1550 4057 tuendo
1569 4004 1693 4074 jure

33 4112 144 4151 suo
170 4097 287 4151 hoc
318 4104 510 4149 nostra
542 4102 768 4165 tempore
788 4093 945 4165 elegit
970 4094 1085 4165 ejus
1111 4095 1349 4166 generale
1374 4096 1688 4152 dominium.

34 4189 225 4246 Plura
252 4189 458 4246 dicere
481 4187 726 4259 parantis
752 4188 973 4259 abrupit
1000 4190 1228 4244 verbum
1258 4206 1518 4247 assensus
1544 4190 1694 4260 prin-

29 4285 273 4356 cipum,
320 4288 389 4337 et
415 4280 613 4336 invecti
642 4281 847 4350 pariter
874 4281 931 4335 in
965 4279 1271 4350 Otbertum,
1318 4282 1597 4353 praefixam
1661 4300 1693 4338 a

28 4379 190 4435 duce
225 4374 626 4433 conditionem
655 4376 722 4432 de
742 4377 1123 4433 restaurandis
1162 4378 1412 4433 ecclesiis
1452 4386 1506 4434 et
1535 4393 1695 4449 repo-

1792 3177 1963 3248 Igitur
2019 3178 2241 3248 praeﬁxa
2288 3178 2377 3233 die
2424 3178 2492 3233 ad
2543 3194 2658 3234 rem
2708 3178 3092 3233 maturandam
3149 3174 3393 3232 collectis

1793 3269 2080 3325 abbatibus
2129 3277 2184 3324 et
2231 3269 2634 3326 arehidiaconis
2683 3269 2952 3341 judicium
3002 3269 3160 3335 sedit,
3215 3275 3271 3323 et
3324 3281 3396 3323 ex

1793 3358 2241 3429 comprobatione
2268 3359 2487 3429 injustas
2515 3360 2571 3414 in
2609 3375 2706 3416 eos
2736 3358 2895 3416 factae
2935 3356 3392 3425 cxordinationis,

1793 3462 1847 3509 et
1869 3451 2248 3522 incompositae
2277 3467 2469 3506 eorum
2500 3452 2938 3507 conversationis
2991 3459 3221 3507 uterque
3253 3464 3392 3505 con-

1792 3546 1969 3601 victus
1996 3545 2117 3600 loco
2142 3560 2307 3617 quem
2341 3544 2617 3600 invaserat
2645 3545 2899 3601 decessit.

1868 3639 1955 3691 79.
1991 3638 2126 3708 (98.)
2163 3639 2396 3708 Scripsit
2431 3638 2707 3709 extemplo
2757 3638 3016 3695 Otbertus
3050 3646 3381 3712 uerengero,

1796 3743 1855 3782 se
1881 3727 1958 3780 illi
2005 3730 2385 3795 regratiatum,
2416 3738 2470 3783 et
2492 3732 2698 3799 rejecto
2725 3731 3069 3787 Wolbodone
3095 3733 3215 3802 ejus
3249 3732 3393 3812 deli-

1794 3817 2018 3871 berasse
2044 3819 2437 3873 monasterium
2468 3821 2684 3889 placere
2713 3820 2820 3874 sibi
2841 3830 2895 3875 et
2920 3823 3246 3891 primatibus
3273 3825 3395 3878 suis

1796 3914 1857 3962 ut
1891 3908 2119 3962 fidenter
2148 3907 2355 3976 redeat,
2392 3918 2447 3965 et
2499 3909 2700 3965 fratres
2733 3909 2829 3979 qui
2859 3910 2928 3964 ad
2975 3925 3103 3964 eum
3132 3910 3397 3981 confuge-

1796 4012 1920 4059 rant
1956 4020 2144 4060 secum
2180 4004 2424 4062 reducat.
2465 4006 2663 4061 Abbati
2705 4019 2837 4061 vero
2876 4003 3237 4071 Theoderico,
3266 4004 3394 4060 licet

1796 4091 1939 4147 idem
1974 4091 2293 4163 suffragium
2322 4092 2575 4163 idemque
2602 4091 2875 4163 judicium
2898 4090 2956 4145 in
2993 4105 3164 4146 causa
3201 4088 3390 4161 fuerit,

1797 4185 1903 4241 hoc
1953 4186 2195 4241 scribere
2245 4185 2633 4254 dissimulant,
2666 4185 3053 4241 tenacissimus
3100 4199 3231 4256 erga
3264 4199 3393 4239 eum

1797 4289 2073 4352 concepta
2095 4280 2516 4350 indignationis;
2535 4282 2740 4352 optime
2762 4281 2929 4336 etiam
2950 4278 3210 4336 conscius
3236 4278 3393 4333 illum

1797 4392 1908 4432 non
1949 4372 2487 4431 communicaturum
2521 4374 2645 4431 sibi.
2679 4373 2950 4429 Praeterea
2981 4389 3109 4429 cum
3145 4371 3252 4427 illis
3274 4369 3394 4426 suis

22 4471 253 4528 nendis
313 4468 621 4524 abbatibus
666 4469 923 4542 legitimis
969 4469 1236 4526 violenter
1267 4472 1486 4543 exigere
1519 4487 1699 4542 ceepe-
1729 4475 1774 4532 D
1800 4470 2139 4525 ﬁdelioribus
2203 4469 2494 4524 abbatibus
2543 4480 2597 4524 et
2663 4467 3070 4523 arehidiaconis
3126 4464 3393 4521 secretius

20 4573 197 4620 runt.
244 4562 661 4618 Convenerant
686 4572 868 4620 autem
895 4565 963 4620 ad
1010 4565 1260 4620 eamdem
1288 4564 1689 4635 expeditionem

16 4652 489 4726 disponendam
538 4654 761 4724 quidam
785 4672 855 4712 ex
884 4657 1285 4713 arehidiaconis
1308 4665 1361 4712 et
1381 4657 1690 4727 praepositis

16 4747 364 4817 episcopii,
400 4745 501 4817 qui
528 4758 682 4818 rapta
704 4751 994 4807 occasione
1021 4767 1116 4822 per
1136 4752 1279 4807 hanc
1320 4750 1686 4806 invectionem

8 4841 381 4911 publicam,
438 4840 598 4910 quasi
620 4857 721 4911 pro
751 4844 868 4898 zelo
898 4844 1113 4899 tuendae
1144 4844 1393 4915 justitiae,
1444 4844 1687 4915 privatas

9 4934 473 4990 animositates
504 4933 766 4991 adversus
788 4934 1074 4992 Otbertum
1110 4938 1492 5009 ingravabant,
1529 4946 1592 4993 ut
1619 4952 1687 4994 ex

5 5027 133 5088 hoc
167 5029 303 5087 sibi
328 5027 516 5099 'apud
558 5043 684 5084 eum
729 5030 973 5086 locarent
997 5032 1051 5086 in
1076 5041 1359 5101 posterum
1412 5032 1688 5099 timorem,

5 5123 199 5194 cujus
258 5121 399 5178 nisi
456 5136 521 5177 ex
569 5122 755 5193 aliquo
784 5123 1074 5180 commodo
1102 5124 1348 5180 inutilem
1395 5123 1694 5194 vilipende-

5 5216 161 5274 bant
246 5230 558 5274 amorem.
612 5215 679 5273 Et
728 5235 853 5274 cum
895 5218 973 5274 illi
1016 5219 1695 5292 constantergobjiceretur

1798 4570 2062 4631 tractans,
2092 4572 2152 4618 ut
2172 4564 2303 4633 quia
2334 4562 2402 4616 ad
2422 4578 2542 4632 ejus
2560 4562 2823 4632 placitum
2852 4561 2981 4616 licet
3010 4559 3212 4630 injuste
3236 4555 3392 4610 illum

1799 4655 2391 4712 excommunicandum
2423 4655 2553 4709 olim
2579 4655 2983 4726 judicaverant,
3030 4653 3180 4708 nullo
3224 4650 3392 4706 modo

1799 4765 1956 4805 suam
1987 4758 2303 4820 paterentur
2335 4747 2599 4802 infirmari
2640 4748 2993 4815 sententiam,
3036 4746 3142 4800 nisi
3172 4745 3392 4815 publica

1795 4842 2168 4899 satisfactione
2189 4844 2311 4915 ejus
2334 4842 2638 4913 requireret
2659 4840 3057 4897 absolutionem
3069 4838 3387 4909 etgratiam.

1796 4936 2136 5007 Berengerus
2169 4946 2351 4992 autem
2387 4943 2610 5006 accepta
2645 4935 2920 5006 legatione
2942 4932 3175 5000 Otberti,
3209 4930 3390 5001 primo

1800 5030 2022 5104 quidem
2059 5031 2255 5086 dubius
2284 5030 2446 5086 haesit
2467 5045 2535 5085 an
2564 5037 2758 5100 coeptae
2787 5025 3091 5084 defensioni
3130 5023 3392 5096 persiste-

1800 5134 1901 5190 ret,
1919 5141 1990 5179 an
2004 5124 2247 5179 ecclesiae
2273 5126 2406 5180 olim
2443 5125 2549 5180 sibi
2576 5123 2890 5181 commissae
2912 5123 3137 5193 jamque
3158 5117 3388 5175 omnino

1801 5215 2075 5272 deficienti
2118 5224 2395 5273 revertens
2461 5217 2793 5275 consuleret.
2857 5214 3157 5272 Verebatur
3207 5211 3384 5281 enim,

1392 5352 1624 5410 VARUE
1663 5351 2070 5411 LECTIONES.

80 5474 171 5507 ίίδ
219 5470 332 5527 Ea
378 5468 455 5524 in
480 5468 530 5524 Ι.
566 5469 639 5524 l‘.
681 5486 785 5525 non
821 5477 1007 5539 extat;
1045 5478 1124 5527 est
1152 5468 1380 5545 epistola
1410 5466 1463 5537 Ι,
1496 5468 1583 5524 l5.
1613 5466 1698 5522 ed.
1733 5465 2004 5537 Cajetani.

1640 5608 1874 5671 NOTIE.

74 5705 269 5779 (176)
320 5700 646 5779 Clermont,
687 5716 784 5779 sur
826 5702 880 5762 la
913 5703 1028 5765 rive
1054 5704 1231 5766 droitc
1273 5705 1341 5768 de
1381 5706 1433 5767 la
1480 5704 1686 5779 Mense,

5 5771 375 5849 ,u;dcs'sus
402 5771 739 5857 d‘lngihoul.

1869 5704 2018 5838 $177}
2053 5704 2138 5762 Ct.
2159 5701 2311 5790 _Hist.
2347 5704 2404 5762 S.
2429 5704 2594 5765 Laur.
2619 5718 2804 5785 supra,
2830 5706 2923 5766 ubi
2949 5705 3158 5766 videbis
3188 5703 3301 5781 licet;
3323 5707 3379 5763 al

1906 5778 1958 5838 6.
1981 5778 2066 5837 vel
2091 5795 2240 5838 Dl‘ltlS
2263 5787 2384 5838 acta
2405 5794 2543 5838 esse.

1798 5778 1958 5857 4096,
1981 5778 2066 5837 vel
2090 5778 2240 5857 prius
2263 5787 2384 5838 acta
2405 5794 2543 5843 esse.
