3902 6286
502 266 526 320 1
536 264 638 320 42¹1

1539 254 1940 314 CHRONICON
1980 256 2039 314 S.
2081 252 2392 313 HUBERTI
2430 255 2758 316 ANDAGIN.

3652 265 3773 322 ιω

498 386 796 437 accusante
825 377 1183 442 conscientia,
1214 374 1447 445 publica
1489 374 1915 445 vituperationis
1955 371 2098 427 infa-
2125 372 2175 431 Α
2200 374 2379 430 reditu
2412 383 2804 443 convenerant,
2827 389 2952 431 cum
2975 372 3074 432 Dei
3098 376 3359 436 laudibus
3398 377 3672 451 ingressus
3699 392 3778 437 est

496 473 687 540 miam,
719 489 789 529 ne
833 468 1218 527 reconciliatus
1263 464 1490 522 Otberto
1532 465 1810 522 videretur
1858 482 1890 520 a
1956 480 2096 521 vera

494 564 622 621 fidei
666 560 1143 636 perseverantibus
1185 566 1469 630 apostata,
1503 558 1599 629 qui
1648 559 1768 631 ejus
1822 559 2094 613 hactenus

493 665 574 713 tot
612 656 854 729 probatis
878 654 1281 710 invectionilms
1308 652 1703 724 pradicaverat
1733 652 2089 724 apostasiam.

495 750 600 804 Sed
634 748 835 819 sapius
866 753 1196 813 retractans,
1231 760 1341 801 non
1375 746 1497 801 sine
1519 744 1707 800 divino
1732 750 1871 798 nutu
1896 760 2095 814 prove—

491 843 642 897 nisse
686 841 835 896 hunc
865 842 923 896 in
954 838 1120 896 rebus
1142 849 1255 895 tam
1285 846 1556 894 mutatum
1586 844 1812 908 tamque
1839 837 2091 907 inspera—

489 942 603 990 tum
641 942 917 1002 eventum,
971 949 1261 990 assumens
1304 948 1491 989 secum
1530 931 1803 1003 quosdam
1839 945 2088 998 suorum,

486 1028 803 1098 properavit
854 1027 1143 1084 Leodium.
1197 1025 1274 1082 lbi
1320 1024 1742 1082 occurrentibus
1792 1024 1897 1079 sibi
1936 1029 2091 1078 extra

488 1120 767 1176 civitatem
795 1122 1200 1178 archidiaconis
1243 1119 1648 1176 officiosissime
1670 1161 1683 1184 ,
1734 1133 1857 1172 cum
1896 1132 1954 1172 se
1981 1116 2091 1172 eis-

488 1213 612 1267 dem
641 1217 939 1271 comitatus
960 1216 1187 1271 Otberto
1212 1220 1590 1285 prasentaret,
1615 1209 1875 1267 Otbertus
1898 1218 1958 1266 ut
1983 1208 2089 1265 sibi

487 1320 617 1360 eum
648 1304 1002 1362 affectuosius
1046 1307 1365 1374 attraheret,
1406 1320 1593 1361 coram
1624 1303 1761 1359 duce
1790 1301 2089 1357 Godefrido

486 1380 729 1470 itemque
757 1399 1094 1470 primoribus
1122 1399 1360 1456 civitatis
1384 1398 1581 1454 obtulit
1619 1397 1668 1451 ei
1706 1395 1975 1467 justitiam
2020 1394 2089 1449 de

486 1502 551 1544 ea
610 1506 777 1562 quam
824 1491 1032 1548 fecerat
1091 1492 1394 1549 discedenti
1446 1489 1665 1562 injuria.
1720 1488 1897 1556 Quam
1959 1487 2088 1544 licet

485 1596 628 1653 agre
668 1582 1009 1657 Berengerus
1034 1586 1191 1641 visus
1227 1593 1312 1640 est
1342 1584 1671 1655 suscepisse,
1710 1598 1775 1637 ea
1802 1591 1983 1637 tamen
2016 1581 2085 1637 ab

485 1691 552 1732 eo
588 1666 670 1732 illi
728 1681 985 1751 imposita
1018 1679 1351 1763 conditione,
1388 1689 1446 1734 ut
1492 1677 1757 1750 quidquid
1796 1692 1895 1748 per
1924 1674 2083 1731 Wol-

485 1773 756 1829 bodonem
786 1776 1095 1847 dispersum
1133 1776 1459 1847 dispericrat
1486 1775 1753 1843 ecclesia,
1786 1791 1888 1831 suo
1915 1774 2085 1830 statui

484 1864 908 1935 reformaretur;
964 1870 1058 1923 illo
1102 1880 1399 1937 annuente,
1447 1870 1528 1926 sic
1576 1868 1927 1925 deosculatus
1956 1884 2083 1926 eum

485 1971 672 2011 secum
703 1960 817 2014 sedi
850 1960 1222 2027 recollocavit,
1256 1961 1448 2016 inultis
1476 1977 1585 2016 non
1616 1961 1796 2017 solum
1827 1960 2081 2020 miranti-

481 2048 586 2105 bus
626 2053 721 2105 sed
764 2054 929 2108 etiam
978 2054 1385 2122 scandalizatis,
1445 2055 1603 2125 quasi
1650 2070 1715 2110 ex
1749 2063 1861 2109 tam
1902 2053 2083 2108 subita

480 2144 885 2213 permutatione
939 2148 1079 2203 tanti
1132 2147 1266 2215 viri,
1313 2163 1477 2218 quem
1533 2158 1721 2216 utique
1789 2145 2084 2201 credebant

481 2237 631 2290 nullo
665 2239 830 2294 modo
877 2256 908 2294 a
966 2241 1137 2310 priori
1185 2240 1456 2296 sententia
1508 2254 1670 2310 posse
1708 2232 1918 2304 divelli;
1955 2254 2078 2293 cum

480 2327 589 2391 ille,
640 2337 702 2384 ut
762 2331 867 2385 sibi
925 2332 1235 2400 videbatur,
1292 2348 1476 2389 coram
1534 2331 1643 2387 Deo
1674 2346 1903 2387 securus
1945 2346 2081 2386 con-

476 2416 720 2472 scientia
764 2433 879 2473 sua
917 2426 971 2472 et
1016 2417 1359 2483 intentionis,
1397 2432 1506 2471 non
1539 2415 1644 2470 hoc
1678 2420 1864 2485 ageret
1900 2418 2076 2483 gratia

475 2509 709 2580 alicujus
740 2510 1081 2577 ambitionis,
1108 2510 1204 2566 sed
1228 2518 1288 2566 ut
1316 2509 1631 2567 subveniret
1664 2508 1907 2566 ecclesia
1930 2505 2075 2577 peri-

476 2603 686 2658 clitanti
714 2613 768 2659 et
795 2602 1061 2660 fratribus
1098 2604 1167 2660 ab
1194 2620 1259 2660 ea
1286 2603 1572 2676 diSpersis.

547 2698 635 2753 80.
681 2696 822 2771 (99.)
865 2697 981 2754 lliis
1031 2699 1253 2766 auditis,
1293 2699 1463 2758 abbas
1508 2697 1924 2766 Theodericus,
1980 2686 2076 2771 qui

474 2799 611 2846 tunc
655 2791 976 2848 morabatur
1017 2791 1210 2860 Curiis,
1248 2790 1446 2848 fratres
1488 2809 1618 2849 suos
1664 2795 1732 2850 ad
1785 2794 2076 2849 consilium

474 2883 741 2953 evocavit,
781 2893 835 2940 et
877 2885 1009 2956 quid
1062 2886 1116 2939 in
1168 2885 1264 2940 tali
1316 2886 1534 2956 negotio
1586 2901 1724 2957 opus
1773 2894 1933 2951 esset.
1976 2885 2078 2940 sibi

476 2977 747 3047 agendum
796 2979 1103 3050 inquisivit.
1153 2978 1479 3035 Lambertus
1512 2978 1708 3050 major,
1752 2987 1813 3033 ut
1850 2986 1968 3033 erat
1994 2977 2081 3032 vir

477 3068 717 3135 consilii,
779 3069 1021 3142 itemque
1068 3069 1327 3127 Wiredus
1388 3069 1662 3125 Robertus
1710 3078 1764 3124 et
1808 3067 2154 3160 Rainerusc

473 3162 881 3233 responderunt
932 3165 1262 3233 consulenti,
1328 3165 1532 3236 gratias
1591 3162 1831 3234 agendas
1881 3162 2083 3217 divina

475 3252 857 3337 dispositioni,
919 3258 1066 3328 quod
1120 3267 1317 3328 prater
1370 3273 1523 3328 spem
1587 3256 1835 3314 omnium
1887 3270 2080 3311 eorum

475 3346 661 3402 locum
691 3351 772 3405 eis
794 3351 1112 3420 patefecerit
1140 3353 1209 3408 ad
1236 3353 1527 3409 ecclesiam
1552 3367 1709 3407 suam
1736 3349 2079 3417 revertendi;

477 3439 683 3494 rediret
715 3446 1045 3511 quantocius
1086 3447 1249 3501 sicuti
1283 3455 1340 3500 et
1374 3446 1576 3501 fecerat
1611 3445 2079 3515 Berengcrus,ne,

477 3544 546 3585 eo
581 3534 1160 3601 cunctante,eveniret
1191 3534 1394 3605 aliquis
1425 3536 1647 3591 sinister
1687 3544 1948 3603 eventus;
1980 3551 2083 3592 sua

479 3621 646 3678 etiam
675 3626 921 3681 ecclesia
944 3625 1174 3682 referret
1198 3636 1524 3683 ornamenta
1542 3670 1558 3696 ,
1590 3644 1712 3699 qua
1742 3628 1869 3684 inde
1895 3636 2081 3684 sustu—

477 3710 621 3768 lerat
648 3715 893 3771 salvandi
923 3719 1118 3789 gratia.
1161 3718 1408 3776 Firmato
1450 3735 1580 3793 ergo
1610 3720 1841 3777 consilio
1886 3721 2080 3777 decer-

478 3802 633 3859 nitur
665 3814 879 3878 tempus
921 3810 989 3865 ad
1034 3827 1148 3866 rem
1180 3812 1579 3883 exequendam,
1613 3821 1666 3868 et
1698 3828 1764 3869 ex
1802 3828 2080 3870 consensu

479 3892 725 3979 Dodonis
766 3904 1063 3974 assumptis
1094 3921 1283 3962 secum
1320 3907 1659 3964 ornamentis
1708 3908 1888 3964 media
1920 3917 2081 3965 nocte

478 3991 764 4050 castellum
808 3998 972 4067 exiit,
1026 4000 1215 4071 sicque
1254 4000 1564 4072 insequenti
1604 4017 1833 4073 vespera
1879 4000 2082 4058 Frede-

479 4086 694 4156 gorium
729 4088 877 4163 (178)
920 4094 1089 4149 venit.
1135 4093 1361 4151 Postera
1393 4095 1482 4151 die
1513 4094 1798 4166 dispositis
1832 4111 1931 4165 per
1958 4095 2078 4152 loca

483 4188 792 4250 opportuna
814 4186 1102 4255 custodiis,
1133 4188 1313 4259 primo
1342 4188 1524 4245 adhuc
1548 4205 1711 4245 mane
1739 4190 1794 4244 in
1820 4197 2079 4260 querceto

482 4273 633 4343 quod
669 4274 921 4334 imminet
958 4281 1298 4337 monasterio
1341 4281 1642 4349 descendit,
1685 4282 2081 4353 pramissoque

482 4364 552 4421 ad
580 4363 781 4424 fratres
821 4368 1115 4430 Lamberto
1146 4374 1376 4445 majore,
1422 4374 1702 4431 mandavit
1730 4390 1790 4431 se
1817 4390 1912 4431 eos
1937 4374 2081 4430 revi-

2199 468 2507 523 ecclesiam.
2543 467 2749 523 Deinde
2788 470 3159 526 renumeratis
3181 472 3270 526 vel
3300 473 3549 528 ostensis
3588 473 3775 543 publica

2198 561 2535 617 ornamentis
2564 576 2688 631 qua
2715 563 3000 630 retulerat,
3027 563 3086 619 in
3120 574 3403 622 conventu
3435 565 3670 621 fratrum
3695 582 3776 622 ve»

2198 655 2311 721 nit,
2363 664 2416 710 ct
2476 663 2588 710 tam
2622 652 2725 711 ‘de
2772 657 3159 713 communione
3212 656 3432 714 Otberti
3501 674 3670 729 quam
3724 659 3778 714 de

2198 748 2537 821 subiectione
2563 749 2892 822 lngobrandi
2915 752 3132 823 culpam
3173 768 3333 808 suam
3362 752 3779 822 fatentibus»

2197 843 2484 900 nitentiam
2554 845 2784 912 indixit,
2848 845 3040 917 sicque
3094 847 3387 904 absolutos
3445 848 3778 903 deosculatus

2196 935 2369 1006 priori
2425 938 2710 994 sententia
2763 936 3103 995 reformavit.
3161 938 3241 995 De
3293 940 3569 1011 pradicto
3618 948 3780 996 autem

2196 1028 2443 1084 ecclesia
2471 1029 2733 1085 thesauro
2764 1030 3122 1087 commiserat
3160 1031 3499 1101 interposita
3540 1031 3664 1087 fidei
3684 1048 3781 1088 sua

2197 1121 2495 1192 sponsione
2524 1121 2763 1179 Rodulfo
2795 1122 3143 1192 Vilantiensi,
3176 1124 3396 1181 scilicet
3436 1125 3780 1195 dnascapps

2194 1223 2248 1268 et
2281 1221 2491 1270 textum
2522 1215 2902 1288 evangelicum
2934 1231 3071 1271 auro
3100 1223 3156 1271 et
3182 1216 3426 1288 gemmis
3452 1217 3779 1287 insignitum,

2193 1306 2288 1376 qui
2316 1305 2494 1362 fuerat
2524 1306 2712 1364 Karoli
2747 1307 2931 1380 Magni
2964 1309 3343 1379 imperatoris,
3371 1320 3429 1364 et
3458 1310 3574 1364 tria
3599 1325 3778 1370 cornea

2191 1399 2435 1455 eburnea
2480 1416 2547 1455 ex
2582 1401 2888 1458 elemosina
2918 1400 3201 1460 Godefridi
3242 1402 3411 1458 ducis
3440 1415 3780 1474 cognatione

2188 1489 2431 1548 Barbati.
2458 1491 2587 1549 llac
2615 1494 2800 1549 omnia
2824 1503 2888 1550 ut
2908 1503 3027 1550 erat
3050 1496 3349 1567 impudens
3373 1495 3661 1567 neglectos-
3679 1496 3779 1551 ﬁdei

2189 1592 2245 1639 et
2265 1586 2535 1653 veritatis,
2565 1587 2708 1642 irato
2760 1588 2867 1644 sibi
2895 1588 3102 1645 domno
3131 1587 3472 1644 Vulframno
3494 1587 3781 1644 Prumieasi

2190 1679 2395 1748 abbati,
2424 1688 2485 1735 ut
2511 1681 2562 1736 ei
2598 1682 3012 1754 regratiaretur,
3049 1683 3108 1738 in
3138 1683 3289 1739 dono
3322 1684 3555 1739 obtulit.
3583 1682 3782 1739 Miratus

2192 1772 2363 1829 abbas
2413 1774 2704 1844 requisivit
2753 1775 2900 1831 unde
2939 1777 3056 1832 hac
3095 1776 3176 1831 illi
3222 1777 3641 1846 provenissent,
3675 1792 3779 1831 cui

2190 1865 2470 1922 evidenter
2492 1874 2704 1922 textum
2754 1877 3178 1940 recognosceret
3221 1884 3290 1924 ex
3327 1868 3479 1924 facta
3531 1870 3659 1923 olim
3695 1870 3779 1925 sibi

2189 1958 2569 2029 processionc.
2603 1957 2850 2015 Tandem
2876 1961 3167 2016 convictus
3208 1968 3300 2014 est
3331 1961 3609 2026 conﬁteri,
3632 1960 3781 2014 imo

2191 2049 2436 2116 mentiri,
2464 2065 2527 2105 ea
2560 2050 2665 2107 sibi
2686 2052 2903 2107 vendita
2943 2068 3008 2108 ex
3038 2052 3317 2117 distracto
3343 2053 3599 2108 thesauro
3616 2056 3777 2108 sancti

2189 2140 2439 2198 lluberti.
2480 2141 2563 2199 Ad
2613 2144 2732 2200 hac
2752 2145 2924 2200 abbas
2954 2154 3119 2215 caput
3161 2161 3463 2216 quassans,
3494 2155 3547 2201 et
3590 2147 3656 2202 de
3690 2147 3773 2201 di-

2190 2235 2475 2307 spersione
2501 2244 2668 2292 tanta
2681 2238 2929 2294 ecclesia
2949 2238 3320 2294 condolenter
3349 2239 3648 2308 suspirans,
3671 2239 3780 2293 duo

2189 2327 2409 2398 quidem
2440 2345 2507 2384 ex
2542 2329 2806 2386 cornibus
2820 2330 2978 2386 fratri
3003 2347 3106 2387 suo
3129 2329 3531 2401 Ultrajectensi
3549 2332 3784 2401 episcopo

2190 2420 2340 2492 (179)
2380 2423 2708 2491 transmisit,
2759 2433 2941 2480 cetera
2987 2439 3121 2480 vero
3147 2434 3250 2495 per
3299 2422 3609 2478 Rodulfum
3648 2425 3785 2478 beato

2186 2510 2432 2569 Huberto
2480 2518 2730 2573 caritatis
2769 2518 2947 2590 gratia
2974 2517 3211 2574 remisit.
3245 2516 3435 2584 Quam
3467 2526 3650 2572 tamen
3681 2534 3785 2587 gn.

2188 2606 2320 2663 tiam
2354 2608 2575 2665 abbatis.
2614 2611 2911 2680 pradictus
2941 2608 3241 2677 Rodulfus,
3266 2609 3441 2681 quasi
3476 2625 3511 2663 a
3548 2625 3606 2664 se
3640 2621 3784 2673 «εδει.

2186 2699 2404 2757 duobus
2424 2702 2582 2773 equis
2607 2718 2709 2774 pro
2730 2719 2795 2759 ea
2815 2704 3022 2759 exactis
3035 2703 3288 2759 ecclesia
3302 2702 3783 2774 impudenta'vea-

2186 2793 2344 2861 didit,
2365 2810 2433 2850 ex
2458 2812 2568 2867 qua
2590 2796 2759 2852 etiam
2783 2797 3074 2867 iniquitate
3099 2812 3293 2853 coram
3315 2796 3597 2867 pradicto
3615 2796 3785 2851 abbate

2187 2885 2474 2941 convictus
2500 2887 2736 2958 gratiam
2766 2887 2887 2958 ejus
2916 2888 3174 2958 perdidit.

2258 2973 2346 3029 81.
2388 2975 2560 3048 (100.)
2593 2976 2715 3032 .lam
2741 2978 2984 3033 triduum
3015 2978 3340 3046 transierat,
3363 2988 3427 3034 et
3456 2995 3591 3035 ecce
3619 2977 3788 3033 Berea-

2186 3083 2352 3140 gerus
2391 3069 2563 3125 abbas
2605 3086 2732 3125 cum
2792 3069 3030 3127 Henrico
3081 3071 3492 3128 archidiacono
3531 3072 3787 3135 venia-bet.

2185 3167 2249 3215 ut
2292 3176 2360 3215 ex
2395 3172 2669 3233 praecepto
2712 3162 2924 3220 Otberti
2957 3164 3121 3234 quasi
3156 3174 3461 3220 vacantem
3493 3166 3789 3236 disponeret

2184 3250 2481 3309 abbatiam.
2508 3253 2807 3311 Audientes
2836 3266 3021 3311 autem
3043 3256 3307 3312 abbatem
3328 3273 3463 3315 esse
3490 3274 3788 3329 regressum

2183 3355 2238 3401 et
2270 3361 2299 3400 a
2351 3343 2614 3403 fratribus
2666 3356 2971 3418 receptum,
3031 3348 3087 3403 in
3115 3348 3312 3403 villam
3364 3350 3612 3405 ecclesia
3669 3365 3795 3419 qua

2182 3436 2385 3494 dicitur
2415 3437 2556 3495 Burs
2596 3439 2746 3513 (180)
2795 3441 3158 3497 diverterunt.
3201 3440 3465 3514 Cumque
3498 3442 3571 3496 ad
3596 3439 3793 3496 Otber-

2181 3541 2299 3588 tum
2342 3532 2549 3587 reversi
2592 3518 2974 3588 renuntiarent
3024 3549 3349 3605 regressum
3403 3534 3663 3600 abbatis,
3712 3534 3790 3587 ille

2181 3624 2357 3680 iratus
2397 3624 2679 3680 interdixit
2722 3625 2862 3680 nihil
2922 3641 3025 3697 pro
3068 3640 3135 3681 eo
3182 3624 3512 3682 faciendum
3555 3627 3788 3682 ecclesia

2179 3717 2470 3774 ministris.
2505 3715 2651 3773 Idem
2679 3725 2862 3773 tamen
2897 3717 3257 3776 interdictum
3298 3720 3501 3775 eadem
3539 3718 3792 3775 facilitate

2177 3818 2536 3869 extenuatum
2571 3819 2779 3881 estqua
2808 3819 2864 3867 et
2892 3812 3189 3884 prolatum,
3210 3827 3317 3867 nec
3340 3813 3602 3869 ministri
3635 3814 3791 3869 ecﬁc-

2178 3904 2276 3961 sia
2302 3904 2387 3959 vel
2415 3904 2601 3960 abbati
2623 3905 2710 3959 vel
2735 3903 3000 3961 fratribus
3025 3920 3127 3977 pro
3156 3905 3264 3961 hoc
3284 3905 3633 3961 ministram
3650 3905 3794 3961 desti-

2178 3996 2893 4069 terunt.0tbertusquoque
2927 3998 3011 4053 ira
3037 4014 3337 4069 parumper
3376 3998 3792 4071 refrigesceatc,

2175 4090 2562 4147 dissimulabat
2590 4092 2911 4148 meminisse
2931 4093 3081 4163 quod
3108 4094 3567 4163 recognoscebat
3587 4110 3650 4150 se
3671 4094 3797 4147 irra-

2178 4183 2517 4241 tionabiliter
2556 4184 2906 4256 praecepisse.
2956 4182 3268 4256 Indignatio
3299 4192 3496 4241 tamen
3524 4186 3658 4257 ejus
3681 4202 3793 4256 erga

2175 4277 2430 4332 abbatem
2493 4277 2831 4348 pertinacius
2880 4277 3193 4345 obﬁrmata,
3221 4293 3329 4334 nec
3394 4290 3661 4352 tempore
3712 4294 3793 4333 nec

2180 4378 2391 4426 ratione
2439 4372 2618 4428 sedari
2657 4380 2890 4443 poterat.
2922 4370 3076 4428 Unde
3117 4372 3360 4429 adeunte
3392 4391 3456 4430 se
3502 4373 3796 4431 Lambeﬂo

486 4474 606 4516 sere
645 4470 875 4530 paterno
895 4466 1122 4536 affectu;
1158 4469 1521 4542 subjungens,
1550 4478 1611 4524 ut
1638 4469 1791 4523 nullo
1823 4469 1987 4525 modo
2019 4483 2080 4525 se
2106 4470 2149 4525 D
2175 4464 2385 4534 majore
2417 4480 2519 4536 pro
2547 4465 2881 4536 quibusdam
2912 4466 3150 4538 negotiis
3175 4466 3454 4533 ecclesia,
3490 4486 3635 4524 uim
3672 4484 3795 4539 pr»

482 4566 825 4626 vererentur,
856 4562 903 4616 si
928 4562 1060 4631 quid
1102 4563 1472 4618 excessissent
1502 4577 1597 4632 per
1623 4570 1735 4617 tam
1760 4562 1946 4617 varios
1992 4577 2079 4615 re-

481 4664 606 4705 rum
663 4660 913 4708 eventus.
954 4653 1037 4709 Ad
1083 4655 1201 4711 hac
1230 4655 1561 4726 quibusdam
1601 4655 1824 4711 conscio
1867 4652 2079 4725 pudore

483 4740 795 4811 silentibus,
822 4744 1153 4814 quibusdam
1204 4762 1335 4801 vero
1373 4745 1567 4801 timore
1596 4743 1805 4801 Otberti
1833 4727 1902 4800 ne
1926 4742 2073 4800 face-

467 4836 592 4885 rent
614 4826 761 4900 quod
785 4827 1047 4885 nolebant
1076 4829 1506 4902 opponentibus,
1534 4829 1750 4885 tandem
1782 4827 2072 4885 meliorum

470 4923 709 4995 optinuit
754 4937 1081 4991 consensus,
1118 4931 1199 4990 ut,
1256 4920 1406 4996 quod
1433 4936 1530 4978 eos
1567 4920 1812 4989 decebat,
1837 4919 2070 4991 justitia

468 5023 524 5071 et
548 5016 762 5071 veritati
792 5024 848 5073 et
875 5015 1226 5073 consulerent
1250 5016 1549 5085 honestati,
1574 5024 1741 5086 utque
1762 5014 1943 5070 abbati
1965 5029 2067 5084 pro

469 5105 689 5166 Christo
733 5109 960 5167 exilium
1002 5125 1170 5181 passo
1198 5118 1480 5183 gratanter
1500 5110 1880 5182 procederent,
1903 5123 2063 5164 eum-

469 5216 578 5272 que
601 5218 701 5271 pro
742 5220 844 5261 suo
871 5214 1327 5279 recOgnoscentes
1350 5204 1705 5261 bonorarent.
1736 5203 1855 5263 iliis
1882 5207 2069 5263 abbati

468 5293 680 5361 relatis,
726 5299 1148 5366 procedentibus
1193 5302 1299 5357 sibi
1345 5299 1613 5357 fratribus
1674 5300 1959 5357 humiliter
2007 5316 2067 5357 se

466 5390 841 5460 prasentavit,
872 5400 928 5446 et
960 5394 1425 5465 prosequentibus
1446 5410 1574 5451 eum
1603 5394 1713 5451 hiis
1736 5395 1832 5466 qui
1872 5410 2063 5451 secum

466 5480 752 5549 exierant,
800 5486 1219 5559 quampluribus
1254 5503 1480 5562 quoque
1534 5490 1631 5562 qui
1690 5489 1877 5548 audito
1936 5490 2064 5562 ejus

2180 4557 2388 4611 dictum
2426 4557 2681 4613 abbatem
2729 4558 3065 4614 infirmatum
3099 4557 3375 4626 audisset,
3402 4560 3457 4615 ei
3494 4562 3673 4632 quasi
3708 4577 3791 4615 ex.

2180 4652 2608 4717 communicato,
2641 4650 2690 4706 si
2734 4661 3062 4718 moreretur,
3093 4650 3384 4706 interdixit
3434 4651 3693 4710 fratrum
3720 4668 3793 4709 it-

2181 4740 2459 4813 pulturam
2515 4758 2902 4813 communem,
2951 4744 3063 4799 nisi
3108 4744 3211 4801 sibi
3266 4754 3328 4800 ut
3380 4746 3669 4819 episcopo
3706 4762 3794 4802 sua

2178 4836 2525 4894 satisfaceret
2563 4840 2645 4894 vel
2671 4839 3129 4896 communicaret.
3168 4839 3359 4895 Abbas
3391 4849 3593 4897 tamen
3625 4858 3693 4896 ex
3722 4840 3797 4894 ὴ-

2179 4931 2438 4987 lirmitate
2473 4932 2771 5000 convaluit,
2804 4943 2858 4988 et
2891 4931 3115 4987 malitia
3136 4928 3351 4988 Otberti
3383 4932 3701 4989 adversum
3744 4945 3797 4985 se

2179 5036 2576 5081 consummata
2608 5035 2761 5080 tanto
2784 5025 3034 5081 securior
3069 5034 3280 5096 quanto
3309 5034 3369 5081 ct
3392 5026 3641 5094 certior,
3668 5027 3797 5082 bat

2179 5118 2532 5190 cpistolarem
2565 5119 2873 5193 apol0giam
2912 5118 3134 5191 scripsit
3179 5119 3435 5176 ecclesia
3470 5117 3797 5180 Leodiensi.

2180 5211 2237 5268 in
2265 5227 2374 5283 qua
2404 5227 2463 5268 se
2485 5227 2586 5269 nec
2605 5213 3145 5269 excommunicatum
3171 5213 3446 5284 probavit,
3464 5229 3578 5271 nec
3602 5226 3797 5284 qua-

2177 5321 2346 5377 quam
2395 5305 2505 5363 nisi
2555 5307 2714 5377 culpa
2753 5308 3004 5380 exigente
3042 5322 3208 5378 posse
3258 5305 3795 5364 excommunicari:

2177 5397 2314 5456 Cum
2349 5399 2556 5454 nullum
2610 5402 2809 5456 crimen
2852 5401 3194 5458 anathemate
3230 5403 3449 5473 dignun
3495 5399 3795 5457 W

2175 5492 2303 5563 rint,
2329 5492 2527 5565 injuste
2556 5511 2638 5551 me
2675 5497 3196 5553 mammuuicataat
3232 5496 3504 5554 liberrim
3528 5490 3799 5566 ὀσμάς

2019 5606 2257 5669 ΝΟΤΕ.

463 5686 586 5814 mg
598 5686 693 5815 7%
730 5686 932 5760 Frena,
979 5689 1014 5748 ὰ
1058 5706 1167 5751 une
1205 5693 1351 5755 liene
1368 5703 1425 5755 et
1450 5694 1632 5756 demie
1658 5697 1728 5758 de
1760 5699 2062 5760 Saint-Hu-

2278 5771 2400 5829 180i
2431 5772 2573 5828 Bure
2623 5771 2689 5829 Β.

2251 5700 2400 5845 $179;
2429 5701 2701 5757 Conrado.

2256 5773 2378 5845 ,180
2431 5772 2573 5828 Bure
2623 5771 2689 5829 Β.
