3902 6286
104 192 218 253 “29

1083 185 1479 248 cuaomcon
1518 188 1578 246 s.
1619 170 1927 251 unum:
1963 195 2288 255 sunmus.

3195 210 3336 269 1450

103 312 207 384 quia
248 323 328 361 nec
368 305 457 378 fur
488 321 578 361 nec
612 301 901 376 sacrilegus
945 321 1063 359 sum
1089 304 1166 360 vel
1211 306 1290 378 fui
1329 307 1442 377 ejus
1491 307 1654 362 eccle-
1682 310 1878 369 Anam
1921 314 1968 367 si
2011 313 2119 368 tale
2149 314 2280 386 quid
2308 314 2516 385 feceris,
2554 317 2611 371 in
2634 325 2683 373 te
2715 318 2855 374 scias
2882 320 3280 379 vindicandum.
3314 346 3334 380 ι

101 404 197 468 sia,
217 416 362 471 quam
400 399 500 454 Dei
526 399 702 471 gratia
730 415 871 470 rego,
904 415 1065 470 neque
1087 398 1363 454 ecclesiam
1389 399 1653 473 aliquibus

102 496 194 551 suis
217 492 357 548 rebus
392 492 634 563 spoliavi,
669 508 760 546 nec
785 492 1065 562 quicquam
1108 491 1171 546 de
1195 492 1375 563 fundis
1412 493 1525 563 ejus
1562 502 1657 548 aut

99 583 280 641 vendidi
327 591 420 638 aut
468 584 697 637 distraxi
755 591 849 636 aut
885 583 1135 654 cuiquam
1162 582 1337 655 quoad
1363 583 1417 637 in
1447 600 1528 638 me
1554 584 1659 654 fuit

99 693 325 747 usurpare
366 676 602 748 permisi.
638 673 741 730 Sed
766 693 886 729 cum
929 662 1155 731 viderem
1186 691 1267 729 res
1308 675 1540 730 aliarum
1570 692 1659 729 ec-

95 771 351 826 clesiarum
383 786 416 823 a
444 770 554 823 suis
594 768 936 839 emptoribus,
973 768 1068 822 hoc
1109 776 1186 822 est
1242 785 1274 822 a
1315 767 1657 836 Wolbodone,

96 862 311 934 Leupone
365 861 454 929 “5,
504 859 815 929 Gisleberto,
869 859 1243 927 Warimundo,
1293 859 1431 914 male
1469 860 1659 932 diripi,

92 964 134 1009 et
162 956 210 1007 in
230 955 453 1024 pretium
482 954 789 1008 simoniacaz
822 969 931 1008 suae
957 952 1261 1008 venalitatis
1288 954 1514 1023 pessime
1547 954 1662 1008 dis—

95 1046 247 1112 trahi,
294 1046 482 1099 timens
520 1062 583 1100 ne
631 1046 884 1100 similiter
935 1045 1000 1099 ab
1032 1045 1211 1116 aliquo
1260 1062 1535 1116 pervasore
1584 1063 1664 1100 res

90 1137 307 1192 ecclesiw
354 1147 550 1194 nostrae
599 1138 1048 1209 dilapidarentur,
1100 1137 1328 1192 concilio
1390 1137 1665 1210 Godefridi

90 1229 231 1283 ducis
281 1218 612 1300 aliorumque
669 1230 991 1300 sapientium
1044 1230 1309 1297 virorum,
1366 1230 1456 1301 qui
1528 1228 1666 1301 quod

87 1330 255 1392 postea
284 1321 483 1374 accidit
510 1320 840 1389 verebantur,
875 1329 1082 1392 partem
1110 1321 1345 1375 thesauri
1377 1322 1463 1375 cui
1493 1322 1670 1376 maxi-

89 1429 164 1467 me
214 1411 480 1479 timebam,
525 1411 913 1483 egredientibus
964 1428 1166 1466 mecum
1230 1412 1294 1467 de
1348 1412 1669 1467 monasterio

86 1505 336 1575 fratribus
374 1506 502 1559 viris
547 1504 794 1575 ﬁdelibus
830 1506 1093 1571 commisi,
1125 1514 1175 1559 et
1210 1522 1312 1560 non
1341 1505 1478 1560 alias
1509 1522 1670 1577 quam

85 1597 223 1667 infra
255 1598 635 1667 possessionem
653 1606 703 1652 et
729 1596 955 1667 fundum
989 1596 1223 1653 ecclesia:
1242 1599 1416 1652 sancti
1443 1595 1671 1651 Huberti

1759 402 1897 459 Item
1929 403 2211 479 Gregorius
2230 403 2301 461 in
2322 409 2710 480 evangeliorum
2739 414 3054 468 tractatibus
3079 431 3097 468 :
3133 434 3152 465 ι
3193 414 3342 487 Saepe

1757 507 1994 567 pastores
2025 499 2259 555 ecclesiw
2287 502 2345 554 in
2388 501 2617 573 ligandis
2648 512 2699 559 et
2741 504 3001 561 solvendis
3031 524 3143 564 sure
3161 507 3347 563 volun-

1762 593 1889 648 tatis
1913 600 2087 648 motus
2137 610 2241 648 non
2269 603 2447 649 autem
2471 613 2756 651 causarum
2794 598 2985 653 merita
3023 610 3341 668 seauuntur,

1760 685 1899 740 unde
1927 687 1988 757 ﬁt
2016 694 2075 741 ut
2106 686 2206 741 hac
2226 687 2435 759 ligandi
2458 697 2508 743 et
2536 689 2771 745 solvendi
2799 700 3057 761 potestate
3086 710 3140 747 se
3159 696 3346 762 privet,

1761 778 1852 850 qui
1877 779 2014 834 hanc
2046 797 2141 850 pro
2163 782 2275 836 suis
2315 782 2699 850 voluntatibus,
2737 800 2838 838 non
2868 801 2964 855 pro
2990 785 3350 855 subjectorum

1764 870 1996 925 moribus
2034 882 2257 928 exercet.
2297 872 2447 945 Stepe
2468 876 2530 945 ﬁt
2550 884 2608 929 ut
2630 892 2756 947 erga
2795 878 3098 947 proximum
3124 877 3245 932 odio
3273 874 3352 932 vel

1764 964 1945 1034 gratia
1981 974 2250 1020 moveatur
2289 976 2491 1037 pastor.
2516 964 2775 1022 Judicare
2801 979 2979 1023 autem
3009 969 3074 1023 de
3101 969 3353 1039 subjectis

1766 1055 2229 1141 digne.nequeunt,
2255 1060 2345 1129 qui
2367 1059 2424 1112 in
2449 1059 2781 1113 subditorum
2808 1061 2982 1115 causis
3008 1078 3107 1114 sua
3132 1060 3209 1115 vel
3232 1060 3357 1114 odia

1771 1144 1850 1202 vel
1881 1147 2113 1218 gratiam
2149 1158 2460 1219 sequuntur.
2502 1149 2694 1205 Causa:
2726 1166 2847 1221 ergo
2892 1150 3180 1220 pensanda:
3203 1158 3351 1217 sunt,

1769 1245 1820 1291 et
1856 1246 1979 1292 tunc
2011 1237 2218 1309 ligandi
2250 1249 2299 1293 et
2338 1241 2573 1296 solvendi
2599 1251 2830 1313 potestas
2868 1241 3176 1298 exercenda.
3213 1262 3232 1293 ι

1840 1329 1931 1385 82.
1975 1330 2121 1403 (ΠΗ)
2163 1330 2241 1386 Ea
2262 1342 2578 1403 tempestate
2597 1376 2613 1402 ,
2646 1335 2897 1390 hortante
2926 1350 3066 1406 papa
3096 1332 3320 1389 Urbano
3341 1375 3356 1400 ,

1773 1435 1882 1474 una
1918 1419 2220 1491 eademque
2250 1421 2481 1477 intentio
2508 1424 2674 1479 totius
2705 1425 3007 1480 occidentis
3029 1424 3363 1479 christianos

1774 1511 2052 1592 exciverat
2078 1513 2339 1583 populos,
2389 1514 2639 1569 videlicet
2679 1525 2921 1572 armatos
2965 1514 3365 1586 Jerosolymam

1778 1605 1961 1672 adire,
1999 1614 2055 1660 et
2086 1604 2273 1661 Medos
2311 1616 2365 1662 ct
2406 1605 2601 1663 Persas
2630 1607 2727 1677 qui
2754 1623 2876 1663 eam
2924 1608 3239 1663 invaserant
3264 1605 3365 1660 de-

85 1708 200 1746 cum
230 1693 358 1761 ipsis
388 1691 620 1761 ﬁdeliter
654 1709 815 1764 usque
854 1693 923 1747 ad
953 1709 1117 1747 unum
1150 1693 1504 1764 quadrantem
1548 1709 1674 1746 con-
1706 1676 1750 1733 Β
1777 1697 2009 1764 bellare,
2065 1706 2378 1769 terramque
2432 1676 2874 1769 repromissionis
2924 1700 3027 1754 sibi
3078 1697 3367 1753 tenendam

82 1788 302 1855 servavi,
331 1802 604 1857 meamque
637 1789 1025 1845 restitutionem
1056 1798 1304 1861 operante
1330 1788 1428 1844 Dei
1473 1790 1672 1860 gratia,

84 1895 187 1933 non
215 1886 273 1932 ut
322 1877 635 1949 sacrilegus,
666 1880 758 1933 sed
795 1888 855 1933 ut
900 1880 1075 1950 ﬁdelis
1123 1872 1480 1948 conservator,
1536 1879 1674 1952 quod

80 1988 234 2026 suum
260 1978 380 2025 erat
425 1969 661 2026 ecclesiae
688 1988 890 2027 mecum
914 1974 1144 2027 restitui.
1180 1972 1328 2028 Unde
1355 1974 1399 2026 si
1436 1988 1554 2042 qua:
1580 1972 1677 2041 ja-

84 2060 264 2115 culata
301 2069 381 2115 est
407 2062 671 2115 sententia
704 2064 1269 2116 excommunicationis
1303 2050 1525 2116 irritam
1561 2077 1679 2115 eam

82 2160 289 2206 censent
338 2152 623 2221 prwsentia
673 2152 977 2207 testimonia
1010 2162 1319 2208 sanctarum
1371 2151 1681 2224 Scriptura—

89 2260 223 2310 rum,
253 2257 373 2313 quae
405 2258 485 2296 me
523 2250 857 2315 propugnant
886 2251 936 2297 et
967 2244 1284 2314 defundunt.
1320 2241 1679 2313 Hieronymus

82 2339 137 2391 in
159 2337 560 2391 commentariis
611 2353 769 2407 super
794 2334 852 2390 Μ
857 2337 1088 2391 αιΙιίειιηι
1116 2353 1320 2392 versum
1347 2335 1501 2389 illum
1524 2350 1685 2405 expo-

84 2447 208 2484 nens
237 2447 255 2484 :
321 2448 341 2481 ι
383 2428 760 2500 Quodcumque
805 2429 1057 2501 ligaveris
1098 2446 1254 2501 super
1302 2438 1528 2496 terram,
1583 2427 1688 2482 erit

78 2525 310 2596 ligatum
359 2531 412 2578 et
445 2524 503 2578 in
548 2522 724 2591 caelis,
765 2532 813 2578 et
866 2523 1231 2595 quodcumque
1271 2521 1488 2577 solveris
1532 2536 1689 2592 super

82 2628 305 2682 terram,
341 2617 445 2672 erit
501 2615 737 2671 solutum
768 2624 818 2671 et
868 2616 924 2669 in
955 2615 1101 2671 caelis
1146 2615 1367 2688 (Matth.
1405 2630 1519 2681 XVI,
1554 2613 1632 2686 9),
1665 2634 1683 2666 ι

75 2713 156 2766 ita
187 2712 383 2766 dicit:
422 2728 441 2762 ι
493 2708 667 2765 Istum
712 2708 888 2765 locum
931 2708 1210 2780 presbiteri
1244 2716 1294 2763 et
1316 2707 1549 2778 episcopi
1587 2722 1690 2760 non

77 2808 469 2879 intelligentes,
502 2805 708 2877 aliquid
747 2804 850 2860 sibi
896 2804 960 2858 de
986 2804 1374 2875 pharisworum
1414 2808 1693 2856 assumunt

74 2901 406 2973 supercilio,
436 2909 494 2954 ut
536 2898 616 2954 vel
641 2900 931 2969 dampnent
962 2899 1284 2965 innocentes,
1312 2896 1391 2952 vel
1417 2895 1614 2951 solvere
1641 2910 1694 2947 se

76 2996 275 3049 noxios
314 2992 664 3059 arbitrentur,
717 3008 836 3045 cum
871 2992 1013 3062 apud
1058 2990 1229 3045 Deum
1271 3007 1374 3044 non
1434 2990 1695 3044 sententia

69 3086 454 3153 sacerdotum,
503 3084 593 3139 sed
642 3100 851 3138 reorum
902 3084 1011 3138 vita
1034 3092 1327 3154 quieratur.
1368 3080 1615 3153 Legimus
1642 3081 1699 3134 in

66 3177 330 3233 Leuitico
360 3176 426 3231 de
453 3176 675 3247 leprosis
705 3176 792 3229 ubi
810 3175 1029 3245 jubetur
1063 3183 1121 3228 ut
1144 3175 1423 3229 ostendant
1451 3191 1504 3228 se
1532 3190 1702 3227 sacer-

63 3272 308 3328 dotibus
335 3285 356 3324 :
392 3287 414 3322 t
446 3268 518 3323 Et
547 3271 594 3323 si
625 3268 827 3339 lepram
853 3268 1155 3335 habuerint,
1190 3277 1313 3323 tunc
1358 3286 1389 3322 a
1428 3267 1700 3322 sacerdote

63 3363 363 3420 immundi
405 3363 542 3433 ﬁant
568 3360 759 3433 (Leuit.
792 3377 905 3428 xxv,
932 3360 1009 3431 4).
1045 3381 1062 3412 ι
1098 3378 1201 3415 non
1233 3362 1373 3432 quod
1404 3360 1701 3416 sacerdotes

56 3457 404 3512 immundos
430 3458 634 3526 faciant
664 3458 918 3527 leprosos,
945 3458 1034 3512 sed
1049 3458 1187 3529 quod
1206 3458 1432 3512 habeant
1454 3457 1703 3511 notitiam

54 3549 285 3620 leprosi
339 3554 401 3601 et
452 3564 556 3602 non
603 3548 818 3617 leprosi,
875 3559 924 3602 et
978 3552 1181 3619 possint
1238 3550 1554 3617 discernere,
1614 3552 1703 3622 qui

56 3641 325 3699 nmndus
370 3639 458 3696 vel
479 3641 570 3717 qui
607 3640 914 3694 immundus
949 3642 1039 3695 sit.
1073 3641 1350 3706 Quomodo
1383 3659 1507 3711 ergo
1530 3643 1705 3711 lepro-

42 3753 192 3795 sum
226 3733 315 3789 ibi
367 3733 625 3791 sacerdos
654 3732 910 3787 mundum
958 3731 1035 3787 vel
1082 3733 1414 3786 immundum
1437 3733 1709 3802 discoope-

57 3828 274 3886 riendo
305 3826 480 3898 facit,
533 3827 612 3880 sic
642 3833 693 3881 et
719 3826 804 3880 hic
838 3833 934 3879 aut
961 3824 1096 3896 ligat
1118 3833 1210 3878 aut
1241 3824 1397 3879 solvit
1435 3826 1708 3896 episcopus

58 3922 148 3978 vel
177 3918 495 3992 presbiter,
536 3934 641 3975 non
669 3934 755 3973 eos
789 3919 879 3988 qui
911 3919 1145 3973 insontes
1173 3925 1297 3972 sunt
1335 3926 1387 3973 et
1423 3920 1593 3985 noxii,
1620 3919 1710 3974 sed

60 4032 173 4088 pro
220 4012 417 4085 ofﬁcio
462 4028 558 4065 suo
607 4027 727 4066 cum
769 4019 1107 4082 peccatorum
1145 4010 1379 4066 audierit
1405 4012 1710 4079 varietates,

59 4108 177 4162 scit
210 4105 323 4178 qui
374 4102 630 4174 ligandus
660 4104 738 4158 vel
759 4105 850 4175 qui
889 4104 1167 4159 solvendus
1211 4105 1301 4159 sit.
1357 4124 1376 4157 ι
1429 4102 1712 4175 Gregorius

58 4217 224 4273 papa
269 4197 563 4251 Januario
592 4195 929 4253 Caraliitano
954 4198 1243 4268 episcopo:
1288 4212 1307 4250 α
1351 4195 1504 4252 Inter
1532 4213 1716 4267 quere-

60 4294 157 4348 las
210 4288 574 4360 multiplices
608 4289 854 4345 Isidorus
905 4292 986 4351 vir
1013 4290 1347 4345 clarissimus
1384 4307 1417 4345 a
1456 4291 1714 4361 fraterni-

1780 1790 2093 1860 subjugarc.
2131 1790 2265 1847 Huic
2295 1791 2625 1861 expeditioni
2651 1809 2756 1848 non
2791 1793 2968 1849 solum
2993 1791 3221 1847 diversae
3247 1798 3372 1846 atta-

1780 1886 1851 1941 tis
1890 1886 2208 1956 populares,
2250 1886 2344 1942 sed
2370 1886 2534 1941 etiam
2561 1885 2663 1956 ipsi
2690 1886 3100 1956 provinciarum
3132 1900 3370 1940 consen-

1781 1987 1965 2035 serant
1992 1979 2297 2049 principes,
2337 1988 2392 2034 et
2420 1988 2615 2049 sponte
2650 1977 2981 2049 posthabitis
3013 1977 3282 2032 uxoribus
3313 1981 3371 2029 ct

1781 2068 1940 2134 ﬂiis,
1974 2070 2279 2124 honoribus
2300 2084 2523 2139 quoque
2544 2077 2598 2124 et
2633 2066 2981 2139 patrimoniis
3008 2074 3105 2121 aut
3147 2064 3376 2119 omnino

1783 2161 1993 2218 relictis
2023 2171 2116 2216 aut
2140 2163 2313 2231 pretio
2342 2162 2620 2217 distractis
2638 2203 2654 2228 ,
2688 2161 3024 2216 festinabant
3049 2169 3270 2228 captare
3293 2158 3379 2210 in-

1785 2262 1934 2309 certa
1965 2268 2064 2324 pro
2100 2253 2285 2308 certis.
2320 2253 2459 2308 Cum
2505 2252 2615 2307 hiis
2656 2250 2987 2307 Godefridus
3009 2251 3119 2304 dux
3161 2250 3238 2303 ire.
3268 2249 3382 2304 dis.

1786 2357 2078 2419 posuerat,
2123 2356 2178 2401 et
2212 2362 2379 2402 causa
2416 2346 2649 2416 parandi
2679 2353 3021 2402 commeatus
3053 2342 3384 2399 Buloniense

1790 2450 2034 2497 castrum
2080 2439 2307 2494 Otberto
2336 2440 2528 2494 venale
2577 2447 2927 2509 exposuerat.
2984 2437 3167 2492 Causa
3216 2434 3384 2504 hujus

1790 2536 1995 2607 negotii
2019 2535 2324 2606 exequendi
2340 2534 2431 2591 Ida
2457 2544 2632 2591 mater
2644 2534 2802 2590 ducis
2823 2532 3069 2603 ejusdem
3090 2529 3385 2585 Bulonium

1791 2630 1941 2687 venit
1971 2649 1986 2698 ;
2020 2647 2142 2701 quae
2169 2629 2362 2685 videns
2399 2628 2680 2699 deperisse
2703 2625 3060 2682 elemosinam
3099 2621 3272 2692 patris
3300 2619 3390 2675 sui

1794 2726 2023 2796 majoris
2055 2723 2369 2791 Godefridi,
2403 2734 2457 2779 et
2480 2721 2781 2778 monachos
2819 2717 3146 2776 discessisse
3187 2716 3257 2771 ab
3296 2729 3390 2769 ec-

1795 2820 1963 2876 clesia
1997 2819 2142 2874 beati
2190 2817 2335 2873 Petri
2383 2832 2659 2873 consensu
2688 2814 2786 2870 ﬂlii
2817 2813 2906 2869 sui
2949 2809 3260 2876 Godefridi,
3294 2808 3390 2879 qui

1796 2913 2045 2969 remissis
2075 2911 2336 2967 fratribus
2365 2911 2434 2967 ad
2480 2918 2713 2966 matrem
2752 2904 3043 2963 ecclesiam
3082 2902 3227 2959 beati
3268 2900 3384 2956 Hno

1799 3005 1969 3069 berti,
2000 3005 2221 3059 hortatu
2243 3002 2430 3057 domui
2457 3000 2677 3057 Henrici
2700 2997 2977 3071 pontificis
3002 2998 3196 3053 iterata
3223 2994 3394 3049 dona-

1804 3098 1952 3153 tione
1996 3096 2155 3165 legali
2204 3094 2469 3166 quidquid
2498 3102 2619 3149 erat
2660 3092 2977 3149 elemosiua:
3014 3088 3255 3161 praedicti
3309 3087 3396 3141 avi

1801 3189 1892 3246 sui
1920 3188 1977 3243 in
2003 3188 2168 3243 rebus
2194 3186 2491 3242 mobilibus
2524 3186 2611 3241 vel
2636 3184 3014 3239 immobilibus
3045 3182 3207 3237 beato
3235 3178 3398 3235 Petro

1803 3290 1857 3338 et
1889 3281 2051 3337 beato
2083 3279 2325 3336 lluberto
2348 3279 2647 3335 tradiderat
2668 3291 2854 3333 coram
2880 3274 3117 3331 testibus
3144 3272 3389 3338 idoneis,

1805 3375 2045 3449 graviter
2075 3374 2235 3441 tulit,
2295 3382 2349 3429 et
2379 3373 2634 3428 abbatem
2691 3370 3091 3425 Theodericum
3123 3367 3192 3422 ad
3226 3380 3286 3421 se
3309 3380 3401 3420 ve-

1805 3469 1927 3535 nire
1952 3467 2253 3524 mandavit.
2289 3466 2335 3519 Α
2361 3482 2470 3536 quo
2513 3466 2645 3520 dum
2669 3470 2943 3533 quaereret
2969 3476 3096 3517 cum
3138 3472 3397 3523 maerore,

1806 3575 1907 3616 cur
1942 3559 2027 3615 vel
2074 3557 2351 3629 quomodo
2384 3554 2651 3612 memoria
2695 3553 2868 3625 patris
2900 3551 2987 3607 sui
3017 3552 3141 3606 loco
3172 3550 3268 3604 illo
3302 3548 3401 3604 de-

1809 3651 2057 3716 fecisset,
2083 3649 2370 3720 respondit
2396 3649 2567 3704 abbas
2619 3647 2676 3702 id
2712 3646 2871 3702 fratri
2909 3660 3013 3703 suo
3053 3652 3108 3700 et
3141 3642 3258 3698 lilio
3299 3656 3403 3697 suo

1804 3741 2231 3823 imputandum,
2280 3740 2374 3808 qui
2398 3740 2696 3794 subtractis
2747 3739 3018 3795 reditibus
3073 3734 3406 3792 adnichilas—

1813 3843 1935 3892 sent
1962 3834 2145 3890 locum
2176 3846 2478 3900 omnesque
2519 3830 2893 3885 destructores
2935 3830 3057 3899 ejus
3090 3835 3283 3884 nosset
3306 3842 3405 3882 ex-

1814 3924 2250 3983 communicatos
2285 3923 2588 3978 secundum
2636 3921 2932 3977 Alexandri
2977 3935 3130 3990 papa:
3190 3918 3409 3988 privile-

1815 4018 1988 4090 gium.
2015 4016 2086 4069 At
2109 4014 2312 4071 femina
2334 4012 2557 4069 virtutis
2579 4011 2813 4069 sollicita
2844 4026 2945 4082 pro
2968 4018 3121 4081 patre
3146 4007 3409 4063 salvando

1815 4106 2057 4177 itemque
2070 4121 2171 4176 pro
2194 4104 2365 4161 fratre
2386 4113 2442 4161 et
2460 4103 2575 4160 filio
2602 4104 2936 4161 absolvendo
2957 4144 2971 4170 ,
3004 4102 3258 4157 abbatem
3281 4116 3410 4156 cum

1816 4200 2060 4257 lacrimis
2097 4200 2297 4255 adorea
2328 4207 2415 4256 est
2438 4214 2633 4265 orare,
2681 4206 2744 4253 ut
2769 4211 2960 4253 curam
2990 4194 3238 4251 ecclesia:
3263 4193 3412 4251 beati

1817 4292 1965 4349 Petri
1993 4302 2330 4360 resumeret,
2366 4300 2421 4348 et
2450 4291 2708 4363 repositis
2748 4290 2825 4345 ibi
2854 4288 3120 4344 fratribus
3141 4330 3155 4356 ,
3193 4287 3413 4358 pericu—

64 4393 191 4441 tate
253 4391 370 4438 tua
417 4398 473 4436 se
504 4384 1019 4438 excommunicatum
1056 4392 1371 4455 conquestus
1399 4393 1477 4439 est
1507 4400 1526 4437 :
1576 4400 1672 4455 quo

1817 4388 1932 4445 lum
1953 4402 2145 4443 eorum
2168 4386 2263 4458 qui
2285 4386 2342 4441 in
2362 4384 2536 4441 Deum
2558 4394 2613 4441 et
2630 4392 2843 4455 patrem
2863 4398 3025 4438 suum
3049 4389 3416 4453 peccaverunt

58 4496 170 4535 cur
231 4478 474 4549 factum
519 4475 703 4544 fuerit,
754 4476 881 4530 dum
911 4494 945 4531 a
989 4477 1184 4532 clerico
1207 4477 1277 4509 ¹¹⁶
1305 4486 1395 4531 tuo
1443 4478 1534 4548 qui
1575 4493 1715 4548 pra:-

58 4589 197 4627 sens
234 4577 379 4626 erat
406 4565 756 4623 voluissemus
780 4570 1074 4639 addiscere,
1105 4587 1200 4642 pro
1242 4569 1391 4625 nulla
1412 4570 1527 4625 alia
1556 4587 1719 4626 causa

56 4666 182 4720 nisi
218 4678 338 4735 pro
369 4676 441 4716 eo
464 4660 606 4732 quod
639 4670 688 4716 te
714 4662 1065 4732 injuriaverat
1079 4664 1283 4735 factum
1309 4664 1560 4719 innotuit.
1587 4662 1719 4730 Quae

58 4776 151 4813 res
196 4773 313 4811 nos
371 4753 710 4809 vehementer
741 4755 930 4824 afflixit
957 4771 974 4809 :
1012 4756 1137 4827 quia
1162 4757 1209 4811 si
1240 4758 1317 4810 ita
1343 4766 1441 4825 est,
1474 4756 1643 4812 nichil
1671 4766 1721 4812 te

52 4853 341 4923 cogitare
360 4847 442 4902 de
464 4846 760 4901 caelestibus
777 4849 1008 4903 ostendis
1027 4866 1045 4914 ;
1066 4850 1156 4904 sed
1181 4858 1442 4904 terrenam
1465 4858 1513 4905 te
1534 4849 1721 4904 habere

53 4941 578 5000 conversationem
616 4940 919 5011 signiﬁcas,
946 4941 1072 4993 dum
1110 4958 1203 5011 pro
1226 4943 1461 4997 vindicta
1495 4944 1723 5014 propria:

47 5038 344 5107 injuriae,
404 5033 554 5105 quod
591 5034 761 5087 sacris
790 5034 986 5104 regulis
1016 5034 1341 5103 prohibetur,
1385 5036 1722 5091 maledictio«

50 5148 195 5185 nem
256 5126 659 5184 anathematis
688 5127 957 5182 invenisti.
1001 5125 1149 5182 Unde
1174 5127 1238 5181 de
1283 5137 1452 5182 cetero
1479 5139 1590 5185 esto
1616 5129 1725 5183 cir-

46 5225 465 5291 cumspectus
522 5224 679 5288 atque
730 5216 1017 5285 sollicitus,
1062 5226 1111 5272 et
1170 5216 1303 5273 talia
1344 5219 1591 5291 cuiquam
1632 5238 1727 5292 pro

48 5312 442 5386 defensione
465 5308 683 5379 injuriis
707 5318 812 5368 tuae
846 5311 1041 5382 inferre
1069 5311 1241 5368 denuo
1268 5328 1373 5368 non
1401 5330 1726 5384 prwsumas;

1822 4481 2147 4538 absolveret.
2194 4479 2277 4535 Ad
2330 4479 2448 4534 haec
2490 4478 2661 4534 abbas
2699 4492 2827 4533 cum
2870 4483 3095 4547 negaret
3145 4489 3204 4529 se
3250 4487 3416 4543 posse

1823 4574 1972 4647 quod
2001 4573 2297 4646 cogebatur
2339 4571 2514 4640 velle,
2559 4579 2735 4627 mater
2775 4569 2949 4625 ﬁlium
2992 4584 3155 4624 suum
3200 4566 3419 4637 impulit

1821 4667 2104 4740 porrigere
2132 4666 2211 4721 illi
2231 4664 2511 4721 humiliter
2537 4664 2760 4721 vadium
2782 4661 3180 4720 satisfactionis
3197 4703 3212 4727 ,
3242 4668 3415 4729 utque

1822 4761 2040 4818 veniam
2106 4757 2693 4815 excommunicationis
2760 4757 3069 4823 obtineret,
3123 4751 3415 4810 ecclesiam

1824 4863 2059 4911 matrem
2084 4853 2151 4909 de
2170 4851 2410 4908 Saltiaco
2434 4851 2553 4907 rivo
2577 4850 2726 4923 (181)
2757 4866 2881 4907 cum
2912 4848 3137 4920 capellis
3172 4846 3250 4901 illi
3281 4845 3415 4902 sub-

1823 4947 1984 5020 jectis
2021 4946 2262 5017 itemque
2297 4944 2505 5015 capella
2531 4944 2708 5000 sancti
2730 4942 2997 4999 Johannis
3026 4950 3081 4996 et
3107 4937 3416 5011 prmbendis

1826 5039 1904 5095 ibi
1944 5038 2348 5096 deserventium
2399 5037 2726 5093 clericorum
2756 5036 3123 5104 omnibusque
3168 5032 3416 5104 ejusdem

1828 5131 2050 5203 capellae
2093 5130 2390 5186 mobilibus
2442 5136 2496 5184 et
2538 5127 2952 5196 immobilibus;
3001 5126 3079 5181 ita
3124 5133 3304 5181 tamen
3354 5132 3418 5179 ut

1829 5223 2217 5281 decedentibus
2248 5220 2462 5278 clericis
2488 5221 2585 5293 qui
2609 5227 2767 5278 erant
2794 5227 2928 5276 tunc
2962 5216 3258 5290 temporis,
3299 5230 3413 5272 om~

1831 5317 1925 5379 nia
1956 5316 2276 5388 subiaceant
2295 5314 2587 5373 monachis
2604 5357 2621 5386 ,
2657 5320 2989 5387 procurante
3016 5311 3214 5370 abbate
3239 5307 3426 5382 capel-

1418 5402 1655 5462 VARLE
1688 5398 2096 5464 LECTlONES.’

137 5499 228 5535 au
262 5495 646 5570 Leupodone
674 5497 723 5553 l.
757 5495 828 5553 ρι’.
905 5496 974 5531 ¹¹⁶
996 5498 1145 5557 clero
1175 5499 1227 5554 1.
1263 5498 1334 5554 l‘.

137 5689 340 5770 (181)
392 5685 764 5746 Sansanruth.
798 5686 862 5743 Β.

1634 5592 1865 5655 ΝΟΤιΕ.
