3902 6286
140 283 278 347 M33

1158 279 1554 345 CHRONICON
1591 286 1649 344 S.
1688 285 1999 351 HUBERTI
2025 297 2348 358 ANOAGIN.
2380 244 2385 251 ι

3256 301 3396 379 i451

139 399 339 495 sialiter
354 398 442 495 ‘vel
464 414 557 469 per
585 393 794 495 litteras
817 396 931 468 ejus
953 406 1193 495 signatas
1237 409 1372 455 esset
1408 401 1707 471 absolutus,
1737 407 1784 467 Α
1818 405 1974 481 Hugo
2023 412 2391 486 Lugdunensis
2444 420 2861 495 archiepiscopus
2912 443 3116 485 omnem
3163 370 3400 492 ονάέᾇέιᾲ

139 508 198 545 ac
238 491 315 544 sic
345 489 478 544 liber
510 490 902 561 archiepiscopo
945 490 1189 547 Remensi
1226 511 1497 550 concessus
1523 512 1542 550 :
1560 497 1716 567 judi—

137 589 315 636 catum
364 591 440 634 est
503 582 678 652 ipsum
707 583 771 637 ab
825 584 1013 639 abbate
1063 601 1157 639 suo
1200 589 1714 643 excommunicatum

136 688 243 726 esse
262 714 278 738 ,
307 688 399 726 nec
429 673 493 727 ab
516 675 756 746 episcopo
785 674 1028 731 Remensi
1052 678 1270 733 retineri
1296 696 1465 750 posse.
1498 679 1714 737 Iudicio

133 763 316 835 ﬁnito,
354 766 671 836 swpedictus
704 768 993 823 monachus
1018 770 1232 825 minime
1264 770 1549 843 adquievit,
1581 780 1630 827 et
1657 780 1716 827 ut

134 857 375 929 pluribus
415 860 620 927 videtur
655 878 894 933 quaerens
930 865 1261 919 occasionem
1292 866 1550 937 vagandi,
1578 882 1716 936 pra:-

134 949 350 1023 gravari
375 970 429 1007 se
474 955 653 1024 dixit;
671 965 720 1011 et
751 958 1077 1012 audientiam
1120 968 1347 1013 vestram
1385 960 1712 1015 reclamavit.

138 1039 303 1106 Quem
340 1042 459 1098 cum
504 1046 930 1119 archiepiscopus
982 1051 1205 1105 retinere
1240 1050 1391 1105 vellet
1441 1060 1491 1104 et
1538 1050 1720 1105 abbati

133 1151 229 1188 suo
259 1136 506 1205 reddere,
536 1123 1204 1210 propter-reclamationem
1234 1130 1461 1198 vestram
1497 1143 1721 1198 liberum

133 1228 376 1297 permisit
399 1229 494 1284 ire.
530 1229 635 1296 Qui
670 1232 817 1286 illico
848 1232 919 1287 ad
942 1250 1034 1288 nos
1064 1236 1300 1303 veniens,
1348 1235 1424 1289 rei
1451 1243 1608 1306 gesta:
1639 1252 1721 1289 se-

136 1317 267 1370 riem
296 1318 446 1374 nobis
476 1324 770 1392 nuntiavit,
804 1333 855 1377 et
885 1340 949 1379 ex
971 1326 1084 1396 ejus
1119 1320 1374 1380 relatione
1401 1326 1720 1394 didicimus,

131 1407 275 1477 iuste
300 1425 420 1465 eum
445 1430 595 1482 posse
628 1413 888 1469 revocari“
887 1415 950 1470 ab
981 1416 1168 1471 abbate
1200 1414 1425 1486 Majoris
1459 1424 1725 1470 monaste-

134 1502 225 1555 rii.
280 1501 565 1559 Nuntiavit
614 1508 775 1561 etiam
824 1499 973 1563 nbbis
1019 1526 1114 1580 pro
1170 1509 1473 1580 hujusmodi
1521 1510 1727 1580 negotio

132 1594 396 1664 quosdam
422 1596 616 1666 fratres
647 1597 872 1668 Majoris
908 1602 1218 1655 monasterii
1250 1601 1320 1654 ad
1347 1617 1439 1655 nos
1463 1611 1728 1668 venturos,

132 1694 182 1741 et
216 1687 368 1742 nobis
411 1689 751 1759 oﬂ‘erentibus
797 1702 855 1746 ut
892 1710 987 1764 pro
1028 1711 1126 1748 sua
1161 1695 1613 1749 commendatione
1636 1693 1732 1755 [vel

1820 518 1995 560 rerum
2024 505 2168 561 vobis
2200 510 2541 580 significavit,
2579 515 2715 569 sicut
2745 518 3065 590 audivimus,
3104 530 3401 584 reverentius

1818 605 2003 653 vestra:
2034 602 2397 673 suggerimus,
2432 614 2489 658 ut
2522 606 2567 659 si
2597 607 2668 660 ad
2690 625 2777 663 vos
2812 614 3178 681 veneritidem
3215 635 3404 673 mona-

1821 692 1968 760 chus,
1991 695 2332 764 prudentiam
2356 707 2584 753 vestram
2619 701 2782 757 nullis
2816 705 3191 763 circumveniat
3244 711 3405 765 calli-

1819 785 2099 855 ditatibus,
2137 789 2227 843 sed
2262 791 2481 861 faciatis
2516 794 2566 848 ei
2589 796 2877 851 secundum
2900 801 3219 870 sapientiam
3246 820 3408 875 quam

1822 893 1855 930 a
1900 876 2010 932 Deo
2063 879 2289 936 habetis.
2351 881 2845 942 Reverentissimam
2895 906 2957 944 ac
3004 891 3429 955 dilectissimam;

1821 968 1969 1023 nobis
2007 974 2382 1043 paternitatem
2419 986 2644 1047 vestram
2669 979 2911 1049 dominus
2958 982 3200 1039 Christus
3222 1003 3410 1041 sanam

1821 1063 1870 1108 et
1902 1055 2215 1155 iitcolumem
2238 1061 2386 1138 nobis
2422 1073 2684 1120 conservet
2713 1075 2763 1120 et
2789 1069 3045 1125 universw
3070 1071 3324 1127 ecclesiae.

1895 1211 1984 1267 85.
2010 1211 2181 1285 (106.)
2198 1215 2380 1273 Abbas
2402 1227 2582 1275 autem
2596 1219 2965 1279 Theodericus
2987 1223 3043 1277 in
3073 1223 3212 1280 festo
3235 1225 3413 1280 sancti

1827 1302 2030 1375 rEgidii
2055 1304 2222 1378 (Sept.
2260 1310 2332 1378 1),
2370 1311 2463 1382 qui
2521 1314 2651 1369 olim
2696 1314 2873 1391 fuerat
2900 1318 3017 1372 dies
3044 1317 3412 1372 ordinationis

1826 1396 1967 1467 ejus,
2010 1399 2077 1453 de
2115 1404 2448 1457 monasterio
2473 1421 2725 1476 egressus
2763 1425 2888 1463 eum
2932 1407 3119 1464 Remis
3170 1424 3415 1464 morare-

1827 1498 1940 1557 tur,
1966 1491 2021 1546 in
2053 1493 2451 1565 sollempnitate
2480 1500 2654 1551 sancti
2684 1499 2913 1571 Remigii
2961 1501 3209 1571 sequenti
3250 1515 3413 1555 vene-

1832 1590 1963 1637 runt
1988 1583 2055 1639 ad
2078 1600 2203 1639 eum
2228 1584 2498 1643 Rainerus
2520 1586 2781 1655 Pirensis,
2806 1591 3079 1647 Robertus
3122 1591 3416 1654 Cunensis,

1835 1675 2092 1733 Wiredus
2135 1694 2353 1749 quoque
2400 1683 2725 1751 praepositus
2755 1681 3175 1750 Eberneicortis,
3222 1683 3288 1737 de
3331 1682 3421 1735 in-

133 1782 502 1849 restitutione,
539 1786 586 1838 si
613 1785 732 1854 ﬁeri
752 1752 925 1856 posset
946 1828 961 1854 ,
994 1803 1079 1841 eos
1102 1796 1426 1857 expectaret,
1465 1789 1722 1841 sustinere
1751 1770 1799 1831 Β
1827 1771 2071 1825 “ultione
2116 1770 2237 1840 eius
2272 1772 2476 1827 certius
2519 1774 2856 1845 ίηψιῖεῖιυνίο
2884 1776 2929 1829 Α
2959 1792 3070 1846 (1υο
3118 1790 3244 1830 cum
3280 1773 3422 1828 dmi"
3449 1752 3461 1761 .

133 1872 340 1941 noluit,
363 1883 414 1928 et
434 1893 465 1928 a
498 1875 645 1931 nobis
667 1878 941 1933 abscessit.
965 1878 1065 1934 Die
1087 1888 1263 1935 autem
1291 1881 1446 1934 tertio
1467 1890 1585 1951 post
1613 1880 1727 1950 ejus

133 1964 441 2021 abscessum
468 1968 691 2024 domnus
733 1970 1020 2043 Hilgoldus
1043 1974 1310 2043 quondam
1337 1970 1729 2026 Suessionensis

134 2058 420 2128 episcopus
452 2060 600 2131 (187)
629 2070 679 2115 et
704 2063 875 2130 frater
896 2063 1126 2116 Pontius
1150 2073 1327 2117 noster
1350 2064 1617 2134 quondam
1638 2079 1733 2115 no-

137 2157 257 2215 tus,
297 2149 563 2221 Rodulfus
587 2169 788 2223 quoque
827 2153 1096 2208 Remensis
1140 2154 1374 2209 ecclesia:
1416 2155 1732 2225 praepositus

137 2243 209 2296 ad
244 2259 340 2297 nos
364 2245 621 2299 venientes
641 2287 656 2313 ,
681 2263 790 2300 rem
820 2257 1024 2318 gestant
1049 2248 1199 2302 nobis
1224 2266 1317 2318 per
1341 2249 1579 2302 ordinem
1608 2265 1737 2302 nar-

137 2346 425 2405 raverunt,
467 2348 516 2393 et
547 2355 611 2393 ex
637 2349 789 2410 parte
813 2340 1082 2395 Remensis
1113 2326 1495 2412 archiepiscopi
1527 2341 1736 2395 litteras

137 2431 478 2499 obtulerunt,
542 2432 871 2487 obsecrantes
918 2442 992 2505 ut
1026 2442 1205 2488 nostro
1247 2432 1470 2487 consilio
1509 2432 1740 2487 alterum

136 2522 392 2579 abbatem
413 2526 471 2578 in
484 2526 707 2580 ecclesia
733 2526 873 2579 beati
893 2525 1120 2596 Remigii
1143 2526 1245 2580 sibi
1264 2527 1512 2579 ordinare
1538 2525 1740 2593 liceret,

138 2634 205 2673 ne
235 2619 622 2674 detrimentum
670 2627 972 2690 pateretur,
1022 2620 1069 2673 si
1119 2619 1212 2673 diu
1266 2627 1463 2674 rectore
1515 2626 1737 2672 careret.

141 2710 304 2778 Quod
334 2713 565 2787 quidem
608 2723 822 2784 propter
871 2713 1043 2767 solam
1076 2714 1485 2784 appellationem
1518 2721 1746 2767 vestram

140 2805 324 2878 facere
352 2805 652 2873 noluimus,
682 2808 922 2877 quamvis
953 2806 1092 2877 quod
1137 2807 1193 2860 in
1237 2815 1383 2860 tanto
1415 2813 1666 2859 conventu
1695 2809 1748 2857 et

139 2915 175 2954 ιι
206 2908 324 2954 tam
354 2900 600 2955 discretis
632 2902 868 2971 personis
901 2900 1109 2969 factum
1142 2900 1348 2970 fuerat,
1370 2899 1581 2969 justum
1622 2913 1746 2950 cen-

140 3007 405 3045 seremus.
435 2990 624 3062 Itaque
651 3009 770 3045 cum
794 3008 896 3045 non
931 2992 1002 3045 sit
1052 3000 1291 3045 nostrum
1317 2991 1623 3044 sanctitatis
1665 3004 1749 3042 ve-

139 3092 274 3138 strce
309 3084 651 3154 prudentiam
676 3083 891 3151 docere,
920 3083 1192 3153 provideat
1228 3091 1399 3136 vestra
1427 3081 1746 3152 paternitas,

140 3174 388 3247 qualiter
433 3176 690 3246 prcedicto
731 3176 1022 3242 monacho,
1055 3177 1102 3229 si
1136 3175 1477 3246 prwsentiam
1521 3182 1748 3228 vestram

144 3267 356 3323 adierit
401 3268 479 3322 vel
509 3268 718 3323 litteras
754 3269 897 3324 vobis
931 3269 1219 3335 direxerit,
1260 3265 1638 3337 respondeatis.
1691 3261 1751 3318 Si

141 3360 294 3414 enim
314 3361 540 3416 ecclesia
573 3362 712 3416 beati
738 3361 965 3433 Remigii
989 3362 1185 3416 venerit
1207 3361 1263 3414 in
1291 3368 1548 3431 potestate
1580 3357 1754 3412 alicu-

133 3453 235 3522 jus
265 3454 594 3527 irreligiosi,
617 3466 667 3510 et
697 3456 750 3511 in
789 3456 1166 3527 temporalibus
1206 3464 1255 3509 et
1284 3456 1341 3509 in
1375 3453 1752 3525 spiritualibus

143 3544 465 3610 minuetur,
502 3554 550 3598 et
583 3563 704 3599 cum
735 3549 970 3616 periculo
1012 3551 1316 3603 animarum
1342 3547 1517 3601 cultus
1560 3547 1754 3601 divini:

145 3636 440 3708 religionis
465 3636 539 3690 ibi
571 3637 1011 3693 adnichilabitur.

225 3730 321 3785 84.
370 3729 547 3801 (105.)
587 3728 745 3805 fingo
782 3746 1003 3801 quoque
1048 3729 1433 3784 Cluniacensis
1472 3727 1645 3794 abbas
1687 3725 1757 3781 de

147 3825 357 3883 eodem
387 3824 607 3897 negotio
631 3824 854 3894 scripsit
881 3824 1056 3879 eidem
1087 3839 1241 3894 papae
1267 3821 1490 3877 Urbano
1516 3839 1527 3876 :
1557 3821 1759 3873 Aman-

151 3917 377 3976 tissimo
397 3925 449 3970 et
470 3916 905 3971 reverendissimo
939 3917 1082 3987 patri
1102 3958 1117 3983 ,
1145 3924 1342 3969 sancta:
1372 3923 1528 3985 atque
1553 3920 1763 3983 aposto-

151 4014 281 4067 lica:
309 4009 455 4065 sedis
477 4024 682 4063 summo
698 4008 962 4079 pontifici,
997 4016 1189 4060 domno
1210 4021 1361 4076 papw
1382 4003 1616 4071 Urbano,
1642 4004 1756 4073 fra—

154 4115 240 4162 ter
287 4101 453 4173 Hugo
506 4099 874 4155 Cluniacensis
924 4117 1043 4153 cum
1068 4107 1181 4152 tota
1230 4097 1632 4169 congregatione
1663 4112 1761 4149 no-

154 4205 280 4253 stra
318 4194 604 4249 continuas
638 4200 689 4246 et
728 4191 1073 4261 fidelissimus
1102 4189 1392 4244 devotionis
1417 4188 1685 4242 orationes
1712 4192 1762 4240 et

153 4295 480 4362 perpetuam
509 4301 712 4357 pacem.
750 4283 946 4351 Multi,
976 4301 1006 4337 o
1043 4282 1254 4336 domine
1286 4289 1470 4350 pater,
1498 4279 1666 4349 justis
1700 4294 1763 4333 ac

155 4379 490 4437 necessariis
532 4377 709 4431 causis
751 4373 1099 4430 existentibus
1131 4373 1349 4443 cupiunt
1391 4372 1608 4442 dignam
1675 4386 1765 4425 ve-

157 4483 340 4529 stram
404 4471 554 4525 adire
619 4469 988 4539 praesentiam,
1045 4466 1135 4520 sed
1180 4464 1538 4535 impediuntur
1606 4464 1848 4540 variisD

158 4564 577 4640 difﬁcultatibus
599 4561 991 4617 obsistentibus.
1030 4558 1178 4613 Unde
1199 4567 1248 4613 et
1270 4557 1439 4629 aliqui
1466 4572 1647 4611 eorum
1671 4556 1778 4611 sal-

162 4671 274 4718 tem
320 4657 397 4713 ad
443 4672 538 4711 nos
562 4655 797 4721 veniunt,
828 4653 983 4725 quasi
1030 4652 1098 4705 ad
1122 4651 1436 4706 domesticos
1480 4660 1698 4717 vestros,
1728 4650 1778 4704 si

159 4771 270 4827 quo
296 4750 462 4807 modo
492 4750 568 4803 eis
606 4746 918 4802 consulatur
945 4745 1024 4801 vel
1065 4745 1405 4800 subveniatur
1435 4745 1653 4800 illorum
1682 4760 1775 4799 ne-

162 4844 538 4904 cessitatibus.
582 4839 732 4895 Inter
761 4856 890 4911 quos
921 4840 1144 4893 domnus
1183 4837 1457 4893 Manasses
1493 4838 1777 4893 Remorum

162 4939 442 5013 pontifex,
471 4943 637 4990 vester
662 4932 878 4988 humilis
900 4931 1068 5002 filius,
1101 4941 1267 4986 noster
1319 4948 1520 5003 quoque
1561 4931 1773 4986 devotus

166 5031 410 5095 amicus,
457 5042 610 5097 quem
639 5033 689 5081 et
715 5025 772 5078 in
812 5022 925 5077 alia
953 5022 1178 5093 epistola
1206 5022 1350 5076 vobis
1383 5023 1776 5077 commendavi-

165 5142 314 5192 mus,
343 5122 661 5191 conquestus
681 5127 759 5174 est
789 5118 936 5172 nobis
962 5117 1027 5171 de
1050 5114 1247 5186 Majori
1268 5117 1585 5171 monasterio
1606 5117 1661 5170 in
1685 5131 1773 5171 ec-

169 5217 345 5275 clesia
371 5214 517 5270 beati
544 5212 774 5283 Remigii
802 5228 856 5266 se
876 5209 1155 5282 quemdam
1191 5208 1507 5263 monachum
1532 5208 1775 5262 abbatem

170 5311 487 5375 ordinasse,
523 5314 574 5360 et
601 5305 753 5377 longe
774 5304 933 5359 aliter
963 5319 1122 5374 quam
1155 5301 1399 5372 sperabat
1428 5300 1493 5356 de
1513 5300 1626 5367 eius
1653 5302 1790 5357 irre-

172 5405 383 5477 ligione
426 5401 721 5455 maximum
758 5398 873 5452 loco
911 5396 1202 5468 dampnum
1254 5396 1571 5466 provenisse.
1613 5394 1786 5451 Petiit

176 5506 367 5552 autem
415 5502 478 5549 ut
499 5491 954 5565 interpellaremus
988 5489 1112 5545 inde
1139 5505 1261 5556 vos;
1285 5489 1375 5544 sed
1410 5490 1537 5562 quia
1559 5490 1782 5546 domnus

1834 1862 2060 1928 cissent,
2107 1862 2375 1932 privatam
2416 1864 2580 1918 vitam
2610 1881 2667 1919 se
2706 1874 2898 1935 sponte
2940 1867 3189 1936 elegisse,
3226 1872 3304 1918 tot
3334 1863 3419 1916 in-

1835 1955 2164 2011 sectationes
2189 1953 2398 2010 Otberti
2420 1957 2530 2026 pati
2553 1972 2663 2011 non
2690 1972 2872 2026 posse,
2913 1958 3200 2012 ecclesiam
3233 1955 3304 2009 ob
3338 1952 3423 2007 sui

1835 2046 2098 2101 invidiam
2125 2046 2331 2100 destrui
2353 2047 2546 2115 vitare,
2577 2049 2722 2103 nolle
2748 2048 2982 2118 amplius
3010 2062 3264 2117 praeesse,
3295 2044 3422 2115 qui-

1836 2137 1941 2192 bus
1973 2137 2029 2190 in
2065 2145 2141 2191 tot
2165 2137 2425 2205 periculis
2452 2154 2563 2192 non
2584 2138 2852 2193 sufﬁceret
2872 2138 3131 2208 prodesse
3158 2157 3169 2191 :
3196 2151 3429 2206 respon-

1839 2231 2037 2286 derunt
2086 2229 2284 2284 fratres
2313 2230 2418 2284 hoc
2456 2244 2567 2284 non
2615 2230 2696 2284 sic
2743 2238 2947 2284 temere
2996 2228 3286 2298 agendum,
3332 2224 3429 2280 sed

1841 2324 2210 2380 consulendos
2234 2324 2456 2379 abbates
2479 2324 2573 2393 qui
2606 2323 2672 2377 ad
2714 2322 3032 2393 przedictum
3065 2324 3435 2375 convenerant

1843 2415 2063 2472 festum.
2084 2415 2407 2469 Decernitur
2434 2415 2599 2484 igitur
2620 2424 2837 2484 tempus
2864 2414 2930 2468 ad
2960 2430 3095 2467 rem.
3121 2412 3187 2466 Et
3211 2428 3333 2465 cum
3357 2409 3427 2463 ad

1843 2509 2094 2563 abbatem
2128 2507 2303 2587 sancti
2318 2506 2547 2587 Remigii
2577 2515 2915 2576 caeterosquc
2945 2504 3017 2558 ibi
3047 2503 3304 2558 collectos
3334 2516 3427 2556 ec-

1845 2601 2025 2657 clesiae
2054 2582 2345 2656 Remensis
2369 2582 2659 2655 consilium
2684 2598 2971 2665 referrent,
3002 2608 3055 2652 et
3093 2598 3167 2651 illi
3211 2612 3436 2652 causam

1846 2694 2059 2749 abbatis
2089 2692 2414 2749 Theoderici
2442 2692 2613 2747 veteri
2644 2691 2758 2761 jam
2786 2690 2976 2745 auditu
3001 2686 3345 2743 notissimam
3369 2683 3439 2739 ad

1846 2788 2288 2858 respondendum
2344 2786 2724 2850 ventilassent,
2788 2781 2856 2837 ad
2909 2776 3065 2836 hunc
3101 2780 3440 2835 devenerunt

1848 2879 2034 2946 finem,
2069 2888 2128 2934 ut
2149 2879 2275 2949 quia
2295 2879 2541 2948 privatus
2576 2877 2759 2931 vivere
2782 2874 2938 2929 vellet
2969 2889 3037 2928 ne
3057 2870 3281 2927 Otberto
3302 2868 3437 2953 sub-

1850 2978 2015 3037 esset,
2049 2979 2283 3036 caveret,
2316 2985 2383 3025 ne
2413 2969 2556 3024 unde
2599 2982 2658 3022 se
2707 2965 2985 3036 expediret
3014 2962 3179 3016 alium
3208 2957 3437 3030 impedi-

1852 3071 1956 3129 ret,
1987 3078 2125 3117 neve
2154 3061 2412 3131 praedicto
2447 3057 2674 3113 Otherto
2706 3056 2998 3126 ingereret,
3026 3068 3188 3123 quem
3231 3048 3439 3105 noviter

1854 3169 1953 3224 pro
1978 3170 2038 3208 se
2076 3150 2511 3207 consecrandum
2550 3148 2791 3219 eligeret.
2822 3142 3123 3213 Respondit
3163 3140 3333 3195 abbas
3386 3139 3440 3192 in

1855 3246 1960 3300 hoc
1984 3245 2105 3315 ipso
2138 3242 2241 3298 sibi
2273 3250 2327 3296 et
2350 3240 2613 3295 fratribus
2651 3238 2768 3292 suis
2795 3232 3163 3298 consuluisse,
3195 3236 3249 3285 et
3283 3228 3442 3284 dom-

1856 3353 1988 3391 num
2015 3336 2382 3406 Berengerum
2408 3333 2661 3387 abbatem
2684 3326 2859 3384 sancti
2883 3322 3164 3380 Laurentii
3188 3320 3292 3377 sibi
3316 3336 3413 3376 suc
3430 3348 3446 3360 -

1856 3444 2134 3487 cessorem
2157 3428 2270 3499 jam
2311 3427 2405 3481 diu
2449 3424 2591 3495 apud
2625 3438 2684 3478 se
2721 3419 3050 3483 destinasse,
3082 3414 3213 3486 quia
3238 3420 3443 3502 et‘mo-

1856 3524 2069 3580 nachus
2117 3520 2248 3575 olim
2295 3518 2461 3573 fuerit
2490 3514 2757 3580 ecclesiae,
2799 3523 2855 3567 et
2881 3526 2911 3564 a
2963 3509 3166 3564 domno
3211 3503 3447 3559 Henrico

1857 3617 2115 3686 episcopo
2136 3618 2492 3669 consecratus
2510 3606 2772 3679 legitime,
2786 3602 2935 3657 nulla
2959 3600 3226 3671 indigeret
3240 3591 3449 3651 Otberti

1858 3705 2291 3760 consecratione.
2322 3702 2603 3755 Laudatus
2626 3698 2795 3752 abbas
2818 3694 2871 3750 1d
2898 3693 3101 3765 optime
3124 3686 3451 3761 providisse,

1860 3811 2135 3851 consensu
2164 3793 2550 3864 praedictorum
2590 3789 2675 3842 vel
2708 3785 3059 3857 praesentium
3106 3781 3340 3837 fratrum
3375 3776 3452 3832 ibi

1862 3888 2083 3959 scripsit
2136 3885 2446 3955 Berengero
2505 3880 2609 3935 sub
2672 3875 3038 3931 obtestatione
3087 3868 3453 3942 professionis

1863 3958 1997 4048 suae,
2028 3993 2193 4049 quam
2223 3977 2428 4031 fecerat
2455 3969 2720 4035 ecclesiae,
2750 3975 2811 4022 ut
2833 3966 2910 4021 illi
2934 3967 2987 4020 in
3016 3961 3272 4034 prmsenti
3303 3958 3454 4030 peri-

1864 4072 1990 4127 culo
2027 4073 2392 4131 succurreret,
2432 4062 2688 4134 quodque
2728 4056 2929 4113 volenti
2965 4054 3149 4110 animo
3179 4049 3456 4106 abbatiam

1867 4164 1971 4220 sibi
1996 4160 2349 4218 commissam
2374 4157 2735 4225 relinqueret;
2761 4152 2865 4206 hac
2894 4158 3077 4204 tamen
3105 4141 3332 4200 omnino
3359 4141 3450 4195 in-

1868 4256 2130 4329 terposita
2167 4252 2501 4317 conditione,
2540 4247 2688 4319 quod
2719 4242 3056 4316 quibuslibet
3086 4237 3208 4294 aliis
3232 4242 3460 4308 postpo-

1871 4351 2013 4419 sitis,
2039 4350 2161 4405 ideo
2190 4364 2314 4403 eum
2349 4356 2728 4401 successorem
2762 4337 3035 4409 elegisset,
3071 4348 3141 4387 ne
3171 4342 3462 4387 consecra-

1875 4443 2021 4498 tione
2066 4441 2274 4498 Otberti
2305 4436 2594 4506 indigeret.
2627 4429 2861 4501 Scripsit
2902 4427 3067 4482 etiam
3113 4420 3376 4478 fratribus
3404 4418 3463 4474 in

1876 4552 2188 4604 commune,
2215 4543 2275 4589 ut
2316 4545 2482 4602 quem
2511 4528 2767 4597 elegerat,
2794 4521 2898 4592 ipsi
2929 4532 3151 4590 quoque
3179 4513 3463 4604 eligerent,

1877 4634 2066 4703 sicque
2092 4600 2192 4700 per
2239 4600 2435 4681 manus
2481 4616 2707 4674 Raineri
2750 4611 2996 4668 Pirensis
3020 4616 3074 4665 et
3101 4603 3328 4662 Roberti
3356 4600 3466 4656 Cu—

1878 4699 2066 4783 neu—sis
2096 4699 2362 4777 baculum
2401 4711 2733 4787 pastoralem
2759 4706 2971 4763 remisit
2992 4699 3270 4765 ecclesiae;
3302 4708 3465 4769 quem

1877 4820 1956 4874 illi
1990 4816 2134 4889 apud
2173 4813 2333 4868 Piros
2368 4825 2435 4865 ex
2467 4804 2723 4863 consultu
2758 4797 2980 4855 interim
3014 4792 3377 4889 reliquerunt,
3408 4790 3469 4889 ut

1880 4876 2043 4983 quasi
2062 4907 2129 4963 de
2154 4904 2377 4961 incertis
2402 4900 2580 4956 adhuc
2604 4896 2769 4952 rebus
2798 4887 3119 4963 praeveniret
3140 4884 3284 4983 inter
3305 4876 3469 4980 dissi:

1881 4968 2072 5059 dentes
2110 4997 2314 5055 certius
2356 4991 2671 5056 consilium,
2715 4995 2769 5043 et
2797 4992 2948 5040 tanto
2978 4979 3143 5036 citius
3173 4968 3468 5042 Berengeri

1883 5099 2142 5169 eligerent
2191 5093 2476 5160 auxilium,
2523 5093 2730 5160 quanto
2772 5100 2835 5139 ex
2888 5075 3229 5135 Theoderico
3274 5069 3470 5169 abbate

1883 5164 2135 5267 gravaret
2176 5204 2273 5246 eos
2314 5182 2670 5243 desolationis
2710 5193 2824 5234 sua:
2868 5171 3182 5267 fastidium,
3229 5164 3468 5267 maxime

1889 5255 2112 5359 propter
2135 5279 2552 5338 insectationem
2576 5270 2807 5336 Otberti,
2835 5282 2959 5339 qua:
2982 5270 3135 5319 tanto
3150 5255 3474 5359 immineret

1887 5352 1972 5436 eis
1995 5352 2270 5442 infestior,
2298 5377 2505 5443 quanto
2535 5367 2593 5423 in
2617 5362 2897 5420 desolatos
2920 5352 3250 5414 effrenatior.
3390 5356 3393 5363 '

1958 5489 2047 5547 ss.
2075 5487 2246 5562 (107.)
2276 5480 2517 5542 Redditis
2540 5493 2672 5538 vero
2691 5474 2890 5565 litteris
2901 5447 3222 5529 Theoderici
3243 5461 3299 5517 in
3316 5470 3472 5516 com-

1722 5651 1945 5714 ΝΟΤιΕ.

257 5768 422 5861 (187)
460 5765 617 5835 Tunc
649 5766 954 5829 monachus
975 5764 1370 5833 Cluniacensis.
