3902 6286
464 246 606 307 uss
1500 228 1895 295 CHRONICON
1934 232 1992 289 s.
2035 228 2343 290 HUBERTI
2378 227 2704 290 ANDAGlN.
3622 236 3762 297 me

463 362 617 421 muni
647 359 947 427 audientis,
974 372 1099 414 cum
1129 370 1277 411 mers
1315 360 1602 409 notaretur
1628 351 1714 406 vel
1739 350 1860 422 ejus
1883 364 2050 420 spon-
2077 353 2129 414 Α
2153 365 2303 405 ream
2346 348 2402 404 in
2439 348 2780 419 coemptione
2808 347 3147 407 Bulloniensi
3187 350 3551 422 deliberaret,
3576 355 3759 413 Code-

464 467 621 512 tanea
646 454 881 527 privatio
902 452 989 508 vel
1015 447 1308 520 Berengeri
1337 444 1585 518 eligenda
1607 442 1878 515 pralatio,
1908 451 1970 498 ut
1993 441 2055 498 fit
2153 440 2295 497 frido
2324 440 2392 497 de
2435 438 2573 496 llam
2620 441 2730 498 duo
2763 442 3001 498 dorsalia
3051 459 3179 499 cum
3210 443 3518 502 dalmatica
3571 464 3687 504 una
3708 458 3762 507 et

462 548 518 604 in
546 549 813 605 novandis
835 545 1018 609 rebus,
1048 556 1149 612 pro
1182 555 1285 597 suo
1320 539 1557 611 quisque
1583 538 1684 593 niti
1707 536 1873 608 capit
1900 534 2054 609 inge-
2152 549 2322 606 cappa
2364 533 2759 603 commodaret,
2791 533 2847 590 in
2888 535 3011 608 ipsa
3048 552 3268 608 quoque
3288 538 3632 596 infirmitate
3666 558 3762 599 sua

459 640 582 708 nio;
608 648 727 696 orta
749 640 999 693 intereos
1018 633 1375 701 dissentione,
1400 631 1799 688 Theodericum
1830 630 2051 702 quidem
2150 635 2392 683 extrema
2424 625 2730 701 Berengero
2772 635 2985 699 partem
3015 629 3138 686 auri
3167 639 3222 687 et
3251 633 3476 703 copiam
3509 633 3761 705 lapidum

460 733 785 789 commissos
809 730 915 786 sibi
943 727 1252 784 inordinate
1293 725 1627 793 deseruisse,
1662 723 1732 779 ad
1773 722 2050 779 abbatiam
2148 720 2518 792 pretiosorum
2565 736 2598 776 a
2637 721 2760 777 loco
2805 723 3137 793 asportanda
3183 725 3559 799 relinqueret.
3596 728 3673 783 Et
3699 746 3763 785 ne

2149 813 2238 870 cui
2261 812 2511 869 videatur
2531 812 2599 869 de
2620 812 2914 870 Lamberto
2952 815 3069 871 hac
3095 816 3220 873 talis
3253 819 3473 874 mentio
3496 820 3589 874 vel
3621 821 3762 890 apud

2148 902 2323 960 Deum
2350 905 2582 976 poenalis
2616 906 2932 962 criminatio
2978 907 3063 963 vel
3107 909 3254 979 apud
3296 911 3574 966 homines
3614 913 3761 982 judi-

2148 998 2305 1055 cialis
2330 998 2616 1067 detractio,
2644 999 2855 1055 noverit
2874 1016 3001 1055 eum
3030 1002 3227 1058 acerbo
3249 1010 3305 1057 et
3325 1003 3508 1075 longo
3545 1004 3759 1073 dolore,

2146 1098 2210 1146 ut
2251 1092 2356 1147 hoc
2402 1090 2625 1161 faceret,
2672 1101 3049 1163 provocatum,
3074 1093 3205 1148 dum
3242 1095 3417 1150 nimis
3460 1095 3759 1152 inhoneste

2146 1190 2414 1240 tractatus
2441 1192 2497 1240 et
2518 1184 2809 1255 despectus
2842 1184 2895 1239 in
2925 1184 3044 1255 ipsa
3069 1194 3377 1253 senectute,
3416 1194 3511 1242 tot
3542 1188 3759 1245 labores

458 836 591 881 νοω
610 823 901 895 regendam
926 822 1112 893 plures
1135 821 1279 892 apud
1300 835 1397 876 eos
1418 833 1724 890 superesse,
1745 816 2049 888 Berengero

459 926 617 967 suam
641 910 719 965 illi
746 906 994 965 sullleere
1014 922 1198 979 posse,
1222 907 1375 962 nullo
1396 905 1560 961 modo
1583 920 1642 961 se
1662 905 1773 977 pati
1795 919 1921 959 eum
1943 903 2048 960 sibi

460 1014 715 1073 praesse.
749 999 1038 1059 lndiflinito
1076 1014 1207 1056 vero
1243 999 1475 1055 consilio
1506 997 1560 1051 in
1598 1008 1711 1052 tam
1745 996 1897 1052 vario
1935 996 2049 1054 dis-

457 1108 643 1160 sensu,
675 1110 785 1150 non
812 1094 988 1149 multo
1031 1102 1158 1165 post
1182 1091 1407 1148 reddita
1451 1098 1582 1147 sunt
1609 1090 1806 1145 littera
1843 1089 2048 1157 Beren-

455 1201 606 1258 gero,
657 1187 841 1243 missae
883 1187 1017 1241 illia
1063 1184 1420 1241 Theoderico.
1466 1182 1525 1237 ln
1570 1183 1773 1253 quibus
1816 1198 1941 1238 cum
1987 1198 2047 1238 se

455 1277 680 1348 legisset
709 1278 963 1346 electum,
991 1286 1047 1333 et
1076 1278 1241 1334 sciret
1264 1276 1378 1348 jam
1402 1293 1433 1331 a
1454 1275 1718 1332 fratribus
1741 1277 2044 1346 repulsum,
2140 1275 2447 1348 iuventutis
2468 1293 2582 1333 sua
2603 1276 2748 1348 apud
2770 1276 3015 1349 ingratos
3039 1277 3245 1333 doleret
3262 1280 3611 1345 evanuisse;
3636 1281 3756 1351 quia

454 1369 737 1440 paululum
766 1370 1056 1428 subridens
1084 1390 1095 1425 :
1128 1370 1284 1438 Cato,
1312 1368 1510 1441 inquit,
1534 1368 1797 1424 Uticensis
1826 1371 1912 1425 die
1940 1388 2045 1443 qua
2145 1377 2199 1424 et
2223 1377 2306 1425 est
2328 1370 2704 1426 miserrimum
2738 1386 2913 1443 genus
2936 1370 3295 1438 infelicitatis,
3331 1370 3561 1427 felicem
3593 1372 3755 1431 fuisse

450 1476 637 1529 passus
687 1470 763 1515 est
788 1462 1052 1533 repulsam
1078 1462 1218 1530 risit,
1243 1472 1293 1516 et
1329 1471 1478 1515 nocte
1513 1478 1618 1532 qua
1638 1464 1930 1518 moriturus
1963 1472 2042 1518 est
2145 1461 2275 1517 etde
2290 1478 2459 1534 regno
2485 1462 2541 1517 in
2564 1462 2870 1531 servitium,
2886 1463 3056 1519 immo
3078 1464 3460 1520 contumelias
3481 1465 3750 1521 decidere.

452 1552 597 1624 legit.
632 1552 779 1622 Qua‘
813 1555 1033 1626 quidem
1065 1555 1284 1626 repulsa
1322 1554 1450 1609 licet
1488 1554 1653 1609 altius
1684 1572 1850 1625 quam
1892 1555 2044 1627 quis-
2215 1554 2302 1609 88.
2333 1534 2504 1626 ('ll'O.)
2533 1554 2592 1609 ln
2618 1555 2809 1612 eodem
2849 1571 2985 1611 vero
3024 1572 3171 1610 anno
3194 1555 3428 1629 [l097?]
3462 1557 3624 1627 (I89)
3654 1557 3750 1612 Ka-

452 1660 614 1714 quam
646 1654 797 1702 ratus
824 1656 970 1703 esset
1008 1648 1062 1702 in
1105 1662 1201 1703 eor
1223 1646 1344 1717 ejus
1383 1646 1914 1719 descenderit(l88),
1942 1664 2043 1718 pro
2144 1646 2322 1703 lendis
2360 1645 2509 1702 Junii
2556 1645 2814 1704 Otbertus
2852 1655 3098 1703 castrum
3146 1647 3375 1705 Mirvolt
3431 1664 3551 1704 non
3603 1650 3750 1723 longe

451 1743 693 1807 tempore
724 1746 905 1794 tamen
953 1739 1129 1826 quasid
1146 1740 1378 1812 benigne
1408 1741 1711 1811 respondit,
1743 1740 1877 1797 satis
1900 1756 2035 1796 con-
2070 1723 2116 1782 Β
2143 1737 2310 1794 situm
2332 1754 2363 1793 a
2386 1739 2721 1793 monasterio
2751 1738 2817 1794 ad
2848 1738 3246 1794 desolationem
3297 1741 3747 1810 circumjaoentis

450 1827 592 1883 sulte
616 1831 939 1899 pepulsores
976 1847 1106 1888 suos
1153 1833 1438 1888 censuisse
1473 1849 1575 1889 sua
1621 1833 1725 1890 sibi
1766 1833 2036 1903 sufﬁcere,

449 1919 747 1991 unicuique
773 1922 828 1977 in
850 1922 1078 1980 ecclesia
1106 1941 1201 1980 sua
1229 1927 1485 1981 militanti
1502 1928 1744 1983 debitum
1770 1928 2037 1985 honorem

447 2018 777 2079 competere,
803 2012 947 2068 scire
974 2029 1033 2069 se
1075 2017 1322 2073 moribus
1347 2034 1541 2073 eorum
1572 2036 1684 2075 non
1709 2022 2033 2090 convenire;

446 2100 755 2169 quarerent
784 2104 875 2160 cui
907 2106 1008 2163 flos
1051 2108 1239 2181 gloria
1276 2111 1390 2180 jam
1427 2113 1572 2181 apud
1610 2128 1705 2168 eos
1734 2113 2036 2170 decidentis

445 2190 745 2261 refloreret,
800 2204 856 2251 et
902 2199 1096 2269 religio
1138 2199 1398 2256 deficiens
1441 2214 1770 2276 resurgeret.
1815 2205 2037 2263 Audivit

446 2282 651 2340 interea
682 2285 940 2346 Otbertus
959 2307 1145 2347 rerum
1170 2294 1388 2361 seriem,
1413 2304 1469 2350 et
1494 2299 1735 2355 evocatis
1782 2300 1848 2355 ad
1879 2316 1939 2355 se
1969 2301 2035 2356 de

446 2377 784 2433 monasterio
806 2394 947 2449 quos
989 2392 1217 2438 noverat
1255 2384 1530 2454 meliores,
1560 2387 1751 2442 mirari
1796 2405 1856 2444 se
1896 2389 2035 2445 dixit

445 2480 544 2520 cur
571 2462 941 2539 Berengerum
965 2470 1312 2543 repulissent,
1341 2492 1505 2547 quem
1546 2477 1601 2533 in
1643 2479 2032 2537 ecclesiasticis

441 2556 772 2614 utilitatibus
816 2561 994 2618 virum
1034 2572 1146 2619 tam
1190 2565 1458 2623 valentem
1500 2567 1616 2638 jam
1658 2572 1908 2642 rapuisse
1932 2572 2029 2627 de-

441 2648 710 2707 buissent.
744 2650 947 2709 Eadem
978 2658 1247 2713 sententia
1273 2659 1340 2715 de
1371 2658 1673 2733 Berengero
1699 2664 1842 2735 apud
1869 2664 2029 2720 cleri-

438 2757 534 2797 cos
556 2751 610 2797 et
626 2742 797 2801 laicos
819 2746 1218 2818 crebrescebat,
1233 2760 1287 2805 et
1310 2752 1586 2808 neminem
1610 2756 1687 2810 rei
1717 2764 1771 2811 et
1796 2757 2027 2828 tempori

437 2833 711 2891 utiliorem
750 2838 1064 2895 censebant.
1092 2840 1214 2897 Jam
1244 2843 1412 2899 etiam
1431 2843 1629 2902 fratres
1660 2855 1739 2902 tot
1760 2851 2025 2905 assertio-

436 2925 599 2982 nibus
623 2929 859 2986 convicti
886 2944 1284 2991 consenserant
1306 2937 1424 3009 ejus
1462 2939 1732 3009 electioni,
1774 2959 1899 2998 cum
1938 2943 2026 3001 ille

2141 1833 2436 1906 provincia
2459 1831 2787 1900 reﬁrmavit;
2822 1833 2970 1904 quod
2993 1841 3216 1903 optentu
3246 1832 3472 1888 domini
3510 1832 3745 1890 Theode-

2141 1923 2242 1980 rici
2270 1924 2495 1995 majoris
2518 1922 2788 1980 Henricus
2813 1924 3104 1994 episcopus
3131 1924 3417 1994 dejecerat
3448 1926 3559 1980 sub
3586 1927 3742 1981 inter-

2141 2015 2440 2072 minatione
2498 2025 2742 2087 perpetu:
2811 2016 3180 2072 anathematis
3216 2036 3227 2070 :
3261 2016 3459 2087 ipsum
3521 2035 3729 2090 quoque

2141 2119 2384 2166 montem
2407 2109 2500 2181 qui
2526 2110 2596 2165 ab
2638 2111 2867 2179 antiquo
2906 2107 3084 2164 fuerat
3116 2108 3268 2163 beati
3307 2108 3720 2165 Hulartiecde-

2141 2199 2256 2268 sia,
2288 2200 2506 2255 ﬁrmato
2534 2201 2822 2271 privilegio
2849 2200 3095 2271 legaliter
3113 2199 3369 2255 reddidit
3403 2201 3565 2271 (190),
3587 2219 3717 2258 con-

2140 2291 2252 2348 dita
2275 2293 2475 2349 ibidem
2500 2300 2553 2348 et
2583 2292 2832 2349 dedicata
2856 2292 3087 2348 ecclesia
3128 2292 3187 2347 in
3230 2293 3459 2349 honore
3479 2295 3619 2349 beati
3631 2294 3729 2350 li-

2137 2385 2364 2453 chaelis,
2388 2384 2585 2441 fratres
2611 2387 2879 2442 secretius
2901 2392 3087 2456 utpote
3109 2385 3167 2440 in
3195 2385 3435 2443 deserto
3475 2386 3585 2442 Deo
3604 2387 3732 2441 mili-

2138 2483 2348 2532 taturos
2406 2477 2707 2534 constituit.
2745 2475 3120 2533 Provinciales
3171 2485 3364 2533 autem
3431 2495 3503 2535 ex
3556 2480 3731 2535 timore

2135 2569 2490 2626 desolationis
2539 2586 2702 2640 quam
2734 2568 3065 2626 verebantur
3100 2586 3210 2626 non
3248 2573 3449 2627 solum
3488 2572 3617 2641 sibi,
3651 2572 3732 2628 sed

2133 2669 2188 2716 et
2216 2663 2451 2731 posteris
2482 2662 2621 2729 suis,
2654 2663 2902 2718 condicta
2924 2661 3013 2718 die
3046 2672 3451 2720 convenerunt
3479 2666 3552 2721 ad
3574 2667 3734 2722 circle-

2133 2753 2271 2809 siam
2302 2755 2448 2809 beati
2474 2753 2722 2823 Huberti,
2754 2756 3170 2826 expostulantes
3203 2772 3426 2827 corpus
3460 2760 3586 2830 ejus
3615 2775 3726 2815 cum

2131 2846 2374 2903 lacrimis
2405 2846 2627 2903 Otberto
2655 2849 2995 2919 prasentari,
3028 2848 3075 2905 si
3108 2848 3255 2905 forte
3286 2851 3378 2905 vel
3430 2853 3517 2907 sic
3552 2852 3733 2922 resipio

2133 2950 2310 2996 sceret
2356 2943 2426 2996 ab
2457 2942 2760 2998 intentione
2806 2941 2970 3012 hujus
3000 2958 3116 2998 sua
3156 2943 3526 3014 iuceptionis.
3560 2943 3733 3000 Cuncti

435 3018 603 3072 semel
653 3030 915 3093 concepta
988 3024 1361 3098 indignatione
1411 3031 1602 3101 primae
1650 3035 1981 3104 repulsionis
2006 3081 2020 3105 ,
2054 3073 2098 3135 C
2130 3031 2328 3090 fratres
2358 3049 2468 3089 non
2498 3035 2675 3090 solum
2702 3035 3025 3090 necessitate
3054 3036 3369 3102 communi,
3405 3038 3508 3092 sed
3538 3046 3595 3092 et
3616 3052 3731 3108 pro-

435 3108 597 3135 ..ηΙΙζη
628 3113 880 3135 .._..-:L_--
922 3115 1047 3135 n.1,,
1094 3119 1126 3135 ,ι
1262 3121 1314 3135 η.
1493 3124 1506 3135 ε
1666 3126 1676 3135 .
1764 3127 1795 3135 ..
1916 3128 1935 3135 -
2200 3126 2211 3135 .
2569 3127 2581 3135 .
2884 3127 2900 3135 -
3002 3128 3015 3135 -
3159 3127 3195 3135 -.
3374 3130 3389 3135 -
3463 3129 3477 3135 -
3558 3132 3568 3135 _

434 3108 599 3165 nullis
627 3113 884 3182 precibus
921 3115 1152 3187 Otberti,
1182 3121 1350 3177 nullis
1393 3124 1885 3184 acclamationibus
1911 3128 2021 3184 fra-

433 3206 579 3254 trum
603 3203 690 3258 vel
734 3204 864 3261 cleri
889 3208 1093 3264 evaluit
1138 3213 1516 3281 procurationi
1559 3217 1757 3274 oblata
1796 3222 2016 3277 attrahi.

435 3289 537 3383 Tot
562 3292 727 3363 igitur
759 3303 1193 3371 tempestatibus,
1248 3313 1325 3361 tot
1354 3307 1706 3367 dilationibus
1724 3311 1838 3382 jam
1868 3329 2020 3383 pane

432 3380 735 3441 deficientis
781 3393 1027 3449 ecclesia
1068 3405 1334 3464 pertasus
1373 3397 1651 3471 Otbertus,
1686 3380 1887 3460 indixit
1903 3406 2018 3462 fra-

432 3471 629 3542 tribus,
658 3484 719 3530 ut
738 3492 902 3548 quem
924 3482 1124 3538 vellent
1156 3486 1223 3540 de
1251 3488 1369 3543 suis
1402 3490 1665 3562 eligerent
1698 3495 1856 3551 eioue
1883 3513 2017 3553 con-

431 3567 760 3623 secrandum
790 3569 845 3624 in
868 3572 1119 3629 abbatem
1144 3587 1556 3646 prasentarent.

503 3647 591 3703 87.
623 3650 795 3722 (109.)
820 3652 965 3709 luter
989 3655 1088 3712 has
1113 3658 1540 3731 disceptationes
1554 3666 1879 3729 Lambcrtus
1900 3690 2017 3731 ma-

426 3736 518 3830 jor
548 3738 856 3799 infirmatus
896 3746 964 3803 ad
999 3759 1252 3821 mortem,
1298 3752 1664 3830 Berengerum
1702 3763 1769 3819 de
1810 3764 2014 3824 Leodio

430 3828 497 3884 ad
549 3845 638 3926 se
669 3834 1134 3899 reconciliandam
1183 3828 1495 3917 mandavit,
1543 3864 1851 3926 unctusque
1891 3860 2013 3916 oleo

596 3922 696 3979 sibi
722 3941 1040 3999 reposuerat
1079 3950 1144 3989 ex
1172 3942 1590 3999 consecratione
1618 3922 1836 4004 Henrici
1869 3967 2012 4021 pon-

424 4012 607 4083 tilicis,
631 4032 776 4075 anno
800 4020 1070 4081 incarnati
1100 4025 1263 4084 Verbi
1291 4030 1450 4101 1099,
1498 4035 1531 4089 8
1564 4036 1833 4099 Kalendas
1869 4012 2008 4102 “Maii

423 4107 576 4163 obiit.
617 4109 721 4177 Qui
768 4122 1026 4174 strenuus
1069 4134 1393 4193 cooperator
1431 4128 1642 4186 abbatis
1687 4131 2009 4194 Theoderici

420 4200 763 4298 majoris,_in
803 4209 1152 4280 acquirendis
1188 4217 1407 4286 pradlis
1445 4229 1500 4275 et
1540 4229 1899 4298 ornamentis,
1950 4231 2007 4287 in

420 4294 750 4352 renovandis
764 4307 819 4355 et
836 4302 1164 4374 ampliandis
1185 4308 1449 4380 adificiis,
1464 4313 1519 4368 in
1541 4314 1729 4375 vitreis
1751 4330 1805 4376 et
1828 4294 2007 4380 fabre-

2130 3126 2248 3196 pria
2292 3142 2415 3197 qua
2440 3127 2615 3199 magis
2643 3127 3113 3198 praponderabat,
3159 3127 3294 3183 licet
3331 3129 3513 3185 nimis
3553 3132 3727 3185 incon-

2130 3218 2289 3286 sulte,
2322 3228 2489 3291 utque
2518 3220 2580 3274 fit
2610 3221 2667 3275 in
2692 3236 2877 3275 rerum
2903 3220 3267 3276 tumultuaria
3296 3223 3725 3292 perturbatione,

2127 3310 2293 3365 nullis
2324 3309 2622 3379 praemissis
2646 3308 2894 3380 jejuniis,
2925 3309 3091 3365 nullis
3114 3310 3352 3381 vigiliis,
3383 3312 3538 3367 nullo
3565 3327 3725 3382 app-

2126 3411 2247 3458 ratu
2277 3401 2441 3472 hujus
2469 3401 2828 3469 executionis,
2858 3410 3105 3457 assumto
3138 3401 3290 3457 beati
3335 3404 3447 3458 viri
3472 3418 3706 3474 corpore,

2124 3503 2510 3565 processerunt
2540 3495 2703 3550 nudis
2730 3495 2961 3566 pedibus
2990 3504 3043 3550 et
3075 3504 3271 3565 operto
3300 3498 3487 3567 capite
3508 3497 3599 3550 η’.
3619 3495 3719 3551 Vi-

2123 3586 2280 3643 deres
2300 3587 2505 3657 passim
2531 3588 2979 3643 concurrentium
3010 3588 3203 3643 turbas
3225 3590 3426 3659 augeri
3443 3590 3719 3657 πυλωρ-

2122 3696 2229 3750 que
2275 3680 2526 3750 populari
2561 3681 2878 3736 canentium
2906 3680 3143 3736 letanias
3170 3690 3227 3736 et
3259 3686 3514 3753 psalmos
3542 3683 3721 3754 deprio

2120 3771 2217 3827 mi.
2246 3770 2468 3827 Audivit
2497 3769 2755 3828 Otbertus
2787 3772 2927 3828 tanti
2965 3772 3247 3843 pontificis
3293 3775 3637 3829 auctoritate
3666 3792 3722 3829 se

2120 3863 2356 3935 insequi,
2387 3872 2442 3919 et
2474 3864 2542 3920 ad
2577 3864 2770 3919 horam
2813 3864 3001 3921 furore
3047 3864 3428 3932 dissimulato,
3460 3881 3720 3921 ascenso-

2118 3972 2224 4028 que
2251 3973 2394 4028 equo
2416 3973 2539 4013 cum
2575 3958 2693 4013 suis
2720 3966 2775 4013 et
2809 3958 2925 4029 ipse
2943 3958 3295 4013 venientibus
3321 3958 3556 4014 obviam
3596 3976 3718 4031 pro-

2073 4093 2077 4098 .
2118 4051 2300 4105 cessit.
2326 4047 2597 4105 Pratenta
2622 4064 2755 4105 vero
2789 4050 3071 4120 paulisper
3090 4048 3404 4104 reverentia
3426 4052 3720 4113 orationis,

2116 4146 2241 4209 post
2269 4140 2639 4209 aspersionem
2674 4156 2830 4211 aqua
2859 4139 3180 4205 benedicta,
3204 4139 3353 4195 inter
3390 4140 3723 4195 thuriﬁran—

2116 4230 2247 4286 dum
2286 4230 2485 4288 fustem
2514 4234 2582 4289 ad
2620 4234 2728 4289 hoc
2768 4234 2949 4305 ipsum
2978 4238 3233 4304 paratum
3263 4233 3533 4305 arripuit,
3566 4244 3622 4288 et
3655 4233 3722 4286 de

2116 4323 2271 4379 casis
2312 4322 2543 4380 fratrum
2584 4324 2855 4395 capitibus
2898 4324 3168 4396 sanguine
3189 4322 3339 4392 fuso,
3372 4340 3477 4395 per
3519 4326 3719 4381 silvam

420 4384 668 4489 iacturis,
713 4392 771 4449 in
816 4396 1122 4457 ordinando
1161 4401 1391 4462 fratrum
1414 4408 1563 4466 victu
1605 4421 1660 4468 et
1700 4415 1923 4486 vestitu,
1953 4430 2007 4475 et
2034 4425 2084 4485 ι)
2110 4418 2357 4488 palantes
2392 4419 2501 4474 huc
2542 4384 2779 4489 illucque
2809 4384 3085 4488 dispersit.
3116 4415 3292 4488 Super
3322 4384 3545 4473 tantam
3572 4429 3718 4474 tam-

412 4470 958 4575 inuquibuscumque
1011 4502 1227 4563 poterat
1274 4501 1520 4560 ecclesia
1565 4470 1923 4575 profectibus,

418 4569 772 4664 utilitatibus,
813 4592 939 4634 cum
988 4583 1091 4638 sub
1132 4580 1471 4647 Theoderico
1513 4569 1735 4664 ju-niore
1782 4608 2003 4656 assueta

417 4659 676 4759 dignitate
695 4660 960 4739 privatus,
993 4673 1366 4735 adolescentes
1399 4682 1503 4737 sibi
1515 4659 1768 4756 ‘praponi
1805 4688 2002 4759 justis-

416 4754 555 4812 sime
579 4756 975 4833 indignaretur,
1007 4767 1144 4824 adeo
1176 4780 1400 4830 coactus
1434 4786 1518 4832 est
1543 4776 1610 4810 ¹²⁸
1640 4754 1907 4853 desipere,
1937 4794 1997 4841 ut

413 4857 539 4933 post
557 4849 857 4911 discessum
883 4857 1127 4929 ejusdem
1169 4858 1489 4923 Theoderici
1517 4849 1820 4930 scrinuluin
1849 4849 1996 4933 beati

413 4930 639 4998 Huberti
658 4947 804 5039 quod
818 4960 1050 5039 argento
1070 4968 1374 5028 paraverat,
1401 4961 1583 5018 ablato
1607 4965 1769 5021 etiam
1798 4930 1996 5039 capitio

414 5044 582 5120 aureo
612 5037 829 5097 miriﬁci
866 5044 1068 5114 operis,
1114 5046 1440 5120 dispararet,
1491 5071 1615 5111 cum
1645 5037 1994 5120 exactoribus

411 5119 656 5197 episcopi
690 5138 800 5188 tres
837 5149 1029 5193 cruces
1059 5119 1255 5198 aureas
1283 5150 1339 5199 et
1366 5119 1606 5203 tabulam
1650 5150 1840 5209 altaris
1889 5119 1990 5210 au?

2113 4526 2219 4582 que
2273 4511 2598 4582 injuriosam
2648 4510 3013 4567 temeritatem
3065 4509 3476 4567 demirantibus
3539 4512 3720 4568 turbis

2104 4602 2376 4674 justitiam
2418 4603 2710 4673 Altissimi,
2754 4603 2850 4675 qui
2884 4619 3011 4660 cum
3057 4603 3131 4659 sit
3170 4603 3394 4674 patiens
3436 4605 3715 4669 reddita,

2107 4695 2408 4750 secundum
2434 4696 2839 4752 multitudinem
2876 4697 2973 4752 ira
3016 4711 3131 4752 sua
3161 4693 3341 4767 (Paul.
3367 4712 3424 4762 ι,
3462 4697 3552 4769 Α),
3604 4712 3717 4752 non

2105 4786 2320 4858 quarit,
2359 4790 2631 4859 perlatum
2683 4800 2768 4845 est
2814 4803 3015 4860 corpus
3059 4787 3238 4844 sancti
3288 4789 3361 4844 ad
3408 4790 3713 4846 ecclesiam

2102 4877 2247 4935 beati
2276 4878 2555 4937 Michaelis
2586 4881 2921 4953 archangeli,
2938 4880 3255 4952 ibidemque
3278 4881 3657 4953 advigilatum
3679 4897 3711 4937 ι

2100 4966 2362 5029 fratribus
2405 4973 2725 5030 recollectis.
2772 4972 2835 5029 In
2863 4973 3165 5030 crastinum
3193 4975 3532 5045 disponebat
3570 4974 3710 5030 illud

2097 5064 2365 5121 violenter
2417 5066 2775 5122 auferendum
2825 5064 3103 5132 Otbertus,
3156 5068 3254 5123 sed
3302 5082 3430 5123 cum
3493 5069 3552 5123 in
3606 5066 3707 5122 tali

2096 5160 2523 5231 prasumptione
2569 5172 2736 5216 nemo
2786 5159 2889 5216 sibi
2940 5160 3239 5217 assentiret
3283 5176 3540 5227 suorum,
3577 5163 3703 5232 jam

1719 5289 1950 5348 VARLE
1985 5293 2386 5355 LECTIONES.

483 5355 551 5388 ³³⁸
570 5356 713 5414 deest
736 5361 787 5417 l.
864 5365 932 5401 ⁸⁸⁸
951 5383 1182 5443 corpore
1215 5373 1285 5429 Η
1359 5377 1426 5411 ¹³⁰
1450 5379 1530 5435 ita
1559 5397 1697 5438 corr.
1732 5383 2004 5453 Martem;
2030 5392 2219 5462 angeri
2244 5390 2295 5446 1.

1940 5479 2168 5539 NOTAE.

652 5541 974 5628 Sallustii
1006 5554 1129 5628 Jug.
1159 5574 1208 5614 c.
1230 5559 1298 5628 ill
1334 5562 1496 5619 verba
1527 5567 1777 5625 sumpsit.

502 5613 627 5698 189)
651 5614 936 5698 Hicell‘or
962 5613 1183 5698 θριξᾐυί
1218 5613 1457 5688 fortasse
1466 5613 1978 5698 win"aliain-tiumero

404 5680 557 5756 istst,
576 5680 705 5747 nam
733 5690 803 5751 de
822 5680 1028 5752 »νὴθῷ
1052 5680 1325 5760 ἐΐθῖεἰίὸῆέ
1334 5680 1474 5774 ἷόὲί
1495 5680 1783 5768 ἱῐὲθεῖἔὸιέ
1790 5680 1980 5769 ἕὶὺῖἱιέ
2043 5772 2046 5774 ν

2100 5569 2523 5652 Urbanuspapa
2552 5575 2665 5647 (ob.
2715 5575 2853 5652 lQ99
2906 5575 3015 5635 Jul.
3050 5577 3147 5652 29)
3180 5580 3508 5639 sententiam
3529 5582 3685 5639 tulit.

2190 5643 2310 5727 l90i
2334 5643 2403 5699 ’νζ
2433 5643 2600 5703 supra
2626 5662 2677 5705 c.
2717 5646 2786 5704 48
