3902 6286
782 199 811 206 ο.

196 227 333 288 145⁸1

1221 228 1616 287 CHRONICON
1653 228 1710 285 S.
1754 225 2064 289 HUBERTI
2096 232 2424 294 ANDAGIN.

3325 248 3478 309 1458

194 345 428 406 sanioris
451 343 622 401 animi
656 357 943 402 resumens
973 346 1288 414 consilium,
1310 360 1436 403 eum
1467 347 1774 404 reverentia
1802 348 1852 406 Α
1875 346 2071 405 cedere
2143 351 2607 422 detrectantibus,
2664 352 3079 415 intervenerunt
3137 360 3467 423 mediatores

193 450 246 497 et
278 441 484 496 honore
532 439 601 495 ad
637 455 799 496 suum
850 439 1036 497 retulit
1079 439 1282 496 locum.
1334 440 1504 512 Cujus
1563 439 1773 497 evectio

190 548 315 589 eum
351 531 577 587 maximi
604 530 799 589 fuisset
825 532 1108 603 ponderis,
1139 532 1378 589 revectio
1406 548 1538 589 vero
1558 532 1775 590 levissi-

190 624 264 679 tui
313 625 566 694 probavit
610 626 859 682 eamdem
898 626 1235 683 evectionem
1279 627 1383 683 sibi
1427 626 1776 698 displicuisse

187 724 241 772 et
262 717 625 774 revectionem
649 718 944 789 placuisse.
980 718 1226 775 Positum
1268 730 1447 778 autem
1486 735 1650 792 super
1696 723 1776 778 al-

186 815 304 863 tare
329 807 475 864 beati
496 807 664 878 Petri,
692 820 750 866 et
775 827 873 882 per
899 820 1024 868 octo
1062 812 1182 868 dies
1216 813 1369 869 nullo
1406 813 1571 870 modo
1597 815 1776 885 potuit

183 900 306 956 loco
361 917 461 958 suo
509 903 723 974 reponi,
778 905 940 975 quasi
987 905 1284 976 quamdam
1341 908 1772 965 satisfactionem

180 993 423 1065 exigeret
461 995 628 1066 hujus
672 1013 788 1053 sua:
821 998 1163 1055 remotionis.
1198 999 1316 1056 Non
1348 1002 1520 1058 multo
1546 1011 1672 1073 post
1709 1018 1773 1059 ea

183 1084 302 1155 ipsa
328 1086 416 1143 die
441 1087 840 1158 anniversaria,
862 1107 972 1161 qua
1001 1091 1163 1147 beato
1185 1091 1428 1149 Huberto
1456 1095 1772 1165 praedictam

182 1175 310 1232 fecit
341 1179 623 1250 injuriam,
652 1179 911 1240 Otbertus
938 1193 1132 1256 captus
1159 1193 1244 1241 est
1274 1202 1306 1241 a
1338 1187 1538 1243 comite
1571 1185 1772 1242 Henri-

181 1285 270 1337 co,
296 1280 351 1326 et
398 1271 701 1345 Durbojum
744 1291 919 1347 usque
950 1277 1218 1335 deductus
1265 1279 1491 1335 incitato
1528 1295 1674 1350 equo
1719 1288 1773 1336 et

180 1364 314 1420 satis
367 1364 559 1433 feroci,
611 1369 910 1426 durissime
956 1378 1011 1426 et
1062 1372 1351 1427 inhoneste
1401 1373 1626 1430 collisus
1681 1372 1771 1428 vix

180 1465 412 1512 mortem
446 1460 650 1528 evasit;
697 1461 793 1518 sed
824 1470 881 1518 et
915 1464 1178 1534 quamdiu
1220 1480 1285 1519 ex
1319 1473 1450 1521 tunc
1477 1465 1768 1536 superfuit,

179 1564 481 1620 numquam
513 1552 940 1613 adversitatibus
974 1563 1029 1612 et
1056 1555 1408 1614 dedecorosis
1452 1559 1769 1629 oppressio—

177 1642 343 1698 nibus
366 1645 562 1701 caruit.

248 1733 338 1788 89.
401 1735 591 1807 (Hl.)
652 1735 718 1792 Et
786 1738 919 1794 dum
980 1736 1237 1796 Otbertus
1298 1740 1495 1797 fratres
1568 1741 1771 1798 iterum
1800 1711 1849 1772 Β

175 1833 345 1895 atque
418 1827 618 1883 iterum
693 1830 761 1886 de
825 1831 1076 1903 eligendo
1137 1833 1331 1888 abbate
1381 1834 1732 1904 compelleret
1756 1875 1772 1901 ,

177 1923 310 1972 tunc
364 1918 584 1974 demum
646 1920 754 1977 illis
814 1923 1049 1992 praeﬁxit
1100 1924 1266 1989 diem,
1325 1940 1436 1995 quo
1499 1925 1637 1981 tales
1678 1925 1774 1980 de-

177 2010 607 2066 terminarentur
667 2013 979 2069 dilationes.
1057 2014 1280 2071 Electus
1337 2017 1558 2071 tandem
1615 2030 1772 2071 eom-

173 2101 329 2155 muni
361 2102 607 2157 omnium
635 2118 909 2158 consensu
941 2104 1166 2173 quidam
1189 2104 1473 2171 Girardtts,
1507 2106 1773 2161 Leodium

172 2192 505 2260 ducebatur;
534 2209 660 2249 cum
688 2195 831 2251 inter
857 2196 1099 2251 eundum
1132 2196 1199 2252 de
1229 2196 1453 2252 Otberto
1478 2196 1642 2266 coepit
1687 2199 1775 2268 agi

173 2298 359 2339 sermo
392 2301 425 2340 a
464 2285 883 2355 deducentibus,
912 2288 1121 2343 donum
1149 2288 1269 2358 ejus
1314 2289 1466 2344 nullo
1507 2290 1671 2345 modo
1697 2290 1774 2345 le-

171 2376 431 2449 gitimum
464 2377 603 2446 fore,
632 2388 746 2435 tam
777 2395 879 2451 pro
902 2379 1124 2438 Henrici
1148 2381 1295 2453 regis
1314 2381 1776 2437 excommunicati

170 2469 538 2539 subjectione,
563 2486 732 2542 quam
771 2487 871 2542 pro
904 2470 1117 2542 pratfati
1146 2472 1357 2528 castelli
1403 2472 1776 2527 refirmatione

170 2562 321 2631 quod
349 2563 666 2619 restruebat
695 2561 917 2619 Henrici
953 2564 1229 2634 pontiﬁcis
1256 2566 1503 2637 neglecto
1541 2565 1773 2620 anathe-

168 2662 337 2720 mate,
375 2663 493 2709 tum
522 2655 688 2711 etiam
724 2671 826 2726 pro
862 2656 1038 2712 eﬂ'uso
1063 2649 1282 2727 p'ropria
1311 2673 1477 2712 manu
1501 2657 1622 2727 ejus
1656 2672 1777 2711 mo-

167 2746 482 2802 nachorum
514 2746 685 2803 immo
713 2748 1060 2805 sacerdotum
1109 2749 1396 2820 sanguine.
1447 2747 1775 2819 Hujusmodi

167 2838 477 2910 disputatio
511 2840 643 2896 dum
681 2842 947 2898 attentius
974 2850 1366 2898 retractaretur
1408 2842 1552 2897 inter
1598 2841 1776 2897 Gisle—

166 2931 393 2989 bertum
427 2934 699 2990 decanum
720 2944 776 2990 et
796 2933 1085 2990 Wiredutn
1109 2934 1483 2991 Ebcrnensem
1514 2935 1777 3006 praeposi-

169 3032 312 3092 tum,
339 3034 738 3095 persuaserunt
768 3024 1011 3081 Gerardo
1039 3026 1260 3081 interim
1285 3025 1635 3092 cessandum,
1672 3025 1776 3080 do-

168 3131 273 3171 nec
304 3117 414 3187 ipsi
436 3127 632 3174 euntes
654 3117 919 3174 Leodium
943 3133 1109 3189 super
1134 3118 1243 3174 hiis
1274 3118 1529 3173 abbatem
1573 3133 1776 3173 consu-

168 3208 746 3282 lerentBerengerum
775 3209 1073 3279 Gerardus,
1117 3219 1178 3266 ut
1204 3218 1323 3266 erat
1361 3211 1447 3264 vir
1487 3210 1693 3281 probus
1722 3217 1778 3266 ct

166 3302 383 3359 nullius
433 3304 653 3375 injustaa
707 3304 1073 3376 promotionis
1119 3303 1386 3374 cupidus,
1451 3303 1776 3375 simpliciter

165 3396 341 3450 cessit
370 3396 478 3453 illis
518 3398 635 3453 suis
685 3397 1102 3455 consultoribus
1133 3398 1455 3453 condictum
1486 3398 1565 3453 rei
1602 3413 1774 3470 nego-

166 3486 312 3542 tium
342 3487 488 3543 ultro
532 3493 950 3560 exequentibus.
998 3491 1104 3560 Qui
1150 3507 1276 3548 cum
1323 3491 1380 3546 id
1408 3491 1629 3563 penitus
1664 3506 1774 3546 non

166 3576 389 3635 curanti
431 3578 737 3651 Berengero
775 3582 843 3637 de
882 3583 1158 3638 reddendo
1190 3600 1357 3652 super
1401 3584 1509 3640 hiis
1538 3581 1783 3639 consilio'

165 3682 552 3746 suggererent,
575 3674 750 3730 eidem
774 3674 938 3729 etiam
962 3673 1189 3729 Otberto
1209 3673 1354 3745 quod
1392 3674 1459 3729 de
1494 3676 1642 3729 dono
1672 3690 1774 3729 suo

165 3781 283 3821 non
319 3766 477 3837 legali
518 3766 851 3822 verebantur
874 3767 1222 3838 ingererent;
1260 3766 1352 3820 ille
1388 3765 1440 3819 id
1471 3766 1577 3822 sibi
1617 3770 1776 3836 quasi

165 3860 237 3916 ad
286 3860 551 3930 injuriam
605 3868 866 3931 reputans
915 3860 1225 3932 ingestum,
1273 3857 1612 3928 primoribus
1659 3858 1776 3913 suis

166 3954 479 4011 crastinum
525 3955 723 4010 indixit
773 3954 1053 4026 publicum
1095 3953 1455 4021 auditorium,
1497 3960 1553 4008 et
1586 3961 1775 4007 utrum

167 4047 513 4119 injuriosam
554 4047 658 4103 sibi
700 4056 810 4103 tam
853 4048 948 4104 diu
1003 4047 1279 4103 abbatiam
1327 4045 1505 4102 sancti
1548 4043 1774 4100 Hubcrti

166 4140 425 4197 funditus
461 4142 789 4210 annullaret,
813 4157 883 4198 an
910 4141 1213 4209 ordinaret,
1237 4140 1409 4196 edixit
1436 4138 1519 4195 eis
1551 4139 1605 4193 in
1628 4152 1776 4194 com-

166 4249 343 4290 mune
365 4235 789 4291 consnlendnm.
822 4233 1301 4292 Succlamantibus
1341 4233 1555 4289 eunetis
1592 4230 1776 4302 potius

165 4330 560 4399 ordinandam,
608 4330 807 4388 iterum
856 4342 1023 4404 atque
1067 4333 1264 4388 iterum
1300 4330 1366 4362 ¹³¹
1415 4330 1537 4400 ejus
1576 4327 1775 4384 obtulit

1878 438 2222 515 Berengerus
2245 452 2300 500 et
2336 444 2680 515 Fredericus,
2711 447 3075 521 suffragantes
3114 463 3279 523 prout
3318 464 3468 527 pote-

1877 542 2005 590 rant
2032 535 2252 609 ingenio
2282 546 2339 595 et
2365 539 2599 607 ratione,
2643 556 2713 596 ne
2745 542 2827 597 sic
2859 542 3307 603 ineonvenienter
3335 548 3466 604 hac-

1876 635 2040 686 tenus
2089 629 2267 699 fratri,
2320 633 2521 689 amodo
2565 649 2695 690 vero
2726 636 2868 707 patri
2912 636 3287 708 dissentirent,
3316 650 3373 696 et
3416 642 3466 698 si

1875 735 2003 776 eum
2034 722 2142 779 hoc
2164 723 2297 793 pati,
2324 725 2450 781 iilos
2484 733 2665 781 tamen
2698 725 2879 784 facere
2901 744 3012 784 non
3055 730 3302 799 deceret;
3334 748 3466 789 con-

1877 811 2123 869 sulerent
2160 815 2246 871 vel
2288 818 2449 874 fama:
2476 834 2610 885 suae,
2642 834 2711 874 ne
2759 819 2923 876 nimis
2963 820 3270 879 inconsulte
3316 824 3466 881 vide-

1876 914 2067 960 rentur
2091 908 2200 963 tale
2234 909 2441 981 aliquid
2471 911 2672 983 egisse,
2693 913 3073 983 experirentur
3098 914 3253 985 prius
3278 924 3465 972 utrum

1875 1007 2022 1055 esset
2046 1001 2197 1057 utilis
2226 1012 2281 1058 et
2304 1004 2645 1071 retinendus,
2683 1021 2751 1060 an
2788 1006 2999 1061 inutilis
3032 1016 3087 1061 et
3107 1007 3460 1077 rejiciendus.

1877 1089 2121 1148 Tandem
2157 1094 2355 1150 rationi
2404 1096 2474 1152 ad
2512 1096 2705 1152 horam
2739 1097 3013 1164 cedentes,
3061 1112 3355 1168 suppressa
3397 1098 3466 1154 ad

1876 1192 2096 1254 tempus
2116 1186 2566 1255 contradictione,
2593 1188 2742 1258 passi
2764 1195 2895 1244 sunt
2923 1187 3075 1242 illum
3098 1187 3313 1253 adesse,
3336 1187 3468 1242 sibi-

1876 1289 1984 1344 que
2018 1276 2399 1345 aequanimiter
2438 1278 2725 1345 interesse,
2756 1276 2931 1333 donec
2961 1276 3156 1333 eadem
3199 1276 3469 1333 contradi-

1876 1367 1985 1422 ctio
2007 1368 2337 1439 quandoque
2366 1368 2518 1424 fieret
2547 1370 2771 1439 justior,
2810 1370 2858 1426 si
2898 1377 3255 1425 consecratus
3276 1368 3346 1423 ab
3371 1364 3467 1423 Ot-

1873 1460 2033 1516 berto
2061 1460 2324 1517 Romanae
2347 1465 2633 1521 sententia:
2655 1466 2985 1535 probaretur
3007 1465 3275 1531 desertor,
3308 1463 3467 1533 cujus

1876 1561 2037 1607 antea
2090 1552 2270 1610 fuerat
2318 1556 2622 1612 acerrimus
2664 1566 2927 1613 assertor.
2980 1555 3258 1612 Gravabat
3284 1563 3467 1610 autem

1877 1644 2059 1700 adhuc
2079 1645 2148 1701 ab
2183 1647 2413 1704 introitu
2440 1647 2770 1720 lngobrandi
2809 1656 3135 1719 praesentem
3178 1645 3467 1703 ecclesiam

1879 1736 2119 1792 maxima
2163 1753 2352 1792 rerum
2394 1740 2599 1809 in0pia,
2647 1740 2778 1809 quia
2824 1740 3231 1810 dispensatores
3279 1753 3470 1793 earum

1877 1829 2190 1886 tractabant
2209 1846 2304 1886 cas
2331 1829 2498 1886 nimis
2518 1831 2765 1901 prodige,
2790 1831 2942 1887 nullo
2964 1838 3215 1901 respectu
3239 1828 3471 1886 fidelita-

1877 1923 1969 1990 tis,
2000 1931 2055 1979 et
2078 1939 2232 1994 paene
2260 1923 2328 1979 ad
2356 1938 2649 1979 numerum
2672 1922 2866 1993 viginti
2887 1922 3160 1978 librarum
3192 1920 3470 1978 imminuti

1875 2025 2035 2071 erant
2070 2016 2280 2072 reditus
2314 2016 2675 2072 ecclesiastici
2705 2016 2775 2071 ab
2805 2016 3037 2071 introitu
3072 2016 3264 2071 domni
3293 2013 3473 2069 Theo-

1876 2107 2047 2162 derici
2076 2108 2324 2175 majoris,
2348 2109 2416 2164 de
2441 2109 2734 2179 praebenda
2772 2107 3009 2165 fratrum
3048 2106 3168 2163 sine
3197 2120 3472 2163 consensu

1875 2213 2067 2254 eorum
2110 2198 2254 2253 datis
2306 2198 2479 2254 immo
2526 2208 2582 2255 et
2623 2199 2860 2254 venditis
2907 2198 3121 2254 noviter
3177 2206 3232 2254 et
3273 2196 3488 2267 injuste

1877 2291 2177 2359 beneficiis,
2223 2301 2277 2348 et
2310 2294 2437 2360 hoc,
2470 2301 2532 2348 ut
2569 2291 2946 2363 supradictum
2994 2299 3098 2358 est,
3150 2289 3383 2345 consilio
3421 2295 3476 2344 et

1878 2392 2004 2438 actu
2050 2382 2329 2439 Lamberti
2378 2384 2606 2454 majoris
2646 2393 2703 2438 et
2745 2382 3068 2438 Theoderici
3099 2382 3360 2452 junioris.
3405 2380 3477 2436 Et

1876 2490 2003 2530 cum
2036 2474 2295 2545 frequens
2340 2475 2685 2546 querimonia
2734 2474 2968 2529 fratrum
3018 2489 3202 2530 coram
3249 2472 3476 2527 Wiredo

1880 2565 2197 2635 hujusmodi
2227 2566 2553 2636 injustitiam
2581 2575 2635 2620 et
2663 2565 2966 2636 dampnum
2990 2564 3362 2634 deplangeret,
3385 2563 3477 2618 ille

1878 2668 2043 2729 caput
2068 2675 2367 2729 quassans,
2406 2659 2707 2730 complosis
2748 2658 3009 2713 manibus
3057 2672 3185 2711 cum
3218 2656 3476 2727 indigna—

1877 2752 2029 2809 tione
2059 2752 2263 2809 talibus
2291 2751 2706 2809 consultoribus
2741 2759 2797 2807 et
2838 2748 3159 2816 auctoribus
3206 2748 3475 2818 poenalem

1875 2844 2175 2901 vindictam
2205 2844 2433 2901 ultionis
2462 2844 2870 2915 imprecabatur
2910 2839 3127 2897 divinae.
3173 2838 3279 2896 Sed
3309 2854 3476 2911 quam

1878 2934 2271 2992 inexcusabilis
2321 2943 2407 2991 est
2438 2935 2621 2989 omnis
2665 2932 2760 3003 qui
2805 2930 3040 3002 iudicat,
3075 2945 3205 2985 cum
3250 2938 3306 2984 et
3359 2929 3477 2999 ipse

1880 3023 2025 3081 idem
2053 3024 2253 3081 faciat!
2298 3024 2440 3092 Quia
2472 3026 2642 3091 enim,
2681 3033 2741 3080 ut
2774 3022 2997 3089 dicitur,
3036 3022 3351 3077 voluntates
3389 3035 3475 3076 re-

1881 3135 2012 3190 gum
2064 3126 2125 3174 ut
2178 3126 2310 3174 sunt
2354 3117 2708 3172 vehementes
2764 3115 2838 3169 ita
2889 3121 2945 3168 et
2996 3112 3311 3179 mutabiles,
3364 3126 3473 3166 non

1879 3213 2054 3268 multo
2082 3220 2207 3283 post
2230 3211 2492 3267 Wiredus
2517 3209 2793 3280 praedictis
2837 3206 3051 3263 noviter
3077 3205 3282 3262 easatis
3328 3204 3474 3260 diem

1880 3307 1948 3363 ad
1977 3321 2036 3362 se
2057 3304 2419 3361 conveniendi
2437 3304 2643 3374 posuit,
2660 3310 2716 3357 et
2734 3310 2925 3357 contra
2942 3299 3219 3371 publicam
3241 3296 3474 3353 fratrum

1879 3399 2377 3457 contradictionem
2410 3398 2478 3453 ad
2504 3397 2774 3467 privatam
2804 3409 3000 3450 eorum
3028 3392 3262 3464 gratiam
3295 3391 3466 3461 singu-

1879 3493 1965 3549 los
1990 3492 2283 3559 recasavit,
2302 3506 2427 3546 cum
2451 3498 2507 3545 et
2529 3498 2655 3544 ante
2681 3487 2982 3560 legitimam
3000 3484 3476 3541 consecrationem

1880 3586 1999 3642 suis
2031 3585 2245 3641 nullum
2274 3584 2449 3656 legale
2473 3583 2682 3639 donum
2704 3588 2893 3652 posset
2916 3579 2986 3634 ab
3024 3594 3091 3634 eo
3126 3578 3269 3633 fieri.
3320 3574 3477 3632 Unde

1877 3687 1933 3732 et
1972 3679 2150 3748 magis
2194 3694 2261 3733 ex
2300 3680 2406 3733 hoc
2444 3675 2829 3732 crebrescebat
2879 3671 3191 3729 communis
3240 3668 3477 3726 fratrum

1882 3769 2178 3834 sententia,
2208 3768 2364 3822 illum
2418 3768 2646 3823 omnino
2694 3767 2778 3821 vel
2825 3782 2923 3836 pro
2964 3765 3117 3821 nullo
3162 3762 3478 3819 habendum

1877 3860 1965 3916 vel
1994 3860 2374 3932 rejieiendum,
2407 3859 2539 3913 dum
2575 3857 2838 3913 Romana:
2871 3857 3217 3912 auctoritatis
3255 3853 3477 3926 privile-

1878 3954 2053 4025 gium,
2086 3953 2231 4025 quod
2265 3969 2295 4008 a
2327 3951 2594 4023 Gregorio
2623 3965 2765 4021 papa
2802 3949 2932 4004 huic
2974 3948 3222 4003 ecclesiae
3265 3946 3477 4015 specia-

1878 4045 2003 4102 liter
2033 4055 2116 4102 est
2143 4046 2448 4111 decretum,
2492 4041 2811 4114 hujusmodi
2844 4046 3299 4111 praesumptorem
3323 4043 3478 4106 pote-

1879 4139 2041 4195 statis
2075 4139 2418 4209 honorisque
2448 4138 2538 4193 sui
2580 4135 2850 4207 dignitate
2878 4141 3099 4189 censeat
3124 4128 3475 4201 privandum,
3529 4124 3537 4133 '

1878 4241 1973 4288 aut
2002 4231 2050 4286 si
2070 4230 2220 4302 quod
2246 4230 2540 4287 verebatur
2567 4227 2829 4284 manibus
2867 4223 3054 4280 Oberti
3091 4238 3151 4279 se
3189 4220 3477 4277 submitte-

1876 4335 1960 4381 ret
2004 4325 2463 4382 conseerandum.
2523 4320 2682 4390 Quod
2731 4319 2820 4375 ille
2866 4315 3226 4389 praesentiens
3273 4311 3479 4369 Oberto

165 4423 483 4498 Berengero
518 4426 939 4497 providentiam.
982 4426 1076 4484 lllc
1100 4443 1228 4484 cum
1265 4425 1433 4484 semel
1459 4432 1771 4481 recusatam
1798 4431 1854 4494 ι)
1876 4420 2350 4478 consecrationem
2384 4433 2542 4474 suam
2587 4413 2841 4471 ollercnti
2886 4409 3209 4483 aliquandiu
3243 4422 3304 4464 se
3345 4406 3478 4462 suh-

164 4520 323 4576 nullo
349 4521 517 4577 modo
538 4521 849 4579 adtnitteret
873 4537 1086 4591 curam,
1135 4536 1484 4579 communem
1521 4518 1772 4577 omnium

164 4615 386 4686 accepit
432 4617 782 4687 sententiam,
825 4624 889 4673 ut
917 4616 1222 4673 destinaret
1264 4631 1365 4687 pro
1407 4616 1772 4675 aestimatione

165 4720 267 4764 sua
292 4724 464 4780 quam
502 4706 567 4766 ad
602 4711 705 4767 hoc
726 4710 1106 4783 exequendum
1145 4709 1419 4766 utiliorem
1443 4721 1631 4768 nosset
1647 4728 1773 4783 per-

165 4816 388 4861 sonam.
429 4804 537 4873 Qui
593 4807 876 4877 paululum
922 4814 1235 4876 cunctatus.
1272 4804 1328 4861 in
1375 4806 1473 4862 tali
1519 4807 1773 4879 opposita

165 4896 272 4953 sibi
304 4897 725 4967 deliberatione,
751 4898 1035 4971 respondit
1064 4913 1164 4970 pro
1205 4906 1452 4970 tempore
1490 4900 1767 4957 neminem

164 4992 454 5049 utiliorem
496 5007 556 5048 se
592 5008 779 5058 nosse,
802 5008 967 5065 quam
1000 4991 1075 5049 ibi
1110 5002 1438 5065 prasentem
1480 4992 1769 5051 Wiredum

164 5086 508 5143 monachum
561 5085 807 5158 ejusdem
860 5087 1124 5145 ecclesias.
1192 5085 1454 5144 Hortatus
1512 5087 1772 5144 accedere

166 5174 456 5245 Wiredus,
488 5178 614 5235 licet
639 5189 697 5237 ut
727 5183 783 5236 fit
814 5181 1152 5253 aliquamdiu
1186 5181 1442 5237 reluctari
1470 5180 1769 5249 videretur,

166 5278 356 5328 tamen
394 5272 636 5329 donante
681 5271 908 5331 Otberto
951 5274 1224 5331 abbatiam
1279 5273 1543 5345 suscepit,
1584 5274 1775 5345 sicque

166 5367 470 5425 comitatus
509 5366 813 5441 Berengert
845 5378 898 5425 et
927 5367 1215 5425 lt‘rcderico
1238 5367 1548 5439 prmposito,
1589 5366 1773 5423 Anda-

167 5460 364 5531 ginum
391 5462 562 5519 venit.
609 5461 894 5521 Fratribus
934 5474 1117 5520 autem
1168 5462 1489 5520 electionem
1535 5462 1616 5518 sic
1651 5460 1771 5517 fru-

168 5560 406 5609 stratatn
448 5553 883 5626 indignantibus,
927 5565 983 5612 et
1016 5553 1251 5612 venienti
1290 5563 1350 5611 ut
1379 5563 1465 5611 est
1498 5568 1620 5610 mos
1646 5567 1774 5625 pro-

1880 4512 2057 4580 duxit,
2099 4520 2268 4583 utque
2311 4510 2487 4566 tutius
2517 4508 2718 4564 vitaret
2757 4503 2974 4577 pondus
3019 4498 3365 4558 necessitatis
3408 4498 3478 4554 de

1878 4606 2130 4678 proximo
2184 4603 2547 4671 imminentis,
2604 4598 2894 4655 Franciam
2939 4595 3180 4661 divertit,
3231 4601 3285 4648 et
3334 4589 3478 4661 apud

1883 4699 2256 4757 Ebernensem
2301 4698 2499 4754 cellam
2553 4693 2761 4752 morari
2804 4691 2987 4762 coepit.
3022 4686 3260 4745 Obertus
3309 4683 3477 4754 hujus

1880 4793 2262 4852 subductionis
2292 4792 2426 4849 satis
2454 4788 2734 4855 conscius,
2782 4782 3125 4854 attemptavit
3150 4793 3279 4836 eum
3318 4775 3478 4831 indu-

1881 4904 2004 4946 cere
2027 4896 2177 4944 tanto
2198 4886 2415 4944 facilius
2438 4890 2649 4957 quanto
2681 4889 2738 4936 et
2778 4878 3024 4944 suavius,
3056 4890 3126 4931 ex
3162 4888 3265 4930 suo
3293 4868 3479 4940 conje-

1879 4989 2038 5037 clans
2064 4978 2304 5052 ingenio,
2334 4989 2395 5034 ut
2416 4991 2538 5034 sese
2563 4990 2653 5031 res
2682 4971 2941 5038 habebat,
2967 4967 3113 5024 nolle
3141 4964 3296 5021 illum
3318 4958 3478 5016 facile

1871 5074 1989 5146 jam
2014 5087 2201 5130 carere
2226 5070 2394 5127 semel
2422 5067 2699 5141 degustati
2729 5062 2962 5122 honoris
2991 5054 3353 5130 experientia,
3376 5068 3476 5109 eu-

1873 5172 1968 5244 jus
2007 5170 2215 5226 donum
2259 5167 2315 5222 in
2344 5163 2665 5236 accipiendo
2692 5161 2760 5192 ¹³²
2808 5160 3163 5215 recusaverat
3199 5151 3267 5244 de
3308 5162 3476 5244 manu

1878 5240 2020 5340 ejus,
2048 5280 2172 5336 qua:
2197 5262 2299 5320 sibi
2329 5276 2438 5316 non
2461 5258 2751 5315 videbatur
2779 5254 2937 5325 prius
2959 5249 3219 5340 legitima.
3246 5240 3478 5340 Scripsit

1879 5333 2174 5418 autem—illi
2206 5356 2260 5410 in
2292 5355 2439 5409 hunc
2473 5351 2700 5407 modum
2754 5364 2786 5403 a
2809 5344 3015 5402 Leodio
3054 5360 3067 5397 :
3114 5339 3338 5397 Obertus
3376 5333 3476 5388 Dei

1881 5454 2061 5528 gratia
2094 5448 2470 5506 Leodiensium
2516 5445 2793 5516 episcopus
2834 5438 2995 5512 fratri
3031 5431 3249 5528 Wiredo
3294 5421 3478 5528 abbati

1882 5523 1947 5605 de
1967 5555 2153 5603 sancto
2176 5542 2417 5599 Huberto
2440 5540 2670 5614 gratiam
2693 5552 2848 5593 suam
2867 5543 2919 5591 et
2941 5547 3118 5590 ueram
3137 5523 3479 5584 dilectionem

1501 5646 1585 5702 VA
1593 5646 1732 5703 ΒΙΑΣ
1773 5637 2179 5705 LECTIONES.

247 5739 318 5775 ⁸³⁸
357 5739 501 5798 deest
529 5741 582 5798 1.
628 5742 781 5799 addit
813 5740 976 5800 Mart.
1056 5743 1122 5779 “'
1155 5759 1263 5801 non
1294 5743 1470 5800 deesse
1493 5741 1724 5801 videtur.
