  <div class='ocr_page' id='page_1' title='image "/cluster/home/n/w/nwhite01/storage/ocr_20150623/154/hvd.32044015473820/725.png"; bbox 0 0 3902 6286; ppageno 0'>
   <div class='ocr_carea' id='block_1_1' title="bbox 445 264 584 331">
    <p class='ocr_par' dir='ltr' id='par_1_1' title="bbox 445 264 584 331">
     <span class='ocr_line' id='line_1_1' title="bbox 445 264 584 331; baseline -0.029 0"><span class='ocrx_word' id='word_1_1' title='bbox 445 264 584 331; x_wconf 70' lang='grc'><strong>1459</strong></span> 
     </span>
    </p>
   </div>
   <div class='ocr_carea' id='block_1_2' title="bbox 1470 180 2672 302">
    <p class='ocr_par' dir='ltr' id='par_1_2' title="bbox 1470 180 2672 302">
     <span class='ocr_line' id='line_1_2' title="bbox 1470 180 2672 302; baseline -0.009 0"><span class='ocrx_word' id='word_1_2' title='bbox 1470 238 1864 302; x_wconf 81' lang='lat' dir='ltr'><strong><em>CHRONICON</em></strong></span> <span class='ocrx_word' id='word_1_3' title='bbox 1903 234 1961 296; x_wconf 89' lang='lat' dir='ltr'><strong><em>S.</em></strong></span> <span class='ocrx_word' id='word_1_4' title='bbox 2003 228 2311 294; x_wconf 79' lang='lat' dir='ltr'><strong>HUBERTI</strong></span> <span class='ocrx_word' id='word_1_5' title='bbox 2347 228 2672 293; x_wconf 77' lang='lat' dir='ltr'><strong><em>ANDAGIN.</em></strong></span> 
     </span>
    </p>
   </div>
   <div class='ocr_carea' id='block_1_3' title="bbox 3591 232 3732 295">
    <p class='ocr_par' dir='ltr' id='par_1_3' title="bbox 3591 232 3732 295">
     <span class='ocr_line' id='line_1_3' title="bbox 3591 232 3732 295; baseline 0.021 -3"><span class='ocrx_word' id='word_1_6' title='bbox 3591 232 3732 295; x_wconf 72' lang='lat' dir='ltr'><strong><em>tuo</em></strong></span> 
     </span>
    </p>
   </div>
   <div class='ocr_carea' id='block_1_4' title="bbox 447 342 3729 445">
    <p class='ocr_par' dir='ltr' id='par_1_4' title="bbox 447 342 3729 445">
     <span class='ocr_line' id='line_1_4' title="bbox 447 342 3729 445; baseline -0.012 -8"><span class='ocrx_word' id='word_1_7' title='bbox 447 388 502 441; x_wconf 80' lang='lat' dir='ltr'><strong><em>in</em></strong></span> <span class='ocrx_word' id='word_1_8' title='bbox 528 381 759 440; x_wconf 79' lang='lat' dir='ltr'><strong><em>Christo.</em></strong></span> <span class='ocrx_word' id='word_1_9' title='bbox 801 372 878 432; x_wconf 88' lang='lat' dir='ltr'><strong><em>De</em></strong></span> <span class='ocrx_word' id='word_1_10' title='bbox 913 366 1235 445; x_wconf 86' lang='lat' dir='ltr'><strong><em>promotione</em></strong></span> <span class='ocrx_word' id='word_1_11' title='bbox 1272 368 1363 415; x_wconf 87' lang='lat' dir='ltr'><strong><em>tua</em></strong></span> <span class='ocrx_word' id='word_1_12' title='bbox 1412 359 1643 431; x_wconf 81' lang='lat' dir='ltr'><strong><em>qualiter</em></strong></span> <span class='ocrx_word' id='word_1_13' title='bbox 1690 356 1941 411; x_wconf 78' lang='lat' dir='ltr'><strong><em>canonice</em></strong></span> <span class='ocrx_word' id='word_1_14' title='bbox 1976 358 2026 408; x_wconf 91' lang='lat' dir='ltr'><strong><em>et</em></strong></span> <span class='ocrx_word' id='word_1_15' title='bbox 2054 353 2104 413; x_wconf 80' lang='grc' dir='ltr'><strong>Δ</strong></span> <span class='ocrx_word' id='word_1_16' title='bbox 2130 342 2257 424; x_wconf 86' lang='lat' dir='ltr'><strong><em>quia</em></strong></span> <span class='ocrx_word' id='word_1_17' title='bbox 2286 369 2390 406; x_wconf 92' lang='lat' dir='ltr'><strong><em>non</em></strong></span> <span class='ocrx_word' id='word_1_18' title='bbox 2418 351 2671 422; x_wconf 88' lang='lat' dir='ltr'><strong><em>posuistis</em></strong></span> <span class='ocrx_word' id='word_1_19' title='bbox 2698 363 2852 420; x_wconf 87' lang='lat' dir='ltr'><strong><em>super</em></strong></span> <span class='ocrx_word' id='word_1_20' title='bbox 2885 362 2997 414; x_wconf 89' lang='lat' dir='ltr'><strong><em>cor,</em></strong></span> <span class='ocrx_word' id='word_1_21' title='bbox 3026 354 3087 401; x_wconf 81' lang='lat' dir='ltr'><strong><em>ut</em></strong></span> <span class='ocrx_word' id='word_1_22' title='bbox 3111 362 3343 418; x_wconf 58' lang='lat' dir='ltr'><strong><em>gtoriam</em></strong></span> <span class='ocrx_word' id='word_1_23' title='bbox 3376 352 3595 404; x_wconf 65' lang='lat' dir='ltr'><strong><em>nomini</em></strong></span> <span class='ocrx_word' id='word_1_24' title='bbox 3622 370 3729 409; x_wconf 65' lang='grc' dir='ltr'><strong><em>,ιω</em></strong></span> 
     </span>
    </p>
   </div>
   <div class='ocr_carea' id='block_1_5' title="bbox 448 451 2033 541">
    <p class='ocr_par' dir='ltr' id='par_1_5' title="bbox 448 451 2033 541">
     <span class='ocr_line' id='line_1_5' title="bbox 448 451 2033 541; baseline -0.023 -7"><span class='ocrx_word' id='word_1_25' title='bbox 448 476 737 533; x_wconf 86' lang='lat' dir='ltr'><strong><em>secundum</em></strong></span> <span class='ocrx_word' id='word_1_26' title='bbox 767 469 1001 541; x_wconf 86' lang='lat' dir='ltr'><strong><em>regulam</em></strong></span> <span class='ocrx_word' id='word_1_27' title='bbox 1026 460 1197 517; x_wconf 79' lang='lat' dir='ltr'><strong><em>sancti</em></strong></span> <span class='ocrx_word' id='word_1_28' title='bbox 1221 454 1495 511; x_wconf 71' lang='lat' dir='ltr'><strong><em>Benedicti</em></strong></span> <span class='ocrx_word' id='word_1_29' title='bbox 1526 453 1687 522; x_wconf 88' lang='lat' dir='ltr'><strong><em>fuerit</em></strong></span> <span class='ocrx_word' id='word_1_30' title='bbox 1712 451 1877 521; x_wconf 88' lang='lat' dir='ltr'><strong><em>facta,</em></strong></span> <span class='ocrx_word' id='word_1_31' title='bbox 1902 466 2033 521; x_wconf 87' lang='lat' dir='ltr'><strong><em>quo-</em></strong></span> 
     </span>
    </p>
   </div>
   <div class='ocr_carea' id='block_1_6' title="bbox 448 543 2032 635">
    <p class='ocr_par' dir='ltr' id='par_1_6' title="bbox 448 543 2032 635">
     <span class='ocr_line' id='line_1_6' title="bbox 448 543 2032 635; baseline -0.018 -11"><span class='ocrx_word' id='word_1_32' title='bbox 448 570 625 635; x_wconf 87' lang='lat' dir='ltr'><strong><em>modo,</em></strong></span> <span class='ocrx_word' id='word_1_33' title='bbox 656 568 887 635; x_wconf 87' lang='lat' dir='ltr'><strong><em>inquam,</em></strong></span> <span class='ocrx_word' id='word_1_34' title='bbox 912 558 1144 611; x_wconf 88' lang='lat' dir='ltr'><strong><em>humana</em></strong></span> <span class='ocrx_word' id='word_1_35' title='bbox 1175 548 1350 623; x_wconf 88' lang='lat' dir='ltr'><strong><em>gratia</em></strong></span> <span class='ocrx_word' id='word_1_36' title='bbox 1370 555 1421 601; x_wconf 90' lang='lat' dir='ltr'><strong><em>et</em></strong></span> <span class='ocrx_word' id='word_1_37' title='bbox 1452 556 1661 629; x_wconf 83' lang='lat' dir='ltr'><strong><em>terrena</em></strong></span> <span class='ocrx_word' id='word_1_38' title='bbox 1682 543 2032 597; x_wconf 73' lang='lat' dir='ltr'><strong><em>commoditas</em></strong></span> 
     </span>
    </p>
   </div>
   <div class='ocr_carea' id='block_1_7' title="bbox 446 636 2033 724">
    <p class='ocr_par' dir='ltr' id='par_1_7' title="bbox 446 636 2033 724">
     <span class='ocr_line' id='line_1_7' title="bbox 446 636 2033 724; baseline -0.019 -6"><span class='ocrx_word' id='word_1_39' title='bbox 446 672 497 717; x_wconf 87' lang='lat' dir='ltr'><strong><em>et</em></strong></span> <span class='ocrx_word' id='word_1_40' title='bbox 525 670 715 721; x_wconf 88' lang='lat' dir='ltr'><strong><em>cetera,</em></strong></span> <span class='ocrx_word' id='word_1_41' title='bbox 748 651 933 724; x_wconf 82' lang='lat' dir='ltr'><strong><em>quibus</em></strong></span> <span class='ocrx_word' id='word_1_42' title='bbox 971 646 1175 718; x_wconf 85' lang='lat' dir='ltr'><strong><em>indigni</em></strong></span> <span class='ocrx_word' id='word_1_43' title='bbox 1205 643 1439 697; x_wconf 81' lang='lat' dir='ltr'><strong><em>homines</em></strong></span> <span class='ocrx_word' id='word_1_44' title='bbox 1473 638 1688 708; x_wconf 83' lang='lat' dir='ltr'><strong><em>indigne</em></strong></span> <span class='ocrx_word' id='word_1_45' title='bbox 1715 636 1784 690; x_wconf 91' lang='lat' dir='ltr'><strong><em>ad</em></strong></span> <span class='ocrx_word' id='word_1_46' title='bbox 1813 636 2033 689; x_wconf 84' lang='lat' dir='ltr'><strong><em>honores</em></strong></span> 
     </span>
    </p>
   </div>
   <div class='ocr_carea' id='block_1_8' title="bbox 450 729 2035 819">
    <p class='ocr_par' dir='ltr' id='par_1_8' title="bbox 450 729 2035 819">
     <span class='ocr_line' id='line_1_8' title="bbox 450 729 2035 819; baseline -0.018 -12"><span class='ocrx_word' id='word_1_47' title='bbox 450 754 618 808; x_wconf 90' lang='lat' dir='ltr'><strong><em>solent</em></strong></span> <span class='ocrx_word' id='word_1_48' title='bbox 638 746 867 819; x_wconf 79' lang='lat' dir='ltr'><strong><em>provehi,</em></strong></span> <span class='ocrx_word' id='word_1_49' title='bbox 900 740 1084 813; x_wconf 79' lang='lat' dir='ltr'><strong><em>procul</em></strong></span> <span class='ocrx_word' id='word_1_50' title='bbox 1115 739 1328 809; x_wconf 85' lang='lat' dir='ltr'><strong><em>fuerunt</em></strong></span> <span class='ocrx_word' id='word_1_51' title='bbox 1351 752 1383 788; x_wconf 92' lang='lat' dir='ltr'><strong><em>a</em></strong></span> <span class='ocrx_word' id='word_1_52' title='bbox 1414 733 1584 798; x_wconf 87' lang='lat' dir='ltr'><strong><em>nobis,</em></strong></span> <span class='ocrx_word' id='word_1_53' title='bbox 1610 739 1787 801; x_wconf 91' lang='lat' dir='ltr'><strong><em>utpote</em></strong></span> <span class='ocrx_word' id='word_1_54' title='bbox 1808 729 1898 799; x_wconf 89' lang='lat' dir='ltr'><strong><em>qui</em></strong></span> <span class='ocrx_word' id='word_1_55' title='bbox 1925 736 2035 781; x_wconf 89' lang='lat' dir='ltr'><strong><em>tam</em></strong></span> 
     </span>
    </p>
   </div>
   <div class='ocr_carea' id='block_1_9' title="bbox 450 821 2034 908">
    <p class='ocr_par' dir='ltr' id='par_1_9' title="bbox 450 821 2034 908">
     <span class='ocr_line' id='line_1_9' title="bbox 450 821 2034 908; baseline -0.015 -11"><span class='ocrx_word' id='word_1_56' title='bbox 450 840 719 898; x_wconf 86' lang='lat' dir='ltr'><strong><em>carnalem</em></strong></span> <span class='ocrx_word' id='word_1_57' title='bbox 744 852 905 908; x_wconf 84' lang='lat' dir='ltr'><strong><em>quam</em></strong></span> <span class='ocrx_word' id='word_1_58' title='bbox 932 831 1268 904; x_wconf 87' lang='lat' dir='ltr'><strong><em>spiritualem</em></strong></span> <span class='ocrx_word' id='word_1_59' title='bbox 1302 828 1378 882; x_wconf 87' lang='lat' dir='ltr'><strong><em>rei</em></strong></span> <span class='ocrx_word' id='word_1_60' title='bbox 1413 834 1597 881; x_wconf 76' lang='lat' dir='ltr'><strong><em>vestra:</em></strong></span> <span class='ocrx_word' id='word_1_61' title='bbox 1627 821 1852 893; x_wconf 73' lang='lat' dir='ltr'><strong><em>publica:</em></strong></span> <span class='ocrx_word' id='word_1_62' title='bbox 1876 837 2034 891; x_wconf 87' lang='lat' dir='ltr'><strong><em>repa-</em></strong></span> 
     </span>
    </p>
   </div>
   <div class='ocr_carea' id='block_1_10' title="bbox 451 915 2036 1000">
    <p class='ocr_par' dir='ltr' id='par_1_10' title="bbox 451 915 2036 1000">
     <span class='ocr_line' id='line_1_10' title="bbox 451 915 2036 1000; baseline -0.015 -11"><span class='ocrx_word' id='word_1_63' title='bbox 451 935 707 988; x_wconf 88' lang='lat' dir='ltr'><strong><em>rationem</em></strong></span> <span class='ocrx_word' id='word_1_64' title='bbox 741 947 831 1000; x_wconf 87' lang='lat' dir='ltr'><strong><em>per</em></strong></span> <span class='ocrx_word' id='word_1_65' title='bbox 870 944 956 983; x_wconf 89' lang='lat' dir='ltr'><strong><em>vos</em></strong></span> <span class='ocrx_word' id='word_1_66' title='bbox 998 924 1358 979; x_wconf 84' lang='lat' dir='ltr'><strong><em>desideramus</em></strong></span> <span class='ocrx_word' id='word_1_67' title='bbox 1407 919 1543 989; x_wconf 84' lang='lat' dir='ltr'><strong><em>ﬁeri,</em></strong></span> <span class='ocrx_word' id='word_1_68' title='bbox 1576 915 1714 970; x_wconf 89' lang='lat' dir='ltr'><strong><em>nulli</em></strong></span> <span class='ocrx_word' id='word_1_69' title='bbox 1740 915 1915 969; x_wconf 86' lang='lat' dir='ltr'><strong><em>notius</em></strong></span> <span class='ocrx_word' id='word_1_70' title='bbox 1959 920 2036 967; x_wconf 87' lang='lat' dir='ltr'><strong><em>est</em></strong></span> 
     </span>
    </p>
   </div>
   <div class='ocr_carea' id='block_1_11' title="bbox 448 1004 2037 1097">
    <p class='ocr_par' dir='ltr' id='par_1_11' title="bbox 448 1004 2037 1097">
     <span class='ocr_line' id='line_1_11' title="bbox 448 1004 2037 1097; baseline -0.014 -17"><span class='ocrx_word' id='word_1_71' title='bbox 448 1042 608 1097; x_wconf 90' lang='lat' dir='ltr'><strong><em>quam</em></strong></span> <span class='ocrx_word' id='word_1_72' title='bbox 659 1024 821 1088; x_wconf 82' lang='lat' dir='ltr'><strong><em>vobis,</em></strong></span> <span class='ocrx_word' id='word_1_73' title='bbox 869 1029 920 1074; x_wconf 90' lang='lat' dir='ltr'><strong><em>et</em></strong></span> <span class='ocrx_word' id='word_1_74' title='bbox 973 1018 1211 1073; x_wconf 87' lang='lat' dir='ltr'><strong><em>eumdem</em></strong></span> <span class='ocrx_word' id='word_1_75' title='bbox 1261 1022 1415 1068; x_wconf 72' lang='lat' dir='ltr'><strong><em>rectae</em></strong></span> <span class='ocrx_word' id='word_1_76' title='bbox 1463 1009 1771 1064; x_wconf 86' lang='lat' dir='ltr'><strong><em>intentionis</em></strong></span> <span class='ocrx_word' id='word_1_77' title='bbox 1824 1004 2037 1060; x_wconf 87' lang='lat' dir='ltr'><strong><em>oculum</em></strong></span> 
     </span>
    </p>
   </div>
   <div class='ocr_carea' id='block_1_12' title="bbox 450 1098 2034 1184">
    <p class='ocr_par' dir='ltr' id='par_1_12' title="bbox 450 1098 2034 1184">
     <span class='ocr_line' id='line_1_12' title="bbox 450 1098 2034 1184; baseline -0.013 -14"><span class='ocrx_word' id='word_1_78' title='bbox 450 1132 650 1184; x_wconf 86' lang='lat' dir='ltr'><strong><em>semper</em></strong></span> <span class='ocrx_word' id='word_1_79' title='bbox 671 1127 1096 1184; x_wconf 89' lang='lat' dir='ltr'><strong><em>pnrnm,semper</em></strong></span> <span class='ocrx_word' id='word_1_80' title='bbox 1111 1119 1349 1178; x_wconf 87' lang='lat' dir='ltr'><strong><em>apertum</em></strong></span> <span class='ocrx_word' id='word_1_81' title='bbox 1371 1120 1495 1174; x_wconf 87' lang='lat' dir='ltr'><strong><em>erga</em></strong></span> <span class='ocrx_word' id='word_1_82' title='bbox 1518 1118 1605 1156; x_wconf 90' lang='lat' dir='ltr'><strong><em>vos</em></strong></span> <span class='ocrx_word' id='word_1_83' title='bbox 1630 1100 1819 1154; x_wconf 86' lang='lat' dir='ltr'><strong><em>habere</em></strong></span> <span class='ocrx_word' id='word_1_84' title='bbox 1839 1098 2034 1165; x_wconf 90' lang='lat' dir='ltr'><strong><em>volens,</em></strong></span> 
     </span>
    </p>
   </div>
   <div class='ocr_carea' id='block_1_13' title="bbox 448 1191 2035 1277">
    <p class='ocr_par' dir='ltr' id='par_1_13' title="bbox 448 1191 2035 1277">
     <span class='ocr_line' id='line_1_13' title="bbox 448 1191 2035 1277; baseline -0.011 -17"><span class='ocrx_word' id='word_1_85' title='bbox 448 1206 587 1277; x_wconf 88' lang='lat' dir='ltr'><strong><em>quod</em></strong></span> <span class='ocrx_word' id='word_1_86' title='bbox 611 1208 666 1259; x_wconf 90' lang='lat' dir='ltr'><strong><em>in</em></strong></span> <span class='ocrx_word' id='word_1_87' title='bbox 698 1206 837 1258; x_wconf 77' lang='lat' dir='ltr'><strong><em>vobis</em></strong></span> <span class='ocrx_word' id='word_1_88' title='bbox 862 1204 985 1256; x_wconf 83' lang='lat' dir='ltr'><strong><em>bene</em></strong></span> <span class='ocrx_word' id='word_1_89' title='bbox 1011 1209 1233 1271; x_wconf 71' lang='lat' dir='ltr'><strong><em>emptum</em></strong></span> <span class='ocrx_word' id='word_1_90' title='bbox 1255 1198 1378 1267; x_wconf 88' lang='lat' dir='ltr'><strong><em>fuit,</em></strong></span> <span class='ocrx_word' id='word_1_91' title='bbox 1400 1194 1587 1249; x_wconf 89' lang='lat' dir='ltr'><strong><em>melius</em></strong></span> <span class='ocrx_word' id='word_1_92' title='bbox 1611 1193 1857 1264; x_wconf 79' lang='lat' dir='ltr'><strong><em>perﬁcere</em></strong></span> <span class='ocrx_word' id='word_1_93' title='bbox 1873 1191 2035 1256; x_wconf 89' lang='lat' dir='ltr'><strong><em>volui,</em></strong></span> 
     </span>
    </p>
   </div>
   <div class='ocr_carea' id='block_1_14' title="bbox 449 1284 2034 1363">
    <p class='ocr_par' dir='ltr' id='par_1_14' title="bbox 449 1284 2034 1363">
     <span class='ocr_line' id='line_1_14' title="bbox 449 1284 2034 1363; baseline -0.01 -12"><span class='ocrx_word' id='word_1_94' title='bbox 449 1306 496 1351; x_wconf 93' lang='lat' dir='ltr'><strong><em>et</em></strong></span> <span class='ocrx_word' id='word_1_95' title='bbox 523 1297 591 1349; x_wconf 91' lang='lat' dir='ltr'><strong><em>ad</em></strong></span> <span class='ocrx_word' id='word_1_96' title='bbox 618 1294 992 1350; x_wconf 83' lang='lat' dir='ltr'><strong><em>benedictionis</em></strong></span> <span class='ocrx_word' id='word_1_97' title='bbox 1015 1294 1244 1363; x_wconf 86' lang='lat' dir='ltr'><strong><em>gratiam</em></strong></span> <span class='ocrx_word' id='word_1_98' title='bbox 1277 1291 1331 1343; x_wconf 90' lang='lat' dir='ltr'><strong><em>in</em></strong></span> <span class='ocrx_word' id='word_1_99' title='bbox 1355 1289 1596 1359; x_wconf 76' lang='lat' dir='ltr'><strong><em>proximo</em></strong></span> <span class='ocrx_word' id='word_1_100' title='bbox 1621 1302 1708 1339; x_wconf 91' lang='lat' dir='ltr'><strong><em>vos</em></strong></span> <span class='ocrx_word' id='word_1_101' title='bbox 1734 1284 2034 1354; x_wconf 87' lang='lat' dir='ltr'><strong><em>perducere,</em></strong></span> 
     </span>
    </p>
   </div>
   <div class='ocr_carea' id='block_1_15' title="bbox 450 1376 2037 1456">
    <p class='ocr_par' dir='ltr' id='par_1_15' title="bbox 450 1376 2037 1456">
     <span class='ocr_line' id='line_1_15' title="bbox 450 1376 2037 1456; baseline -0.009 -15"><span class='ocrx_word' id='word_1_102' title='bbox 450 1388 560 1442; x_wconf 83' lang='lat' dir='ltr'><strong><em>Deo</em></strong></span> <span class='ocrx_word' id='word_1_103' title='bbox 587 1386 899 1456; x_wconf 83' lang='lat' dir='ltr'><strong><em>opitulante,</em></strong></span> <span class='ocrx_word' id='word_1_104' title='bbox 926 1385 1182 1454; x_wconf 85' lang='lat' dir='ltr'><strong><em>disposui.</em></strong></span> <span class='ocrx_word' id='word_1_105' title='bbox 1224 1382 1324 1435; x_wconf 82' lang='lat' dir='ltr'><strong><em>Vos</em></strong></span> <span class='ocrx_word' id='word_1_106' title='bbox 1350 1390 1525 1434; x_wconf 89' lang='lat' dir='ltr'><strong><em>autem</em></strong></span> <span class='ocrx_word' id='word_1_107' title='bbox 1555 1378 1651 1431; x_wconf 90' lang='lat' dir='ltr'><strong><em>illo</em></strong></span> <span class='ocrx_word' id='word_1_108' title='bbox 1683 1387 1911 1446; x_wconf 90' lang='lat' dir='ltr'><strong><em>tempore</em></strong></span> <span class='ocrx_word' id='word_1_109' title='bbox 1930 1376 2037 1428; x_wconf 92' lang='lat' dir='ltr'><strong><em>im-</em></strong></span> 
     </span>
    </p>
   </div>
   <div class='ocr_carea' id='block_1_16' title="bbox 449 1467 2039 1551">
    <p class='ocr_par' dir='ltr' id='par_1_16' title="bbox 449 1467 2039 1551">
     <span class='ocr_line' id='line_1_16' title="bbox 449 1467 2039 1551; baseline -0.009 -17"><span class='ocrx_word' id='word_1_110' title='bbox 449 1489 720 1551; x_wconf 88' lang='lat' dir='ltr'><strong><em>paratum,</em></strong></span> <span class='ocrx_word' id='word_1_111' title='bbox 763 1494 850 1532; x_wconf 84' lang='lat' dir='ltr'><strong><em>vos</em></strong></span> <span class='ocrx_word' id='word_1_112' title='bbox 892 1479 945 1531; x_wconf 90' lang='lat' dir='ltr'><strong><em>in</em></strong></span> <span class='ocrx_word' id='word_1_113' title='bbox 986 1476 1301 1547; x_wconf 82' lang='lat' dir='ltr'><strong><em>quibusdam</em></strong></span> <span class='ocrx_word' id='word_1_114' title='bbox 1347 1472 1569 1543; x_wconf 85' lang='lat' dir='ltr'><strong><em>negotiis</em></strong></span> <span class='ocrx_word' id='word_1_115' title='bbox 1633 1467 2039 1523; x_wconf 88' lang='lat' dir='ltr'><strong><em>lacrimabiliter</em></strong></span> 
     </span>
    </p>
   </div>
   <div class='ocr_carea' id='block_1_17' title="bbox 452 1562 2035 1640">
    <p class='ocr_par' dir='ltr' id='par_1_17' title="bbox 452 1562 2035 1640">
     <span class='ocr_line' id='line_1_17' title="bbox 452 1562 2035 1640; baseline -0.008 -15"><span class='ocrx_word' id='word_1_116' title='bbox 452 1572 667 1624; x_wconf 75' lang='lat' dir='ltr'><strong><em>dixistis</em></strong></span> <span class='ocrx_word' id='word_1_117' title='bbox 697 1570 1010 1640; x_wconf 85' lang='lat' dir='ltr'><strong><em>obligatum,</em></strong></span> <span class='ocrx_word' id='word_1_118' title='bbox 1038 1579 1088 1622; x_wconf 91' lang='lat' dir='ltr'><strong><em>et</em></strong></span> <span class='ocrx_word' id='word_1_119' title='bbox 1131 1567 1354 1621; x_wconf 90' lang='lat' dir='ltr'><strong><em>consilio</em></strong></span> <span class='ocrx_word' id='word_1_120' title='bbox 1405 1573 1455 1619; x_wconf 89' lang='lat' dir='ltr'><strong><em>et</em></strong></span> <span class='ocrx_word' id='word_1_121' title='bbox 1500 1563 1704 1618; x_wconf 69' lang='lat' dir='ltr'><strong><em>auxilio</em></strong></span> <span class='ocrx_word' id='word_1_122' title='bbox 1754 1562 2035 1627; x_wconf 91' lang='lat' dir='ltr'><strong><em>bonorum,</em></strong></span> 
     </span>
    </p>
   </div>
   <div class='ocr_carea' id='block_1_18' title="bbox 450 1654 2040 1731">
    <p class='ocr_par' dir='ltr' id='par_1_18' title="bbox 450 1654 2040 1731">
     <span class='ocr_line' id='line_1_18' title="bbox 450 1654 2040 1731; baseline -0.008 -16"><span class='ocrx_word' id='word_1_123' title='bbox 450 1662 713 1731; x_wconf 67' lang='lat' dir='ltr'><strong><em>praecipue</em></strong></span> <span class='ocrx_word' id='word_1_124' title='bbox 740 1670 914 1714; x_wconf 85' lang='lat' dir='ltr'><strong><em>autem</em></strong></span> <span class='ocrx_word' id='word_1_125' title='bbox 942 1659 1226 1712; x_wconf 89' lang='lat' dir='ltr'><strong><em>concordia</em></strong></span> <span class='ocrx_word' id='word_1_126' title='bbox 1250 1666 1300 1711; x_wconf 93' lang='lat' dir='ltr'><strong><em>et</em></strong></span> <span class='ocrx_word' id='word_1_127' title='bbox 1326 1656 1678 1709; x_wconf 80' lang='lat' dir='ltr'><strong><em>unanimitate</em></strong></span> <span class='ocrx_word' id='word_1_128' title='bbox 1703 1654 1933 1723; x_wconf 79' lang='lat' dir='ltr'><strong><em>fratrum</em></strong></span> <span class='ocrx_word' id='word_1_129' title='bbox 1955 1667 2040 1704; x_wconf 89' lang='lat' dir='ltr'><strong><em>ve-</em></strong></span> 
     </span>
    </p>
   </div>
   <div class='ocr_carea' id='block_1_19' title="bbox 452 1744 2037 1819">
    <p class='ocr_par' dir='ltr' id='par_1_19' title="bbox 452 1744 2037 1819">
     <span class='ocr_line' id='line_1_19' title="bbox 452 1744 2037 1819; baseline -0.006 -14"><span class='ocrx_word' id='word_1_130' title='bbox 452 1762 685 1806; x_wconf 88' lang='lat' dir='ltr'><strong><em>strorum</em></strong></span> <span class='ocrx_word' id='word_1_131' title='bbox 709 1753 777 1805; x_wconf 76' lang='lat' dir='ltr'><strong><em>ad</em></strong></span> <span class='ocrx_word' id='word_1_132' title='bbox 803 1763 912 1804; x_wconf 88' lang='lat' dir='ltr'><strong><em>tam</em></strong></span> <span class='ocrx_word' id='word_1_133' title='bbox 929 1750 1205 1804; x_wconf 88' lang='lat' dir='ltr'><strong><em>sublimem</em></strong></span> <span class='ocrx_word' id='word_1_134' title='bbox 1229 1751 1458 1819; x_wconf 89' lang='lat' dir='ltr'><strong><em>gratiam</em></strong></span> <span class='ocrx_word' id='word_1_135' title='bbox 1480 1764 1589 1802; x_wconf 89' lang='lat' dir='ltr'><strong><em>esse</em></strong></span> <span class='ocrx_word' id='word_1_136' title='bbox 1611 1744 2037 1816; x_wconf 86' lang='lat' dir='ltr'><strong><em>proveniendum,</em></strong></span> 
     </span>
    </p>
   </div>
   <div class='ocr_carea' id='block_1_20' title="bbox 451 1836 2041 1919">
    <p class='ocr_par' dir='ltr' id='par_1_20' title="bbox 451 1836 2041 1919">
     <span class='ocr_line' id='line_1_20' title="bbox 451 1836 2041 1919; baseline -0.004 -25"><span class='ocrx_word' id='word_1_137' title='bbox 451 1841 698 1919; x_wconf 82' lang='lat' dir='ltr'><strong><em>diemque</em></strong></span> <span class='ocrx_word' id='word_1_138' title='bbox 712 1841 868 1910; x_wconf 85' lang='lat' dir='ltr'><strong><em>hujus</em></strong></span> <span class='ocrx_word' id='word_1_139' title='bbox 894 1843 967 1894; x_wconf 86' lang='lat' dir='ltr'><strong><em>rei</em></strong></span> <span class='ocrx_word' id='word_1_140' title='bbox 997 1839 1328 1910; x_wconf 71' lang='lat' dir='ltr'><strong><em>perﬁcienda:</em></strong></span> <span class='ocrx_word' id='word_1_141' title='bbox 1343 1839 1574 1909; x_wconf 86' lang='lat' dir='ltr'><strong><em>elegistis</em></strong></span> <span class='ocrx_word' id='word_1_142' title='bbox 1596 1847 1643 1891; x_wconf 89' lang='lat' dir='ltr'><strong><em>et</em></strong></span> <span class='ocrx_word' id='word_1_143' title='bbox 1659 1838 1885 1906; x_wconf 88' lang='lat' dir='ltr'><strong><em>petistis,</em></strong></span> <span class='ocrx_word' id='word_1_144' title='bbox 1909 1844 1955 1889; x_wconf 91' lang='lat' dir='ltr'><strong><em>et</em></strong></span> <span class='ocrx_word' id='word_1_145' title='bbox 1986 1836 2041 1888; x_wconf 85' lang='lat' dir='ltr'><strong><em>in</em></strong></span> 
     </span>
    </p>
   </div>
   <div class='ocr_carea' id='block_1_21' title="bbox 450 1928 2041 2001">
    <p class='ocr_par' dir='ltr' id='par_1_21' title="bbox 450 1928 2041 2001">
     <span class='ocr_line' id='line_1_21' title="bbox 450 1928 2041 2001; baseline -0.003 -16"><span class='ocrx_word' id='word_1_146' title='bbox 450 1931 569 2001; x_wconf 86' lang='lat' dir='ltr'><strong><em>ipsa</em></strong></span> <span class='ocrx_word' id='word_1_147' title='bbox 597 1934 769 1986; x_wconf 84' lang='lat' dir='ltr'><strong><em>sancti</em></strong></span> <span class='ocrx_word' id='word_1_148' title='bbox 799 1933 1022 1986; x_wconf 74' lang='lat' dir='ltr'><strong><em>Andrea:</em></strong></span> <span class='ocrx_word' id='word_1_149' title='bbox 1058 1932 1364 2000; x_wconf 77' lang='lat' dir='ltr'><strong><em>festivitate,</em></strong></span> <span class='ocrx_word' id='word_1_150' title='bbox 1417 1947 1496 1984; x_wconf 88' lang='lat' dir='ltr'><strong><em>me</em></strong></span> <span class='ocrx_word' id='word_1_151' title='bbox 1526 1938 1805 1993; x_wconf 88' lang='lat' dir='ltr'><strong><em>annuente,</em></strong></span> <span class='ocrx_word' id='word_1_152' title='bbox 1841 1928 2041 1981; x_wconf 87' lang='lat' dir='ltr'><strong><em>statui-</em></strong></span> 
     </span>
    </p>
   </div>
   <div class='ocr_carea' id='block_1_22' title="bbox 451 2020 2042 2093">
    <p class='ocr_par' dir='ltr' id='par_1_22' title="bbox 451 2020 2042 2093">
     <span class='ocr_line' id='line_1_22' title="bbox 451 2020 2042 2093; baseline -0.003 -16"><span class='ocrx_word' id='word_1_153' title='bbox 451 2025 569 2077; x_wconf 85' lang='lat' dir='ltr'><strong><em>stis.</em></strong></span> <span class='ocrx_word' id='word_1_154' title='bbox 609 2023 713 2077; x_wconf 90' lang='lat' dir='ltr'><strong><em>Sed</em></strong></span> <span class='ocrx_word' id='word_1_155' title='bbox 741 2025 865 2093; x_wconf 82' lang='lat' dir='ltr'><strong><em>quia</em></strong></span> <span class='ocrx_word' id='word_1_156' title='bbox 892 2033 1015 2077; x_wconf 88' lang='lat' dir='ltr'><strong><em>tunc</em></strong></span> <span class='ocrx_word' id='word_1_157' title='bbox 1035 2022 1221 2077; x_wconf 88' lang='lat' dir='ltr'><strong><em>Leodii</em></strong></span> <span class='ocrx_word' id='word_1_158' title='bbox 1249 2040 1351 2076; x_wconf 89' lang='lat' dir='ltr'><strong><em>non</em></strong></span> <span class='ocrx_word' id='word_1_159' title='bbox 1375 2022 1595 2092; x_wconf 78' lang='lat' dir='ltr'><strong><em>fuimus,</em></strong></span> <span class='ocrx_word' id='word_1_160' title='bbox 1633 2023 1821 2092; x_wconf 86' lang='lat' dir='ltr'><strong><em>quippe</em></strong></span> <span class='ocrx_word' id='word_1_161' title='bbox 1855 2020 2042 2073; x_wconf 85' lang='lat' dir='ltr'><strong><em>honori</em></strong></span> 
     </span>
    </p>
   </div>
   <div class='ocr_carea' id='block_1_23' title="bbox 449 2113 2043 2186">
    <p class='ocr_par' dir='ltr' id='par_1_23' title="bbox 449 2113 2043 2186">
     <span class='ocr_line' id='line_1_23' title="bbox 449 2113 2043 2186; baseline -0.004 -15"><span class='ocrx_word' id='word_1_162' title='bbox 449 2125 501 2171; x_wconf 87' lang='lat' dir='ltr'><strong><em>et</em></strong></span> <span class='ocrx_word' id='word_1_163' title='bbox 519 2117 706 2186; x_wconf 71' lang='lat' dir='ltr'><strong><em>gratia:</em></strong></span> <span class='ocrx_word' id='word_1_164' title='bbox 729 2116 909 2169; x_wconf 91' lang='lat' dir='ltr'><strong><em>domni</em></strong></span> <span class='ocrx_word' id='word_1_165' title='bbox 932 2117 1269 2186; x_wconf 85' lang='lat' dir='ltr'><strong><em>imperatoris</em></strong></span> <span class='ocrx_word' id='word_1_166' title='bbox 1287 2116 1603 2169; x_wconf 89' lang='lat' dir='ltr'><strong><em>deservimus</em></strong></span> <span class='ocrx_word' id='word_1_167' title='bbox 1625 2114 1641 2182; x_wconf 92' lang='lat'>(</span> <span class='ocrx_word' id='word_1_168' title='bbox 1650 2115 1670 2166; x_wconf 88' lang='grc' dir='ltr'><strong><em>-Ι</em></strong></span> <span class='ocrx_word' id='word_1_169' title='bbox 1683 2113 1797 2182; x_wconf 83' lang='lat'><strong><em>9|),</em></strong></span> <span class='ocrx_word' id='word_1_170' title='bbox 1816 2129 1902 2165; x_wconf 86' lang='lat' dir='ltr'><strong><em>vos</em></strong></span> <span class='ocrx_word' id='word_1_171' title='bbox 1921 2121 2043 2164; x_wconf 89' lang='lat' dir='ltr'><strong><em>tunc</em></strong></span> 
     </span>
    </p>
   </div>
   <div class='ocr_carea' id='block_1_24' title="bbox 449 2206 2046 2278">
    <p class='ocr_par' dir='ltr' id='par_1_24' title="bbox 449 2206 2046 2278">
     <span class='ocr_line' id='line_1_24' title="bbox 449 2206 2046 2278; baseline -0.004 -16"><span class='ocrx_word' id='word_1_172' title='bbox 449 2207 706 2262; x_wconf 88' lang='lat' dir='ltr'><strong><em>Leodium</em></strong></span> <span class='ocrx_word' id='word_1_173' title='bbox 744 2225 846 2261; x_wconf 87' lang='lat' dir='ltr'><strong><em>non</em></strong></span> <span class='ocrx_word' id='word_1_174' title='bbox 877 2210 1075 2263; x_wconf 87' lang='lat' dir='ltr'><strong><em>venisse</em></strong></span> <span class='ocrx_word' id='word_1_175' title='bbox 1107 2223 1435 2278; x_wconf 83' lang='lat' dir='ltr'><strong><em>nequaquam</em></strong></span> <span class='ocrx_word' id='word_1_176' title='bbox 1457 2206 1787 2276; x_wconf 83' lang='lat' dir='ltr'><strong><em>negligentice</em></strong></span> <span class='ocrx_word' id='word_1_177' title='bbox 1820 2206 2046 2274; x_wconf 87' lang='lat' dir='ltr'><strong><em>imputa-</em></strong></span> 
     </span>
    </p>
   </div>
   <div class='ocr_carea' id='block_1_25' title="bbox 451 2300 2043 2371">
    <p class='ocr_par' dir='ltr' id='par_1_25' title="bbox 451 2300 2043 2371">
     <span class='ocr_line' id='line_1_25' title="bbox 451 2300 2043 2371; baseline -0.003 -17"><span class='ocrx_word' id='word_1_178' title='bbox 451 2317 588 2355; x_wconf 89' lang='lat' dir='ltr'><strong><em>mus.</em></strong></span> <span class='ocrx_word' id='word_1_179' title='bbox 624 2300 677 2354; x_wconf 90' lang='grc' dir='ltr'><strong><em>Ν</em></strong></span> <span class='ocrx_word' id='word_1_180' title='bbox 682 2318 780 2355; x_wconf 87' lang='lat' dir='ltr'><strong><em>unc</em></strong></span> <span class='ocrx_word' id='word_1_181' title='bbox 800 2311 979 2355; x_wconf 89' lang='lat' dir='ltr'><strong><em>autem</em></strong></span> <span class='ocrx_word' id='word_1_182' title='bbox 1008 2301 1365 2371; x_wconf 75' lang='lat' dir='ltr'><strong><em>prwcipiendo</em></strong></span> <span class='ocrx_word' id='word_1_183' title='bbox 1399 2301 1542 2354; x_wconf 80' lang='lat' dir='ltr'><strong><em>vobis</em></strong></span> <span class='ocrx_word' id='word_1_184' title='bbox 1577 2300 1971 2363; x_wconf 86' lang='lat' dir='ltr'><strong><em>denuntiamus,</em></strong></span> <span class='ocrx_word' id='word_1_185' title='bbox 1994 2305 2043 2352; x_wconf 91' lang='lat' dir='ltr'><strong><em>et</em></strong></span> 
     </span>
    </p>
   </div>
   <div class='ocr_carea' id='block_1_26' title="bbox 449 2393 2044 2463">
    <p class='ocr_par' dir='ltr' id='par_1_26' title="bbox 449 2393 2044 2463">
     <span class='ocr_line' id='line_1_26' title="bbox 449 2393 2044 2463; baseline -0.002 -16"><span class='ocrx_word' id='word_1_186' title='bbox 449 2409 542 2463; x_wconf 88' lang='lat' dir='ltr'><strong><em>per</em></strong></span> <span class='ocrx_word' id='word_1_187' title='bbox 579 2410 754 2447; x_wconf 85' lang='lat' dir='ltr'><strong><em>veram</em></strong></span> <span class='ocrx_word' id='word_1_188' title='bbox 792 2394 1141 2448; x_wconf 88' lang='lat' dir='ltr'><strong><em>obedientiam</em></strong></span> <span class='ocrx_word' id='word_1_189' title='bbox 1181 2411 1267 2447; x_wconf 89' lang='lat' dir='ltr'><strong><em>vos</em></strong></span> <span class='ocrx_word' id='word_1_190' title='bbox 1316 2394 1679 2458; x_wconf 88' lang='lat' dir='ltr'><strong><em>admonemus,</em></strong></span> <span class='ocrx_word' id='word_1_191' title='bbox 1720 2401 1779 2446; x_wconf 87' lang='lat' dir='ltr'><strong><em>ut</em></strong></span> <span class='ocrx_word' id='word_1_192' title='bbox 1829 2393 2044 2445; x_wconf 88' lang='lat' dir='ltr'><strong><em>remotis</em></strong></span> 
     </span>
    </p>
   </div>
   <div class='ocr_carea' id='block_1_27' title="bbox 451 2484 2046 2557">
    <p class='ocr_par' dir='ltr' id='par_1_27' title="bbox 451 2484 2046 2557">
     <span class='ocr_line' id='line_1_27' title="bbox 451 2484 2046 2557; baseline 0 -19"><span class='ocrx_word' id='word_1_193' title='bbox 451 2486 690 2539; x_wconf 86' lang='lat' dir='ltr'><strong><em>omnibus</em></strong></span> <span class='ocrx_word' id='word_1_194' title='bbox 738 2486 1212 2557; x_wconf 83' lang='lat' dir='ltr'><strong><em>impedimentile</em></strong></span> <span class='ocrx_word' id='word_1_195' title='bbox 1237 2485 1367 2540; x_wconf 88' lang='lat' dir='ltr'><strong><em>Kal.</em></strong></span> <span class='ocrx_word' id='word_1_196' title='bbox 1395 2486 1679 2540; x_wconf 84' lang='lat' dir='ltr'><strong><em>Februarii</em></strong></span> <span class='ocrx_word' id='word_1_197' title='bbox 1698 2484 1882 2557; x_wconf 79' lang='grc'><strong><em>(1098)</em></strong></span> <span class='ocrx_word' id='word_1_198' title='bbox 1914 2485 2046 2538; x_wconf 92' lang='lat' dir='ltr'><strong><em>Leo-</em></strong></span> 
     </span>
    </p>
   </div>
   <div class='ocr_carea' id='block_1_28' title="bbox 451 2578 2045 2649">
    <p class='ocr_par' dir='ltr' id='par_1_28' title="bbox 451 2578 2045 2649">
     <span class='ocr_line' id='line_1_28' title="bbox 451 2578 2045 2649; baseline 0.002 -20"><span class='ocrx_word' id='word_1_199' title='bbox 451 2578 527 2631; x_wconf 91' lang='lat' dir='ltr'><strong><em>dii</em></strong></span> <span class='ocrx_word' id='word_1_200' title='bbox 554 2578 671 2631; x_wconf 83' lang='lat' dir='ltr'><strong><em>sitis</em></strong></span> <span class='ocrx_word' id='word_1_201' title='bbox 712 2579 769 2631; x_wconf 92' lang='lat' dir='ltr'><strong><em>in</em></strong></span> <span class='ocrx_word' id='word_1_202' title='bbox 803 2581 1060 2646; x_wconf 86' lang='lat' dir='ltr'><strong><em>crastino,</em></strong></span> <span class='ocrx_word' id='word_1_203' title='bbox 1098 2581 1194 2634; x_wconf 89' lang='lat' dir='ltr'><strong><em>hoc</em></strong></span> <span class='ocrx_word' id='word_1_204' title='bbox 1222 2590 1300 2633; x_wconf 90' lang='lat' dir='ltr'><strong><em>est</em></strong></span> <span class='ocrx_word' id='word_1_205' title='bbox 1331 2581 1385 2642; x_wconf 81' lang='lat' dir='ltr'><strong><em>in</em></strong></span> <span class='ocrx_word' id='word_1_206' title='bbox 1411 2580 1644 2649; x_wconf 82' lang='lat' dir='ltr'><strong><em>sequenti</em></strong></span> <span class='ocrx_word' id='word_1_207' title='bbox 1663 2579 1749 2631; x_wconf 89' lang='lat' dir='ltr'><strong><em>die</em></strong></span> <span class='ocrx_word' id='word_1_208' title='bbox 1776 2578 2045 2632; x_wconf 88' lang='lat' dir='ltr'><strong><em>dominica</em></strong></span> 
     </span>
    </p>
   </div>
   <div class='ocr_carea' id='block_1_29' title="bbox 456 2668 2047 2741">
    <p class='ocr_par' dir='ltr' id='par_1_29' title="bbox 456 2668 2047 2741">
     <span class='ocr_line' id='line_1_29' title="bbox 456 2668 2047 2741; baseline -0.001 -19"><span class='ocrx_word' id='word_1_209' title='bbox 456 2668 629 2739; x_wconf 72' lang='grc'><strong><em>(192),</em></strong></span> <span class='ocrx_word' id='word_1_210' title='bbox 655 2670 723 2722; x_wconf 91' lang='lat' dir='ltr'><strong><em>ad</em></strong></span> <span class='ocrx_word' id='word_1_211' title='bbox 754 2671 1147 2741; x_wconf 87' lang='lat' dir='ltr'><strong><em>percipiendam</em></strong></span> <span class='ocrx_word' id='word_1_212' title='bbox 1176 2671 1585 2725; x_wconf 86' lang='lat' dir='ltr'><strong><em>benedictionem</em></strong></span> <span class='ocrx_word' id='word_1_213' title='bbox 1601 2679 2047 2740; x_wconf 88' lang='lat' dir='ltr'><strong><em>paratus,vosque</em></strong></span> 
     </span>
    </p>
   </div>
   <div class='ocr_carea' id='block_1_30' title="bbox 451 2761 2046 2833">
    <p class='ocr_par' dir='ltr' id='par_1_30' title="bbox 451 2761 2046 2833">
     <span class='ocr_line' id='line_1_30' title="bbox 451 2761 2046 2833; baseline -0.002 -16"><span class='ocrx_word' id='word_1_214' title='bbox 451 2778 543 2833; x_wconf 89' lang='lat' dir='ltr'><strong><em>per</em></strong></span> <span class='ocrx_word' id='word_1_215' title='bbox 587 2762 753 2816; x_wconf 90' lang='lat' dir='ltr'><strong><em>Deum</em></strong></span> <span class='ocrx_word' id='word_1_216' title='bbox 782 2771 833 2815; x_wconf 93' lang='lat' dir='ltr'><strong><em>et</em></strong></span> <span class='ocrx_word' id='word_1_217' title='bbox 878 2780 969 2833; x_wconf 89' lang='lat' dir='ltr'><strong><em>per</em></strong></span> <span class='ocrx_word' id='word_1_218' title='bbox 1004 2763 1213 2817; x_wconf 86' lang='lat' dir='ltr'><strong><em>beatum</em></strong></span> <span class='ocrx_word' id='word_1_219' title='bbox 1254 2763 1549 2818; x_wconf 85' lang='lat' dir='ltr'><strong><em>Hubertum</em></strong></span> <span class='ocrx_word' id='word_1_220' title='bbox 1581 2761 1896 2816; x_wconf 89' lang='lat' dir='ltr'><strong><em>omnimodis</em></strong></span> <span class='ocrx_word' id='word_1_221' title='bbox 1927 2777 2046 2814; x_wconf 92' lang='lat' dir='ltr'><strong><em>am-</em></strong></span> 
     </span>
    </p>
   </div>
   <div class='ocr_carea' id='block_1_31' title="bbox 454 2854 2045 2922">
    <p class='ocr_par' dir='ltr' id='par_1_31' title="bbox 454 2854 2045 2922">
     <span class='ocr_line' id='line_1_31' title="bbox 454 2854 2045 2922; baseline -0.001 -13"><span class='ocrx_word' id='word_1_222' title='bbox 454 2856 713 2909; x_wconf 88' lang='lat' dir='ltr'><strong><em>monitum</em></strong></span> <span class='ocrx_word' id='word_1_223' title='bbox 770 2871 880 2909; x_wconf 86' lang='lat' dir='ltr'><strong><em>esse</em></strong></span> <span class='ocrx_word' id='word_1_224' title='bbox 932 2856 1205 2922; x_wconf 88' lang='lat' dir='ltr'><strong><em>volumus,</em></strong></span> <span class='ocrx_word' id='word_1_225' title='bbox 1264 2864 1323 2910; x_wconf 88' lang='lat' dir='ltr'><strong><em>ut</em></strong></span> <span class='ocrx_word' id='word_1_226' title='bbox 1375 2857 1589 2911; x_wconf 86' lang='lat' dir='ltr'><strong><em>interim</em></strong></span> <span class='ocrx_word' id='word_1_227' title='bbox 1642 2856 1807 2910; x_wconf 86' lang='lat' dir='ltr'><strong><em>nichil</em></strong></span> <span class='ocrx_word' id='word_1_228' title='bbox 1871 2854 2045 2921; x_wconf 87' lang='lat' dir='ltr'><strong><em>aliud,</em></strong></span> 
     </span>
    </p>
   </div>
   <div class='ocr_carea' id='block_1_32' title="bbox 453 2945 2047 3015">
    <p class='ocr_par' dir='ltr' id='par_1_32' title="bbox 453 2945 2047 3015">
     <span class='ocr_line' id='line_1_32' title="bbox 453 2945 2047 3015; baseline 0 -16"><span class='ocrx_word' id='word_1_229' title='bbox 453 2946 558 2999; x_wconf 87' lang='lat' dir='ltr'><strong><em>nisi</em></strong></span> <span class='ocrx_word' id='word_1_230' title='bbox 602 2945 740 3015; x_wconf 79' lang='lat' dir='ltr'><strong><em>quod</em></strong></span> <span class='ocrx_word' id='word_1_231' title='bbox 792 2946 859 2999; x_wconf 91' lang='lat' dir='ltr'><strong><em>ad</em></strong></span> <span class='ocrx_word' id='word_1_232' title='bbox 906 2962 1080 3000; x_wconf 88' lang='lat' dir='ltr'><strong><em>meum</em></strong></span> <span class='ocrx_word' id='word_1_233' title='bbox 1125 2948 1372 3000; x_wconf 84' lang='lat' dir='ltr'><strong><em>honorem</em></strong></span> <span class='ocrx_word' id='word_1_234' title='bbox 1406 2963 1455 3001; x_wconf 82' lang='lat' dir='ltr'><strong><em>et</em></strong></span> <span class='ocrx_word' id='word_1_235' title='bbox 1481 2948 1551 3001; x_wconf 88' lang='lat' dir='ltr'><strong><em>ad</em></strong></span> <span class='ocrx_word' id='word_1_236' title='bbox 1585 2948 1821 3002; x_wconf 76' lang='lat' dir='ltr'><strong><em>ecclesia:</em></strong></span> <span class='ocrx_word' id='word_1_237' title='bbox 1864 2953 2047 3001; x_wconf 71' lang='lat' dir='ltr'><strong><em>vestra:</em></strong></span> 
     </span>
    </p>
   </div>
   <div class='ocr_carea' id='block_1_33' title="bbox 2134 442 3733 516">
    <p class='ocr_par' dir='ltr' id='par_1_33' title="bbox 2134 442 3733 516">
     <span class='ocr_line' id='line_1_33' title="bbox 2134 442 3733 516; baseline -0.003 -15"><span class='ocrx_word' id='word_1_238' title='bbox 2134 447 2270 501; x_wconf 88' lang='lat' dir='ltr'><strong><em>detis</em></strong></span> <span class='ocrx_word' id='word_1_239' title='bbox 2312 443 2568 516; x_wconf 82' lang='lat' dir='ltr'><strong><em>(Malach.</em></strong></span> <span class='ocrx_word' id='word_1_240' title='bbox 2605 460 2665 510; x_wconf 78' lang='grc' dir='ltr'><strong><em>ιι,</em></strong></span> <span class='ocrx_word' id='word_1_241' title='bbox 2689 442 2766 514; x_wconf 74' lang='grc'><strong><em>2).</em></strong></span> <span class='ocrx_word' id='word_1_242' title='bbox 2805 443 3102 512; x_wconf 85' lang='lat' dir='ltr'><strong><em>Acceperat</em></strong></span> <span class='ocrx_word' id='word_1_243' title='bbox 3138 450 3276 498; x_wconf 90' lang='lat' dir='ltr'><strong><em>tunc</em></strong></span> <span class='ocrx_word' id='word_1_244' title='bbox 3297 444 3580 511; x_wconf 84' lang='lat' dir='ltr'><strong><em>temporis</em></strong></span> <span class='ocrx_word' id='word_1_245' title='bbox 3614 448 3733 515; x_wconf 60' lang='lat' dir='ltr'><strong><em>qui.</em></strong></span> 
     </span>
    </p>
   </div>
   <div class='ocr_carea' id='block_1_34' title="bbox 2136 535 3730 596">
    <p class='ocr_par' dir='ltr' id='par_1_34' title="bbox 2136 535 3730 596">
     <span class='ocr_line' id='line_1_34' title="bbox 2136 535 3730 596; baseline -0.003 0"><span class='ocrx_word' id='word_1_246' title='bbox 2136 541 2262 596; x_wconf 89' lang='lat' dir='ltr'><strong><em>dam</em></strong></span> <span class='ocrx_word' id='word_1_247' title='bbox 2292 539 2597 594; x_wconf 82' lang='lat' dir='ltr'><strong><em>monachus</em></strong></span> <span class='ocrx_word' id='word_1_248' title='bbox 2626 538 2770 593; x_wconf 89' lang='lat' dir='ltr'><strong><em>beati</em></strong></span> <span class='ocrx_word' id='word_1_249' title='bbox 2796 536 3078 592; x_wconf 78' lang='lat' dir='ltr'><strong><em>Laurentii</em></strong></span> <span class='ocrx_word' id='word_1_250' title='bbox 3107 535 3451 591; x_wconf 86' lang='lat' dir='ltr'><strong><em>Lambertus</em></strong></span> <span class='ocrx_word' id='word_1_251' title='bbox 3472 536 3543 590; x_wconf 85' lang='lat' dir='ltr'><strong><em>de</em></strong></span> <span class='ocrx_word' id='word_1_252' title='bbox 3578 553 3730 592; x_wconf 76' lang='lat' dir='ltr'><strong><em>manu</em></strong></span> 
     </span>
    </p>
   </div>
   <div class='ocr_carea' id='block_1_35' title="bbox 2138 629 3735 700">
    <p class='ocr_par' dir='ltr' id='par_1_35' title="bbox 2138 629 3735 700">
     <span class='ocr_line' id='line_1_35' title="bbox 2138 629 3735 700; baseline -0.003 -11"><span class='ocrx_word' id='word_1_253' title='bbox 2138 631 2345 689; x_wconf 89' lang='lat' dir='ltr'><strong><em>Otberti</em></strong></span> <span class='ocrx_word' id='word_1_254' title='bbox 2378 631 2648 687; x_wconf 89' lang='lat' dir='ltr'><strong><em>abbatiam</em></strong></span> <span class='ocrx_word' id='word_1_255' title='bbox 2678 630 3078 695; x_wconf 88' lang='lat' dir='ltr'><strong><em>Florinensem,</em></strong></span> <span class='ocrx_word' id='word_1_256' title='bbox 3116 629 3232 700; x_wconf 89' lang='lat' dir='ltr'><strong><em>qui,</em></strong></span> <span class='ocrx_word' id='word_1_257' title='bbox 3280 639 3343 683; x_wconf 91' lang='lat' dir='ltr'><strong><em>ut</em></strong></span> <span class='ocrx_word' id='word_1_258' title='bbox 3362 629 3490 699; x_wconf 87' lang='lat' dir='ltr'><strong><em>jam</em></strong></span> <span class='ocrx_word' id='word_1_259' title='bbox 3534 629 3735 685; x_wconf 76' lang='lat' dir='ltr'><strong><em>dictum</em></strong></span> 
     </span>
    </p>
   </div>
   <div class='ocr_carea' id='block_1_36' title="bbox 2136 720 3739 797">
    <p class='ocr_par' dir='ltr' id='par_1_36' title="bbox 2136 720 3739 797">
     <span class='ocr_line' id='line_1_36' title="bbox 2136 720 3739 797; baseline -0.003 -16"><span class='ocrx_word' id='word_1_260' title='bbox 2136 734 2222 781; x_wconf 86' lang='lat' dir='ltr'><strong><em>est</em></strong></span> <span class='ocrx_word' id='word_1_261' title='bbox 2256 724 2406 797; x_wconf 80' lang='grc'>(195)</span> <span class='ocrx_word' id='word_1_262' title='bbox 2434 739 2544 778; x_wconf 90' lang='lat' dir='ltr'><strong><em>non</em></strong></span> <span class='ocrx_word' id='word_1_263' title='bbox 2573 724 2679 779; x_wconf 85' lang='lat' dir='ltr'><strong><em>nisi</em></strong></span> <span class='ocrx_word' id='word_1_264' title='bbox 2706 738 2831 778; x_wconf 90' lang='lat' dir='ltr'><strong><em>cum</em></strong></span> <span class='ocrx_word' id='word_1_265' title='bbox 2862 731 3025 793; x_wconf 89' lang='lat' dir='ltr'><strong><em>sputo</em></strong></span> <span class='ocrx_word' id='word_1_266' title='bbox 3066 721 3317 777; x_wconf 84' lang='lat' dir='ltr'><strong><em>nominis</em></strong></span> <span class='ocrx_word' id='word_1_267' title='bbox 3355 720 3490 791; x_wconf 82' lang='lat' dir='ltr'><strong><em>ejus</em></strong></span> <span class='ocrx_word' id='word_1_268' title='bbox 3530 731 3739 791; x_wconf 76' lang='lat' dir='ltr'><strong><em>poterat</em></strong></span> 
     </span>
    </p>
   </div>
   <div class='ocr_carea' id='block_1_37' title="bbox 2139 815 3739 888">
    <p class='ocr_par' dir='ltr' id='par_1_37' title="bbox 2139 815 3739 888">
     <span class='ocr_line' id='line_1_37' title="bbox 2139 815 3739 888; baseline -0.004 -13"><span class='ocrx_word' id='word_1_269' title='bbox 2139 818 2495 882; x_wconf 86' lang='lat' dir='ltr'><strong><em>meminisse,</em></strong></span> <span class='ocrx_word' id='word_1_270' title='bbox 2532 816 2794 887; x_wconf 87' lang='lat' dir='ltr'><strong><em>quamdiu</em></strong></span> <span class='ocrx_word' id='word_1_271' title='bbox 2842 831 2969 870; x_wconf 89' lang='lat' dir='ltr'><strong><em>cum</em></strong></span> <span class='ocrx_word' id='word_1_272' title='bbox 3032 815 3351 888; x_wconf 85' lang='lat' dir='ltr'><strong><em>Berengero</em></strong></span> <span class='ocrx_word' id='word_1_273' title='bbox 3420 815 3739 869; x_wconf 74' lang='lat' dir='ltr'><strong><em>morabatur</em></strong></span> 
     </span>
    </p>
   </div>
   <div class='ocr_carea' id='block_1_38' title="bbox 2139 907 3737 983">
    <p class='ocr_par' dir='ltr' id='par_1_38' title="bbox 2139 907 3737 983">
     <span class='ocr_line' id='line_1_38' title="bbox 2139 907 3737 983; baseline -0.003 -15"><span class='ocrx_word' id='word_1_274' title='bbox 2139 912 2282 983; x_wconf 90' lang='lat' dir='ltr'><strong><em>apud</em></strong></span> <span class='ocrx_word' id='word_1_275' title='bbox 2318 911 2511 966; x_wconf 84' lang='lat' dir='ltr'><strong><em>cellam</em></strong></span> <span class='ocrx_word' id='word_1_276' title='bbox 2542 909 2936 965; x_wconf 89' lang='lat' dir='ltr'><strong><em>Ebernensem.</em></strong></span> <span class='ocrx_word' id='word_1_277' title='bbox 2964 908 3143 979; x_wconf 81' lang='lat' dir='ltr'><strong><em>Hujus</em></strong></span> <span class='ocrx_word' id='word_1_278' title='bbox 3167 925 3302 964; x_wconf 88' lang='lat' dir='ltr'><strong><em>cum</em></strong></span> <span class='ocrx_word' id='word_1_279' title='bbox 3346 907 3591 963; x_wconf 85' lang='lat' dir='ltr'><strong><em>Wiredo</em></strong></span> <span class='ocrx_word' id='word_1_280' title='bbox 3613 925 3737 964; x_wconf 59' lang='lat' dir='ltr'><strong><em>coeo</em></strong></span> 
     </span>
    </p>
   </div>
   <div class='ocr_carea' id='block_1_39' title="bbox 2140 1000 3739 1070">
    <p class='ocr_par' dir='ltr' id='par_1_39' title="bbox 2140 1000 3739 1070">
     <span class='ocr_line' id='line_1_39' title="bbox 2140 1000 3739 1070; baseline -0.001 -13"><span class='ocrx_word' id='word_1_281' title='bbox 2140 1002 2406 1057; x_wconf 89' lang='lat' dir='ltr'><strong><em>secrando</em></strong></span> <span class='ocrx_word' id='word_1_282' title='bbox 2453 1002 2753 1057; x_wconf 87' lang='lat' dir='ltr'><strong><em>constituta</em></strong></span> <span class='ocrx_word' id='word_1_283' title='bbox 2803 1009 2922 1057; x_wconf 88' lang='lat' dir='ltr'><strong><em>erat</em></strong></span> <span class='ocrx_word' id='word_1_284' title='bbox 2969 1000 3338 1066; x_wconf 89' lang='lat' dir='ltr'><strong><em>consecratio,</em></strong></span> <span class='ocrx_word' id='word_1_285' title='bbox 3385 1015 3565 1070; x_wconf 83' lang='lat' dir='ltr'><strong><em>quam</em></strong></span> <span class='ocrx_word' id='word_1_286' title='bbox 3618 1009 3739 1055; x_wconf 78' lang='lat' dir='ltr'><strong><em>tunc</em></strong></span> 
     </span>
    </p>
   </div>
   <div class='ocr_carea' id='block_1_40' title="bbox 2140 1091 3743 1164">
    <p class='ocr_par' dir='ltr' id='par_1_40' title="bbox 2140 1091 3743 1164">
     <span class='ocr_line' id='line_1_40' title="bbox 2140 1091 3743 1164; baseline -0.003 -16"><span class='ocrx_word' id='word_1_287' title='bbox 2140 1094 2361 1164; x_wconf 89' lang='lat' dir='ltr'><strong><em>quidem</em></strong></span> <span class='ocrx_word' id='word_1_288' title='bbox 2393 1095 2565 1164; x_wconf 87' lang='lat' dir='ltr'><strong><em>gratia</em></strong></span> <span class='ocrx_word' id='word_1_289' title='bbox 2598 1093 2808 1149; x_wconf 88' lang='lat' dir='ltr'><strong><em>Wiredi</em></strong></span> <span class='ocrx_word' id='word_1_290' title='bbox 2834 1091 3583 1164; x_wconf 77' lang='lat' dir='ltr'><strong><em>Berengerusdiﬂ’erendam</em></strong></span> <span class='ocrx_word' id='word_1_291' title='bbox 3612 1092 3743 1161; x_wconf 72' lang='lat' dir='ltr'><strong><em>ope.</em></strong></span> 
     </span>
    </p>
   </div>
   <div class='ocr_carea' id='block_1_41' title="bbox 2141 1183 3740 1256">
    <p class='ocr_par' dir='ltr' id='par_1_41' title="bbox 2141 1183 3740 1256">
     <span class='ocr_line' id='line_1_41' title="bbox 2141 1183 3740 1256; baseline -0.001 -15"><span class='ocrx_word' id='word_1_292' title='bbox 2141 1187 2280 1254; x_wconf 88' lang='lat' dir='ltr'><strong><em>nuit,</em></strong></span> <span class='ocrx_word' id='word_1_293' title='bbox 2313 1186 2487 1242; x_wconf 88' lang='lat' dir='ltr'><strong><em>donec</em></strong></span> <span class='ocrx_word' id='word_1_294' title='bbox 2513 1187 2827 1256; x_wconf 79' lang='lat' dir='ltr'><strong><em>Stephanus</em></strong></span> <span class='ocrx_word' id='word_1_295' title='bbox 2851 1185 3027 1241; x_wconf 88' lang='lat' dir='ltr'><strong><em>sancti</em></strong></span> <span class='ocrx_word' id='word_1_296' title='bbox 3047 1183 3243 1240; x_wconf 82' lang='lat' dir='ltr'><strong><em>Jacobi</em></strong></span> <span class='ocrx_word' id='word_1_297' title='bbox 3283 1184 3471 1239; x_wconf 81' lang='lat' dir='ltr'><strong><em>abbas</em></strong></span> <span class='ocrx_word' id='word_1_298' title='bbox 3498 1185 3740 1254; x_wconf 65' lang='lat' dir='ltr'><strong><em>premis-</em></strong></span> 
     </span>
    </p>
   </div>
   <div class='ocr_carea' id='block_1_42' title="bbox 2141 1277 3740 1346">
    <p class='ocr_par' dir='ltr' id='par_1_42' title="bbox 2141 1277 3740 1346">
     <span class='ocr_line' id='line_1_42' title="bbox 2141 1277 3740 1346; baseline -0.003 -11"><span class='ocrx_word' id='word_1_299' title='bbox 2141 1295 2238 1335; x_wconf 91' lang='lat' dir='ltr'><strong><em>sus</em></strong></span> <span class='ocrx_word' id='word_1_300' title='bbox 2276 1279 2344 1335; x_wconf 91' lang='lat' dir='ltr'><strong><em>ad</em></strong></span> <span class='ocrx_word' id='word_1_301' title='bbox 2365 1280 2654 1335; x_wconf 87' lang='lat' dir='ltr'><strong><em>ecclesiam</em></strong></span> <span class='ocrx_word' id='word_1_302' title='bbox 2686 1279 2833 1334; x_wconf 82' lang='lat' dir='ltr'><strong><em>beati</em></strong></span> <span class='ocrx_word' id='word_1_303' title='bbox 2877 1278 3103 1333; x_wconf 83' lang='lat' dir='ltr'><strong><em>lluberti</em></strong></span> <span class='ocrx_word' id='word_1_304' title='bbox 3135 1294 3204 1333; x_wconf 77' lang='lat' dir='ltr'><strong><em>ex</em></strong></span> <span class='ocrx_word' id='word_1_305' title='bbox 3236 1277 3587 1333; x_wconf 75' lang='lat' dir='ltr'><strong><em>auctoritate</em></strong></span> <span class='ocrx_word' id='word_1_306' title='bbox 3618 1294 3740 1346; x_wconf 68' lang='lat' dir='ltr'><strong><em>pm-</em></strong></span> 
     </span>
    </p>
   </div>
   <div class='ocr_carea' id='block_1_43' title="bbox 2143 1370 3744 1441">
    <p class='ocr_par' dir='ltr' id='par_1_43' title="bbox 2143 1370 3744 1441">
     <span class='ocr_line' id='line_1_43' title="bbox 2143 1370 3744 1441; baseline -0.001 -15"><span class='ocrx_word' id='word_1_307' title='bbox 2143 1372 2329 1427; x_wconf 85' lang='lat' dir='ltr'><strong><em>titicali</em></strong></span> <span class='ocrx_word' id='word_1_308' title='bbox 2361 1374 2674 1427; x_wconf 81' lang='lat' dir='ltr'><strong><em>hortaretur</em></strong></span> <span class='ocrx_word' id='word_1_309' title='bbox 2698 1372 2895 1427; x_wconf 89' lang='lat' dir='ltr'><strong><em>fratres</em></strong></span> <span class='ocrx_word' id='word_1_310' title='bbox 2919 1372 3235 1427; x_wconf 85' lang='lat' dir='ltr'><strong><em>consentire</em></strong></span> <span class='ocrx_word' id='word_1_311' title='bbox 3272 1370 3514 1441; x_wconf 77' lang='lat' dir='ltr'><strong><em>agenda:</em></strong></span> <span class='ocrx_word' id='word_1_312' title='bbox 3535 1370 3744 1424; x_wconf 69' lang='lat' dir='ltr'><strong><em>benedi-</em></strong></span> 
     </span>
    </p>
   </div>
   <div class='ocr_carea' id='block_1_44' title="bbox 2141 1464 3743 1534">
    <p class='ocr_par' dir='ltr' id='par_1_44' title="bbox 2141 1464 3743 1534">
     <span class='ocr_line' id='line_1_44' title="bbox 2141 1464 3743 1534; baseline 0 -15"><span class='ocrx_word' id='word_1_313' title='bbox 2141 1465 2327 1520; x_wconf 89' lang='lat' dir='ltr'><strong><em>ctioni.</em></strong></span> <span class='ocrx_word' id='word_1_314' title='bbox 2357 1464 2451 1520; x_wconf 85' lang='lat' dir='ltr'><strong><em>Ille</em></strong></span> <span class='ocrx_word' id='word_1_315' title='bbox 2495 1465 2790 1520; x_wconf 80' lang='lat' dir='ltr'><strong><em>adveniens</em></strong></span> <span class='ocrx_word' id='word_1_316' title='bbox 2835 1480 2961 1520; x_wconf 90' lang='lat' dir='ltr'><strong><em>cum</em></strong></span> <span class='ocrx_word' id='word_1_317' title='bbox 3011 1465 3227 1519; x_wconf 89' lang='lat' dir='ltr'><strong><em>nullum</em></strong></span> <span class='ocrx_word' id='word_1_318' title='bbox 3279 1464 3743 1534; x_wconf 59' lang='lat' dir='ltr'><strong><em>quastionism</em></strong></span> 
     </span>
    </p>
   </div>
   <div class='ocr_carea' id='block_1_45' title="bbox 2143 1557 3741 1628">
    <p class='ocr_par' dir='ltr' id='par_1_45' title="bbox 2143 1557 3741 1628">
     <span class='ocr_line' id='line_1_45' title="bbox 2143 1557 3741 1628; baseline -0.001 -17"><span class='ocrx_word' id='word_1_319' title='bbox 2143 1559 2409 1627; x_wconf 84' lang='lat' dir='ltr'><strong><em>optineret</em></strong></span> <span class='ocrx_word' id='word_1_320' title='bbox 2447 1557 2722 1625; x_wconf 75' lang='lat' dir='ltr'><strong><em>effectum,</em></strong></span> <span class='ocrx_word' id='word_1_321' title='bbox 2772 1558 2914 1613; x_wconf 87' lang='lat' dir='ltr'><strong><em>inter</em></strong></span> <span class='ocrx_word' id='word_1_322' title='bbox 2953 1557 3231 1628; x_wconf 86' lang='lat' dir='ltr'><strong><em>agendum</em></strong></span> <span class='ocrx_word' id='word_1_323' title='bbox 3264 1557 3588 1627; x_wconf 72' lang='lat' dir='ltr'><strong><em>requisitas</em></strong></span> <span class='ocrx_word' id='word_1_324' title='bbox 3604 1565 3683 1611; x_wconf 85' lang='lat' dir='ltr'><strong><em>est</em></strong></span> <span class='ocrx_word' id='word_1_325' title='bbox 3714 1573 3741 1610; x_wconf 74' lang='grc' dir='ltr'><strong>ι</strong></span> 
     </span>
    </p>
   </div>
   <div class='ocr_carea' id='block_1_46' title="bbox 2144 1650 3741 1720">
    <p class='ocr_par' dir='ltr' id='par_1_46' title="bbox 2144 1650 3741 1720">
     <span class='ocr_line' id='line_1_46' title="bbox 2144 1650 3741 1720; baseline 0 -16"><span class='ocrx_word' id='word_1_326' title='bbox 2144 1651 2428 1717; x_wconf 76' lang='lat' dir='ltr'><strong><em>fratribus,</em></strong></span> <span class='ocrx_word' id='word_1_327' title='bbox 2483 1665 2543 1706; x_wconf 90' lang='lat' dir='ltr'><strong><em>ut</em></strong></span> <span class='ocrx_word' id='word_1_328' title='bbox 2596 1651 2899 1706; x_wconf 91' lang='lat' dir='ltr'><strong><em>secundum</em></strong></span> <span class='ocrx_word' id='word_1_329' title='bbox 2958 1651 3165 1706; x_wconf 87' lang='lat' dir='ltr'><strong><em>suimet</em></strong></span> <span class='ocrx_word' id='word_1_330' title='bbox 3203 1650 3566 1706; x_wconf 82' lang='lat' dir='ltr'><strong><em>intellectum</em></strong></span> <span class='ocrx_word' id='word_1_331' title='bbox 3600 1665 3741 1720; x_wconf 69' lang='lat' dir='ltr'><strong><em>super</em></strong></span> 
     </span>
    </p>
   </div>
   <div class='ocr_carea' id='block_1_47' title="bbox 2145 1743 3742 1817">
    <p class='ocr_par' dir='ltr' id='par_1_47' title="bbox 2145 1743 3742 1817">
     <span class='ocr_line' id='line_1_47' title="bbox 2145 1743 3742 1817; baseline -0.001 -17"><span class='ocrx_word' id='word_1_332' title='bbox 2145 1746 2392 1815; x_wconf 83' lang='lat' dir='ltr'><strong><em>ejusdem</em></strong></span> <span class='ocrx_word' id='word_1_333' title='bbox 2420 1747 2496 1801; x_wconf 85' lang='lat' dir='ltr'><strong><em>rei</em></strong></span> <span class='ocrx_word' id='word_1_334' title='bbox 2529 1745 2806 1817; x_wconf 84' lang='lat' dir='ltr'><strong><em>negotium</em></strong></span> <span class='ocrx_word' id='word_1_335' title='bbox 2848 1745 3096 1800; x_wconf 82' lang='lat' dir='ltr'><strong><em>redderet</em></strong></span> <span class='ocrx_word' id='word_1_336' title='bbox 3117 1744 3200 1799; x_wconf 89' lang='lat' dir='ltr'><strong><em>eis</em></strong></span> <span class='ocrx_word' id='word_1_337' title='bbox 3234 1743 3491 1798; x_wconf 86' lang='lat' dir='ltr'><strong><em>liberum</em></strong></span> 
     </span>
    </p>
   </div>
   <div class='ocr_carea' id='block_1_48' title="bbox 2144 1836 3741 1907">
    <p class='ocr_par' dir='ltr' id='par_1_48' title="bbox 2144 1836 3741 1907">
     <span class='ocr_line' id='line_1_48' title="bbox 2144 1836 3741 1907; baseline -0.003 -14"><span class='ocrx_word' id='word_1_338' title='bbox 2144 1846 2198 1893; x_wconf 89' lang='lat' dir='ltr'><strong><em>et</em></strong></span> <span class='ocrx_word' id='word_1_339' title='bbox 2221 1838 2446 1907; x_wconf 70' lang='lat' dir='ltr'><strong><em>justitia:</em></strong></span> <span class='ocrx_word' id='word_1_340' title='bbox 2487 1839 2797 1893; x_wconf 88' lang='lat' dir='ltr'><strong><em>consilium.</em></strong></span> <span class='ocrx_word' id='word_1_341' title='bbox 2830 1836 3058 1892; x_wconf 82' lang='lat' dir='ltr'><strong><em>Miratus</em></strong></span> <span class='ocrx_word' id='word_1_342' title='bbox 3100 1836 3287 1891; x_wconf 83' lang='lat' dir='ltr'><strong><em>abbas</em></strong></span> <span class='ocrx_word' id='word_1_343' title='bbox 3317 1836 3409 1891; x_wconf 89' lang='lat' dir='ltr'><strong><em>sic</em></strong></span> <span class='ocrx_word' id='word_1_344' title='bbox 3440 1851 3503 1890; x_wconf 87' lang='lat' dir='ltr'><strong><em>se</em></strong></span> <span class='ocrx_word' id='word_1_345' title='bbox 3542 1837 3741 1890; x_wconf 74' lang='lat' dir='ltr'><strong><em>condu-</em></strong></span> 
     </span>
    </p>
   </div>
   <div class='ocr_carea' id='block_1_49' title="bbox 2145 1927 3737 2000">
    <p class='ocr_par' dir='ltr' id='par_1_49' title="bbox 2145 1927 3737 2000">
     <span class='ocr_line' id='line_1_49' title="bbox 2145 1927 3737 2000; baseline -0.002 -17"><span class='ocrx_word' id='word_1_346' title='bbox 2145 1945 2289 1994; x_wconf 87' lang='lat' dir='ltr'><strong><em>sum,</em></strong></span> <span class='ocrx_word' id='word_1_347' title='bbox 2313 1945 2438 1984; x_wconf 90' lang='lat' dir='ltr'><strong><em>cum</em></strong></span> <span class='ocrx_word' id='word_1_348' title='bbox 2470 1929 2627 2000; x_wconf 91' lang='lat' dir='ltr'><strong><em>quasi</em></strong></span> <span class='ocrx_word' id='word_1_349' title='bbox 2656 1930 2875 1984; x_wconf 90' lang='lat' dir='ltr'><strong><em>obtorto</em></strong></span> <span class='ocrx_word' id='word_1_350' title='bbox 2895 1928 3036 1983; x_wconf 90' lang='lat' dir='ltr'><strong><em>collo</em></strong></span> <span class='ocrx_word' id='word_1_351' title='bbox 3065 1936 3381 1998; x_wconf 78' lang='lat' dir='ltr'><strong><em>cogeretur</em></strong></span> <span class='ocrx_word' id='word_1_352' title='bbox 3404 1927 3586 1981; x_wconf 81' lang='lat' dir='ltr'><strong><em>dicere</em></strong></span> <span class='ocrx_word' id='word_1_353' title='bbox 3610 1927 3737 1997; x_wconf 75' lang='lat' dir='ltr'><strong><em>quod</em></strong></span> 
     </span>
    </p>
   </div>
   <div class='ocr_carea' id='block_1_50' title="bbox 2145 2018 3722 2089">
    <p class='ocr_par' dir='ltr' id='par_1_50' title="bbox 2145 2018 3722 2089">
     <span class='ocr_line' id='line_1_50' title="bbox 2145 2018 3722 2089; baseline -0.003 -14"><span class='ocrx_word' id='word_1_354' title='bbox 2145 2022 2365 2076; x_wconf 89' lang='lat' dir='ltr'><strong><em>nolebat</em></strong></span> <span class='ocrx_word' id='word_1_355' title='bbox 2392 2021 2634 2075; x_wconf 85' lang='lat' dir='ltr'><strong><em>veritatis</em></strong></span> <span class='ocrx_word' id='word_1_356' title='bbox 2656 2030 2710 2075; x_wconf 91' lang='lat' dir='ltr'><strong><em>et</em></strong></span> <span class='ocrx_word' id='word_1_357' title='bbox 2734 2021 2962 2089; x_wconf 70' lang='lat' dir='ltr'><strong><em>iustitia:</em></strong></span> <span class='ocrx_word' id='word_1_358' title='bbox 2992 2018 3427 2084; x_wconf 83' lang='lat' dir='ltr'><strong><em>testimonium,</em></strong></span> <span class='ocrx_word' id='word_1_359' title='bbox 3457 2020 3722 2089; x_wconf 64' lang='lat' dir='ltr'><strong><em>respuunt,</em></strong></span> 
     </span>
    </p>
   </div>
   <div class='ocr_carea' id='block_1_51' title="bbox 2146 2109 3730 2179">
    <p class='ocr_par' dir='ltr' id='par_1_51' title="bbox 2146 2109 3730 2179">
     <span class='ocr_line' id='line_1_51' title="bbox 2146 2109 3730 2179; baseline -0.002 -12"><span class='ocrx_word' id='word_1_360' title='bbox 2146 2128 2205 2167; x_wconf 89' lang='lat' dir='ltr'><strong><em>se</em></strong></span> <span class='ocrx_word' id='word_1_361' title='bbox 2254 2129 2362 2167; x_wconf 90' lang='lat' dir='ltr'><strong><em>non</em></strong></span> <span class='ocrx_word' id='word_1_362' title='bbox 2395 2113 2611 2168; x_wconf 85' lang='lat' dir='ltr'><strong><em>venisse</em></strong></span> <span class='ocrx_word' id='word_1_363' title='bbox 2661 2121 2722 2166; x_wconf 89' lang='lat' dir='ltr'><strong><em>ut</em></strong></span> <span class='ocrx_word' id='word_1_364' title='bbox 2765 2111 3001 2166; x_wconf 88' lang='lat' dir='ltr'><strong><em>deferret</em></strong></span> <span class='ocrx_word' id='word_1_365' title='bbox 3042 2110 3126 2166; x_wconf 88' lang='lat' dir='ltr'><strong><em>eis</em></strong></span> <span class='ocrx_word' id='word_1_366' title='bbox 3160 2109 3730 2179; x_wconf 65' lang='lat' dir='ltr'><strong><em>veritatisetjustitiz</em></strong></span> 
     </span>
    </p>
   </div>
   <div class='ocr_carea' id='block_1_52' title="bbox 2147 2205 3733 2274">
    <p class='ocr_par' dir='ltr' id='par_1_52' title="bbox 2147 2205 3733 2274">
     <span class='ocr_line' id='line_1_52' title="bbox 2147 2205 3733 2274; baseline -0.001 -14"><span class='ocrx_word' id='word_1_367' title='bbox 2147 2208 2545 2274; x_wconf 87' lang='lat' dir='ltr'><strong><em>testimonium,</em></strong></span> <span class='ocrx_word' id='word_1_368' title='bbox 2590 2208 2685 2263; x_wconf 90' lang='lat' dir='ltr'><strong><em>sed</em></strong></span> <span class='ocrx_word' id='word_1_369' title='bbox 2722 2215 2783 2262; x_wconf 90' lang='lat' dir='ltr'><strong><em>ut</em></strong></span> <span class='ocrx_word' id='word_1_370' title='bbox 2825 2207 3123 2262; x_wconf 81' lang='lat' dir='ltr'><strong><em>voluntatis</em></strong></span> <span class='ocrx_word' id='word_1_371' title='bbox 3163 2220 3381 2261; x_wconf 86' lang='lat' dir='ltr'><strong><em>eorum</em></strong></span> <span class='ocrx_word' id='word_1_372' title='bbox 3436 2206 3508 2259; x_wconf 84' lang='lat' dir='ltr'><strong><em>eis</em></strong></span> <span class='ocrx_word' id='word_1_373' title='bbox 3545 2205 3636 2274; x_wconf 65' lang='lat' dir='ltr'><strong><em>qui</em></strong></span> <span class='ocrx_word' id='word_1_374' title='bbox 3676 2220 3733 2259; x_wconf 83' lang='lat' dir='ltr'><strong><em>se</em></strong></span> 
     </span>
    </p>
   </div>
   <div class='ocr_carea' id='block_1_53' title="bbox 2146 2297 3740 2369">
    <p class='ocr_par' dir='ltr' id='par_1_53' title="bbox 2146 2297 3740 2369">
     <span class='ocr_line' id='line_1_53' title="bbox 2146 2297 3740 2369; baseline -0.003 -13"><span class='ocrx_word' id='word_1_375' title='bbox 2146 2302 2414 2356; x_wconf 87' lang='lat' dir='ltr'><strong><em>miserant</em></strong></span> <span class='ocrx_word' id='word_1_376' title='bbox 2452 2300 2680 2356; x_wconf 84' lang='lat' dir='ltr'><strong><em>referret</em></strong></span> <span class='ocrx_word' id='word_1_377' title='bbox 2717 2315 3026 2356; x_wconf 86' lang='lat' dir='ltr'><strong><em>assensum.</em></strong></span> <span class='ocrx_word' id='word_1_378' title='bbox 3082 2297 3304 2369; x_wconf 85' lang='lat' dir='ltr'><strong><em>Sicque</em></strong></span> <span class='ocrx_word' id='word_1_379' title='bbox 3344 2299 3568 2352; x_wconf 83' lang='lat' dir='ltr'><strong><em>inactus</em></strong></span> <span class='ocrx_word' id='word_1_380' title='bbox 3602 2297 3740 2352; x_wconf 75' lang='lat' dir='ltr'><strong><em>rediit</em></strong></span> 
     </span>
    </p>
   </div>
   <div class='ocr_carea' id='block_1_54' title="bbox 2147 2391 3742 2448">
    <p class='ocr_par' dir='ltr' id='par_1_54' title="bbox 2147 2391 3742 2448">
     <span class='ocr_line' id='line_1_54' title="bbox 2147 2391 3742 2448; baseline -0.002 -1"><span class='ocrx_word' id='word_1_381' title='bbox 2147 2392 2431 2448; x_wconf 89' lang='lat' dir='ltr'><strong><em>Leodium.</em></strong></span> <span class='ocrx_word' id='word_1_382' title='bbox 2464 2392 2719 2448; x_wconf 89' lang='lat' dir='ltr'><strong><em>Wiredus</em></strong></span> <span class='ocrx_word' id='word_1_383' title='bbox 2763 2393 2890 2448; x_wconf 90' lang='lat' dir='ltr'><strong><em>licet</em></strong></span> <span class='ocrx_word' id='word_1_384' title='bbox 2915 2391 3190 2447; x_wconf 87' lang='lat' dir='ltr'><strong><em>sollicitus</em></strong></span> <span class='ocrx_word' id='word_1_385' title='bbox 3236 2393 3517 2446; x_wconf 70' lang='lat' dir='ltr'><strong><em>interna:</em></strong></span> <span class='ocrx_word' id='word_1_386' title='bbox 3552 2399 3742 2445; x_wconf 71' lang='lat' dir='ltr'><strong><em>comu-</em></strong></span> 
     </span>
    </p>
   </div>
   <div class='ocr_carea' id='block_1_55' title="bbox 2146 2484 3743 2557">
    <p class='ocr_par' dir='ltr' id='par_1_55' title="bbox 2146 2484 3743 2557">
     <span class='ocr_line' id='line_1_55' title="bbox 2146 2484 3743 2557; baseline -0.001 -18"><span class='ocrx_word' id='word_1_387' title='bbox 2146 2485 2425 2553; x_wconf 89' lang='lat' dir='ltr'><strong><em>dictionis,</em></strong></span> <span class='ocrx_word' id='word_1_388' title='bbox 2466 2486 2643 2557; x_wconf 84' lang='lat' dir='ltr'><strong><em>magis</em></strong></span> <span class='ocrx_word' id='word_1_389' title='bbox 2680 2495 2864 2541; x_wconf 88' lang='lat' dir='ltr'><strong><em>autem</em></strong></span> <span class='ocrx_word' id='word_1_390' title='bbox 2910 2484 3171 2540; x_wconf 89' lang='lat' dir='ltr'><strong><em>curiosus</em></strong></span> <span class='ocrx_word' id='word_1_391' title='bbox 3233 2484 3743 2555; x_wconf 73' lang='lat' dir='ltr'><strong><em>quomodocumque</em></strong></span> 
     </span>
    </p>
   </div>
   <div class='ocr_carea' id='block_1_56' title="bbox 2147 2579 3741 2658">
    <p class='ocr_par' dir='ltr' id='par_1_56' title="bbox 2147 2579 3741 2658">
     <span class='ocr_line' id='line_1_56' title="bbox 2147 2579 3741 2658; baseline 0 -26"><span class='ocrx_word' id='word_1_392' title='bbox 2147 2579 2446 2635; x_wconf 72' lang='lat' dir='ltr'><strong><em>retinendae</em></strong></span> <span class='ocrx_word' id='word_1_393' title='bbox 2490 2581 2844 2658; x_wconf 28' lang='lat' dir='ltr'><strong><em>praelationi‘s,</em></strong></span> <span class='ocrx_word' id='word_1_394' title='bbox 2876 2579 3158 2634; x_wconf 87' lang='lat' dir='ltr'><strong><em>Lamberti</em></strong></span> <span class='ocrx_word' id='word_1_395' title='bbox 3184 2579 3459 2649; x_wconf 65' lang='lat' dir='ltr'><strong><em>praedicti</em></strong></span> <span class='ocrx_word' id='word_1_396' title='bbox 3481 2594 3741 2634; x_wconf 69' lang='lat' dir='ltr'><strong><em>consecra-</em></strong></span> 
     </span>
    </p>
   </div>
   <div class='ocr_carea' id='block_1_57' title="bbox 2149 2671 3742 2745">
    <p class='ocr_par' dir='ltr' id='par_1_57' title="bbox 2149 2671 3742 2745">
     <span class='ocr_line' id='line_1_57' title="bbox 2149 2671 3742 2745; baseline 0 -19"><span class='ocrx_word' id='word_1_397' title='bbox 2149 2672 2285 2728; x_wconf 90' lang='lat' dir='ltr'><strong><em>tioni</em></strong></span> <span class='ocrx_word' id='word_1_398' title='bbox 2321 2674 2543 2745; x_wconf 78' lang='lat' dir='ltr'><strong><em>agendae</em></strong></span> <span class='ocrx_word' id='word_1_399' title='bbox 2571 2675 2714 2728; x_wconf 90' lang='lat' dir='ltr'><strong><em>ultro</em></strong></span> <span class='ocrx_word' id='word_1_400' title='bbox 2744 2690 2805 2729; x_wconf 90' lang='lat' dir='ltr'><strong><em>se</em></strong></span> <span class='ocrx_word' id='word_1_401' title='bbox 2838 2671 3263 2730; x_wconf 87' lang='lat' dir='ltr'><strong><em>consecrandus</em></strong></span> <span class='ocrx_word' id='word_1_402' title='bbox 3293 2673 3562 2743; x_wconf 77' lang='lat' dir='ltr'><strong><em>ingessit.</em></strong></span> <span class='ocrx_word' id='word_1_403' title='bbox 3604 2671 3742 2726; x_wconf 74' lang='lat' dir='ltr'><strong><em>Lan-</em></strong></span> 
     </span>
    </p>
   </div>
   <div class='ocr_carea' id='block_1_58' title="bbox 2148 2765 3741 2837">
    <p class='ocr_par' dir='ltr' id='par_1_58' title="bbox 2148 2765 3741 2837">
     <span class='ocr_line' id='line_1_58' title="bbox 2148 2765 3741 2837; baseline -0.001 -17"><span class='ocrx_word' id='word_1_404' title='bbox 2148 2765 2335 2821; x_wconf 87' lang='lat' dir='ltr'><strong><em>bertus</em></strong></span> <span class='ocrx_word' id='word_1_405' title='bbox 2363 2783 2470 2821; x_wconf 89' lang='lat' dir='ltr'><strong><em>non</em></strong></span> <span class='ocrx_word' id='word_1_406' title='bbox 2515 2767 2687 2821; x_wconf 90' lang='lat' dir='ltr'><strong><em>multo</em></strong></span> <span class='ocrx_word' id='word_1_407' title='bbox 2731 2774 2857 2837; x_wconf 86' lang='lat' dir='ltr'><strong><em>post</em></strong></span> <span class='ocrx_word' id='word_1_408' title='bbox 2887 2766 3260 2837; x_wconf 86' lang='lat' dir='ltr'><strong><em>redarguente</em></strong></span> <span class='ocrx_word' id='word_1_409' title='bbox 3310 2782 3379 2821; x_wconf 83' lang='lat' dir='ltr'><strong><em>se</em></strong></span> <span class='ocrx_word' id='word_1_410' title='bbox 3426 2765 3741 2821; x_wconf 72' lang='lat' dir='ltr'><strong><em>conscientia</em></strong></span> 
     </span>
    </p>
   </div>
   <div class='ocr_carea' id='block_1_59' title="bbox 2150 2857 3743 2929">
    <p class='ocr_par' dir='ltr' id='par_1_59' title="bbox 2150 2857 3743 2929">
     <span class='ocr_line' id='line_1_59' title="bbox 2150 2857 3743 2929; baseline -0.001 -16"><span class='ocrx_word' id='word_1_411' title='bbox 2150 2859 2425 2915; x_wconf 87' lang='lat' dir='ltr'><strong><em>abbatiam</em></strong></span> <span class='ocrx_word' id='word_1_412' title='bbox 2456 2859 2835 2914; x_wconf 87' lang='lat' dir='ltr'><strong><em>Florinensem</em></strong></span> <span class='ocrx_word' id='word_1_413' title='bbox 2866 2868 3061 2929; x_wconf 85' lang='lat' dir='ltr'><strong><em>sponte</em></strong></span> <span class='ocrx_word' id='word_1_414' title='bbox 3089 2858 3372 2913; x_wconf 81' lang='lat' dir='ltr'><strong><em>deseruit.</em></strong></span> <span class='ocrx_word' id='word_1_415' title='bbox 3410 2857 3743 2912; x_wconf 74' lang='lat' dir='ltr'><strong><em>Wiredasas-</em></strong></span> 
     </span>
    </p>
   </div>
   <div class='ocr_carea' id='block_1_60' title="bbox 2151 2949 3744 3022">
    <p class='ocr_par' dir='ltr' id='par_1_60' title="bbox 2151 2949 3744 3022">
     <span class='ocr_line' id='line_1_60' title="bbox 2151 2949 3744 3022; baseline -0.002 -15"><span class='ocrx_word' id='word_1_416' title='bbox 2151 2960 2371 3022; x_wconf 90' lang='lat' dir='ltr'><strong><em>sumpto</em></strong></span> <span class='ocrx_word' id='word_1_417' title='bbox 2409 2968 2595 3007; x_wconf 88' lang='lat' dir='ltr'><strong><em>secum</em></strong></span> <span class='ocrx_word' id='word_1_418' title='bbox 2638 2952 2835 3007; x_wconf 87' lang='lat' dir='ltr'><strong><em>iterum</em></strong></span> <span class='ocrx_word' id='word_1_419' title='bbox 2866 2951 3163 3006; x_wconf 86' lang='lat' dir='ltr'><strong><em>Frederico</em></strong></span> <span class='ocrx_word' id='word_1_420' title='bbox 3188 2952 3509 3021; x_wconf 68' lang='lat' dir='ltr'><strong><em>praeposito</em></strong></span> <span class='ocrx_word' id='word_1_421' title='bbox 3532 2949 3744 3019; x_wconf 63' lang='lat' dir='ltr'><strong><em>Audasi-</em></strong></span> 
     </span>
    </p>
   </div>
   <div class='ocr_carea' id='block_1_61' title="bbox 453 3037 3744 3113">
    <p class='ocr_par' dir='ltr' id='par_1_61' title="bbox 453 3037 3744 3113">
     <span class='ocr_line' id='line_1_61' title="bbox 453 3037 3744 3113; baseline 0.002 -23"><span class='ocrx_word' id='word_1_422' title='bbox 453 3037 1309 3113; x_wconf 82' lang='lat' dir='ltr'><strong><em>spectetutilitatem,qmeratura</em></strong></span> <span class='ocrx_word' id='word_1_423' title='bbox 1331 3040 1471 3095; x_wconf 87' lang='lat' dir='ltr'><strong><em>vobis</em></strong></span> <span class='ocrx_word' id='word_1_424' title='bbox 1499 3040 1577 3095; x_wconf 89' lang='lat' dir='ltr'><strong><em>vel</em></strong></span> <span class='ocrx_word' id='word_1_425' title='bbox 1597 3050 1806 3112; x_wconf 88' lang='lat' dir='ltr'><strong><em>agatur.</em></strong></span> <span class='ocrx_word' id='word_1_426' title='bbox 1842 3038 2041 3093; x_wconf 88' lang='lat' dir='ltr'><strong><em>Valete.</em></strong></span> <span class='ocrx_word' id='word_1_427' title='bbox 2073 3044 2120 3107; x_wconf 82' lang='lat' dir='ltr'>C</span> <span class='ocrx_word' id='word_1_428' title='bbox 2152 3060 2284 3099; x_wconf 86' lang='lat' dir='ltr'><strong><em>num</em></strong></span> <span class='ocrx_word' id='word_1_429' title='bbox 2315 3043 2481 3112; x_wconf 82' lang='lat' dir='ltr'><strong><em>venit,</em></strong></span> <span class='ocrx_word' id='word_1_430' title='bbox 2522 3044 2940 3112; x_wconf 87' lang='lat' dir='ltr'><strong><em>diutissimeque</em></strong></span> <span class='ocrx_word' id='word_1_431' title='bbox 2987 3050 3235 3111; x_wconf 87' lang='lat' dir='ltr'><strong><em>sperata,</em></strong></span> <span class='ocrx_word' id='word_1_432' title='bbox 3282 3042 3384 3096; x_wconf 85' lang='lat' dir='ltr'><strong><em>sed</em></strong></span> <span class='ocrx_word' id='word_1_433' title='bbox 3410 3049 3607 3111; x_wconf 78' lang='lat' dir='ltr'><strong><em>negata</em></strong></span> <span class='ocrx_word' id='word_1_434' title='bbox 3632 3053 3744 3109; x_wconf 79' lang='lat' dir='ltr'><strong><em>pro-</em></strong></span> 
     </span>
    </p>
   </div>
   <div class='ocr_carea' id='block_1_62' title="bbox 456 3114 2049 3203">
    <p class='ocr_par' dir='ltr' id='par_1_62' title="bbox 456 3114 2049 3203">
     <span class='ocr_line' id='line_1_62' title="bbox 456 3114 2049 3203; baseline 0.002 -22"><span class='ocrx_word' id='word_1_435' title='bbox 456 3126 548 3182; x_wconf 89' lang='lat' dir='ltr'><strong><em>Sic</em></strong></span> <span class='ocrx_word' id='word_1_436' title='bbox 577 3114 831 3193; x_wconf 83' lang='lat' dir='ltr'><strong><em>Ohertus,</em></strong></span> <span class='ocrx_word' id='word_1_437' title='bbox 861 3138 920 3183; x_wconf 91' lang='lat' dir='ltr'><strong><em>ut</em></strong></span> <span class='ocrx_word' id='word_1_438' title='bbox 950 3130 1124 3197; x_wconf 87' lang='lat' dir='ltr'><strong><em>aiunt,</em></strong></span> <span class='ocrx_word' id='word_1_439' title='bbox 1158 3131 1337 3201; x_wconf 87' lang='lat' dir='ltr'><strong><em>gladio</em></strong></span> <span class='ocrx_word' id='word_1_440' title='bbox 1361 3132 1518 3187; x_wconf 86' lang='lat' dir='ltr'><strong><em>melle</em></strong></span> <span class='ocrx_word' id='word_1_441' title='bbox 1550 3133 1649 3186; x_wconf 88' lang='lat' dir='ltr'><strong><em>lito</em></strong></span> <span class='ocrx_word' id='word_1_442' title='bbox 1677 3132 1722 3188; x_wconf 88' lang='lat' dir='ltr'><strong><em>si</em></strong></span> <span class='ocrx_word' id='word_1_443' title='bbox 1754 3132 1886 3203; x_wconf 89' lang='lat' dir='ltr'><strong><em>quid</em></strong></span> <span class='ocrx_word' id='word_1_444' title='bbox 1917 3145 2049 3188; x_wconf 88' lang='lat' dir='ltr'><strong><em>con-</em></strong></span> 
     </span>
    </p>
   </div>
   <div class='ocr_carea' id='block_1_63' title="bbox 452 3220 2047 3293">
    <p class='ocr_par' dir='ltr' id='par_1_63' title="bbox 452 3220 2047 3293">
     <span class='ocr_line' id='line_1_63' title="bbox 452 3220 2047 3293; baseline 0.004 -19"><span class='ocrx_word' id='word_1_445' title='bbox 452 3220 667 3275; x_wconf 67' lang='lat' dir='ltr'><strong><em>stantiae</em></strong></span> <span class='ocrx_word' id='word_1_446' title='bbox 694 3220 749 3273; x_wconf 89' lang='lat' dir='ltr'><strong><em>in</em></strong></span> <span class='ocrx_word' id='word_1_447' title='bbox 782 3220 1004 3276; x_wconf 85' lang='lat' dir='ltr'><strong><em>Wiredo</em></strong></span> <span class='ocrx_word' id='word_1_448' title='bbox 1026 3232 1310 3291; x_wconf 84' lang='lat' dir='ltr'><strong><em>supererat</em></strong></span> <span class='ocrx_word' id='word_1_449' title='bbox 1349 3222 1599 3279; x_wconf 90' lang='lat' dir='ltr'><strong><em>funditus</em></strong></span> <span class='ocrx_word' id='word_1_450' title='bbox 1640 3226 1893 3293; x_wconf 83' lang='lat' dir='ltr'><strong><em>extinxit,</em></strong></span> <span class='ocrx_word' id='word_1_451' title='bbox 1927 3226 2047 3282; x_wconf 89' lang='lat' dir='ltr'><strong><em>ille-</em></strong></span> 
     </span>
    </p>
   </div>
   <div class='ocr_carea' id='block_1_64' title="bbox 454 3315 2047 3385">
    <p class='ocr_par' dir='ltr' id='par_1_64' title="bbox 454 3315 2047 3385">
     <span class='ocr_line' id='line_1_64' title="bbox 454 3315 2047 3385; baseline 0.006 -18"><span class='ocrx_word' id='word_1_452' title='bbox 454 3329 562 3383; x_wconf 88' lang='lat' dir='ltr'><strong><em>que</em></strong></span> <span class='ocrx_word' id='word_1_453' title='bbox 589 3315 809 3383; x_wconf 67' lang='lat' dir='ltr'><strong><em>praefixa</em></strong></span> <span class='ocrx_word' id='word_1_454' title='bbox 853 3316 955 3370; x_wconf 90' lang='lat' dir='ltr'><strong><em>sibi</em></strong></span> <span class='ocrx_word' id='word_1_455' title='bbox 1007 3317 1095 3371; x_wconf 90' lang='lat' dir='ltr'><strong><em>die</em></strong></span> <span class='ocrx_word' id='word_1_456' title='bbox 1143 3316 1408 3372; x_wconf 90' lang='lat' dir='ltr'><strong><em>Leodium</em></strong></span> <span class='ocrx_word' id='word_1_457' title='bbox 1458 3318 1628 3373; x_wconf 82' lang='lat' dir='ltr'><strong><em>venit.</em></strong></span> <span class='ocrx_word' id='word_1_458' title='bbox 1681 3318 1854 3385; x_wconf 87' lang='lat' dir='ltr'><strong><em>Quem</em></strong></span> <span class='ocrx_word' id='word_1_459' title='bbox 1915 3320 2047 3376; x_wconf 88' lang='lat' dir='ltr'><strong><em>dum</em></strong></span> 
     </span>
    </p>
   </div>
   <div class='ocr_carea' id='block_1_65' title="bbox 458 3401 2048 3472">
    <p class='ocr_par' dir='ltr' id='par_1_65' title="bbox 458 3401 2048 3472">
     <span class='ocr_line' id='line_1_65' title="bbox 458 3401 2048 3472; baseline 0.008 -18"><span class='ocrx_word' id='word_1_460' title='bbox 458 3401 718 3456; x_wconf 86' lang='lat' dir='ltr'><strong><em>Otbertus</em></strong></span> <span class='ocrx_word' id='word_1_461' title='bbox 745 3413 998 3472; x_wconf 78' lang='lat' dir='ltr'><strong><em>argueret</em></strong></span> <span class='ocrx_word' id='word_1_462' title='bbox 1027 3414 1139 3459; x_wconf 90' lang='lat' dir='ltr'><strong><em>tam</em></strong></span> <span class='ocrx_word' id='word_1_463' title='bbox 1169 3408 1262 3461; x_wconf 87' lang='lat' dir='ltr'><strong><em>diu</em></strong></span> <span class='ocrx_word' id='word_1_464' title='bbox 1296 3409 1491 3463; x_wconf 70' lang='lat' dir='ltr'><strong><em>oblata:</em></strong></span> <span class='ocrx_word' id='word_1_465' title='bbox 1514 3409 1619 3463; x_wconf 87' lang='lat' dir='ltr'><strong><em>sibi</em></strong></span> <span class='ocrx_word' id='word_1_466' title='bbox 1648 3410 2048 3468; x_wconf 88' lang='lat' dir='ltr'><strong><em>benedictionis</em></strong></span> 
     </span>
    </p>
   </div>
   <div class='ocr_carea' id='block_1_66' title="bbox 457 3494 2049 3574">
    <p class='ocr_par' dir='ltr' id='par_1_66' title="bbox 457 3494 2049 3574">
     <span class='ocr_line' id='line_1_66' title="bbox 457 3494 2049 3574; baseline 0.007 -25"><span class='ocrx_word' id='word_1_467' title='bbox 457 3494 691 3567; x_wconf 80' lang='lat' dir='ltr'><strong><em>gratiam</em></strong></span> <span class='ocrx_word' id='word_1_468' title='bbox 722 3496 1142 3568; x_wconf 86' lang='lat' dir='ltr'><strong><em>subterfugisse,</em></strong></span> <span class='ocrx_word' id='word_1_469' title='bbox 1160 3499 1250 3553; x_wconf 89' lang='lat' dir='ltr'><strong><em>ille</em></strong></span> <span class='ocrx_word' id='word_1_470' title='bbox 1278 3500 1346 3553; x_wconf 89' lang='lat' dir='ltr'><strong><em>ad</em></strong></span> <span class='ocrx_word' id='word_1_471' title='bbox 1369 3500 1563 3554; x_wconf 88' lang='lat' dir='ltr'><strong><em>horam</em></strong></span> <span class='ocrx_word' id='word_1_472' title='bbox 1587 3502 1747 3570; x_wconf 90' lang='lat' dir='ltr'><strong><em>quasi</em></strong></span> <span class='ocrx_word' id='word_1_473' title='bbox 1768 3514 2049 3574; x_wconf 90' lang='lat' dir='ltr'><strong><em>resumpto</em></strong></span> 
     </span>
    </p>
   </div>
   <div class='ocr_carea' id='block_1_67' title="bbox 463 3589 2048 3663">
    <p class='ocr_par' dir='ltr' id='par_1_67' title="bbox 463 3589 2048 3663">
     <span class='ocr_line' id='line_1_67' title="bbox 463 3589 2048 3663; baseline 0.005 -20"><span class='ocrx_word' id='word_1_474' title='bbox 463 3590 579 3644; x_wconf 88' lang='lat' dir='ltr'><strong><em>zelo</em></strong></span> <span class='ocrx_word' id='word_1_475' title='bbox 604 3589 851 3645; x_wconf 89' lang='lat' dir='ltr'><strong><em>veritatis</em></strong></span> <span class='ocrx_word' id='word_1_476' title='bbox 883 3592 1229 3657; x_wconf 78' lang='lat' dir='ltr'><strong><em>attestandse,</em></strong></span> <span class='ocrx_word' id='word_1_477' title='bbox 1275 3592 1360 3645; x_wconf 92' lang='lat' dir='ltr'><strong><em>vel</em></strong></span> <span class='ocrx_word' id='word_1_478' title='bbox 1404 3600 1466 3646; x_wconf 91' lang='lat' dir='ltr'><strong><em>ut</em></strong></span> <span class='ocrx_word' id='word_1_479' title='bbox 1511 3593 1637 3647; x_wconf 89' lang='lat' dir='ltr'><strong><em>inde</em></strong></span> <span class='ocrx_word' id='word_1_480' title='bbox 1664 3595 1809 3663; x_wconf 82' lang='lat' dir='ltr'><strong><em>apud</em></strong></span> <span class='ocrx_word' id='word_1_481' title='bbox 1853 3595 2048 3653; x_wconf 87' lang='lat' dir='ltr'><strong><em>fratres</em></strong></span> 
     </span>
    </p>
   </div>
   <div class='ocr_carea' id='block_1_68' title="bbox 461 3682 2050 3755">
    <p class='ocr_par' dir='ltr' id='par_1_68' title="bbox 461 3682 2050 3755">
     <span class='ocr_line' id='line_1_68' title="bbox 461 3682 2050 3755; baseline 0.006 -20"><span class='ocrx_word' id='word_1_482' title='bbox 461 3682 829 3736; x_wconf 80' lang='lat' dir='ltr'><strong><em>excusabilior</em></strong></span> <span class='ocrx_word' id='word_1_483' title='bbox 862 3682 1138 3736; x_wconf 85' lang='lat' dir='ltr'><strong><em>videretur</em></strong></span> <span class='ocrx_word' id='word_1_484' title='bbox 1173 3683 1240 3738; x_wconf 89' lang='lat' dir='ltr'><strong><em>de</em></strong></span> <span class='ocrx_word' id='word_1_485' title='bbox 1286 3699 1384 3739; x_wconf 90' lang='lat' dir='ltr'><strong><em>sua</em></strong></span> <span class='ocrx_word' id='word_1_486' title='bbox 1434 3686 1866 3755; x_wconf 89' lang='lat' dir='ltr'><strong><em>consecratione,</em></strong></span> <span class='ocrx_word' id='word_1_487' title='bbox 1908 3689 2050 3745; x_wconf 91' lang='lat' dir='ltr'><strong><em>hanc</em></strong></span> 
     </span>
    </p>
   </div>
   <div class='ocr_carea' id='block_1_69' title="bbox 457 3772 2047 3843">
    <p class='ocr_par' dir='ltr' id='par_1_69' title="bbox 457 3772 2047 3843">
     <span class='ocr_line' id='line_1_69' title="bbox 457 3772 2047 3843; baseline 0.007 -17"><span class='ocrx_word' id='word_1_488' title='bbox 457 3772 835 3843; x_wconf 67' lang='lat' dir='ltr'><strong><em>praetenderet,</em></strong></span> <span class='ocrx_word' id='word_1_489' title='bbox 880 3773 936 3827; x_wconf 90' lang='lat' dir='ltr'><strong><em>in</em></strong></span> <span class='ocrx_word' id='word_1_490' title='bbox 968 3774 1186 3843; x_wconf 90' lang='lat' dir='ltr'><strong><em>publica</em></strong></span> <span class='ocrx_word' id='word_1_491' title='bbox 1232 3776 1511 3833; x_wconf 89' lang='lat' dir='ltr'><strong><em>audientia</em></strong></span> <span class='ocrx_word' id='word_1_492' title='bbox 1549 3780 1839 3835; x_wconf 90' lang='lat' dir='ltr'><strong><em>subintulit</em></strong></span> <span class='ocrx_word' id='word_1_493' title='bbox 1876 3782 2047 3837; x_wconf 86' lang='lat' dir='ltr'><strong><em>libero</em></strong></span> 
     </span>
    </p>
   </div>
   <div class='ocr_carea' id='block_1_70' title="bbox 458 3866 2043 3943">
    <p class='ocr_par' dir='ltr' id='par_1_70' title="bbox 458 3866 2043 3943">
     <span class='ocr_line' id='line_1_70' title="bbox 458 3866 2043 3943; baseline 0.008 -25"><span class='ocrx_word' id='word_1_494' title='bbox 458 3880 574 3931; x_wconf 89' lang='lat' dir='ltr'><strong><em>ore,</em></strong></span> <span class='ocrx_word' id='word_1_495' title='bbox 603 3880 712 3920; x_wconf 91' lang='lat' dir='ltr'><strong><em>non</em></strong></span> <span class='ocrx_word' id='word_1_496' title='bbox 743 3866 846 3921; x_wconf 90' lang='lat' dir='ltr'><strong><em>sibi</em></strong></span> <span class='ocrx_word' id='word_1_497' title='bbox 880 3866 1050 3922; x_wconf 87' lang='lat' dir='ltr'><strong><em>videri</em></strong></span> <span class='ocrx_word' id='word_1_498' title='bbox 1076 3869 1420 3925; x_wconf 89' lang='lat' dir='ltr'><strong><em>commodam</em></strong></span> <span class='ocrx_word' id='word_1_499' title='bbox 1444 3872 1563 3942; x_wconf 89' lang='lat' dir='ltr'><strong><em>ejus</em></strong></span> <span class='ocrx_word' id='word_1_500' title='bbox 1584 3873 2043 3943; x_wconf 88' lang='lat' dir='ltr'><strong><em>benedictionem;</em></strong></span> 
     </span>
    </p>
   </div>
   <div class='ocr_carea' id='block_1_71' title="bbox 413 3956 2048 4036">
    <p class='ocr_par' dir='ltr' id='par_1_71' title="bbox 413 3956 2048 4036">
     <span class='ocr_line' id='line_1_71' title="bbox 413 3956 2048 4036; baseline 0.007 -25"><span class='ocrx_word' id='word_1_501' title='bbox 413 3965 417 3969; x_wconf 79' lang='grc'><strong>’</strong></span> <span class='ocrx_word' id='word_1_502' title='bbox 457 3956 657 4028; x_wconf 89' lang='lat' dir='ltr'><strong><em>quippe</em></strong></span> <span class='ocrx_word' id='word_1_503' title='bbox 686 3974 811 4014; x_wconf 89' lang='lat' dir='ltr'><strong><em>cum</em></strong></span> <span class='ocrx_word' id='word_1_504' title='bbox 842 3960 897 4014; x_wconf 88' lang='lat' dir='ltr'><strong><em>in</em></strong></span> <span class='ocrx_word' id='word_1_505' title='bbox 928 3960 1299 4017; x_wconf 87' lang='lat' dir='ltr'><strong><em>obstinatione</em></strong></span> <span class='ocrx_word' id='word_1_506' title='bbox 1328 3971 1438 4018; x_wconf 91' lang='lat' dir='ltr'><strong><em>tam</em></strong></span> <span class='ocrx_word' id='word_1_507' title='bbox 1475 3965 1636 4036; x_wconf 87' lang='lat' dir='ltr'><strong><em>longa</em></strong></span> <span class='ocrx_word' id='word_1_508' title='bbox 1662 3966 1925 4023; x_wconf 85' lang='lat' dir='ltr'><strong><em>adversus</em></strong></span> <span class='ocrx_word' id='word_1_509' title='bbox 1962 3983 2048 4022; x_wconf 90' lang='lat' dir='ltr'><strong><em>se-</em></strong></span> 
     </span>
    </p>
   </div>
   <div class='ocr_carea' id='block_1_72' title="bbox 410 4048 2047 4131">
    <p class='ocr_par' dir='ltr' id='par_1_72' title="bbox 410 4048 2047 4131">
     <span class='ocr_line' id='line_1_72' title="bbox 410 4048 2047 4131; baseline 0.006 -27"><span class='ocrx_word' id='word_1_510' title='bbox 410 4058 415 4063; x_wconf 78' lang='lat'><strong>‘</strong></span> <span class='ocrx_word' id='word_1_511' title='bbox 459 4048 584 4105; x_wconf 90' lang='lat' dir='ltr'><strong><em>dem</em></strong></span> <span class='ocrx_word' id='word_1_512' title='bbox 616 4058 672 4105; x_wconf 90' lang='lat' dir='ltr'><strong><em>et</em></strong></span> <span class='ocrx_word' id='word_1_513' title='bbox 695 4052 1042 4107; x_wconf 87' lang='lat' dir='ltr'><strong><em>autoritatem</em></strong></span> <span class='ocrx_word' id='word_1_514' title='bbox 1076 4055 1434 4123; x_wconf 86' lang='lat' dir='ltr'><strong><em>apostolicam</em></strong></span> <span class='ocrx_word' id='word_1_515' title='bbox 1461 4055 1696 4113; x_wconf 84' lang='lat' dir='ltr'><strong><em>Henrico</em></strong></span> <span class='ocrx_word' id='word_1_516' title='bbox 1718 4061 1830 4131; x_wconf 88' lang='lat' dir='ltr'><strong><em>regi</em></strong></span> <span class='ocrx_word' id='word_1_517' title='bbox 1853 4060 2047 4116; x_wconf 89' lang='lat' dir='ltr'><strong><em>nitenti</em></strong></span> 
     </span>
    </p>
   </div>
   <div class='ocr_carea' id='block_1_73' title="bbox 456 4141 2044 4224">
    <p class='ocr_par' dir='ltr' id='par_1_73' title="bbox 456 4141 2044 4224">
     <span class='ocr_line' id='line_1_73' title="bbox 456 4141 2044 4224; baseline 0.01 -27"><span class='ocrx_word' id='word_1_518' title='bbox 456 4141 809 4213; x_wconf 85' lang='lat' dir='ltr'><strong><em>singulariter</em></strong></span> <span class='ocrx_word' id='word_1_519' title='bbox 839 4144 1066 4214; x_wconf 87' lang='lat' dir='ltr'><strong><em>faveret,</em></strong></span> <span class='ocrx_word' id='word_1_520' title='bbox 1096 4157 1209 4203; x_wconf 90' lang='lat' dir='ltr'><strong><em>tum</em></strong></span> <span class='ocrx_word' id='word_1_521' title='bbox 1232 4144 1367 4220; x_wconf 85' lang='lat' dir='ltr'><strong><em>quia</em></strong></span> <span class='ocrx_word' id='word_1_522' title='bbox 1392 4168 1459 4206; x_wconf 80' lang='lat' dir='ltr'><strong><em>ex</em></strong></span> <span class='ocrx_word' id='word_1_523' title='bbox 1489 4153 1593 4207; x_wconf 89' lang='lat' dir='ltr'><strong><em>hoc</em></strong></span> <span class='ocrx_word' id='word_1_524' title='bbox 1628 4154 1768 4224; x_wconf 88' lang='lat' dir='ltr'><strong><em>ipso,</em></strong></span> <span class='ocrx_word' id='word_1_525' title='bbox 1795 4157 1840 4211; x_wconf 93' lang='lat' dir='ltr'><strong><em>si</em></strong></span> <span class='ocrx_word' id='word_1_526' title='bbox 1877 4157 2044 4213; x_wconf 88' lang='lat' dir='ltr'><strong><em>bene-</em></strong></span> 
     </span>
    </p>
   </div>
   <div class='ocr_carea' id='block_1_74' title="bbox 456 4235 2048 4306">
    <p class='ocr_par' dir='ltr' id='par_1_74' title="bbox 456 4235 2048 4306">
     <span class='ocr_line' id='line_1_74' title="bbox 456 4235 2048 4306; baseline 0.008 -16"><span class='ocrx_word' id='word_1_527' title='bbox 456 4235 728 4292; x_wconf 86' lang='lat' dir='ltr'><strong><em>diceretur</em></strong></span> <span class='ocrx_word' id='word_1_528' title='bbox 760 4239 828 4293; x_wconf 87' lang='lat' dir='ltr'><strong><em>ab</em></strong></span> <span class='ocrx_word' id='word_1_529' title='bbox 852 4254 940 4306; x_wconf 89' lang='lat' dir='ltr'><strong><em>eo,</em></strong></span> <span class='ocrx_word' id='word_1_530' title='bbox 977 4239 1202 4297; x_wconf 88' lang='lat' dir='ltr'><strong><em>timebat</em></strong></span> <span class='ocrx_word' id='word_1_531' title='bbox 1245 4244 1477 4300; x_wconf 89' lang='lat' dir='ltr'><strong><em>fratrum</em></strong></span> <span class='ocrx_word' id='word_1_532' title='bbox 1517 4262 1745 4303; x_wconf 90' lang='lat' dir='ltr'><strong><em>suorum</em></strong></span> <span class='ocrx_word' id='word_1_533' title='bbox 1776 4250 2048 4305; x_wconf 86' lang='lat' dir='ltr'><strong><em>contradi—</em></strong></span> 
     </span>
    </p>
   </div>
   <div class='ocr_carea' id='block_1_75' title="bbox 457 4326 2046 4402">
    <p class='ocr_par' dir='ltr' id='par_1_75' title="bbox 457 4326 2046 4402">
     <span class='ocr_line' id='line_1_75' title="bbox 457 4326 2046 4402; baseline 0.009 -22"><span class='ocrx_word' id='word_1_534' title='bbox 457 4326 713 4395; x_wconf 91' lang='lat' dir='ltr'><strong><em>ctionem,</em></strong></span> <span class='ocrx_word' id='word_1_535' title='bbox 751 4337 866 4384; x_wconf 90' lang='lat' dir='ltr'><strong><em>tum</em></strong></span> <span class='ocrx_word' id='word_1_536' title='bbox 910 4329 1075 4386; x_wconf 88' lang='lat' dir='ltr'><strong><em>etiam</em></strong></span> <span class='ocrx_word' id='word_1_537' title='bbox 1106 4333 1235 4402; x_wconf 89' lang='lat' dir='ltr'><strong><em>quia</em></strong></span> <span class='ocrx_word' id='word_1_538' title='bbox 1278 4334 1332 4389; x_wconf 91' lang='lat' dir='ltr'><strong><em>in</em></strong></span> <span class='ocrx_word' id='word_1_539' title='bbox 1366 4336 1760 4393; x_wconf 85' lang='lat' dir='ltr'><strong><em>desolationem</em></strong></span> <span class='ocrx_word' id='word_1_540' title='bbox 1802 4340 2046 4395; x_wconf 65' lang='lat' dir='ltr'><strong><em>ecclesiae</em></strong></span> 
     </span>
    </p>
   </div>
   <div class='ocr_carea' id='block_1_76' title="bbox 455 4403 2073 4502">
    <p class='ocr_par' dir='ltr' id='par_1_76' title="bbox 455 4403 2073 4502">
     <span class='ocr_line' id='line_1_76' title="bbox 455 4403 2073 4502; baseline 0.009 -28"><span class='ocrx_word' id='word_1_541' title='bbox 455 4420 599 4475; x_wconf 87' lang='lat' dir='ltr'><strong><em>beati</em></strong></span> <span class='ocrx_word' id='word_1_542' title='bbox 621 4403 848 4477; x_wconf 54' lang='lat' dir='ltr'><strong><em>l&#39;luberti</em></strong></span> <span class='ocrx_word' id='word_1_543' title='bbox 879 4434 1122 4481; x_wconf 90' lang='lat' dir='ltr'><strong><em>castrum</em></strong></span> <span class='ocrx_word' id='word_1_544' title='bbox 1152 4426 1368 4483; x_wconf 85' lang='lat' dir='ltr'><strong><em>Mirvolt</em></strong></span> <span class='ocrx_word' id='word_1_545' title='bbox 1404 4429 1761 4498; x_wconf 85' lang='lat' dir='ltr'><strong><em>reﬁrmasset,</em></strong></span> <span class='ocrx_word' id='word_1_546' title='bbox 1793 4433 1939 4502; x_wconf 92' lang='lat' dir='ltr'><strong><em>quod</em></strong></span> <span class='ocrx_word' id='word_1_547' title='bbox 1976 4449 2073 4489; x_wconf 85' lang='lat' dir='ltr'><strong><em>ne.</em></strong></span> 
     </span>
    </p>
   </div>
   <div class='ocr_carea' id='block_1_77' title="bbox 456 4517 2046 4593">
    <p class='ocr_par' dir='ltr' id='par_1_77' title="bbox 456 4517 2046 4593">
     <span class='ocr_line' id='line_1_77' title="bbox 456 4517 2046 4593; baseline 0.009 -27"><span class='ocrx_word' id='word_1_548' title='bbox 456 4527 487 4566; x_wconf 87' lang='lat' dir='ltr'><strong><em>a</em></strong></span> <span class='ocrx_word' id='word_1_549' title='bbox 535 4528 813 4583; x_wconf 88' lang='lat' dir='ltr'><strong><em>quoquam</em></strong></span> <span class='ocrx_word' id='word_1_550' title='bbox 868 4517 1104 4586; x_wconf 85' lang='lat' dir='ltr'><strong><em>amplius</em></strong></span> <span class='ocrx_word' id='word_1_551' title='bbox 1156 4517 1310 4573; x_wconf 87' lang='lat' dir='ltr'><strong><em>ﬁeret</em></strong></span> <span class='ocrx_word' id='word_1_552' title='bbox 1356 4519 1627 4579; x_wconf 80' lang='lat' dir='ltr'><strong><em>Henricus</em></strong></span> <span class='ocrx_word' id='word_1_553' title='bbox 1674 4525 2046 4593; x_wconf 75' lang='lat' dir='ltr'><strong><em>przedccessor</em></strong></span> 
     </span>
    </p>
   </div>
   <div class='ocr_carea' id='block_1_78' title="bbox 453 4602 2049 4686">
    <p class='ocr_par' dir='ltr' id='par_1_78' title="bbox 453 4602 2049 4686">
     <span class='ocr_line' id='line_1_78' title="bbox 453 4602 2049 4686; baseline 0.009 -29"><span class='ocrx_word' id='word_1_554' title='bbox 453 4602 574 4671; x_wconf 79' lang='lat' dir='ltr'><strong><em>eius</em></strong></span> <span class='ocrx_word' id='word_1_555' title='bbox 606 4604 961 4662; x_wconf 83' lang='lat' dir='ltr'><strong><em>interdixerat</em></strong></span> <span class='ocrx_word' id='word_1_556' title='bbox 986 4610 1091 4664; x_wconf 86' lang='lat' dir='ltr'><strong><em>sub</em></strong></span> <span class='ocrx_word' id='word_1_557' title='bbox 1112 4620 1371 4679; x_wconf 88' lang='lat' dir='ltr'><strong><em>perpetuo</em></strong></span> <span class='ocrx_word' id='word_1_558' title='bbox 1400 4615 1748 4671; x_wconf 85' lang='lat' dir='ltr'><strong><em>anathemate</em></strong></span> <span class='ocrx_word' id='word_1_559' title='bbox 1777 4636 1792 4670; x_wconf 86' lang='lat'><strong>:</strong></span> <span class='ocrx_word' id='word_1_560' title='bbox 1825 4632 2049 4686; x_wconf 82' lang='lat' dir='ltr'><strong><em>respon-</em></strong></span> 
     </span>
    </p>
   </div>
   <div class='ocr_carea' id='block_1_79' title="bbox 455 4694 2046 4777">
    <p class='ocr_par' dir='ltr' id='par_1_79' title="bbox 455 4694 2046 4777">
     <span class='ocr_line' id='line_1_79' title="bbox 455 4694 2046 4777; baseline 0.012 -29"><span class='ocrx_word' id='word_1_561' title='bbox 455 4694 616 4750; x_wconf 88' lang='lat' dir='ltr'><strong><em>dente</em></strong></span> <span class='ocrx_word' id='word_1_562' title='bbox 638 4695 864 4753; x_wconf 89' lang='lat' dir='ltr'><strong><em>Otberto</em></strong></span> <span class='ocrx_word' id='word_1_563' title='bbox 889 4715 1000 4756; x_wconf 89' lang='lat' dir='ltr'><strong><em>non</em></strong></span> <span class='ocrx_word' id='word_1_564' title='bbox 1036 4702 1201 4757; x_wconf 91' lang='lat' dir='ltr'><strong><em>modo</em></strong></span> <span class='ocrx_word' id='word_1_565' title='bbox 1231 4718 1353 4759; x_wconf 89' lang='lat' dir='ltr'><strong><em>esse</em></strong></span> <span class='ocrx_word' id='word_1_566' title='bbox 1383 4713 1598 4777; x_wconf 91' lang='lat' dir='ltr'><strong><em>tempus</em></strong></span> <span class='ocrx_word' id='word_1_567' title='bbox 1637 4709 1796 4766; x_wconf 86' lang='lat' dir='ltr'><strong><em>istius</em></strong></span> <span class='ocrx_word' id='word_1_568' title='bbox 1831 4710 2046 4766; x_wconf 83' lang='lat' dir='ltr'><strong><em>discus-</em></strong></span> 
     </span>
    </p>
   </div>
   <div class='ocr_carea' id='block_1_80' title="bbox 455 4787 2043 4873">
    <p class='ocr_par' dir='ltr' id='par_1_80' title="bbox 455 4787 2043 4873">
     <span class='ocr_line' id='line_1_80' title="bbox 455 4787 2043 4873; baseline 0.011 -33"><span class='ocrx_word' id='word_1_569' title='bbox 455 4787 627 4844; x_wconf 89' lang='lat' dir='ltr'><strong><em>sionis</em></strong></span> <span class='ocrx_word' id='word_1_570' title='bbox 658 4793 900 4861; x_wconf 59' lang='lat' dir='ltr'><strong><em>agenda,</em></strong></span> <span class='ocrx_word' id='word_1_571' title='bbox 946 4794 1402 4868; x_wconf 87' lang='lat' dir='ltr'><strong><em>dissimulataque</em></strong></span> <span class='ocrx_word' id='word_1_572' title='bbox 1433 4801 1625 4855; x_wconf 86' lang='lat' dir='ltr'><strong><em>callide</em></strong></span> <span class='ocrx_word' id='word_1_573' title='bbox 1670 4802 2043 4873; x_wconf 77' lang='lat' dir='ltr'><strong><em>indignatione</em></strong></span> 
     </span>
    </p>
   </div>
   <div class='ocr_carea' id='block_1_81' title="bbox 456 4883 2043 4960">
    <p class='ocr_par' dir='ltr' id='par_1_81' title="bbox 456 4883 2043 4960">
     <span class='ocr_line' id='line_1_81' title="bbox 456 4883 2043 4960; baseline 0.009 -22"><span class='ocrx_word' id='word_1_574' title='bbox 456 4883 784 4945; x_wconf 86' lang='lat' dir='ltr'><strong><em>invectionis</em></strong></span> <span class='ocrx_word' id='word_1_575' title='bbox 828 4900 937 4946; x_wconf 90' lang='lat' dir='ltr'><strong><em>tam</em></strong></span> <span class='ocrx_word' id='word_1_576' title='bbox 985 4893 1199 4960; x_wconf 72' lang='lat' dir='ltr'><strong><em>subitae,</em></strong></span> <span class='ocrx_word' id='word_1_577' title='bbox 1234 4893 1382 4948; x_wconf 89' lang='lat' dir='ltr'><strong><em>illam</em></strong></span> <span class='ocrx_word' id='word_1_578' title='bbox 1413 4910 1568 4950; x_wconf 91' lang='lat' dir='ltr'><strong><em>suam</em></strong></span> <span class='ocrx_word' id='word_1_579' title='bbox 1606 4896 2043 4952; x_wconf 88' lang='lat' dir='ltr'><strong><em>benedictionem</em></strong></span> 
     </span>
    </p>
   </div>
   <div class='ocr_carea' id='block_1_82' title="bbox 449 4980 2043 5064">
    <p class='ocr_par' dir='ltr' id='par_1_82' title="bbox 449 4980 2043 5064">
     <span class='ocr_line' id='line_1_82' title="bbox 449 4980 2043 5064; baseline 0.009 -29"><span class='ocrx_word' id='word_1_580' title='bbox 449 4980 565 5053; x_wconf 89' lang='lat' dir='ltr'><strong><em>jam</em></strong></span> <span class='ocrx_word' id='word_1_581' title='bbox 591 4987 749 5054; x_wconf 89' lang='lat' dir='ltr'><strong><em>quasi</em></strong></span> <span class='ocrx_word' id='word_1_582' title='bbox 768 4988 976 5043; x_wconf 90' lang='lat' dir='ltr'><strong><em>nolenti</em></strong></span> <span class='ocrx_word' id='word_1_583' title='bbox 999 4989 1336 5045; x_wconf 88' lang='lat' dir='ltr'><strong><em>deliberabat</em></strong></span> <span class='ocrx_word' id='word_1_584' title='bbox 1356 4991 1697 5047; x_wconf 90' lang='lat' dir='ltr'><strong><em>subtrahere.</em></strong></span> <span class='ocrx_word' id='word_1_585' title='bbox 1735 4990 2043 5064; x_wconf 86' lang='lat' dir='ltr'><strong><em>Statimque</em></strong></span> 
     </span>
    </p>
   </div>
   <div class='ocr_carea' id='block_1_83' title="bbox 455 5072 2044 5151">
    <p class='ocr_par' dir='ltr' id='par_1_83' title="bbox 455 5072 2044 5151">
     <span class='ocr_line' id='line_1_83' title="bbox 455 5072 2044 5151; baseline 0.01 -25"><span class='ocrx_word' id='word_1_586' title='bbox 455 5072 597 5128; x_wconf 84' lang='lat' dir='ltr'><strong><em>bene</em></strong></span> <span class='ocrx_word' id='word_1_587' title='bbox 622 5080 882 5135; x_wconf 90' lang='lat' dir='ltr'><strong><em>conscius</em></strong></span> <span class='ocrx_word' id='word_1_588' title='bbox 905 5081 1026 5151; x_wconf 89' lang='lat' dir='ltr'><strong><em>ejus</em></strong></span> <span class='ocrx_word' id='word_1_589' title='bbox 1052 5082 1419 5138; x_wconf 85' lang='lat' dir='ltr'><strong><em>animositatis</em></strong></span> <span class='ocrx_word' id='word_1_590' title='bbox 1437 5083 1503 5139; x_wconf 91' lang='lat' dir='ltr'><strong><em>ad</em></strong></span> <span class='ocrx_word' id='word_1_591' title='bbox 1527 5100 1641 5139; x_wconf 89' lang='lat' dir='ltr'><strong><em>rem</em></strong></span> <span class='ocrx_word' id='word_1_592' title='bbox 1659 5085 1802 5141; x_wconf 85' lang='lat' dir='ltr'><strong><em>inter</em></strong></span> <span class='ocrx_word' id='word_1_593' title='bbox 1829 5095 2044 5141; x_wconf 88' lang='lat' dir='ltr'><strong><em>utrum-</em></strong></span> 
     </span>
    </p>
   </div>
   <div class='ocr_carea' id='block_1_84' title="bbox 455 5173 2046 5246">
    <p class='ocr_par' dir='ltr' id='par_1_84' title="bbox 455 5173 2046 5246">
     <span class='ocr_line' id='line_1_84' title="bbox 455 5173 2046 5246; baseline 0.011 -27"><span class='ocrx_word' id='word_1_594' title='bbox 455 5179 562 5236; x_wconf 85' lang='lat' dir='ltr'><strong><em>que</em></strong></span> <span class='ocrx_word' id='word_1_595' title='bbox 577 5173 1004 5240; x_wconf 88' lang='lat' dir='ltr'><strong><em>componendam</em></strong></span> <span class='ocrx_word' id='word_1_596' title='bbox 1025 5173 1360 5246; x_wconf 83' lang='lat' dir='ltr'><strong><em>Berengerus</em></strong></span> <span class='ocrx_word' id='word_1_597' title='bbox 1384 5177 1692 5245; x_wconf 88' lang='lat' dir='ltr'><strong><em>subintulit,</em></strong></span> <span class='ocrx_word' id='word_1_598' title='bbox 1716 5178 2046 5237; x_wconf 89' lang='lat' dir='ltr'><strong><em>benedictio-</em></strong></span> 
     </span>
    </p>
   </div>
   <div class='ocr_carea' id='block_1_85' title="bbox 455 5266 2036 5337">
    <p class='ocr_par' dir='ltr' id='par_1_85' title="bbox 455 5266 2036 5337">
     <span class='ocr_line' id='line_1_85' title="bbox 455 5266 2036 5337; baseline 0.011 -25"><span class='ocrx_word' id='word_1_599' title='bbox 455 5274 582 5314; x_wconf 86' lang='lat' dir='ltr'><strong><em>nem</em></strong></span> <span class='ocrx_word' id='word_1_600' title='bbox 629 5276 739 5316; x_wconf 90' lang='lat' dir='ltr'><strong><em>non</em></strong></span> <span class='ocrx_word' id='word_1_601' title='bbox 783 5281 902 5322; x_wconf 88' lang='lat' dir='ltr'><strong><em>esse</em></strong></span> <span class='ocrx_word' id='word_1_602' title='bbox 931 5266 1160 5337; x_wconf 85' lang='lat' dir='ltr'><strong><em>Otberti,</em></strong></span> <span class='ocrx_word' id='word_1_603' title='bbox 1192 5269 1286 5325; x_wconf 89' lang='lat' dir='ltr'><strong><em>sed</em></strong></span> <span class='ocrx_word' id='word_1_604' title='bbox 1317 5269 1447 5336; x_wconf 91' lang='lat' dir='ltr'><strong><em>Dei;</em></strong></span> <span class='ocrx_word' id='word_1_605' title='bbox 1483 5286 1607 5326; x_wconf 89' lang='lat' dir='ltr'><strong><em>eum</em></strong></span> <span class='ocrx_word' id='word_1_606' title='bbox 1661 5282 1880 5328; x_wconf 86' lang='lat' dir='ltr'><strong><em>econtra</em></strong></span> <span class='ocrx_word' id='word_1_607' title='bbox 1925 5274 2036 5329; x_wconf 91' lang='lat' dir='ltr'><strong><em>Do-</em></strong></span> 
     </span>
    </p>
   </div>
   <div class='ocr_carea' id='block_1_86' title="bbox 454 5353 2034 5439">
    <p class='ocr_par' dir='ltr' id='par_1_86' title="bbox 454 5353 2034 5439">
     <span class='ocr_line' id='line_1_86' title="bbox 454 5353 2034 5439; baseline 0.012 -34"><span class='ocrx_word' id='word_1_608' title='bbox 454 5353 639 5409; x_wconf 90' lang='lat' dir='ltr'><strong><em>minus</em></strong></span> <span class='ocrx_word' id='word_1_609' title='bbox 664 5370 758 5425; x_wconf 88' lang='lat' dir='ltr'><strong><em>per</em></strong></span> <span class='ocrx_word' id='word_1_610' title='bbox 795 5357 1116 5417; x_wconf 83' lang='lat' dir='ltr'><strong><em>Malachiam</em></strong></span> <span class='ocrx_word' id='word_1_611' title='bbox 1146 5361 1292 5418; x_wconf 88' lang='lat' dir='ltr'><strong><em>dicat</em></strong></span> <span class='ocrx_word' id='word_1_612' title='bbox 1328 5363 1395 5419; x_wconf 89' lang='lat' dir='ltr'><strong><em>de</em></strong></span> <span class='ocrx_word' id='word_1_613' title='bbox 1424 5365 1799 5423; x_wconf 87' lang='lat' dir='ltr'><strong><em>sacerdotibus</em></strong></span> <span class='ocrx_word' id='word_1_614' title='bbox 1841 5368 2034 5439; x_wconf 89' lang='lat' dir='ltr'><strong><em>displi-</em></strong></span> 
     </span>
    </p>
   </div>
   <div class='ocr_carea' id='block_1_87' title="bbox 453 5447 1996 5519">
    <p class='ocr_par' dir='ltr' id='par_1_87' title="bbox 453 5447 1996 5519">
     <span class='ocr_line' id='line_1_87' title="bbox 453 5447 1996 5519; baseline 0.01 -16"><span class='ocrx_word' id='word_1_615' title='bbox 453 5447 703 5505; x_wconf 87' lang='lat' dir='ltr'><strong><em>centibus</em></strong></span> <span class='ocrx_word' id='word_1_616' title='bbox 727 5449 831 5506; x_wconf 90' lang='lat' dir='ltr'><strong><em>sibi</em></strong></span> <span class='ocrx_word' id='word_1_617' title='bbox 875 5470 888 5506; x_wconf 88' lang='lat'>:</span> <span class='ocrx_word' id='word_1_618' title='bbox 941 5453 1263 5511; x_wconf 83' lang='lat' dir='ltr'><strong><em>Maledicam</em></strong></span> <span class='ocrx_word' id='word_1_619' title='bbox 1313 5457 1760 5515; x_wconf 87' lang='lat' dir='ltr'><strong><em>benedictionibus</em></strong></span> <span class='ocrx_word' id='word_1_620' title='bbox 1811 5464 1996 5519; x_wconf 87' lang='lat' dir='ltr'><strong><em>vestris</em></strong></span> 
     </span>
    </p>
   </div>
   <div class='ocr_carea' id='block_1_88' title="bbox 526 5602 2031 5727">
    <p class='ocr_par' dir='ltr' id='par_1_88' title="bbox 526 5602 2031 5727">
     <span class='ocr_line' id='line_1_88' title="bbox 526 5602 2031 5727; baseline 0.001 -18"><span class='ocrx_word' id='word_1_621' title='bbox 526 5637 674 5727; x_wconf 54' lang='grc' dir='ltr'><strong><em>(ίτξζί)</em></strong></span> <span class='ocrx_word' id='word_1_622' title='bbox 715 5640 980 5727; x_wconf 50' lang='grc' dir='ltr'><strong><em>Ωιιίρυιιο</em></strong></span> <span class='ocrx_word' id='word_1_623' title='bbox 1006 5641 1291 5718; x_wconf 80' lang='lat' dir='ltr'><strong><em>Mogontiae</em></strong></span> <span class='ocrx_word' id='word_1_624' title='bbox 1327 5602 1662 5725; x_wconf 84' lang='lat' dir='ltr'><strong><em>colloquium</em></strong></span> <span class='ocrx_word' id='word_1_625' title='bbox 1704 5650 1913 5727; x_wconf 84' lang='lat' dir='ltr'><strong><em>habuit,</em></strong></span> <span class='ocrx_word' id='word_1_626' title='bbox 1947 5602 2031 5715; x_wconf 47' lang='lat' dir='ltr'><strong><em>te:</em></strong></span> 
     </span>
    </p>
   </div>
   <div class='ocr_carea' id='block_1_89' title="bbox 454 5708 909 5786">
    <p class='ocr_par' dir='ltr' id='par_1_89' title="bbox 454 5708 909 5786">
     <span class='ocr_line' id='line_1_89' title="bbox 454 5708 909 5786; baseline 0.015 -21"><span class='ocrx_word' id='word_1_627' title='bbox 454 5713 537 5773; x_wconf 72' lang='lat' dir='ltr'><strong><em>ste</em></strong></span> <span class='ocrx_word' id='word_1_628' title='bbox 566 5708 909 5786; x_wconf 80' lang='lat' dir='ltr'><strong><em>Ekkebardo.</em></strong></span> 
     </span>
    </p>
   </div>
   <div class='ocr_carea' id='block_1_90' title="bbox 2150 3131 3744 3203">
    <p class='ocr_par' dir='ltr' id='par_1_90' title="bbox 2150 3131 3744 3203">
     <span class='ocr_line' id='line_1_90' title="bbox 2150 3131 3744 3203; baseline -0.005 -11"><span class='ocrx_word' id='word_1_629' title='bbox 2150 3137 2403 3193; x_wconf 88' lang='lat' dir='ltr'><strong><em>cessione</em></strong></span> <span class='ocrx_word' id='word_1_630' title='bbox 2434 3136 2722 3192; x_wconf 89' lang='lat' dir='ltr'><strong><em>ecclesiam</em></strong></span> <span class='ocrx_word' id='word_1_631' title='bbox 2752 3134 2980 3189; x_wconf 89' lang='lat' dir='ltr'><strong><em>introiit.</em></strong></span> <span class='ocrx_word' id='word_1_632' title='bbox 3012 3132 3292 3203; x_wconf 77' lang='lat' dir='ltr'><strong><em>Iniuriam</em></strong></span> <span class='ocrx_word' id='word_1_633' title='bbox 3324 3133 3498 3202; x_wconf 86' lang='lat' dir='ltr'><strong><em>hujus</em></strong></span> <span class='ocrx_word' id='word_1_634' title='bbox 3522 3131 3744 3186; x_wconf 76' lang='lat' dir='ltr'><strong><em>aversio-</em></strong></span> 
     </span>
    </p>
   </div>
   <div class='ocr_carea' id='block_1_91' title="bbox 2150 3223 3746 3298">
    <p class='ocr_par' dir='ltr' id='par_1_91' title="bbox 2150 3223 3746 3298">
     <span class='ocr_line' id='line_1_91' title="bbox 2150 3223 3746 3298; baseline -0.005 -13"><span class='ocrx_word' id='word_1_635' title='bbox 2150 3231 2237 3285; x_wconf 90' lang='lat' dir='ltr'><strong><em>nis</em></strong></span> <span class='ocrx_word' id='word_1_636' title='bbox 2266 3245 2378 3285; x_wconf 88' lang='lat' dir='ltr'><strong><em>non</em></strong></span> <span class='ocrx_word' id='word_1_637' title='bbox 2410 3229 2587 3285; x_wconf 90' lang='lat' dir='ltr'><strong><em>solum</em></strong></span> <span class='ocrx_word' id='word_1_638' title='bbox 2618 3229 2721 3284; x_wconf 89' lang='lat' dir='ltr'><strong><em>sibi</em></strong></span> <span class='ocrx_word' id='word_1_639' title='bbox 2757 3228 3109 3298; x_wconf 89' lang='lat' dir='ltr'><strong><em>injuriosam,</em></strong></span> <span class='ocrx_word' id='word_1_640' title='bbox 3144 3226 3248 3281; x_wconf 84' lang='lat' dir='ltr'><strong><em>sed</em></strong></span> <span class='ocrx_word' id='word_1_641' title='bbox 3277 3236 3335 3281; x_wconf 89' lang='lat' dir='ltr'><strong><em>et</em></strong></span> <span class='ocrx_word' id='word_1_642' title='bbox 3359 3223 3561 3280; x_wconf 88' lang='lat' dir='ltr'><strong><em>Oberto</em></strong></span> <span class='ocrx_word' id='word_1_643' title='bbox 3586 3223 3746 3277; x_wconf 79' lang='lat' dir='ltr'><strong><em>eccle-</em></strong></span> 
     </span>
    </p>
   </div>
   <div class='ocr_carea' id='block_1_92' title="bbox 2151 3317 3741 3394">
    <p class='ocr_par' dir='ltr' id='par_1_92' title="bbox 2151 3317 3741 3394">
     <span class='ocr_line' id='line_1_92' title="bbox 2151 3317 3741 3394; baseline -0.007 -15"><span class='ocrx_word' id='word_1_644' title='bbox 2151 3323 2356 3394; x_wconf 73' lang='lat' dir='ltr'><strong><em>sizeque</em></strong></span> <span class='ocrx_word' id='word_1_645' title='bbox 2385 3322 2677 3378; x_wconf 89' lang='lat' dir='ltr'><strong><em>Leodiensi</em></strong></span> <span class='ocrx_word' id='word_1_646' title='bbox 2701 3322 2753 3375; x_wconf 91' lang='lat' dir='ltr'><strong><em>in</em></strong></span> <span class='ocrx_word' id='word_1_647' title='bbox 2779 3319 2997 3390; x_wconf 88' lang='lat' dir='ltr'><strong><em>publico</em></strong></span> <span class='ocrx_word' id='word_1_648' title='bbox 3025 3317 3274 3373; x_wconf 87' lang='lat' dir='ltr'><strong><em>fratrum</em></strong></span> <span class='ocrx_word' id='word_1_649' title='bbox 3303 3327 3579 3381; x_wconf 76' lang='lat' dir='ltr'><strong><em>conventu,</em></strong></span> <span class='ocrx_word' id='word_1_650' title='bbox 3601 3328 3741 3383; x_wconf 72' lang='lat' dir='ltr'><strong><em>pne-</em></strong></span> 
     </span>
    </p>
   </div>
   <div class='ocr_carea' id='block_1_93' title="bbox 2151 3410 3738 3484">
    <p class='ocr_par' dir='ltr' id='par_1_93' title="bbox 2151 3410 3738 3484">
     <span class='ocr_line' id='line_1_93' title="bbox 2151 3410 3738 3484; baseline -0.009 -12"><span class='ocrx_word' id='word_1_651' title='bbox 2151 3425 2304 3472; x_wconf 89' lang='lat' dir='ltr'><strong><em>sente</em></strong></span> <span class='ocrx_word' id='word_1_652' title='bbox 2331 3416 2500 3470; x_wconf 91' lang='lat' dir='ltr'><strong><em>immo</em></strong></span> <span class='ocrx_word' id='word_1_653' title='bbox 2548 3414 2865 3484; x_wconf 81' lang='lat' dir='ltr'><strong><em>indignante</em></strong></span> <span class='ocrx_word' id='word_1_654' title='bbox 2901 3410 3199 3471; x_wconf 85' lang='lat' dir='ltr'><strong><em>Frederico</em></strong></span> <span class='ocrx_word' id='word_1_655' title='bbox 3230 3417 3578 3479; x_wconf 80' lang='lat' dir='ltr'><strong><em>conquestus,</em></strong></span> <span class='ocrx_word' id='word_1_656' title='bbox 3610 3419 3738 3460; x_wconf 79' lang='lat' dir='ltr'><strong><em>cum</em></strong></span> 
     </span>
    </p>
   </div>
   <div class='ocr_carea' id='block_1_94' title="bbox 2149 3504 3738 3574">
    <p class='ocr_par' dir='ltr' id='par_1_94' title="bbox 2149 3504 3738 3574">
     <span class='ocr_line' id='line_1_94' title="bbox 2149 3504 3738 3574; baseline -0.008 -10"><span class='ocrx_word' id='word_1_657' title='bbox 2149 3524 2217 3564; x_wconf 90' lang='lat' dir='ltr'><strong><em>eo</em></strong></span> <span class='ocrx_word' id='word_1_658' title='bbox 2252 3507 2515 3563; x_wconf 87' lang='lat' dir='ltr'><strong><em>Leodium</em></strong></span> <span class='ocrx_word' id='word_1_659' title='bbox 2540 3507 2718 3572; x_wconf 88' lang='lat' dir='ltr'><strong><em>rediit,</em></strong></span> <span class='ocrx_word' id='word_1_660' title='bbox 2748 3506 2951 3561; x_wconf 89' lang='lat' dir='ltr'><strong><em>ibidem</em></strong></span> <span class='ocrx_word' id='word_1_661' title='bbox 2978 3505 3083 3559; x_wconf 88' lang='lat' dir='ltr'><strong><em>hoc</em></strong></span> <span class='ocrx_word' id='word_1_662' title='bbox 3103 3504 3299 3574; x_wconf 87' lang='lat' dir='ltr'><strong><em>ipsum</em></strong></span> <span class='ocrx_word' id='word_1_663' title='bbox 3323 3510 3738 3572; x_wconf 73' lang='lat' dir='ltr'><strong><em>mnquesturus.</em></strong></span> 
     </span>
    </p>
   </div>
   <div class='ocr_carea' id='block_1_95' title="bbox 2151 3595 3740 3670">
    <p class='ocr_par' dir='ltr' id='par_1_95' title="bbox 2151 3595 3740 3670">
     <span class='ocr_line' id='line_1_95' title="bbox 2151 3595 3740 3670; baseline -0.004 -17"><span class='ocrx_word' id='word_1_664' title='bbox 2151 3600 2217 3655; x_wconf 88' lang='lat' dir='ltr'><strong><em>Et</em></strong></span> <span class='ocrx_word' id='word_1_665' title='bbox 2236 3601 2365 3670; x_wconf 85' lang='lat' dir='ltr'><strong><em>quia</em></strong></span> <span class='ocrx_word' id='word_1_666' title='bbox 2390 3608 2519 3655; x_wconf 89' lang='lat' dir='ltr'><strong><em>tunc</em></strong></span> <span class='ocrx_word' id='word_1_667' title='bbox 2550 3597 2810 3667; x_wconf 88' lang='lat' dir='ltr'><strong><em>temporis</em></strong></span> <span class='ocrx_word' id='word_1_668' title='bbox 2830 3596 3106 3667; x_wconf 81' lang='lat' dir='ltr'><strong><em>justitiam</em></strong></span> <span class='ocrx_word' id='word_1_669' title='bbox 3138 3595 3487 3666; x_wconf 79' lang='lat' dir='ltr'><strong><em>deprimebat</em></strong></span> <span class='ocrx_word' id='word_1_670' title='bbox 3514 3600 3740 3662; x_wconf 62' lang='lat' dir='ltr'><strong><em>mestus</em></strong></span> 
     </span>
    </p>
   </div>
   <div class='ocr_carea' id='block_1_96' title="bbox 2150 3682 3742 3758">
    <p class='ocr_par' dir='ltr' id='par_1_96' title="bbox 2150 3682 3742 3758">
     <span class='ocr_line' id='line_1_96' title="bbox 2150 3682 3742 3758; baseline -0.006 -12"><span class='ocrx_word' id='word_1_671' title='bbox 2150 3699 2204 3746; x_wconf 86' lang='lat' dir='ltr'><strong><em>et</em></strong></span> <span class='ocrx_word' id='word_1_672' title='bbox 2227 3691 2497 3745; x_wconf 88' lang='lat' dir='ltr'><strong><em>rationem</em></strong></span> <span class='ocrx_word' id='word_1_673' title='bbox 2538 3689 2815 3755; x_wconf 89' lang='lat' dir='ltr'><strong><em>voluntas,</em></strong></span> <span class='ocrx_word' id='word_1_674' title='bbox 2844 3686 3072 3758; x_wconf 88' lang='lat' dir='ltr'><strong><em>quidam</em></strong></span> <span class='ocrx_word' id='word_1_675' title='bbox 3121 3701 3191 3741; x_wconf 80' lang='lat' dir='ltr'><strong><em>ex</em></strong></span> <span class='ocrx_word' id='word_1_676' title='bbox 3223 3685 3496 3740; x_wconf 85' lang='lat' dir='ltr'><strong><em>fratribus</em></strong></span> <span class='ocrx_word' id='word_1_677' title='bbox 3523 3682 3742 3737; x_wconf 67' lang='lat' dir='ltr'><strong><em>inferre-</em></strong></span> 
     </span>
    </p>
   </div>
   <div class='ocr_carea' id='block_1_97' title="bbox 2150 3775 3738 3844">
    <p class='ocr_par' dir='ltr' id='par_1_97' title="bbox 2150 3775 3738 3844">
     <span class='ocr_line' id='line_1_97' title="bbox 2150 3775 3738 3844; baseline -0.003 -9"><span class='ocrx_word' id='word_1_678' title='bbox 2150 3780 2276 3835; x_wconf 91' lang='lat' dir='ltr'><strong><em>dam</em></strong></span> <span class='ocrx_word' id='word_1_679' title='bbox 2308 3781 2413 3836; x_wconf 92' lang='lat' dir='ltr'><strong><em>sibi</em></strong></span> <span class='ocrx_word' id='word_1_680' title='bbox 2435 3781 2749 3836; x_wconf 87' lang='lat' dir='ltr'><strong><em>violentiam</em></strong></span> <span class='ocrx_word' id='word_1_681' title='bbox 2776 3780 3104 3844; x_wconf 86' lang='lat' dir='ltr'><strong><em>timuerunt,</em></strong></span> <span class='ocrx_word' id='word_1_682' title='bbox 3135 3785 3193 3832; x_wconf 88' lang='lat' dir='ltr'><strong><em>et</em></strong></span> <span class='ocrx_word' id='word_1_683' title='bbox 3229 3794 3300 3833; x_wconf 76' lang='lat' dir='ltr'><strong><em>ex</em></strong></span> <span class='ocrx_word' id='word_1_684' title='bbox 3327 3777 3417 3831; x_wconf 87' lang='lat' dir='ltr'><strong><em>eis</em></strong></span> <span class='ocrx_word' id='word_1_685' title='bbox 3440 3776 3631 3831; x_wconf 79' lang='lat' dir='ltr'><strong><em>decem</em></strong></span> <span class='ocrx_word' id='word_1_686' title='bbox 3672 3775 3738 3830; x_wconf 79' lang='lat' dir='ltr'><strong><em>si-</em></strong></span> 
     </span>
    </p>
   </div>
   <div class='ocr_carea' id='block_1_98' title="bbox 2150 3864 3739 3941">
    <p class='ocr_par' dir='ltr' id='par_1_98' title="bbox 2150 3864 3739 3941">
     <span class='ocr_line' id='line_1_98' title="bbox 2150 3864 3739 3941; baseline -0.004 -14"><span class='ocrx_word' id='word_1_687' title='bbox 2150 3874 2266 3928; x_wconf 89' lang='lat' dir='ltr'><strong><em>mul</em></strong></span> <span class='ocrx_word' id='word_1_688' title='bbox 2300 3874 2354 3928; x_wconf 91' lang='lat' dir='ltr'><strong><em>in</em></strong></span> <span class='ocrx_word' id='word_1_689' title='bbox 2386 3890 2496 3928; x_wconf 91' lang='lat' dir='ltr'><strong><em>una</em></strong></span> <span class='ocrx_word' id='word_1_690' title='bbox 2520 3873 2609 3928; x_wconf 90' lang='lat' dir='ltr'><strong><em>die</em></strong></span> <span class='ocrx_word' id='word_1_691' title='bbox 2639 3873 2903 3928; x_wconf 88' lang='lat' dir='ltr'><strong><em>abeuntes</em></strong></span> <span class='ocrx_word' id='word_1_692' title='bbox 2929 3886 3027 3941; x_wconf 89' lang='lat' dir='ltr'><strong><em>per</em></strong></span> <span class='ocrx_word' id='word_1_693' title='bbox 3052 3870 3224 3926; x_wconf 89' lang='lat' dir='ltr'><strong><em>cellas</em></strong></span> <span class='ocrx_word' id='word_1_694' title='bbox 3250 3869 3617 3925; x_wconf 74' lang='lat' dir='ltr'><strong><em>diversarum.</em></strong></span> <span class='ocrx_word' id='word_1_695' title='bbox 3641 3864 3739 3920; x_wconf 71' lang='lat' dir='ltr'><strong><em>[Eu</em></strong></span> 
     </span>
    </p>
   </div>
   <div class='ocr_carea' id='block_1_99' title="bbox 2150 3959 3738 4040">
    <p class='ocr_par' dir='ltr' id='par_1_99' title="bbox 2150 3959 3738 4040">
     <span class='ocr_line' id='line_1_99' title="bbox 2150 3959 3738 4040; baseline -0.007 -16"><span class='ocrx_word' id='word_1_696' title='bbox 2150 3969 2311 4040; x_wconf 88' lang='lat' dir='ltr'><strong><em>quasi</em></strong></span> <span class='ocrx_word' id='word_1_697' title='bbox 2335 3977 2667 4024; x_wconf 81' lang='lat' dir='ltr'><strong><em>exoneratus</em></strong></span> <span class='ocrx_word' id='word_1_698' title='bbox 2682 3968 2800 4039; x_wconf 91' lang='lat' dir='ltr'><strong><em>jam</em></strong></span> <span class='ocrx_word' id='word_1_699' title='bbox 2823 3965 3070 4021; x_wconf 89' lang='lat' dir='ltr'><strong><em>securior</em></strong></span> <span class='ocrx_word' id='word_1_700' title='bbox 3095 3964 3274 4019; x_wconf 89' lang='lat' dir='ltr'><strong><em>immo</em></strong></span> <span class='ocrx_word' id='word_1_701' title='bbox 3301 3962 3552 4019; x_wconf 82' lang='lat' dir='ltr'><strong><em>ferocior</em></strong></span> <span class='ocrx_word' id='word_1_702' title='bbox 3573 3959 3738 4014; x_wconf 73' lang='lat' dir='ltr'><strong><em>Wire-</em></strong></span> 
     </span>
    </p>
   </div>
   <div class='ocr_carea' id='block_1_100' title="bbox 2151 4056 3741 4132">
    <p class='ocr_par' dir='ltr' id='par_1_100' title="bbox 2151 4056 3741 4132">
     <span class='ocr_line' id='line_1_100' title="bbox 2151 4056 3741 4132; baseline -0.006 -15"><span class='ocrx_word' id='word_1_703' title='bbox 2151 4063 2256 4119; x_wconf 91' lang='lat' dir='ltr'><strong><em>dus</em></strong></span> <span class='ocrx_word' id='word_1_704' title='bbox 2281 4062 2465 4129; x_wconf 88' lang='lat' dir='ltr'><strong><em>rediit,</em></strong></span> <span class='ocrx_word' id='word_1_705' title='bbox 2494 4063 2837 4132; x_wconf 87' lang='lat' dir='ltr'><strong><em>nimiumque</em></strong></span> <span class='ocrx_word' id='word_1_706' title='bbox 2876 4058 3206 4115; x_wconf 89' lang='lat' dir='ltr'><strong><em>ambitiosus</em></strong></span> <span class='ocrx_word' id='word_1_707' title='bbox 3231 4058 3476 4127; x_wconf 73' lang='lat' dir='ltr'><strong><em>propria:</em></strong></span> <span class='ocrx_word' id='word_1_708' title='bbox 3506 4056 3741 4110; x_wconf 64' lang='lat' dir='ltr'><strong><em>domina—</em></strong></span> 
     </span>
    </p>
   </div>
   <div class='ocr_carea' id='block_1_101' title="bbox 2113 4147 3736 4222">
    <p class='ocr_par' dir='ltr' id='par_1_101' title="bbox 2113 4147 3736 4222">
     <span class='ocr_line' id='line_1_101' title="bbox 2113 4147 3736 4222; baseline -0.007 -10"><span class='ocrx_word' id='word_1_709' title='bbox 2113 4170 2117 4175; x_wconf 77' lang='lat'><strong>‘</strong></span> <span class='ocrx_word' id='word_1_710' title='bbox 2149 4157 2315 4212; x_wconf 88' lang='lat' dir='ltr'><strong><em>tionis</em></strong></span> <span class='ocrx_word' id='word_1_711' title='bbox 2339 4168 2392 4212; x_wconf 90' lang='lat' dir='ltr'><strong><em>et</em></strong></span> <span class='ocrx_word' id='word_1_712' title='bbox 2412 4157 2637 4212; x_wconf 83' lang='lat' dir='ltr'><strong><em>omnino</em></strong></span> <span class='ocrx_word' id='word_1_713' title='bbox 2666 4153 2981 4210; x_wconf 89' lang='lat' dir='ltr'><strong><em>incredulus</em></strong></span> <span class='ocrx_word' id='word_1_714' title='bbox 3018 4151 3279 4207; x_wconf 65' lang='lat' dir='ltr'><strong><em>fraterna:</em></strong></span> <span class='ocrx_word' id='word_1_715' title='bbox 3316 4147 3736 4222; x_wconf 73' lang='lat' dir='ltr'><strong><em>procurationis,</em></strong></span> 
     </span>
    </p>
   </div>
   <div class='ocr_carea' id='block_1_102' title="bbox 2147 4242 3740 4320">
    <p class='ocr_par' dir='ltr' id='par_1_102' title="bbox 2147 4242 3740 4320">
     <span class='ocr_line' id='line_1_102' title="bbox 2147 4242 3740 4320; baseline -0.009 -11"><span class='ocrx_word' id='word_1_716' title='bbox 2147 4253 2551 4309; x_wconf 88' lang='lat' dir='ltr'><strong><em>ecclesiasticas</em></strong></span> <span class='ocrx_word' id='word_1_717' title='bbox 2594 4249 3032 4320; x_wconf 89' lang='lat' dir='ltr'><strong><em>dispensationes</em></strong></span> <span class='ocrx_word' id='word_1_718' title='bbox 3074 4246 3179 4300; x_wconf 85' lang='lat' dir='ltr'><strong><em>sub</em></strong></span> <span class='ocrx_word' id='word_1_719' title='bbox 3217 4260 3280 4301; x_wconf 87' lang='lat' dir='ltr'><strong><em>se</em></strong></span> <span class='ocrx_word' id='word_1_720' title='bbox 3307 4244 3435 4300; x_wconf 85' lang='lat' dir='ltr'><strong><em>solo</em></strong></span> <span class='ocrx_word' id='word_1_721' title='bbox 3470 4242 3740 4313; x_wconf 65' lang='lat' dir='ltr'><strong><em>provisor:</em></strong></span> 
     </span>
    </p>
   </div>
   <div class='ocr_carea' id='block_1_103' title="bbox 2149 4336 3738 4413">
    <p class='ocr_par' dir='ltr' id='par_1_103' title="bbox 2149 4336 3738 4413">
     <span class='ocr_line' id='line_1_103' title="bbox 2149 4336 3738 4413; baseline -0.011 -10"><span class='ocrx_word' id='word_1_722' title='bbox 2149 4346 2427 4404; x_wconf 89' lang='lat' dir='ltr'><strong><em>commisit</em></strong></span> <span class='ocrx_word' id='word_1_723' title='bbox 2456 4345 2632 4400; x_wconf 90' lang='lat' dir='ltr'><strong><em>laicis.</em></strong></span> <span class='ocrx_word' id='word_1_724' title='bbox 2669 4343 2761 4398; x_wconf 85' lang='lat' dir='ltr'><strong><em>Sic</em></strong></span> <span class='ocrx_word' id='word_1_725' title='bbox 2801 4357 2931 4413; x_wconf 87' lang='lat' dir='ltr'><strong><em>ergo</em></strong></span> <span class='ocrx_word' id='word_1_726' title='bbox 2975 4340 3091 4410; x_wconf 91' lang='lat' dir='ltr'><strong><em>ipse</em></strong></span> <span class='ocrx_word' id='word_1_727' title='bbox 3130 4337 3340 4393; x_wconf 87' lang='lat' dir='ltr'><strong><em>laboris</em></strong></span> <span class='ocrx_word' id='word_1_728' title='bbox 3373 4336 3670 4406; x_wconf 76' lang='lat' dir='ltr'><strong><em>impatiens</em></strong></span> <span class='ocrx_word' id='word_1_729' title='bbox 3692 4342 3738 4386; x_wconf 74' lang='lat' dir='ltr'><strong><em>et</em></strong></span> 
     </span>
    </p>
   </div>
   <div class='ocr_carea' id='block_1_104' title="bbox 2148 4427 3733 4506">
    <p class='ocr_par' dir='ltr' id='par_1_104' title="bbox 2148 4427 3733 4506">
     <span class='ocr_line' id='line_1_104' title="bbox 2148 4427 3733 4506; baseline -0.009 -13"><span class='ocrx_word' id='word_1_730' title='bbox 2148 4437 2297 4494; x_wconf 91' lang='lat' dir='ltr'><strong><em>domi</em></strong></span> <span class='ocrx_word' id='word_1_731' title='bbox 2319 4436 2736 4506; x_wconf 88' lang='lat' dir='ltr'><strong><em>conquiescens,</em></strong></span> <span class='ocrx_word' id='word_1_732' title='bbox 2774 4432 2906 4487; x_wconf 88' lang='lat' dir='ltr'><strong><em>dum</em></strong></span> <span class='ocrx_word' id='word_1_733' title='bbox 2940 4445 3053 4485; x_wconf 91' lang='lat' dir='ltr'><strong><em>non</em></strong></span> <span class='ocrx_word' id='word_1_734' title='bbox 3082 4428 3181 4483; x_wconf 91' lang='lat' dir='ltr'><strong><em>Dei</em></strong></span> <span class='ocrx_word' id='word_1_735' title='bbox 3223 4427 3323 4482; x_wconf 89' lang='lat' dir='ltr'><strong><em>sed</em></strong></span> <span class='ocrx_word' id='word_1_736' title='bbox 3346 4443 3453 4483; x_wconf 88' lang='lat' dir='ltr'><strong><em>sua</em></strong></span> <span class='ocrx_word' id='word_1_737' title='bbox 3491 4440 3733 4497; x_wconf 64' lang='lat' dir='ltr'><strong><em>quam-</em></strong></span> 
     </span>
    </p>
   </div>
   <div class='ocr_carea' id='block_1_105' title="bbox 2147 4517 3736 4600">
    <p class='ocr_par' dir='ltr' id='par_1_105' title="bbox 2147 4517 3736 4600">
     <span class='ocr_line' id='line_1_105' title="bbox 2147 4517 3736 4600; baseline -0.008 -14"><span class='ocrx_word' id='word_1_738' title='bbox 2147 4531 2296 4587; x_wconf 91' lang='lat' dir='ltr'><strong><em>tibus</em></strong></span> <span class='ocrx_word' id='word_1_739' title='bbox 2319 4530 2495 4600; x_wconf 88' lang='lat' dir='ltr'><strong><em>magis</em></strong></span> <span class='ocrx_word' id='word_1_740' title='bbox 2520 4543 2688 4599; x_wconf 91' lang='lat' dir='ltr'><strong><em>quam</em></strong></span> <span class='ocrx_word' id='word_1_741' title='bbox 2715 4524 2979 4580; x_wconf 87' lang='lat' dir='ltr'><strong><em>fratribus</em></strong></span> <span class='ocrx_word' id='word_1_742' title='bbox 3005 4522 3455 4592; x_wconf 87' lang='lat' dir='ltr'><strong><em>dispensationes</em></strong></span> <span class='ocrx_word' id='word_1_743' title='bbox 3492 4517 3736 4577; x_wconf 72' lang='lat' dir='ltr'><strong><em>ecclesia-</em></strong></span> 
     </span>
    </p>
   </div>
   <div class='ocr_carea' id='block_1_106' title="bbox 2147 4611 3737 4689">
    <p class='ocr_par' dir='ltr' id='par_1_106' title="bbox 2147 4611 3737 4689">
     <span class='ocr_line' id='line_1_106' title="bbox 2147 4611 3737 4689; baseline -0.011 -9"><span class='ocrx_word' id='word_1_744' title='bbox 2147 4624 2315 4680; x_wconf 89' lang='lat' dir='ltr'><strong><em>sticas</em></strong></span> <span class='ocrx_word' id='word_1_745' title='bbox 2349 4620 2615 4686; x_wconf 86' lang='lat' dir='ltr'><strong><em>crederet,</em></strong></span> <span class='ocrx_word' id='word_1_746' title='bbox 2644 4626 2929 4689; x_wconf 86' lang='lat' dir='ltr'><strong><em>coeperunt</em></strong></span> <span class='ocrx_word' id='word_1_747' title='bbox 2953 4615 3106 4671; x_wconf 90' lang='lat' dir='ltr'><strong><em>nullo</em></strong></span> <span class='ocrx_word' id='word_1_748' title='bbox 3135 4621 3476 4685; x_wconf 87' lang='lat' dir='ltr'><strong><em>procurante</em></strong></span> <span class='ocrx_word' id='word_1_749' title='bbox 3510 4611 3737 4667; x_wconf 72' lang='lat' dir='ltr'><strong><em>sationes</em></strong></span> 
     </span>
    </p>
   </div>
   <div class='ocr_carea' id='block_1_107' title="bbox 2112 4705 3733 4785">
    <p class='ocr_par' dir='ltr' id='par_1_107' title="bbox 2112 4705 3733 4785">
     <span class='ocr_line' id='line_1_107' title="bbox 2112 4705 3733 4785; baseline -0.009 -14"><span class='ocrx_word' id='word_1_750' title='bbox 2112 4746 2118 4751; x_wconf 67' lang='grc' dir='ltr'><strong><em>ο</em></strong></span> <span class='ocrx_word' id='word_1_751' title='bbox 2147 4716 2415 4785; x_wconf 89' lang='lat' dir='ltr'><strong><em>deperire,</em></strong></span> <span class='ocrx_word' id='word_1_752' title='bbox 2435 4712 2795 4769; x_wconf 88' lang='lat' dir='ltr'><strong><em>dominicales</em></strong></span> <span class='ocrx_word' id='word_1_753' title='bbox 2826 4709 3143 4765; x_wconf 88' lang='lat' dir='ltr'><strong><em>mansiones</em></strong></span> <span class='ocrx_word' id='word_1_754' title='bbox 3166 4722 3296 4761; x_wconf 88' lang='lat' dir='ltr'><strong><em>cum</em></strong></span> <span class='ocrx_word' id='word_1_755' title='bbox 3319 4705 3551 4760; x_wconf 83' lang='lat' dir='ltr'><strong><em>horreis</em></strong></span> <span class='ocrx_word' id='word_1_756' title='bbox 3570 4717 3733 4765; x_wconf 73' lang='lat' dir='ltr'><strong><em>mere,</em></strong></span> 
     </span>
    </p>
   </div>
   <div class='ocr_carea' id='block_1_108' title="bbox 2146 4798 3733 4863">
    <p class='ocr_par' dir='ltr' id='par_1_108' title="bbox 2146 4798 3733 4863">
     <span class='ocr_line' id='line_1_108' title="bbox 2146 4798 3733 4863; baseline -0.008 0"><span class='ocrx_word' id='word_1_757' title='bbox 2146 4807 2571 4863; x_wconf 83' lang='lat' dir='ltr'><strong><em>assentientibus</em></strong></span> <span class='ocrx_word' id='word_1_758' title='bbox 2590 4804 2902 4861; x_wconf 85' lang='lat' dir='ltr'><strong><em>infidelibus</em></strong></span> <span class='ocrx_word' id='word_1_759' title='bbox 2924 4800 3194 4857; x_wconf 87' lang='lat' dir='ltr'><strong><em>ministris</em></strong></span> <span class='ocrx_word' id='word_1_760' title='bbox 3213 4808 3270 4854; x_wconf 89' lang='lat' dir='ltr'><strong><em>et</em></strong></span> <span class='ocrx_word' id='word_1_761' title='bbox 3294 4798 3498 4854; x_wconf 84' lang='lat' dir='ltr'><strong><em>eodem</em></strong></span> <span class='ocrx_word' id='word_1_762' title='bbox 3519 4810 3733 4853; x_wconf 73' lang='lat' dir='ltr'><strong><em>assensi</em></strong></span> 
     </span>
    </p>
   </div>
   <div class='ocr_carea' id='block_1_109' title="bbox 2147 4892 3734 4970">
    <p class='ocr_par' dir='ltr' id='par_1_109' title="bbox 2147 4892 3734 4970">
     <span class='ocr_line' id='line_1_109' title="bbox 2147 4892 3734 4970; baseline -0.008 -15"><span class='ocrx_word' id='word_1_763' title='bbox 2147 4917 2208 4956; x_wconf 90' lang='lat' dir='ltr'><strong><em>se</em></strong></span> <span class='ocrx_word' id='word_1_764' title='bbox 2238 4901 2391 4970; x_wconf 85' lang='lat' dir='ltr'><strong><em>ipsos</em></strong></span> <span class='ocrx_word' id='word_1_765' title='bbox 2410 4898 2729 4965; x_wconf 56' lang='lat' dir='ltr'><strong><em>tuentibus,</em></strong></span> <span class='ocrx_word' id='word_1_766' title='bbox 2750 4894 3070 4951; x_wconf 88' lang='lat' dir='ltr'><strong><em>omnimodo</em></strong></span> <span class='ocrx_word' id='word_1_767' title='bbox 3101 4892 3361 4948; x_wconf 84' lang='lat' dir='ltr'><strong><em>advocati</em></strong></span> <span class='ocrx_word' id='word_1_768' title='bbox 3391 4906 3625 4960; x_wconf 60' lang='lat' dir='ltr'><strong><em>regulae</em></strong></span> <span class='ocrx_word' id='word_1_769' title='bbox 3654 4903 3734 4942; x_wconf 68' lang='lat' dir='ltr'><strong><em>m—</em></strong></span> 
     </span>
    </p>
   </div>
   <div class='ocr_carea' id='block_1_110' title="bbox 2144 4980 3731 5064">
    <p class='ocr_par' dir='ltr' id='par_1_110' title="bbox 2144 4980 3731 5064">
     <span class='ocr_line' id='line_1_110' title="bbox 2144 4980 3731 5064; baseline -0.008 -16"><span class='ocrx_word' id='word_1_770' title='bbox 2144 5009 2241 5064; x_wconf 88' lang='lat' dir='ltr'><strong><em>per</em></strong></span> <span class='ocrx_word' id='word_1_771' title='bbox 2264 5008 2532 5063; x_wconf 88' lang='lat' dir='ltr'><strong><em>pauperes</em></strong></span> <span class='ocrx_word' id='word_1_772' title='bbox 2560 4991 2825 5057; x_wconf 63' lang='lat' dir='ltr'><strong><em>ecclesiae,</em></strong></span> <span class='ocrx_word' id='word_1_773' title='bbox 2865 4988 3138 5060; x_wconf 86' lang='lat' dir='ltr'><strong><em>legitimas</em></strong></span> <span class='ocrx_word' id='word_1_774' title='bbox 3182 4983 3621 5041; x_wconf 79' lang='lat' dir='ltr'><strong><em>consuetudines</em></strong></span> <span class='ocrx_word' id='word_1_775' title='bbox 3646 4980 3731 5035; x_wconf 77' lang='lat' dir='ltr'><strong><em>de-</em></strong></span> 
     </span>
    </p>
   </div>
   <div class='ocr_carea' id='block_1_111' title="bbox 2144 5072 3730 5156">
    <p class='ocr_par' dir='ltr' id='par_1_111' title="bbox 2144 5072 3730 5156">
     <span class='ocr_line' id='line_1_111' title="bbox 2144 5072 3730 5156; baseline -0.009 -14"><span class='ocrx_word' id='word_1_776' title='bbox 2144 5096 2320 5141; x_wconf 88' lang='lat' dir='ltr'><strong><em>tortas</em></strong></span> <span class='ocrx_word' id='word_1_777' title='bbox 2342 5086 2409 5141; x_wconf 89' lang='lat' dir='ltr'><strong><em>ad</em></strong></span> <span class='ocrx_word' id='word_1_778' title='bbox 2430 5085 2691 5156; x_wconf 90' lang='lat' dir='ltr'><strong><em>placitum</em></strong></span> <span class='ocrx_word' id='word_1_779' title='bbox 2724 5098 2887 5139; x_wconf 90' lang='lat' dir='ltr'><strong><em>suum</em></strong></span> <span class='ocrx_word' id='word_1_780' title='bbox 2916 5081 3223 5144; x_wconf 86' lang='lat' dir='ltr'><strong><em>demutare,</em></strong></span> <span class='ocrx_word' id='word_1_781' title='bbox 3247 5077 3482 5133; x_wconf 83' lang='lat' dir='ltr'><strong><em>obsonia</em></strong></span> <span class='ocrx_word' id='word_1_782' title='bbox 3507 5072 3730 5129; x_wconf 71' lang='lat' dir='ltr'><strong><em>indebita</em></strong></span> 
     </span>
    </p>
   </div>
   <div class='ocr_carea' id='block_1_112' title="bbox 2144 5164 3733 5252">
    <p class='ocr_par' dir='ltr' id='par_1_112' title="bbox 2144 5164 3733 5252">
     <span class='ocr_line' id='line_1_112' title="bbox 2144 5164 3733 5252; baseline -0.013 -15"><span class='ocrx_word' id='word_1_783' title='bbox 2144 5181 2361 5251; x_wconf 80' lang='lat' dir='ltr'><strong><em>exigere</em></strong></span> <span class='ocrx_word' id='word_1_784' title='bbox 2387 5188 2441 5234; x_wconf 91' lang='lat' dir='ltr'><strong><em>et</em></strong></span> <span class='ocrx_word' id='word_1_785' title='bbox 2468 5180 2613 5252; x_wconf 81' lang='lat' dir='ltr'><strong><em>leges</em></strong></span> <span class='ocrx_word' id='word_1_786' title='bbox 2656 5176 2997 5233; x_wconf 85' lang='lat' dir='ltr'><strong><em>voluntarias</em></strong></span> <span class='ocrx_word' id='word_1_787' title='bbox 3030 5172 3302 5228; x_wconf 86' lang='lat' dir='ltr'><strong><em>adversus</em></strong></span> <span class='ocrx_word' id='word_1_788' title='bbox 3339 5168 3629 5227; x_wconf 75' lang='lat' dir='ltr'><strong><em>ecclesiam</em></strong></span> <span class='ocrx_word' id='word_1_789' title='bbox 3655 5164 3733 5217; x_wconf 79' lang='lat' dir='ltr'><strong><em>in-</em></strong></span> 
     </span>
    </p>
   </div>
   <div class='ocr_carea' id='block_1_113' title="bbox 2143 5256 3729 5347">
    <p class='ocr_par' dir='ltr' id='par_1_113' title="bbox 2143 5256 3729 5347">
     <span class='ocr_line' id='line_1_113' title="bbox 2143 5256 3729 5347; baseline -0.015 -16"><span class='ocrx_word' id='word_1_790' title='bbox 2143 5290 2389 5347; x_wconf 82' lang='lat' dir='ltr'><strong><em>gravare,</em></strong></span> <span class='ocrx_word' id='word_1_791' title='bbox 2417 5272 2836 5330; x_wconf 88' lang='lat' dir='ltr'><strong><em>constitutiones</em></strong></span> <span class='ocrx_word' id='word_1_792' title='bbox 2854 5284 2986 5325; x_wconf 89' lang='lat' dir='ltr'><strong><em>suas</em></strong></span> <span class='ocrx_word' id='word_1_793' title='bbox 3005 5266 3219 5323; x_wconf 75' lang='lat' dir='ltr'><strong><em>exactis</em></strong></span> <span class='ocrx_word' id='word_1_794' title='bbox 3246 5263 3603 5321; x_wconf 80' lang='lat' dir='ltr'><strong><em>scabinorum</em></strong></span> <span class='ocrx_word' id='word_1_795' title='bbox 3622 5256 3729 5310; x_wconf 80' lang='lat' dir='ltr'><strong><em>vio-</em></strong></span> 
     </span>
    </p>
   </div>
   <div class='ocr_carea' id='block_1_114' title="bbox 2107 5349 3729 5439">
    <p class='ocr_par' dir='ltr' id='par_1_114' title="bbox 2107 5349 3729 5439">
     <span class='ocr_line' id='line_1_114' title="bbox 2107 5349 3729 5439; baseline -0.012 -15"><span class='ocrx_word' id='word_1_796' title='bbox 2107 5369 2316 5424; x_wconf 87' lang='lat' dir='ltr'><strong><em>-lenter</em></strong></span> <span class='ocrx_word' id='word_1_797' title='bbox 2358 5366 2581 5439; x_wconf 89' lang='lat' dir='ltr'><strong><em>judiciis</em></strong></span> <span class='ocrx_word' id='word_1_798' title='bbox 2622 5366 2679 5421; x_wconf 90' lang='lat' dir='ltr'><strong><em>in</em></strong></span> <span class='ocrx_word' id='word_1_799' title='bbox 2729 5373 3012 5436; x_wconf 89' lang='lat' dir='ltr'><strong><em>posterum</em></strong></span> <span class='ocrx_word' id='word_1_800' title='bbox 3034 5361 3286 5428; x_wconf 84' lang='lat' dir='ltr'><strong><em>ﬁrmare,</em></strong></span> <span class='ocrx_word' id='word_1_801' title='bbox 3334 5349 3729 5428; x_wconf 62' lang='lat' dir='ltr'><strong><em>deprecator-iis</em></strong></span> 
     </span>
    </p>
   </div>
   <div class='ocr_carea' id='block_1_115' title="bbox 2142 5460 3153 5533">
    <p class='ocr_par' dir='ltr' id='par_1_115' title="bbox 2142 5460 3153 5533">
     <span class='ocr_line' id='line_1_115' title="bbox 2142 5460 3153 5533; baseline -0.006 -14"><span class='ocrx_word' id='word_1_802' title='bbox 2142 5464 2411 5519; x_wconf 86' lang='lat' dir='ltr'><strong><em>violenter</em></strong></span> <span class='ocrx_word' id='word_1_803' title='bbox 2441 5460 2775 5533; x_wconf 78' lang='lat' dir='ltr'><strong><em>quaestiones</em></strong></span> <span class='ocrx_word' id='word_1_804' title='bbox 2797 5471 3153 5530; x_wconf 78' lang='lat' dir='ltr'><strong><em>exaggerare.</em></strong></span> 
     </span>
    </p>
   </div>
   <div class='ocr_carea' id='block_1_116' title="bbox 1974 5556 2205 5616">
    <p class='ocr_par' dir='ltr' id='par_1_116' title="bbox 1974 5556 2205 5616">
     <span class='ocr_line' id='line_1_116' title="bbox 1974 5556 2205 5616; baseline 0.004 -3"><span class='ocrx_word' id='word_1_805' title='bbox 1974 5556 2205 5616; x_wconf 63' lang='lat' dir='ltr'><strong><em>NOTAE.</em></strong></span> 
     </span>
    </p>
   </div>
   <div class='ocr_carea' id='block_1_117' title="bbox 2215 5604 3113 5723">
    <p class='ocr_par' dir='ltr' id='par_1_117' title="bbox 2215 5604 3113 5723">
     <span class='ocr_line' id='line_1_117' title="bbox 2215 5604 3113 5723; baseline -0.003 -15"><span class='ocrx_word' id='word_1_806' title='bbox 2215 5653 2365 5723; x_wconf 62' lang='lat' dir='ltr'><strong><em>(l9?)</em></strong></span> <span class='ocrx_word' id='word_1_807' title='bbox 2402 5604 2518 5708; x_wconf 77' lang='lat' dir='ltr'><strong><em>lloc</em></strong></span> <span class='ocrx_word' id='word_1_808' title='bbox 2549 5649 2803 5707; x_wconf 86' lang='lat' dir='ltr'><strong><em>convenit</em></strong></span> <span class='ocrx_word' id='word_1_809' title='bbox 2828 5665 2877 5706; x_wconf 86' lang='lat' dir='ltr'><strong><em>a.</em></strong></span> <span class='ocrx_word' id='word_1_810' title='bbox 2908 5645 3070 5706; x_wconf 71' lang='lat'><strong><em>1098.</em></strong></span> <span class='ocrx_word' id='word_1_811' title='bbox 3108 5646 3113 5649; x_wconf 79' lang='grc'><em>’</em></span> 
     </span>
    </p>
   </div>
   <div class='ocr_carea' id='block_1_118' title="bbox 2156 5722 2663 5802">
    <p class='ocr_par' dir='ltr' id='par_1_118' title="bbox 2156 5722 2663 5802">
     <span class='ocr_line' id='line_1_118' title="bbox 2156 5722 2663 5802; baseline 0.01 -23"><span class='ocrx_word' id='word_1_812' title='bbox 2156 5790 2159 5795; x_wconf 32' lang='grc' dir='ltr'><strong>η</strong></span> <span class='ocrx_word' id='word_1_813' title='bbox 2223 5725 2372 5802; x_wconf 72' lang='lat'><strong><em>(193)</em></strong></span> <span class='ocrx_word' id='word_1_814' title='bbox 2413 5723 2546 5800; x_wconf 87' lang='lat' dir='ltr'><strong><em>Cap.</em></strong></span> <span class='ocrx_word' id='word_1_815' title='bbox 2575 5722 2663 5784; x_wconf 71' lang='lat' dir='ltr'><strong><em>se.</em></strong></span> 
     </span>
    </p>
   </div>
  </div>
