  <div class='ocr_page' id='page_1' title='image "/cluster/home/n/w/nwhite01/storage/ocr_20150623/154/hvd.32044015473820/726.png"; bbox 0 0 3902 6286; ppageno 0'>
   <div class='ocr_carea' id='block_1_1' title="bbox 1136 245 2333 323">
    <p class='ocr_par' dir='ltr' id='par_1_1' title="bbox 1136 245 2333 323">
     <span class='ocr_line' id='line_1_1' title="bbox 1136 245 2333 323; baseline -0.017 -1"><span class='ocrx_word' id='word_1_1' title='bbox 1136 256 1529 323; x_wconf 82' lang='lat' dir='ltr'><strong>CHRONICON</strong></span> <span class='ocrx_word' id='word_1_2' title='bbox 1570 256 1628 313; x_wconf 90' lang='lat' dir='ltr'><strong>S.</strong></span> <span class='ocrx_word' id='word_1_3' title='bbox 1670 251 1977 311; x_wconf 81' lang='lat' dir='ltr'><strong>HUBERTI</strong></span> <span class='ocrx_word' id='word_1_4' title='bbox 2007 245 2333 307; x_wconf 77' lang='lat' dir='ltr'><strong>ANDAGIN.</strong></span> 
     </span>
    </p>
   </div>
   <div class='ocr_carea' id='block_1_2' title="bbox 3232 243 3380 301">
    <p class='ocr_par' dir='ltr' id='par_1_2' title="bbox 3232 243 3380 301">
     <span class='ocr_line' id='line_1_2' title="bbox 3232 243 3380 301; baseline 0.007 -2"><span class='ocrx_word' id='word_1_5' title='bbox 3232 243 3380 301; x_wconf 64' lang='grc'><strong>1442</strong></span> 
     </span>
    </p>
   </div>
   <div class='ocr_carea' id='block_1_3' title="bbox 188 351 3383 477">
    <p class='ocr_par' dir='ltr' id='par_1_3' title="bbox 188 351 3383 477">
     <span class='ocr_line' id='line_1_3' title="bbox 188 351 3383 477; baseline -0.016 -18"><span class='ocrx_word' id='word_1_6' title='bbox 188 409 274 468; x_wconf 89' lang='lat'><strong>90.</strong></span> <span class='ocrx_word' id='word_1_7' title='bbox 311 399 481 477; x_wconf 70' lang='grc'><strong>(114.)</strong></span> <span class='ocrx_word' id='word_1_8' title='bbox 514 396 723 452; x_wconf 77' lang='lat' dir='ltr'><strong>Interea</strong></span> <span class='ocrx_word' id='word_1_9' title='bbox 746 384 1129 460; x_wconf 75' lang='lat' dir='ltr'><strong>indignabatur</strong></span> <span class='ocrx_word' id='word_1_10' title='bbox 1150 375 1518 435; x_wconf 82' lang='lat' dir='ltr'><strong>Theodericus</strong></span> <span class='ocrx_word' id='word_1_11' title='bbox 1542 385 1701 427; x_wconf 88' lang='lat' dir='ltr'><strong>suam</strong></span> <span class='ocrx_word' id='word_1_12' title='bbox 1730 370 1778 427; x_wconf 82' lang='grc' dir='ltr'><strong>Α</strong></span> <span class='ocrx_word' id='word_1_13' title='bbox 1802 366 1976 420; x_wconf 84' lang='lat' dir='ltr'><strong>locum</strong></span> <span class='ocrx_word' id='word_1_14' title='bbox 2001 360 2322 437; x_wconf 67' lang='lat' dir='ltr'><strong>poenitentia:</strong></span> <span class='ocrx_word' id='word_1_15' title='bbox 2353 356 2540 412; x_wconf 87' lang='lat' dir='ltr'><strong>sciatis</strong></span> <span class='ocrx_word' id='word_1_16' title='bbox 2590 357 2649 410; x_wconf 74' lang='lat' dir='ltr'><strong>in.</strong></span> <span class='ocrx_word' id='word_1_17' title='bbox 2674 355 2770 410; x_wconf 85' lang='lat' dir='ltr'><strong>hoc</strong></span> <span class='ocrx_word' id='word_1_18' title='bbox 2796 368 3084 426; x_wconf 73' lang='lat' dir='ltr'><strong>superesse,</strong></span> <span class='ocrx_word' id='word_1_19' title='bbox 3113 360 3169 408; x_wconf 89' lang='lat' dir='ltr'><strong>ut</strong></span> <span class='ocrx_word' id='word_1_20' title='bbox 3198 351 3383 409; x_wconf 75' lang='lat' dir='ltr'><strong>Iesum</strong></span> 
     </span>
     <span class='ocr_line' id='line_1_4' title="bbox 954 445 3381 477; baseline 0 0"><span class='ocrx_word' id='word_1_21' title='bbox 954 476 963 477; x_wconf 59' lang='lat'><strong><em>,</em></strong></span> <span class='ocrx_word' id='word_1_22' title='bbox 1061 473 1071 477; x_wconf 89' lang='lat'><strong>_</strong></span> <span class='ocrx_word' id='word_1_23' title='bbox 1420 465 1451 477; x_wconf 71' lang='lat'><strong>.-</strong></span> <span class='ocrx_word' id='word_1_24' title='bbox 1612 460 1663 477; x_wconf 65' lang='lat' dir='ltr'><strong>_L</strong></span> <span class='ocrx_word' id='word_1_25' title='bbox 1824 465 2168 477; x_wconf 63' lang='lat'><strong>,,____--.-..-...</strong></span> <span class='ocrx_word' id='word_1_26' title='bbox 2206 450 2517 477; x_wconf 46' lang='grc' dir='ltr'><strong>...κάη-,ηιμ</strong></span> <span class='ocrx_word' id='word_1_27' title='bbox 2571 465 2598 477; x_wconf 74' lang='grc' dir='ltr'><strong>ι.</strong></span> <span class='ocrx_word' id='word_1_28' title='bbox 2650 448 2797 477; x_wconf 56' lang='lat' dir='ltr'><strong>In“...</strong></span> <span class='ocrx_word' id='word_1_29' title='bbox 2872 445 2924 477; x_wconf 65' lang='grc' dir='ltr'><strong>αι</strong></span> <span class='ocrx_word' id='word_1_30' title='bbox 2959 454 3129 477; x_wconf 62' lang='grc' dir='ltr'><strong>..υσθυε</strong></span> <span class='ocrx_word' id='word_1_31' title='bbox 3163 445 3381 477; x_wconf 67' lang='grc' dir='ltr'><strong>ι-Ιιηρὸηηι</strong></span> 
     </span>
    </p>
   </div>
   <div class='ocr_carea' id='block_1_4' title="bbox 123 460 1700 564">
    <p class='ocr_par' dir='ltr' id='par_1_4' title="bbox 123 460 1700 564">
     <span class='ocr_line' id='line_1_5' title="bbox 123 460 1700 564; baseline -0.029 -5"><span class='ocrx_word' id='word_1_32' title='bbox 123 505 188 561; x_wconf 84' lang='lat' dir='ltr'><strong>de</strong></span> <span class='ocrx_word' id='word_1_33' title='bbox 215 460 518 564; x_wconf 75' lang='lat' dir='ltr'><strong>Berengero</strong></span> <span class='ocrx_word' id='word_1_34' title='bbox 548 483 885 543; x_wconf 89' lang='lat' dir='ltr'><strong>annullatam</strong></span> <span class='ocrx_word' id='word_1_35' title='bbox 919 473 1264 536; x_wconf 74' lang='lat' dir='ltr'><strong>electionem,</strong></span> <span class='ocrx_word' id='word_1_36' title='bbox 1296 465 1567 535; x_wconf 76' lang='lat' dir='ltr'><strong>coepitque</strong></span> <span class='ocrx_word' id='word_1_37' title='bbox 1605 460 1700 515; x_wconf 92' lang='lat' dir='ltr'><strong>ab-</strong></span> 
     </span>
    </p>
   </div>
   <div class='ocr_carea' id='block_1_5' title="bbox 123 554 1704 651">
    <p class='ocr_par' dir='ltr' id='par_1_5' title="bbox 123 554 1704 651">
     <span class='ocr_line' id='line_1_6' title="bbox 123 554 1704 651; baseline -0.028 -1"><span class='ocrx_word' id='word_1_38' title='bbox 123 592 323 651; x_wconf 82' lang='lat' dir='ltr'><strong>batiam</strong></span> <span class='ocrx_word' id='word_1_39' title='bbox 355 597 510 644; x_wconf 84' lang='lat' dir='ltr'><strong>suam</strong></span> <span class='ocrx_word' id='word_1_40' title='bbox 563 584 827 649; x_wconf 77' lang='lat' dir='ltr'><strong>repetere,</strong></span> <span class='ocrx_word' id='word_1_41' title='bbox 862 583 1027 641; x_wconf 89' lang='lat' dir='ltr'><strong>quam</strong></span> <span class='ocrx_word' id='word_1_42' title='bbox 1077 580 1141 619; x_wconf 91' lang='lat' dir='ltr'><strong>ea</strong></span> <span class='ocrx_word' id='word_1_43' title='bbox 1169 569 1383 617; x_wconf 90' lang='lat' dir='ltr'><strong>tantum</strong></span> <span class='ocrx_word' id='word_1_44' title='bbox 1413 554 1704 610; x_wconf 73' lang='lat' dir='ltr'><strong>remiserat</strong></span> 
     </span>
    </p>
   </div>
   <div class='ocr_carea' id='block_1_6' title="bbox 126 641 1705 743">
    <p class='ocr_par' dir='ltr' id='par_1_6' title="bbox 126 641 1705 743">
     <span class='ocr_line' id='line_1_7' title="bbox 126 641 1705 743; baseline -0.03 -2"><span class='ocrx_word' id='word_1_45' title='bbox 126 680 449 743; x_wconf 87' lang='lat' dir='ltr'><strong>conditione,</strong></span> <span class='ocrx_word' id='word_1_46' title='bbox 479 681 538 730; x_wconf 92' lang='lat' dir='ltr'><strong>ut</strong></span> <span class='ocrx_word' id='word_1_47' title='bbox 568 641 789 726; x_wconf 44' lang='lat' dir='ltr'><strong>ei-talis</strong></span> <span class='ocrx_word' id='word_1_48' title='bbox 837 658 1183 721; x_wconf 79' lang='lat' dir='ltr'><strong>succederet,</strong></span> <span class='ocrx_word' id='word_1_49' title='bbox 1230 651 1324 722; x_wconf 87' lang='lat' dir='ltr'><strong>qui</strong></span> <span class='ocrx_word' id='word_1_50' title='bbox 1358 663 1471 703; x_wconf 91' lang='lat' dir='ltr'><strong>non</strong></span> <span class='ocrx_word' id='word_1_51' title='bbox 1519 641 1705 698; x_wconf 89' lang='lat' dir='ltr'><strong>Oberti</strong></span> 
     </span>
    </p>
   </div>
   <div class='ocr_carea' id='block_1_7' title="bbox 125 735 1706 845">
    <p class='ocr_par' dir='ltr' id='par_1_7' title="bbox 125 735 1706 845">
     <span class='ocr_line' id='line_1_8' title="bbox 125 735 1706 845; baseline -0.029 -11"><span class='ocrx_word' id='word_1_52' title='bbox 125 777 389 845; x_wconf 82' lang='lat' dir='ltr'><strong>indigeret</strong></span> <span class='ocrx_word' id='word_1_53' title='bbox 418 761 852 823; x_wconf 87' lang='lat' dir='ltr'><strong>consecratione.</strong></span> <span class='ocrx_word' id='word_1_54' title='bbox 886 749 1133 809; x_wconf 84' lang='lat' dir='ltr'><strong>Consilio</strong></span> <span class='ocrx_word' id='word_1_55' title='bbox 1179 759 1310 816; x_wconf 79' lang='lat' dir='ltr'><strong>ergo</strong></span> <span class='ocrx_word' id='word_1_56' title='bbox 1346 737 1615 796; x_wconf 82' lang='lat' dir='ltr'><strong>Manassis</strong></span> <span class='ocrx_word' id='word_1_57' title='bbox 1640 735 1706 766; x_wconf 81' lang='grc'>⁸³³</span> 
     </span>
    </p>
   </div>
   <div class='ocr_carea' id='block_1_8' title="bbox 127 836 1710 926">
    <p class='ocr_par' dir='ltr' id='par_1_8' title="bbox 127 836 1710 926">
     <span class='ocr_line' id='line_1_9' title="bbox 127 836 1710 926; baseline -0.028 0"><span class='ocrx_word' id='word_1_58' title='bbox 127 836 420 925; x_wconf 67' lang='lat' dir='ltr'><strong>Remorum</strong></span> <span class='ocrx_word' id='word_1_59' title='bbox 442 851 838 926; x_wconf 81' lang='lat' dir='ltr'><strong>archiepiscOpi</strong></span> <span class='ocrx_word' id='word_1_60' title='bbox 866 857 919 903; x_wconf 92' lang='lat' dir='ltr'><strong>et</strong></span> <span class='ocrx_word' id='word_1_61' title='bbox 947 845 1206 900; x_wconf 84' lang='lat' dir='ltr'><strong>abbatum</strong></span> <span class='ocrx_word' id='word_1_62' title='bbox 1234 836 1329 908; x_wconf 89' lang='lat' dir='ltr'><strong>qui</strong></span> <span class='ocrx_word' id='word_1_63' title='bbox 1364 842 1526 889; x_wconf 88' lang='lat' dir='ltr'><strong>testes</strong></span> <span class='ocrx_word' id='word_1_64' title='bbox 1552 836 1710 886; x_wconf 88' lang='lat' dir='ltr'><strong>erant</strong></span> 
     </span>
    </p>
   </div>
   <div class='ocr_carea' id='block_1_9' title="bbox 129 925 1710 1034">
    <p class='ocr_par' dir='ltr' id='par_1_9' title="bbox 129 925 1710 1034">
     <span class='ocr_line' id='line_1_10' title="bbox 129 925 1710 1034; baseline -0.027 -16"><span class='ocrx_word' id='word_1_65' title='bbox 129 959 362 1034; x_wconf 65' lang='lat' dir='ltr'><strong>praefatae</strong></span> <span class='ocrx_word' id='word_1_66' title='bbox 385 925 715 1010; x_wconf 86' lang='lat' dir='ltr'><strong>conditionis</strong></span> <span class='ocrx_word' id='word_1_67' title='bbox 738 942 1113 1003; x_wconf 86' lang='lat' dir='ltr'><strong>conﬁrmatus,</strong></span> <span class='ocrx_word' id='word_1_68' title='bbox 1136 950 1204 990; x_wconf 81' lang='lat' dir='ltr'><strong>ex</strong></span> <span class='ocrx_word' id='word_1_69' title='bbox 1229 932 1335 986; x_wconf 84' lang='lat' dir='ltr'><strong>hoc</strong></span> <span class='ocrx_word' id='word_1_70' title='bbox 1364 929 1483 998; x_wconf 89' lang='lat' dir='ltr'><strong>ipso</strong></span> <span class='ocrx_word' id='word_1_71' title='bbox 1504 925 1710 996; x_wconf 85' lang='lat' dir='ltr'><strong>justam</strong></span> 
     </span>
    </p>
   </div>
   <div class='ocr_carea' id='block_1_10' title="bbox 129 1016 1712 1125">
    <p class='ocr_par' dir='ltr' id='par_1_10' title="bbox 129 1016 1712 1125">
     <span class='ocr_line' id='line_1_11' title="bbox 129 1016 1712 1125; baseline -0.023 -16"><span class='ocrx_word' id='word_1_72' title='bbox 129 1050 403 1125; x_wconf 89' lang='lat' dir='ltr'><strong>querelam</strong></span> <span class='ocrx_word' id='word_1_73' title='bbox 432 1042 625 1117; x_wconf 77' lang='lat' dir='ltr'><strong>agendi</strong></span> <span class='ocrx_word' id='word_1_74' title='bbox 655 1040 859 1107; x_wconf 89' lang='lat' dir='ltr'><strong>scripto</strong></span> <span class='ocrx_word' id='word_1_75' title='bbox 888 1027 1165 1088; x_wconf 85' lang='lat' dir='ltr'><strong>mandavit</strong></span> <span class='ocrx_word' id='word_1_76' title='bbox 1192 1021 1437 1087; x_wconf 83' lang='lat' dir='ltr'><strong>Wiredo,</strong></span> <span class='ocrx_word' id='word_1_77' title='bbox 1473 1034 1532 1074; x_wconf 90' lang='lat' dir='ltr'><strong>se</strong></span> <span class='ocrx_word' id='word_1_78' title='bbox 1578 1016 1712 1073; x_wconf 86' lang='lat' dir='ltr'><strong>satis</strong></span> 
     </span>
    </p>
   </div>
   <div class='ocr_carea' id='block_1_11' title="bbox 130 1108 1716 1214">
    <p class='ocr_par' dir='ltr' id='par_1_11' title="bbox 130 1108 1716 1214">
     <span class='ocr_line' id='line_1_12' title="bbox 130 1108 1716 1214; baseline -0.024 -14"><span class='ocrx_word' id='word_1_79' title='bbox 130 1108 401 1214; x_wconf 55' lang='lat' dir='ltr'><strong>guperque</strong></span> <span class='ocrx_word' id='word_1_80' title='bbox 434 1108 621 1191; x_wconf 68' lang='lat' dir='ltr'><strong>mirari</strong></span> <span class='ocrx_word' id='word_1_81' title='bbox 651 1174 666 1199; x_wconf 93' lang='lat'><strong>,</strong></span> <span class='ocrx_word' id='word_1_82' title='bbox 716 1130 869 1184; x_wconf 90' lang='lat' dir='ltr'><strong>illum</strong></span> <span class='ocrx_word' id='word_1_83' title='bbox 915 1132 1028 1178; x_wconf 89' lang='lat' dir='ltr'><strong>tam</strong></span> <span class='ocrx_word' id='word_1_84' title='bbox 1081 1116 1425 1189; x_wconf 89' lang='lat' dir='ltr'><strong>impudenter</strong></span> <span class='ocrx_word' id='word_1_85' title='bbox 1469 1108 1716 1189; x_wconf 86' lang='lat' dir='ltr'><strong>potuisse</strong></span> 
     </span>
    </p>
   </div>
   <div class='ocr_carea' id='block_1_12' title="bbox 132 1186 1716 1293">
    <p class='ocr_par' dir='ltr' id='par_1_12' title="bbox 132 1186 1716 1293">
     <span class='ocr_line' id='line_1_13' title="bbox 132 1186 1176 1214; baseline -0.034 3"><span class='ocrx_word' id='word_1_86' title='bbox 132 1186 399 1214; x_wconf 56' lang='lat' dir='ltr'><strong>“urv-‘s-v</strong></span> <span class='ocrx_word' id='word_1_87' title='bbox 436 1186 615 1191; x_wconf 46' lang='grc' dir='ltr'><strong>-ά--νη</strong></span> <span class='ocrx_word' id='word_1_88' title='bbox 653 1186 665 1199; x_wconf 81' lang='grc' dir='ltr'><em>ι</em></span> <span class='ocrx_word' id='word_1_89' title='bbox 1161 1186 1176 1189; x_wconf 88' lang='lat'>_</span> 
     </span>
     <span class='ocr_line' id='line_1_14' title="bbox 132 1186 1716 1293; baseline -0.025 -1"><span class='ocrx_word' id='word_1_90' title='bbox 132 1235 247 1293; x_wconf 85' lang='lat' dir='ltr'><strong>ﬁeri</strong></span> <span class='ocrx_word' id='word_1_91' title='bbox 283 1238 591 1288; x_wconf 87' lang='lat' dir='ltr'><strong>monstrum</strong></span> <span class='ocrx_word' id='word_1_92' title='bbox 638 1233 750 1279; x_wconf 89' lang='lat' dir='ltr'><strong>tam</strong></span> <span class='ocrx_word' id='word_1_93' title='bbox 778 1221 1009 1277; x_wconf 80' lang='lat' dir='ltr'><strong>diversae</strong></span> <span class='ocrx_word' id='word_1_94' title='bbox 1055 1206 1551 1270; x_wconf 87' lang='lat' dir='ltr'><strong>dissimilitudinis,</strong></span> <span class='ocrx_word' id='word_1_95' title='bbox 1600 1186 1716 1255; x_wconf 91' lang='lat' dir='ltr'><strong>uta</strong></span> 
     </span>
    </p>
   </div>
   <div class='ocr_carea' id='block_1_13' title="bbox 132 1300 1715 1391">
    <p class='ocr_par' dir='ltr' id='par_1_13' title="bbox 132 1300 1715 1391">
     <span class='ocr_line' id='line_1_15' title="bbox 132 1300 1715 1391; baseline -0.024 -6"><span class='ocrx_word' id='word_1_96' title='bbox 132 1325 398 1387; x_wconf 84' lang='lat' dir='ltr'><strong>sententia</strong></span> <span class='ocrx_word' id='word_1_97' title='bbox 430 1321 588 1391; x_wconf 88' lang='lat' dir='ltr'><strong>cujus</strong></span> <span class='ocrx_word' id='word_1_98' title='bbox 615 1317 745 1373; x_wconf 93' lang='lat' dir='ltr'><strong>olim</strong></span> <span class='ocrx_word' id='word_1_99' title='bbox 774 1326 962 1370; x_wconf 90' lang='lat' dir='ltr'><strong>secum</strong></span> <span class='ocrx_word' id='word_1_100' title='bbox 999 1308 1177 1363; x_wconf 86' lang='lat' dir='ltr'><strong>fuerat</strong></span> <span class='ocrx_word' id='word_1_101' title='bbox 1201 1300 1501 1359; x_wconf 87' lang='lat' dir='ltr'><strong>acerrimus</strong></span> <span class='ocrx_word' id='word_1_102' title='bbox 1532 1310 1715 1351; x_wconf 88' lang='lat' dir='ltr'><strong>asser-</strong></span> 
     </span>
    </p>
   </div>
   <div class='ocr_carea' id='block_1_14' title="bbox 133 1391 1721 1487">
    <p class='ocr_par' dir='ltr' id='par_1_14' title="bbox 133 1391 1721 1487">
     <span class='ocr_line' id='line_1_16' title="bbox 133 1391 1721 1487; baseline -0.023 -9"><span class='ocrx_word' id='word_1_103' title='bbox 133 1430 239 1487; x_wconf 91' lang='lat' dir='ltr'><strong>tor,</strong></span> <span class='ocrx_word' id='word_1_104' title='bbox 259 1428 370 1474; x_wconf 86' lang='lat' dir='ltr'><strong>tam</strong></span> <span class='ocrx_word' id='word_1_105' title='bbox 393 1416 501 1471; x_wconf 91' lang='lat' dir='ltr'><strong>cito</strong></span> <span class='ocrx_word' id='word_1_106' title='bbox 522 1408 786 1468; x_wconf 77' lang='lat' dir='ltr'><strong>exciderit</strong></span> <span class='ocrx_word' id='word_1_107' title='bbox 811 1401 1147 1477; x_wconf 87' lang='lat' dir='ltr'><strong>apostaticus</strong></span> <span class='ocrx_word' id='word_1_108' title='bbox 1175 1399 1456 1459; x_wconf 84' lang='lat' dir='ltr'><strong>desertor;</strong></span> <span class='ocrx_word' id='word_1_109' title='bbox 1490 1391 1721 1458; x_wconf 84' lang='lat' dir='ltr'><strong>ideoque</strong></span> 
     </span>
    </p>
   </div>
   <div class='ocr_carea' id='block_1_15' title="bbox 134 1483 1721 1570">
    <p class='ocr_par' dir='ltr' id='par_1_15' title="bbox 134 1483 1721 1570">
     <span class='ocr_line' id='line_1_17' title="bbox 134 1483 1721 1570; baseline -0.021 0"><span class='ocrx_word' id='word_1_110' title='bbox 134 1483 341 1570; x_wconf 87' lang='lat' dir='ltr'><strong>nullam</strong></span> <span class='ocrx_word' id='word_1_111' title='bbox 393 1507 496 1565; x_wconf 92' lang='lat' dir='ltr'><strong>sibi</strong></span> <span class='ocrx_word' id='word_1_112' title='bbox 543 1503 783 1560; x_wconf 90' lang='lat' dir='ltr'><strong>debitam</strong></span> <span class='ocrx_word' id='word_1_113' title='bbox 830 1499 887 1553; x_wconf 93' lang='lat' dir='ltr'><strong>in</strong></span> <span class='ocrx_word' id='word_1_114' title='bbox 934 1489 1321 1551; x_wconf 88' lang='lat' dir='ltr'><strong>ecclesiasticis</strong></span> <span class='ocrx_word' id='word_1_115' title='bbox 1363 1483 1721 1557; x_wconf 72' lang='lat' dir='ltr'><strong>dignitatibus</strong></span> 
     </span>
    </p>
   </div>
   <div class='ocr_carea' id='block_1_16' title="bbox 135 1574 1725 1679">
    <p class='ocr_par' dir='ltr' id='par_1_16' title="bbox 135 1574 1725 1679">
     <span class='ocr_line' id='line_1_18' title="bbox 135 1574 1725 1679; baseline -0.023 -16"><span class='ocrx_word' id='word_1_116' title='bbox 135 1604 531 1679; x_wconf 67' lang='lat' dir='ltr'><strong>praelationem,</strong></span> <span class='ocrx_word' id='word_1_117' title='bbox 564 1612 689 1653; x_wconf 90' lang='lat' dir='ltr'><strong>cum</strong></span> <span class='ocrx_word' id='word_1_118' title='bbox 721 1593 886 1649; x_wconf 88' lang='lat' dir='ltr'><strong>etiam</strong></span> <span class='ocrx_word' id='word_1_119' title='bbox 917 1603 1016 1659; x_wconf 87' lang='lat' dir='ltr'><strong>pro</strong></span> <span class='ocrx_word' id='word_1_120' title='bbox 1046 1582 1294 1640; x_wconf 84' lang='lat' dir='ltr'><strong>mercede</strong></span> <span class='ocrx_word' id='word_1_121' title='bbox 1328 1578 1494 1648; x_wconf 84' lang='lat' dir='ltr'><strong>hujus</strong></span> <span class='ocrx_word' id='word_1_122' title='bbox 1522 1574 1725 1645; x_wconf 91' lang='lat' dir='ltr'><strong>iniqui-</strong></span> 
     </span>
    </p>
   </div>
   <div class='ocr_carea' id='block_1_17' title="bbox 136 1667 1727 1764">
    <p class='ocr_par' dir='ltr' id='par_1_17' title="bbox 136 1667 1727 1764">
     <span class='ocr_line' id='line_1_19' title="bbox 136 1667 1727 1764; baseline -0.021 -11"><span class='ocrx_word' id='word_1_123' title='bbox 136 1667 269 1753; x_wconf 58' lang='lat' dir='ltr'><strong>iatis</strong></span> <span class='ocrx_word' id='word_1_124' title='bbox 299 1692 614 1764; x_wconf 65' lang='lat' dir='ltr'><strong>apostolicae</strong></span> <span class='ocrx_word' id='word_1_125' title='bbox 661 1686 806 1743; x_wconf 87' lang='lat' dir='ltr'><strong>sedis</strong></span> <span class='ocrx_word' id='word_1_126' title='bbox 842 1677 1142 1754; x_wconf 88' lang='lat' dir='ltr'><strong>prodiderit</strong></span> <span class='ocrx_word' id='word_1_127' title='bbox 1173 1672 1552 1730; x_wconf 87' lang='lat' dir='ltr'><strong>auctoritatem</strong></span> <span class='ocrx_word' id='word_1_128' title='bbox 1589 1687 1602 1723; x_wconf 91' lang='lat'>:</span> <span class='ocrx_word' id='word_1_129' title='bbox 1640 1667 1727 1722; x_wconf 83' lang='lat' dir='ltr'><strong>vel</strong></span> 
     </span>
    </p>
   </div>
   <div class='ocr_carea' id='block_1_18' title="bbox 138 1762 1731 1847">
    <p class='ocr_par' dir='ltr' id='par_1_18' title="bbox 138 1762 1731 1847">
     <span class='ocr_line' id='line_1_20' title="bbox 138 1762 1731 1847; baseline -0.021 -1"><span class='ocrx_word' id='word_1_130' title='bbox 138 1792 186 1847; x_wconf 91' lang='lat' dir='ltr'><strong>si</strong></span> <span class='ocrx_word' id='word_1_131' title='bbox 216 1804 345 1845; x_wconf 88' lang='lat' dir='ltr'><strong>eum</strong></span> <span class='ocrx_word' id='word_1_132' title='bbox 378 1795 438 1841; x_wconf 92' lang='lat' dir='ltr'><strong>ut</strong></span> <span class='ocrx_word' id='word_1_133' title='bbox 464 1784 648 1839; x_wconf 90' lang='lat' dir='ltr'><strong>minus</strong></span> <span class='ocrx_word' id='word_1_134' title='bbox 695 1779 957 1835; x_wconf 86' lang='lat' dir='ltr'><strong>scientem</strong></span> <span class='ocrx_word' id='word_1_135' title='bbox 1011 1786 1114 1829; x_wconf 89' lang='lat' dir='ltr'><strong>suo</strong></span> <span class='ocrx_word' id='word_1_136' title='bbox 1142 1766 1355 1824; x_wconf 84' lang='lat' dir='ltr'><strong>seduxit</strong></span> <span class='ocrx_word' id='word_1_137' title='bbox 1389 1762 1639 1827; x_wconf 90' lang='lat' dir='ltr'><strong>consilio,</strong></span> <span class='ocrx_word' id='word_1_138' title='bbox 1670 1768 1731 1814; x_wconf 94' lang='lat' dir='ltr'><strong>ut</strong></span> 
     </span>
    </p>
   </div>
   <div class='ocr_carea' id='block_1_19' title="bbox 140 1853 1733 1948">
    <p class='ocr_par' dir='ltr' id='par_1_19' title="bbox 140 1853 1733 1948">
     <span class='ocr_line' id='line_1_21' title="bbox 140 1853 1733 1948; baseline -0.021 -7"><span class='ocrx_word' id='word_1_139' title='bbox 140 1898 201 1940; x_wconf 87' lang='lat' dir='ltr'><strong>se</strong></span> <span class='ocrx_word' id='word_1_140' title='bbox 226 1878 443 1938; x_wconf 77' lang='lat' dir='ltr'><strong>abbatis</strong></span> <span class='ocrx_word' id='word_1_141' title='bbox 463 1892 563 1948; x_wconf 87' lang='lat' dir='ltr'><strong>pro</strong></span> <span class='ocrx_word' id='word_1_142' title='bbox 585 1872 791 1930; x_wconf 87' lang='lat' dir='ltr'><strong>Christi</strong></span> <span class='ocrx_word' id='word_1_143' title='bbox 819 1869 924 1924; x_wconf 82' lang='lat' dir='ltr'><strong>ﬁde</strong></span> <span class='ocrx_word' id='word_1_144' title='bbox 950 1866 1183 1937; x_wconf 86' lang='lat' dir='ltr'><strong>privato,</strong></span> <span class='ocrx_word' id='word_1_145' title='bbox 1214 1857 1587 1914; x_wconf 81' lang='lat' dir='ltr'><strong>fraudulenter</strong></span> <span class='ocrx_word' id='word_1_146' title='bbox 1612 1853 1733 1922; x_wconf 85' lang='lat' dir='ltr'><strong>ejus</strong></span> 
     </span>
    </p>
   </div>
   <div class='ocr_carea' id='block_1_20' title="bbox 142 1946 1737 2033">
    <p class='ocr_par' dir='ltr' id='par_1_20' title="bbox 142 1946 1737 2033">
     <span class='ocr_line' id='line_1_22' title="bbox 142 1946 1737 2033; baseline -0.021 -1"><span class='ocrx_word' id='word_1_147' title='bbox 142 1973 460 2032; x_wconf 87' lang='lat' dir='ltr'><strong>succederet</strong></span> <span class='ocrx_word' id='word_1_148' title='bbox 487 1971 629 2033; x_wconf 92' lang='lat' dir='ltr'><strong>loco,</strong></span> <span class='ocrx_word' id='word_1_149' title='bbox 664 1966 717 2019; x_wconf 93' lang='lat' dir='ltr'><strong>in</strong></span> <span class='ocrx_word' id='word_1_150' title='bbox 756 1960 1008 2018; x_wconf 86' lang='lat' dir='ltr'><strong>condicto</strong></span> <span class='ocrx_word' id='word_1_151' title='bbox 1045 1973 1075 2011; x_wconf 90' lang='lat' dir='ltr'><strong>a</strong></span> <span class='ocrx_word' id='word_1_152' title='bbox 1107 1970 1165 2010; x_wconf 88' lang='lat' dir='ltr'><strong>se</strong></span> <span class='ocrx_word' id='word_1_153' title='bbox 1196 1950 1441 2008; x_wconf 67' lang='lat' dir='ltr'><strong>ecclesiae</strong></span> <span class='ocrx_word' id='word_1_154' title='bbox 1473 1946 1737 2001; x_wconf 78' lang='lat' dir='ltr'><strong>Romanae</strong></span> 
     </span>
    </p>
   </div>
   <div class='ocr_carea' id='block_1_21' title="bbox 140 2039 1739 2140">
    <p class='ocr_par' dir='ltr' id='par_1_21' title="bbox 140 2039 1739 2140">
     <span class='ocr_line' id='line_1_23' title="bbox 140 2039 1739 2140; baseline -0.021 -17"><span class='ocrx_word' id='word_1_155' title='bbox 140 2066 354 2140; x_wconf 90' lang='lat' dir='ltr'><strong>judicio</strong></span> <span class='ocrx_word' id='word_1_156' title='bbox 389 2080 456 2118; x_wconf 82' lang='lat' dir='ltr'><strong>ex</strong></span> <span class='ocrx_word' id='word_1_157' title='bbox 500 2060 607 2115; x_wconf 84' lang='lat' dir='ltr'><strong>hiis</strong></span> <span class='ocrx_word' id='word_1_158' title='bbox 637 2055 894 2112; x_wconf 89' lang='lat' dir='ltr'><strong>omnibus</strong></span> <span class='ocrx_word' id='word_1_159' title='bbox 946 2052 1088 2103; x_wconf 89' lang='lat' dir='ltr'><strong>inter</strong></span> <span class='ocrx_word' id='word_1_160' title='bbox 1117 2063 1213 2102; x_wconf 84' lang='lat' dir='ltr'><strong>eos</strong></span> <span class='ocrx_word' id='word_1_161' title='bbox 1247 2050 1497 2114; x_wconf 81' lang='lat' dir='ltr'><strong>ageretur</strong></span> <span class='ocrx_word' id='word_1_162' title='bbox 1523 2039 1739 2093; x_wconf 88' lang='lat' dir='ltr'><strong>discus-</strong></span> 
     </span>
    </p>
   </div>
   <div class='ocr_carea' id='block_1_22' title="bbox 144 2128 1739 2225">
    <p class='ocr_par' dir='ltr' id='par_1_22' title="bbox 144 2128 1739 2225">
     <span class='ocr_line' id='line_1_24' title="bbox 144 2128 1739 2225; baseline -0.024 -9"><span class='ocrx_word' id='word_1_163' title='bbox 144 2161 251 2217; x_wconf 89' lang='lat' dir='ltr'><strong>sio.</strong></span> <span class='ocrx_word' id='word_1_164' title='bbox 287 2154 521 2225; x_wconf 87' lang='lat' dir='ltr'><strong>Scripsit</strong></span> <span class='ocrx_word' id='word_1_165' title='bbox 564 2156 746 2205; x_wconf 90' lang='lat' dir='ltr'><strong>autem</strong></span> <span class='ocrx_word' id='word_1_166' title='bbox 773 2145 823 2200; x_wconf 88' lang='lat' dir='ltr'><strong>ei</strong></span> <span class='ocrx_word' id='word_1_167' title='bbox 857 2144 964 2198; x_wconf 91' lang='lat' dir='ltr'><strong>hoc</strong></span> <span class='ocrx_word' id='word_1_168' title='bbox 991 2139 1155 2195; x_wconf 89' lang='lat' dir='ltr'><strong>modo</strong></span> <span class='ocrx_word' id='word_1_169' title='bbox 1188 2156 1200 2191; x_wconf 93' lang='lat'><strong>:</strong></span> <span class='ocrx_word' id='word_1_170' title='bbox 1235 2135 1431 2188; x_wconf 85' lang='lat' dir='ltr'><strong>Frater</strong></span> <span class='ocrx_word' id='word_1_171' title='bbox 1459 2130 1521 2184; x_wconf 88' lang='lat' dir='ltr'><strong>T.</strong></span> <span class='ocrx_word' id='word_1_172' title='bbox 1549 2128 1739 2182; x_wconf 89' lang='lat' dir='ltr'><strong>ceteri-</strong></span> 
     </span>
    </p>
   </div>
   <div class='ocr_carea' id='block_1_23' title="bbox 146 2219 1741 2325">
    <p class='ocr_par' dir='ltr' id='par_1_23' title="bbox 146 2219 1741 2325">
     <span class='ocr_line' id='line_1_25' title="bbox 146 2219 1741 2325; baseline -0.023 -18"><span class='ocrx_word' id='word_1_173' title='bbox 146 2268 244 2325; x_wconf 85' lang='lat' dir='ltr'><strong>que</strong></span> <span class='ocrx_word' id='word_1_174' title='bbox 274 2219 469 2320; x_wconf 75' lang='lat' dir='ltr'><strong>fi&#39;atres</strong></span> <span class='ocrx_word' id='word_1_175' title='bbox 511 2238 858 2312; x_wconf 81' lang='lat' dir='ltr'><strong>dispersionis</strong></span> <span class='ocrx_word' id='word_1_176' title='bbox 891 2232 1127 2288; x_wconf 88' lang='lat' dir='ltr'><strong>ecclesim</strong></span> <span class='ocrx_word' id='word_1_177' title='bbox 1162 2228 1303 2283; x_wconf 91' lang='lat' dir='ltr'><strong>beati</strong></span> <span class='ocrx_word' id='word_1_178' title='bbox 1345 2224 1495 2279; x_wconf 88' lang='lat' dir='ltr'><strong>Petri</strong></span> <span class='ocrx_word' id='word_1_179' title='bbox 1524 2230 1574 2275; x_wconf 93' lang='lat' dir='ltr'><strong>et</strong></span> <span class='ocrx_word' id='word_1_180' title='bbox 1601 2219 1741 2272; x_wconf 89' lang='lat' dir='ltr'><strong>beati</strong></span> 
     </span>
    </p>
   </div>
   <div class='ocr_carea' id='block_1_24' title="bbox 150 2310 1745 2398">
    <p class='ocr_par' dir='ltr' id='par_1_24' title="bbox 150 2310 1745 2398">
     <span class='ocr_line' id='line_1_26' title="bbox 150 2310 1745 2398; baseline -0.024 1"><span class='ocrx_word' id='word_1_181' title='bbox 150 2310 380 2398; x_wconf 69' lang='lat' dir='ltr'><strong>liuberti</strong></span> <span class='ocrx_word' id='word_1_182' title='bbox 407 2337 495 2393; x_wconf 88' lang='lat' dir='ltr'><strong>W.</strong></span> <span class='ocrx_word' id='word_1_183' title='bbox 531 2310 688 2388; x_wconf 84' lang='lat' dir='ltr'><strong>nimis</strong></span> <span class='ocrx_word' id='word_1_184' title='bbox 718 2328 999 2384; x_wconf 89' lang='lat' dir='ltr'><strong>ambitioso</strong></span> <span class='ocrx_word' id='word_1_185' title='bbox 1028 2331 1077 2377; x_wconf 92' lang='lat' dir='ltr'><strong>et</strong></span> <span class='ocrx_word' id='word_1_186' title='bbox 1102 2317 1488 2375; x_wconf 76' lang='lat' dir='ltr'><strong>inconsiderate</strong></span> <span class='ocrx_word' id='word_1_187' title='bbox 1518 2310 1745 2382; x_wconf 79' lang='lat' dir='ltr'><strong>gloriam</strong></span> 
     </span>
    </p>
   </div>
   <div class='ocr_carea' id='block_1_25' title="bbox 148 2397 1745 2509">
    <p class='ocr_par' dir='ltr' id='par_1_25' title="bbox 148 2397 1745 2509">
     <span class='ocr_line' id='line_1_27' title="bbox 148 2397 1745 2509; baseline -0.025 -17"><span class='ocrx_word' id='word_1_188' title='bbox 148 2435 427 2509; x_wconf 83' lang='lat' dir='ltr'><strong>propriam</strong></span> <span class='ocrx_word' id='word_1_189' title='bbox 457 2426 713 2501; x_wconf 88' lang='lat' dir='ltr'><strong>qumrenti</strong></span> <span class='ocrx_word' id='word_1_190' title='bbox 737 2466 751 2491; x_wconf 96' lang='lat'><strong>,</strong></span> <span class='ocrx_word' id='word_1_191' title='bbox 801 2430 850 2476; x_wconf 92' lang='lat' dir='ltr'><strong>et</strong></span> <span class='ocrx_word' id='word_1_192' title='bbox 893 2421 947 2473; x_wconf 89' lang='lat' dir='ltr'><strong>in</strong></span> <span class='ocrx_word' id='word_1_193' title='bbox 985 2417 1081 2469; x_wconf 90' lang='lat' dir='ltr'><strong>hoc</strong></span> <span class='ocrx_word' id='word_1_194' title='bbox 1116 2397 1229 2485; x_wconf 87' lang='lat' dir='ltr'><strong>ipso</strong></span> <span class='ocrx_word' id='word_1_195' title='bbox 1265 2417 1448 2464; x_wconf 88' lang='lat' dir='ltr'><strong>contra</strong></span> <span class='ocrx_word' id='word_1_196' title='bbox 1497 2404 1667 2457; x_wconf 88' lang='lat' dir='ltr'><strong>Deum</strong></span> <span class='ocrx_word' id='word_1_197' title='bbox 1695 2406 1745 2453; x_wconf 91' lang='lat' dir='ltr'><strong>et</strong></span> 
     </span>
    </p>
   </div>
   <div class='ocr_carea' id='block_1_26' title="bbox 150 2489 1746 2596">
    <p class='ocr_par' dir='ltr' id='par_1_26' title="bbox 150 2489 1746 2596">
     <span class='ocr_line' id='line_1_28' title="bbox 150 2489 1746 2596; baseline -0.024 -16"><span class='ocrx_word' id='word_1_198' title='bbox 150 2489 504 2596; x_wconf 56' lang='lat' dir='ltr'><strong>bpo&#39;stolicam</strong></span> <span class='ocrx_word' id='word_1_199' title='bbox 532 2516 706 2571; x_wconf 86' lang='lat' dir='ltr'><strong>sedem</strong></span> <span class='ocrx_word' id='word_1_200' title='bbox 732 2489 1028 2584; x_wconf 80' lang='lat' dir='ltr'><strong>faventibus</strong></span> <span class='ocrx_word' id='word_1_201' title='bbox 1055 2504 1178 2559; x_wconf 86' lang='lat' dir='ltr'><strong>sibi.</strong></span> <span class='ocrx_word' id='word_1_202' title='bbox 1211 2499 1257 2555; x_wconf 86' lang='lat' dir='ltr'><em>F</em></span> <span class='ocrx_word' id='word_1_203' title='bbox 1262 2500 1387 2553; x_wconf 89' lang='lat' dir='ltr'><strong>ilius</strong></span> <span class='ocrx_word' id='word_1_204' title='bbox 1417 2494 1602 2550; x_wconf 88' lang='lat' dir='ltr'><strong>mterni</strong></span> <span class='ocrx_word' id='word_1_205' title='bbox 1631 2489 1746 2544; x_wconf 90' lang='lat' dir='ltr'><strong>Pa-</strong></span> 
     </span>
    </p>
   </div>
   <div class='ocr_carea' id='block_1_27' title="bbox 155 2582 1752 2685">
    <p class='ocr_par' dir='ltr' id='par_1_27' title="bbox 155 2582 1752 2685">
     <span class='ocr_line' id='line_1_29' title="bbox 155 2582 1752 2685; baseline -0.024 -13"><span class='ocrx_word' id='word_1_206' title='bbox 155 2620 252 2674; x_wconf 85' lang='lat' dir='ltr'><strong>tris</strong></span> <span class='ocrx_word' id='word_1_207' title='bbox 282 2630 490 2685; x_wconf 77' lang='lat' dir='ltr'><strong>semper</strong></span> <span class='ocrx_word' id='word_1_208' title='bbox 514 2582 803 2665; x_wconf 82' lang='lat' dir='ltr'><strong>comternus</strong></span> <span class='ocrx_word' id='word_1_209' title='bbox 831 2613 879 2658; x_wconf 91' lang='lat' dir='ltr'><strong>et</strong></span> <span class='ocrx_word' id='word_1_210' title='bbox 913 2597 1198 2670; x_wconf 88' lang='lat' dir='ltr'><strong>comqualis</strong></span> <span class='ocrx_word' id='word_1_211' title='bbox 1229 2595 1277 2648; x_wconf 89' lang='lat' dir='ltr'><strong>ei</strong></span> <span class='ocrx_word' id='word_1_212' title='bbox 1310 2593 1365 2646; x_wconf 91' lang='lat' dir='ltr'><strong>in</strong></span> <span class='ocrx_word' id='word_1_213' title='bbox 1394 2589 1597 2643; x_wconf 88' lang='lat' dir='ltr'><strong>unitate</strong></span> <span class='ocrx_word' id='word_1_214' title='bbox 1627 2582 1752 2653; x_wconf 88' lang='lat' dir='ltr'><strong>Spi—</strong></span> 
     </span>
    </p>
   </div>
   <div class='ocr_carea' id='block_1_28' title="bbox 155 2675 1753 2770">
    <p class='ocr_par' dir='ltr' id='par_1_28' title="bbox 155 2675 1753 2770">
     <span class='ocr_line' id='line_1_30' title="bbox 155 2675 1753 2770; baseline -0.026 -3"><span class='ocrx_word' id='word_1_215' title='bbox 155 2713 292 2767; x_wconf 84' lang='lat' dir='ltr'><strong>ritus</strong></span> <span class='ocrx_word' id='word_1_216' title='bbox 331 2706 551 2770; x_wconf 91' lang='lat' dir='ltr'><strong>sancti,</strong></span> <span class='ocrx_word' id='word_1_217' title='bbox 606 2719 708 2756; x_wconf 90' lang='lat' dir='ltr'><strong>non</strong></span> <span class='ocrx_word' id='word_1_218' title='bbox 756 2698 1003 2767; x_wconf 84' lang='lat' dir='ltr'><strong>rapinam</strong></span> <span class='ocrx_word' id='word_1_219' title='bbox 1053 2690 1346 2746; x_wconf 83' lang='lat' dir='ltr'><strong>arbitratus</strong></span> <span class='ocrx_word' id='word_1_220' title='bbox 1388 2700 1443 2737; x_wconf 91' lang='lat' dir='ltr'><strong>se</strong></span> <span class='ocrx_word' id='word_1_221' title='bbox 1495 2675 1753 2749; x_wconf 86' lang='lat' dir='ltr'><strong>mqualem</strong></span> 
     </span>
    </p>
   </div>
   <div class='ocr_carea' id='block_1_29' title="bbox 156 2766 1753 2870">
    <p class='ocr_par' dir='ltr' id='par_1_29' title="bbox 156 2766 1753 2870">
     <span class='ocr_line' id='line_1_31' title="bbox 156 2766 1753 2870; baseline -0.026 -10"><span class='ocrx_word' id='word_1_222' title='bbox 156 2804 289 2870; x_wconf 86' lang='lat' dir='ltr'><strong>Deo,</strong></span> <span class='ocrx_word' id='word_1_223' title='bbox 320 2800 657 2868; x_wconf 77' lang='lat' dir='ltr'><strong>semetipsum</strong></span> <span class='ocrx_word' id='word_1_224' title='bbox 688 2790 1001 2855; x_wconf 75' lang='lat' dir='ltr'><strong>eainanivit,</strong></span> <span class='ocrx_word' id='word_1_225' title='bbox 1039 2794 1088 2840; x_wconf 90' lang='lat' dir='ltr'><strong>et</strong></span> <span class='ocrx_word' id='word_1_226' title='bbox 1118 2786 1389 2850; x_wconf 86' lang='lat' dir='ltr'><strong>assumpta</strong></span> <span class='ocrx_word' id='word_1_227' title='bbox 1419 2776 1593 2845; x_wconf 83' lang='lat' dir='ltr'><strong>forma</strong></span> <span class='ocrx_word' id='word_1_228' title='bbox 1619 2766 1753 2823; x_wconf 81' lang='lat' dir='ltr'><strong>servi</strong></span> 
     </span>
    </p>
   </div>
   <div class='ocr_carea' id='block_1_30' title="bbox 157 2858 1754 2951">
    <p class='ocr_par' dir='ltr' id='par_1_30' title="bbox 157 2858 1754 2951">
     <span class='ocr_line' id='line_1_32' title="bbox 157 2858 1754 2951; baseline -0.026 1"><span class='ocrx_word' id='word_1_229' title='bbox 157 2897 272 2951; x_wconf 91' lang='lat' dir='ltr'><strong>sine</strong></span> <span class='ocrx_word' id='word_1_230' title='bbox 303 2891 609 2949; x_wconf 87' lang='lat' dir='ltr'><strong>conditione</strong></span> <span class='ocrx_word' id='word_1_231' title='bbox 637 2883 836 2949; x_wconf 88' lang='lat' dir='ltr'><strong>servili,</strong></span> <span class='ocrx_word' id='word_1_232' title='bbox 868 2880 1101 2935; x_wconf 88' lang='lat' dir='ltr'><strong>oblatum</strong></span> <span class='ocrx_word' id='word_1_233' title='bbox 1134 2874 1236 2930; x_wconf 87' lang='lat' dir='ltr'><strong>sibi</strong></span> <span class='ocrx_word' id='word_1_234' title='bbox 1262 2884 1477 2942; x_wconf 83' lang='lat' dir='ltr'><strong>regnum</strong></span> <span class='ocrx_word' id='word_1_235' title='bbox 1508 2858 1754 2934; x_wconf 88' lang='lat' dir='ltr'><strong>fugiendo</strong></span> 
     </span>
    </p>
   </div>
   <div class='ocr_carea' id='block_1_31' title="bbox 1802 445 3385 530">
    <p class='ocr_par' dir='ltr' id='par_1_31' title="bbox 1802 445 3385 530">
     <span class='ocr_line' id='line_1_33' title="bbox 1802 445 3385 530; baseline -0.009 -17"><span class='ocrx_word' id='word_1_236' title='bbox 1802 465 2172 530; x_wconf 86' lang='lat' dir='ltr'><strong>prmceptorem</strong></span> <span class='ocrx_word' id='word_1_237' title='bbox 2206 450 2517 506; x_wconf 59' lang='lat' dir='ltr'><strong>‘reclametis</strong></span> <span class='ocrx_word' id='word_1_238' title='bbox 2567 465 2599 501; x_wconf 93' lang='lat' dir='ltr'><strong>a</strong></span> <span class='ocrx_word' id='word_1_239' title='bbox 2648 448 2816 519; x_wconf 89' lang='lat' dir='ltr'><strong>longe.</strong></span> <span class='ocrx_word' id='word_1_240' title='bbox 2866 445 2924 502; x_wconf 91' lang='lat' dir='ltr'><strong>Si</strong></span> <span class='ocrx_word' id='word_1_241' title='bbox 2956 454 3131 501; x_wconf 86' lang='lat' dir='ltr'><strong>autem</strong></span> <span class='ocrx_word' id='word_1_242' title='bbox 3160 445 3385 517; x_wconf 80' lang='lat' dir='ltr'><strong>gloriam</strong></span> 
     </span>
    </p>
   </div>
   <div class='ocr_carea' id='block_1_32' title="bbox 1803 536 3388 618">
    <p class='ocr_par' dir='ltr' id='par_1_32' title="bbox 1803 536 3388 618">
     <span class='ocr_line' id='line_1_34' title="bbox 1803 536 3388 618; baseline -0.01 -13"><span class='ocrx_word' id='word_1_243' title='bbox 1803 550 1902 605; x_wconf 86' lang='lat' dir='ltr'><strong>Dei</strong></span> <span class='ocrx_word' id='word_1_244' title='bbox 1930 547 2274 618; x_wconf 81' lang='lat' dir='ltr'><strong>relinquentes</strong></span> <span class='ocrx_word' id='word_1_245' title='bbox 2300 552 2351 597; x_wconf 93' lang='lat' dir='ltr'><strong>et</strong></span> <span class='ocrx_word' id='word_1_246' title='bbox 2380 550 2607 596; x_wconf 86' lang='lat' dir='ltr'><strong>vestram</strong></span> <span class='ocrx_word' id='word_1_247' title='bbox 2636 539 2951 593; x_wconf 87' lang='lat' dir='ltr'><strong>constituere</strong></span> <span class='ocrx_word' id='word_1_248' title='bbox 2978 537 3225 604; x_wconf 87' lang='lat' dir='ltr'><strong>volentes,</strong></span> <span class='ocrx_word' id='word_1_249' title='bbox 3257 536 3388 606; x_wconf 86' lang='lat' dir='ltr'><strong>facti</strong></span> 
     </span>
    </p>
   </div>
   <div class='ocr_carea' id='block_1_33' title="bbox 1804 628 3393 711">
    <p class='ocr_par' dir='ltr' id='par_1_33' title="bbox 1804 628 3393 711">
     <span class='ocr_line' id='line_1_35' title="bbox 1804 628 3393 711; baseline -0.01 -14"><span class='ocrx_word' id='word_1_250' title='bbox 1804 642 1929 697; x_wconf 84' lang='lat' dir='ltr'><strong>estis</strong></span> <span class='ocrx_word' id='word_1_251' title='bbox 1965 638 2273 711; x_wconf 87' lang='lat' dir='ltr'><strong>apostatici,</strong></span> <span class='ocrx_word' id='word_1_252' title='bbox 2301 651 2469 689; x_wconf 88' lang='lat' dir='ltr'><strong>nonne</strong></span> <span class='ocrx_word' id='word_1_253' title='bbox 2491 664 2563 673; x_wconf 90' lang='lat'><strong><em>—</em></strong></span> <span class='ocrx_word' id='word_1_254' title='bbox 2589 633 2849 703; x_wconf 83' lang='lat' dir='ltr'><strong>siquidem</strong></span> <span class='ocrx_word' id='word_1_255' title='bbox 2871 630 2935 684; x_wconf 90' lang='lat' dir='ltr'><strong>de</strong></span> <span class='ocrx_word' id='word_1_256' title='bbox 2964 629 3226 683; x_wconf 87' lang='lat' dir='ltr'><strong>similibus</strong></span> <span class='ocrx_word' id='word_1_257' title='bbox 3251 628 3393 682; x_wconf 87' lang='lat' dir='ltr'><strong>idem</strong></span> 
     </span>
    </p>
   </div>
   <div class='ocr_carea' id='block_1_34' title="bbox 1806 718 3395 802">
    <p class='ocr_par' dir='ltr' id='par_1_34' title="bbox 1806 718 3395 802">
     <span class='ocr_line' id='line_1_36' title="bbox 1806 718 3395 802; baseline -0.009 -16"><span class='ocrx_word' id='word_1_258' title='bbox 1806 742 1882 787; x_wconf 92' lang='lat' dir='ltr'><strong>est</strong></span> <span class='ocrx_word' id='word_1_259' title='bbox 1919 730 2190 802; x_wconf 83' lang='lat' dir='ltr'><strong>judicium</strong></span> <span class='ocrx_word' id='word_1_260' title='bbox 2217 758 2289 768; x_wconf 88' lang='lat'><strong>——</strong></span> <span class='ocrx_word' id='word_1_261' title='bbox 2313 727 2483 797; x_wconf 65' lang='lat' dir='ltr'><strong>effecti</strong></span> <span class='ocrx_word' id='word_1_262' title='bbox 2528 724 2656 779; x_wconf 84' lang='lat' dir='ltr'><strong>estis</strong></span> <span class='ocrx_word' id='word_1_263' title='bbox 2705 720 2940 776; x_wconf 89' lang='lat' dir='ltr'><strong>membra</strong></span> <span class='ocrx_word' id='word_1_264' title='bbox 2967 719 3204 785; x_wconf 88' lang='lat' dir='ltr'><strong>diaboli,</strong></span> <span class='ocrx_word' id='word_1_265' title='bbox 3248 727 3305 772; x_wconf 92' lang='lat' dir='ltr'><strong>ut</strong></span> <span class='ocrx_word' id='word_1_266' title='bbox 3336 718 3395 772; x_wconf 88' lang='lat' dir='ltr'><strong>in</strong></span> 
     </span>
    </p>
   </div>
   <div class='ocr_carea' id='block_1_35' title="bbox 1809 807 3394 891">
    <p class='ocr_par' dir='ltr' id='par_1_35' title="bbox 1809 807 3394 891">
     <span class='ocr_line' id='line_1_37' title="bbox 1809 807 3394 891; baseline -0.01 -14"><span class='ocrx_word' id='word_1_267' title='bbox 1809 822 1952 878; x_wconf 90' lang='lat' dir='ltr'><strong>vobis</strong></span> <span class='ocrx_word' id='word_1_268' title='bbox 1974 822 2093 891; x_wconf 90' lang='lat' dir='ltr'><strong>jam</strong></span> <span class='ocrx_word' id='word_1_269' title='bbox 2122 827 2362 891; x_wconf 87' lang='lat' dir='ltr'><strong>operetur</strong></span> <span class='ocrx_word' id='word_1_270' title='bbox 2394 816 2703 887; x_wconf 83' lang='lat' dir='ltr'><strong>mysterium</strong></span> <span class='ocrx_word' id='word_1_271' title='bbox 2730 811 3075 882; x_wconf 87' lang='lat' dir='ltr'><strong>iniquitatis?</strong></span> <span class='ocrx_word' id='word_1_272' title='bbox 3124 807 3193 862; x_wconf 86' lang='lat' dir='ltr'><strong>Et</strong></span> <span class='ocrx_word' id='word_1_273' title='bbox 3222 824 3284 862; x_wconf 91' lang='lat' dir='ltr'><strong>ne</strong></span> <span class='ocrx_word' id='word_1_274' title='bbox 3311 807 3394 862; x_wconf 89' lang='lat' dir='ltr'><strong>vi-</strong></span> 
     </span>
    </p>
   </div>
   <div class='ocr_carea' id='block_1_36' title="bbox 1810 900 3396 978">
    <p class='ocr_par' dir='ltr' id='par_1_36' title="bbox 1810 900 3396 978">
     <span class='ocr_line' id='line_1_38' title="bbox 1810 900 3396 978; baseline -0.011 -9"><span class='ocrx_word' id='word_1_275' title='bbox 1810 915 2000 970; x_wconf 85' lang='lat' dir='ltr'><strong>deatur</strong></span> <span class='ocrx_word' id='word_1_276' title='bbox 2028 913 2169 967; x_wconf 82' lang='lat' dir='ltr'><strong>vobis</strong></span> <span class='ocrx_word' id='word_1_277' title='bbox 2206 911 2362 965; x_wconf 91' lang='lat' dir='ltr'><strong>nimis</strong></span> <span class='ocrx_word' id='word_1_278' title='bbox 2411 908 2674 978; x_wconf 88' lang='lat' dir='ltr'><strong>injuriosa</strong></span> <span class='ocrx_word' id='word_1_279' title='bbox 2722 905 2832 960; x_wconf 88' lang='lat' dir='ltr'><strong>hmc</strong></span> <span class='ocrx_word' id='word_1_280' title='bbox 2884 911 3065 957; x_wconf 87' lang='lat' dir='ltr'><strong>nostra</strong></span> <span class='ocrx_word' id='word_1_281' title='bbox 3116 900 3396 965; x_wconf 82' lang='lat' dir='ltr'><strong>sententia,</strong></span> 
     </span>
    </p>
   </div>
   <div class='ocr_carea' id='block_1_37' title="bbox 1813 990 3401 1072">
    <p class='ocr_par' dir='ltr' id='par_1_37' title="bbox 1813 990 3401 1072">
     <span class='ocr_line' id='line_1_39' title="bbox 1813 990 3401 1072; baseline -0.01 -11"><span class='ocrx_word' id='word_1_282' title='bbox 1813 1007 1963 1062; x_wconf 90' lang='lat' dir='ltr'><strong>verbo</strong></span> <span class='ocrx_word' id='word_1_283' title='bbox 1991 1014 2039 1059; x_wconf 88' lang='lat' dir='ltr'><strong>et</strong></span> <span class='ocrx_word' id='word_1_284' title='bbox 2070 1002 2305 1072; x_wconf 75' lang='lat' dir='ltr'><strong>exemplo</strong></span> <span class='ocrx_word' id='word_1_285' title='bbox 2355 1010 2522 1056; x_wconf 88' lang='lat' dir='ltr'><strong>vestro</strong></span> <span class='ocrx_word' id='word_1_286' title='bbox 2554 999 2672 1069; x_wconf 90' lang='lat' dir='ltr'><strong>jam</strong></span> <span class='ocrx_word' id='word_1_287' title='bbox 2720 997 2814 1051; x_wconf 89' lang='lat' dir='ltr'><strong>diu</strong></span> <span class='ocrx_word' id='word_1_288' title='bbox 2861 995 3106 1065; x_wconf 89' lang='lat' dir='ltr'><strong>probata,</strong></span> <span class='ocrx_word' id='word_1_289' title='bbox 3145 990 3401 1046; x_wconf 79' lang='lat' dir='ltr'><strong>consulite</strong></span> 
     </span>
    </p>
   </div>
   <div class='ocr_carea' id='block_1_38' title="bbox 1818 1083 3402 1156">
    <p class='ocr_par' dir='ltr' id='par_1_38' title="bbox 1818 1083 3402 1156">
     <span class='ocr_line' id='line_1_40' title="bbox 1818 1083 3402 1156; baseline -0.011 -2"><span class='ocrx_word' id='word_1_290' title='bbox 1818 1101 1979 1156; x_wconf 87' lang='lat' dir='ltr'><strong>totius</strong></span> <span class='ocrx_word' id='word_1_291' title='bbox 2030 1096 2307 1150; x_wconf 87' lang='lat' dir='ltr'><strong>catholicm</strong></span> <span class='ocrx_word' id='word_1_292' title='bbox 2355 1092 2766 1148; x_wconf 87' lang='lat' dir='ltr'><strong>christianitatis</strong></span> <span class='ocrx_word' id='word_1_293' title='bbox 2814 1087 3094 1148; x_wconf 86' lang='lat' dir='ltr'><strong>ecclesias,</strong></span> <span class='ocrx_word' id='word_1_294' title='bbox 3144 1083 3402 1138; x_wconf 88' lang='lat' dir='ltr'><strong>consulite</strong></span> 
     </span>
    </p>
   </div>
   <div class='ocr_carea' id='block_1_39' title="bbox 1816 1172 3402 1256">
    <p class='ocr_par' dir='ltr' id='par_1_39' title="bbox 1816 1172 3402 1256">
     <span class='ocr_line' id='line_1_41' title="bbox 1816 1172 3402 1256; baseline -0.013 -10"><span class='ocrx_word' id='word_1_295' title='bbox 1816 1192 1980 1246; x_wconf 88' lang='lat' dir='ltr'><strong>etiam</strong></span> <span class='ocrx_word' id='word_1_296' title='bbox 2005 1198 2201 1242; x_wconf 85' lang='lat' dir='ltr'><strong>vestras</strong></span> <span class='ocrx_word' id='word_1_297' title='bbox 2238 1185 2377 1256; x_wconf 88' lang='lat' dir='ltr'><strong>apud</strong></span> <span class='ocrx_word' id='word_1_298' title='bbox 2406 1201 2492 1239; x_wconf 91' lang='lat' dir='ltr'><strong>vos</strong></span> <span class='ocrx_word' id='word_1_299' title='bbox 2522 1181 2893 1246; x_wconf 85' lang='lat' dir='ltr'><strong>conscientias,</strong></span> <span class='ocrx_word' id='word_1_300' title='bbox 2922 1186 3103 1232; x_wconf 88' lang='lat' dir='ltr'><strong>utrum</strong></span> <span class='ocrx_word' id='word_1_301' title='bbox 3128 1192 3215 1229; x_wconf 87' lang='lat' dir='ltr'><strong>vos</strong></span> <span class='ocrx_word' id='word_1_302' title='bbox 3238 1175 3297 1227; x_wconf 83' lang='lat' dir='ltr'><strong>in</strong></span> <span class='ocrx_word' id='word_1_303' title='bbox 3321 1172 3402 1226; x_wconf 89' lang='lat' dir='ltr'><strong>his</strong></span> 
     </span>
    </p>
   </div>
   <div class='ocr_carea' id='block_1_40' title="bbox 1820 1262 3406 1339">
    <p class='ocr_par' dir='ltr' id='par_1_40' title="bbox 1820 1262 3406 1339">
     <span class='ocr_line' id='line_1_42' title="bbox 1820 1262 3406 1339; baseline -0.013 -2"><span class='ocrx_word' id='word_1_304' title='bbox 1820 1282 2094 1339; x_wconf 83' lang='lat' dir='ltr'><strong>conatibus</strong></span> <span class='ocrx_word' id='word_1_305' title='bbox 2140 1278 2323 1332; x_wconf 87' lang='lat' dir='ltr'><strong>vestris</strong></span> <span class='ocrx_word' id='word_1_306' title='bbox 2372 1292 2551 1330; x_wconf 89' lang='lat' dir='ltr'><strong>coram</strong></span> <span class='ocrx_word' id='word_1_307' title='bbox 2596 1273 2705 1327; x_wconf 89' lang='lat' dir='ltr'><strong>Deo</strong></span> <span class='ocrx_word' id='word_1_308' title='bbox 2739 1271 2816 1326; x_wconf 85' lang='lat' dir='ltr'><strong>vel</strong></span> <span class='ocrx_word' id='word_1_309' title='bbox 2853 1275 3099 1325; x_wconf 71' lang='lat' dir='ltr'><strong>excusent</strong></span> <span class='ocrx_word' id='word_1_310' title='bbox 3126 1265 3202 1321; x_wconf 87' lang='lat' dir='ltr'><strong>vel</strong></span> <span class='ocrx_word' id='word_1_311' title='bbox 3231 1262 3406 1319; x_wconf 88' lang='lat' dir='ltr'><strong>absol-</strong></span> 
     </span>
    </p>
   </div>
   <div class='ocr_carea' id='block_1_41' title="bbox 1820 1356 3406 1443">
    <p class='ocr_par' dir='ltr' id='par_1_41' title="bbox 1820 1356 3406 1443">
     <span class='ocr_line' id='line_1_43' title="bbox 1820 1356 3406 1443; baseline -0.015 -12"><span class='ocrx_word' id='word_1_312' title='bbox 1820 1384 1963 1432; x_wconf 89' lang='lat' dir='ltr'><strong>vant.</strong></span> <span class='ocrx_word' id='word_1_313' title='bbox 2015 1373 2086 1427; x_wconf 87' lang='lat' dir='ltr'><strong>Et</strong></span> <span class='ocrx_word' id='word_1_314' title='bbox 2111 1370 2371 1443; x_wconf 89' lang='lat' dir='ltr'><strong>quomodo</strong></span> <span class='ocrx_word' id='word_1_315' title='bbox 2397 1369 2588 1437; x_wconf 79' lang='lat' dir='ltr'><strong>defecit</strong></span> <span class='ocrx_word' id='word_1_316' title='bbox 2619 1373 2790 1420; x_wconf 88' lang='lat' dir='ltr'><strong>vestra</strong></span> <span class='ocrx_word' id='word_1_317' title='bbox 2826 1364 2991 1416; x_wconf 91' lang='lat' dir='ltr'><strong>virtus</strong></span> <span class='ocrx_word' id='word_1_318' title='bbox 3013 1369 3063 1415; x_wconf 90' lang='lat' dir='ltr'><strong>et</strong></span> <span class='ocrx_word' id='word_1_319' title='bbox 3086 1356 3406 1421; x_wconf 88' lang='lat' dir='ltr'><strong>constantia,</strong></span> 
     </span>
    </p>
   </div>
   <div class='ocr_carea' id='block_1_42' title="bbox 1822 1447 3408 1541">
    <p class='ocr_par' dir='ltr' id='par_1_42' title="bbox 1822 1447 3408 1541">
     <span class='ocr_line' id='line_1_44' title="bbox 1822 1447 3408 1541; baseline -0.015 -18"><span class='ocrx_word' id='word_1_320' title='bbox 1822 1470 1913 1541; x_wconf 89' lang='lat' dir='ltr'><strong>qui</strong></span> <span class='ocrx_word' id='word_1_321' title='bbox 1966 1466 2240 1520; x_wconf 87' lang='lat' dir='ltr'><strong>nobiscum</strong></span> <span class='ocrx_word' id='word_1_322' title='bbox 2291 1477 2384 1532; x_wconf 90' lang='lat' dir='ltr'><strong>per</strong></span> <span class='ocrx_word' id='word_1_323' title='bbox 2425 1468 2632 1513; x_wconf 74' lang='lat' dir='ltr'><strong>exteras</strong></span> <span class='ocrx_word' id='word_1_324' title='bbox 2675 1458 2929 1528; x_wconf 87' lang='lat' dir='ltr'><strong>regiones,</strong></span> <span class='ocrx_word' id='word_1_325' title='bbox 2966 1461 3024 1506; x_wconf 92' lang='lat' dir='ltr'><strong>ut</strong></span> <span class='ocrx_word' id='word_1_326' title='bbox 3069 1447 3408 1512; x_wconf 78' lang='lat' dir='ltr'><strong>uidebamini,</strong></span> 
     </span>
    </p>
   </div>
   <div class='ocr_carea' id='block_1_43' title="bbox 1824 1536 3413 1632">
    <p class='ocr_par' dir='ltr' id='par_1_43' title="bbox 1824 1536 3413 1632">
     <span class='ocr_line' id='line_1_45' title="bbox 1824 1536 3413 1632; baseline -0.014 -18"><span class='ocrx_word' id='word_1_327' title='bbox 1824 1577 1920 1632; x_wconf 92' lang='lat' dir='ltr'><strong>pro</strong></span> <span class='ocrx_word' id='word_1_328' title='bbox 1959 1572 2135 1612; x_wconf 90' lang='lat' dir='ltr'><strong>amore</strong></span> <span class='ocrx_word' id='word_1_329' title='bbox 2168 1553 2368 1609; x_wconf 86' lang='lat' dir='ltr'><strong>Christi</strong></span> <span class='ocrx_word' id='word_1_330' title='bbox 2411 1551 2555 1620; x_wconf 88' lang='lat' dir='ltr'><strong>passi</strong></span> <span class='ocrx_word' id='word_1_331' title='bbox 2585 1548 2949 1602; x_wconf 85' lang='lat' dir='ltr'><strong>mendicitates</strong></span> <span class='ocrx_word' id='word_1_332' title='bbox 2978 1552 3027 1599; x_wconf 89' lang='lat' dir='ltr'><strong>et</strong></span> <span class='ocrx_word' id='word_1_333' title='bbox 3060 1542 3226 1596; x_wconf 74' lang='lat' dir='ltr'><strong>exilia</strong></span> <span class='ocrx_word' id='word_1_334' title='bbox 3259 1536 3413 1610; x_wconf 88' lang='lat' dir='ltr'><strong>quasi</strong></span> 
     </span>
    </p>
   </div>
   <div class='ocr_carea' id='block_1_44' title="bbox 1829 1631 3418 1723">
    <p class='ocr_par' dir='ltr' id='par_1_44' title="bbox 1829 1631 3418 1723">
     <span class='ocr_line' id='line_1_46' title="bbox 1829 1631 3418 1723; baseline -0.015 -16"><span class='ocrx_word' id='word_1_335' title='bbox 1829 1651 2105 1723; x_wconf 81' lang='lat' dir='ltr'><strong>cujusdam</strong></span> <span class='ocrx_word' id='word_1_336' title='bbox 2121 1646 2365 1716; x_wconf 76' lang='lat' dir='ltr'><strong>martyrii</strong></span> <span class='ocrx_word' id='word_1_337' title='bbox 2378 1643 2585 1713; x_wconf 86' lang='lat' dir='ltr'><strong>palmas</strong></span> <span class='ocrx_word' id='word_1_338' title='bbox 2600 1642 2654 1695; x_wconf 88' lang='lat' dir='ltr'><strong>in</strong></span> <span class='ocrx_word' id='word_1_339' title='bbox 2666 1647 2939 1709; x_wconf 89' lang='lat' dir='ltr'><strong>conspectu</strong></span> <span class='ocrx_word' id='word_1_340' title='bbox 2953 1636 3223 1690; x_wconf 84' lang='lat' dir='ltr'><strong>hominum</strong></span> <span class='ocrx_word' id='word_1_341' title='bbox 3233 1631 3418 1701; x_wconf 82' lang='lat' dir='ltr'><strong>prmfe—</strong></span> 
     </span>
    </p>
   </div>
   <div class='ocr_carea' id='block_1_45' title="bbox 1759 1723 3419 1812">
    <p class='ocr_par' dir='ltr' id='par_1_45' title="bbox 1759 1723 3419 1812">
     <span class='ocr_line' id='line_1_47' title="bbox 1759 1723 3419 1812; baseline -0.016 -11"><span class='ocrx_word' id='word_1_342' title='bbox 1759 1726 1804 1784; x_wconf 70' lang='grc' dir='ltr'><strong><em>Β</em></strong></span> <span class='ocrx_word' id='word_1_343' title='bbox 1835 1744 2028 1800; x_wconf 89' lang='lat' dir='ltr'><strong>rebatis</strong></span> <span class='ocrx_word' id='word_1_344' title='bbox 2046 1733 2755 1812; x_wconf 78' lang='lat' dir='ltr'><strong>?quomodoscandalizetur</strong></span> <span class='ocrx_word' id='word_1_345' title='bbox 2770 1732 2825 1785; x_wconf 87' lang='lat' dir='ltr'><strong>in</strong></span> <span class='ocrx_word' id='word_1_346' title='bbox 2845 1742 3071 1783; x_wconf 86' lang='lat' dir='ltr'><strong>vestram</strong></span> <span class='ocrx_word' id='word_1_347' title='bbox 3091 1723 3419 1796; x_wconf 89' lang='lat' dir='ltr'><strong>apostasiam</strong></span> 
     </span>
    </p>
   </div>
   <div class='ocr_carea' id='block_1_46' title="bbox 1834 1800 3418 1893">
    <p class='ocr_par' dir='ltr' id='par_1_46' title="bbox 1834 1800 3418 1893">
     <span class='ocr_line' id='line_1_48' title="bbox 1834 1800 3418 1893; baseline -0.017 -1"><span class='ocrx_word' id='word_1_348' title='bbox 1834 1840 1891 1893; x_wconf 88' lang='lat' dir='ltr'><strong>in</strong></span> <span class='ocrx_word' id='word_1_349' title='bbox 1912 1837 2023 1891; x_wconf 86' lang='lat' dir='ltr'><strong>suis</strong></span> <span class='ocrx_word' id='word_1_350' title='bbox 2046 1834 2175 1887; x_wconf 88' lang='lat' dir='ltr'><strong>locis</strong></span> <span class='ocrx_word' id='word_1_351' title='bbox 2196 1832 2220 1885; x_wconf 88' lang='lat'><strong><em>?</em></strong></span> <span class='ocrx_word' id='word_1_352' title='bbox 2241 1826 2694 1884; x_wconf 81' lang='lat' dir='ltr'><strong>Scandalizantur</strong></span> <span class='ocrx_word' id='word_1_353' title='bbox 2723 1824 2779 1877; x_wconf 89' lang='lat' dir='ltr'><strong>in</strong></span> <span class='ocrx_word' id='word_1_354' title='bbox 2800 1822 2941 1876; x_wconf 82' lang='lat' dir='ltr'><strong>vobis</strong></span> <span class='ocrx_word' id='word_1_355' title='bbox 2960 1800 3104 1874; x_wconf 86' lang='lat' dir='ltr'><strong>sedes</strong></span> <span class='ocrx_word' id='word_1_356' title='bbox 3126 1813 3418 1877; x_wconf 83' lang='lat' dir='ltr'><strong>Remensis,</strong></span> 
     </span>
    </p>
   </div>
   <div class='ocr_carea' id='block_1_47' title="bbox 1836 1907 3421 1989">
    <p class='ocr_par' dir='ltr' id='par_1_47' title="bbox 1836 1907 3421 1989">
     <span class='ocr_line' id='line_1_49' title="bbox 1836 1907 3421 1989; baseline -0.017 -6"><span class='ocrx_word' id='word_1_357' title='bbox 1836 1925 2238 1989; x_wconf 88' lang='lat' dir='ltr'><strong>Laudunensis,</strong></span> <span class='ocrx_word' id='word_1_358' title='bbox 2269 1918 2541 1984; x_wconf 79' lang='lat' dir='ltr'><strong>Metensis,</strong></span> <span class='ocrx_word' id='word_1_359' title='bbox 2586 1913 2953 1978; x_wconf 81' lang='lat' dir='ltr'><strong>Virdunensis,</strong></span> <span class='ocrx_word' id='word_1_360' title='bbox 2998 1907 3280 1970; x_wconf 88' lang='lat' dir='ltr'><strong>Tullensis,</strong></span> <span class='ocrx_word' id='word_1_361' title='bbox 3306 1916 3421 1973; x_wconf 82' lang='lat' dir='ltr'><strong>qum</strong></span> 
     </span>
    </p>
   </div>
   <div class='ocr_carea' id='block_1_48' title="bbox 1838 1994 3427 2089">
    <p class='ocr_par' dir='ltr' id='par_1_48' title="bbox 1838 1994 3427 2089">
     <span class='ocr_line' id='line_1_50' title="bbox 1838 1994 3427 2089; baseline -0.018 -14"><span class='ocrx_word' id='word_1_362' title='bbox 1838 2020 1982 2076; x_wconf 91' lang='lat' dir='ltr'><strong>vobis</strong></span> <span class='ocrx_word' id='word_1_363' title='bbox 2006 2011 2429 2089; x_wconf 88' lang='lat' dir='ltr'><strong>prmconantibus</strong></span> <span class='ocrx_word' id='word_1_364' title='bbox 2460 2008 2707 2063; x_wconf 89' lang='lat' dir='ltr'><strong>dolebant</strong></span> <span class='ocrx_word' id='word_1_365' title='bbox 2745 2004 2977 2067; x_wconf 87' lang='lat' dir='ltr'><strong>omnino,</strong></span> <span class='ocrx_word' id='word_1_366' title='bbox 3010 2000 3100 2053; x_wconf 89' lang='lat' dir='ltr'><strong>sed</strong></span> <span class='ocrx_word' id='word_1_367' title='bbox 3135 1997 3307 2052; x_wconf 87' lang='lat' dir='ltr'><strong>adhuc</strong></span> <span class='ocrx_word' id='word_1_368' title='bbox 3336 1994 3427 2047; x_wconf 84' lang='lat' dir='ltr'><strong>do-</strong></span> 
     </span>
    </p>
   </div>
   <div class='ocr_carea' id='block_1_49' title="bbox 1840 2084 3428 2172">
    <p class='ocr_par' dir='ltr' id='par_1_49' title="bbox 1840 2084 3428 2172">
     <span class='ocr_line' id='line_1_51' title="bbox 1840 2084 3428 2172; baseline -0.019 -6"><span class='ocrx_word' id='word_1_369' title='bbox 1840 2112 1945 2166; x_wconf 89' lang='lat' dir='ltr'><strong>lent</strong></span> <span class='ocrx_word' id='word_1_370' title='bbox 1972 2106 2417 2163; x_wconf 88' lang='lat' dir='ltr'><strong>decolorationem</strong></span> <span class='ocrx_word' id='word_1_371' title='bbox 2451 2099 2716 2172; x_wconf 87' lang='lat' dir='ltr'><strong>quondam</strong></span> <span class='ocrx_word' id='word_1_372' title='bbox 2763 2091 3208 2166; x_wconf 86' lang='lat' dir='ltr'><strong>splendidissimm</strong></span> <span class='ocrx_word' id='word_1_373' title='bbox 3230 2094 3280 2141; x_wconf 88' lang='lat' dir='ltr'><strong>et</strong></span> <span class='ocrx_word' id='word_1_374' title='bbox 3310 2084 3428 2139; x_wconf 88' lang='lat' dir='ltr'><strong>reli-</strong></span> 
     </span>
    </p>
   </div>
   <div class='ocr_carea' id='block_1_50' title="bbox 1842 2176 3431 2274">
    <p class='ocr_par' dir='ltr' id='par_1_50' title="bbox 1842 2176 3431 2274">
     <span class='ocr_line' id='line_1_52' title="bbox 1842 2176 3431 2274; baseline -0.019 -16"><span class='ocrx_word' id='word_1_375' title='bbox 1842 2202 2156 2274; x_wconf 88' lang='lat' dir='ltr'><strong>giosissimm</strong></span> <span class='ocrx_word' id='word_1_376' title='bbox 2181 2195 2414 2251; x_wconf 87' lang='lat' dir='ltr'><strong>ecclesim</strong></span> <span class='ocrx_word' id='word_1_377' title='bbox 2439 2190 2765 2253; x_wconf 88' lang='lat' dir='ltr'><strong>Leodiensis,</strong></span> <span class='ocrx_word' id='word_1_378' title='bbox 2800 2186 2890 2239; x_wconf 90' lang='lat' dir='ltr'><strong>sed</strong></span> <span class='ocrx_word' id='word_1_379' title='bbox 2909 2194 2957 2237; x_wconf 89' lang='lat' dir='ltr'><strong>et</strong></span> <span class='ocrx_word' id='word_1_380' title='bbox 2975 2191 3169 2235; x_wconf 88' lang='lat' dir='ltr'><strong>nostrm</strong></span> <span class='ocrx_word' id='word_1_381' title='bbox 3192 2176 3431 2247; x_wconf 85' lang='lat' dir='ltr'><strong>Andagi—</strong></span> 
     </span>
    </p>
   </div>
   <div class='ocr_carea' id='block_1_51' title="bbox 1844 2271 3432 2355">
    <p class='ocr_par' dir='ltr' id='par_1_51' title="bbox 1844 2271 3432 2355">
     <span class='ocr_line' id='line_1_53' title="bbox 1844 2271 3432 2355; baseline -0.021 0"><span class='ocrx_word' id='word_1_382' title='bbox 1844 2300 2038 2355; x_wconf 88' lang='lat' dir='ltr'><strong>nensis.</strong></span> <span class='ocrx_word' id='word_1_383' title='bbox 2061 2294 2162 2350; x_wconf 88' lang='lat' dir='ltr'><strong>Sed</strong></span> <span class='ocrx_word' id='word_1_384' title='bbox 2179 2302 2227 2346; x_wconf 90' lang='lat' dir='ltr'><strong>et</strong></span> <span class='ocrx_word' id='word_1_385' title='bbox 2240 2289 2330 2345; x_wconf 90' lang='lat' dir='ltr'><strong>ille</strong></span> <span class='ocrx_word' id='word_1_386' title='bbox 2352 2287 2627 2342; x_wconf 88' lang='lat' dir='ltr'><strong>modernus</strong></span> <span class='ocrx_word' id='word_1_387' title='bbox 2643 2283 2756 2352; x_wconf 87' lang='lat' dir='ltr'><strong>ejus</strong></span> <span class='ocrx_word' id='word_1_388' title='bbox 2775 2280 2913 2333; x_wconf 85' lang='lat' dir='ltr'><strong>sedis</strong></span> <span class='ocrx_word' id='word_1_389' title='bbox 2933 2276 3172 2346; x_wconf 88' lang='lat' dir='ltr'><strong>angelus,</strong></span> <span class='ocrx_word' id='word_1_390' title='bbox 3188 2288 3291 2325; x_wconf 90' lang='lat' dir='ltr'><strong>non</strong></span> <span class='ocrx_word' id='word_1_391' title='bbox 3307 2271 3432 2323; x_wconf 89' lang='lat' dir='ltr'><strong>bene</strong></span> 
     </span>
    </p>
   </div>
   <div class='ocr_carea' id='block_1_52' title="bbox 1846 2364 3439 2447">
    <p class='ocr_par' dir='ltr' id='par_1_52' title="bbox 1846 2364 3439 2447">
     <span class='ocr_line' id='line_1_54' title="bbox 1846 2364 3439 2447; baseline -0.021 -1"><span class='ocrx_word' id='word_1_392' title='bbox 1846 2389 2015 2445; x_wconf 86' lang='lat' dir='ltr'><strong>nostri</strong></span> <span class='ocrx_word' id='word_1_393' title='bbox 2039 2384 2325 2447; x_wconf 89' lang='lat' dir='ltr'><strong>sollicitus,</strong></span> <span class='ocrx_word' id='word_1_394' title='bbox 2338 2380 2593 2432; x_wconf 87' lang='lat' dir='ltr'><strong>instinctu</strong></span> <span class='ocrx_word' id='word_1_395' title='bbox 2606 2381 2773 2428; x_wconf 88' lang='lat' dir='ltr'><strong>vestro</strong></span> <span class='ocrx_word' id='word_1_396' title='bbox 2788 2369 2998 2439; x_wconf 80' lang='lat' dir='ltr'><strong>scripsit</strong></span> <span class='ocrx_word' id='word_1_397' title='bbox 3012 2364 3254 2420; x_wconf 86' lang='lat' dir='ltr'><strong>Remensi</strong></span> <span class='ocrx_word' id='word_1_398' title='bbox 3273 2374 3439 2430; x_wconf 86' lang='lat' dir='ltr'><strong>nuper</strong></span> 
     </span>
    </p>
   </div>
   <div class='ocr_carea' id='block_1_53' title="bbox 1848 2454 3439 2547">
    <p class='ocr_par' dir='ltr' id='par_1_53' title="bbox 1848 2454 3439 2547">
     <span class='ocr_line' id='line_1_55' title="bbox 1848 2454 3439 2547; baseline -0.021 -12"><span class='ocrx_word' id='word_1_399' title='bbox 1848 2478 2279 2547; x_wconf 83' lang='lat' dir='ltr'><strong>archiepiscopo,</strong></span> <span class='ocrx_word' id='word_1_400' title='bbox 2331 2478 2389 2522; x_wconf 91' lang='lat' dir='ltr'><strong>ut</strong></span> <span class='ocrx_word' id='word_1_401' title='bbox 2443 2464 2712 2520; x_wconf 86' lang='lat' dir='ltr'><strong>clauderet</strong></span> <span class='ocrx_word' id='word_1_402' title='bbox 2773 2460 2920 2514; x_wconf 89' lang='lat' dir='ltr'><strong>nobis</strong></span> <span class='ocrx_word' id='word_1_403' title='bbox 2997 2466 3183 2526; x_wconf 89' lang='lat' dir='ltr'><strong>aperta</strong></span> <span class='ocrx_word' id='word_1_404' title='bbox 3236 2454 3439 2506; x_wconf 90' lang='lat' dir='ltr'><strong>viscera</strong></span> 
     </span>
    </p>
   </div>
   <div class='ocr_carea' id='block_1_54' title="bbox 1850 2542 3441 2629">
    <p class='ocr_par' dir='ltr' id='par_1_54' title="bbox 1850 2542 3441 2629">
     <span class='ocr_line' id='line_1_56' title="bbox 1850 2542 3441 2629; baseline -0.023 -1"><span class='ocrx_word' id='word_1_405' title='bbox 1850 2588 1961 2627; x_wconf 90' lang='lat' dir='ltr'><strong>sum</strong></span> <span class='ocrx_word' id='word_1_406' title='bbox 2014 2542 2294 2629; x_wconf 78' lang='lat' dir='ltr'><strong>caritatis,</strong></span> <span class='ocrx_word' id='word_1_407' title='bbox 2338 2568 2387 2615; x_wconf 90' lang='lat' dir='ltr'><strong>et</strong></span> <span class='ocrx_word' id='word_1_408' title='bbox 2425 2544 2719 2629; x_wconf 83' lang='lat' dir='ltr'><strong>prohiberet</strong></span> <span class='ocrx_word' id='word_1_409' title='bbox 2747 2566 2839 2604; x_wconf 90' lang='lat' dir='ltr'><strong>nos</strong></span> <span class='ocrx_word' id='word_1_410' title='bbox 2879 2565 2911 2601; x_wconf 92' lang='lat' dir='ltr'><strong>a</strong></span> <span class='ocrx_word' id='word_1_411' title='bbox 2971 2543 3166 2617; x_wconf 74' lang='lat' dir='ltr'><strong>ﬁnibus</strong></span> <span class='ocrx_word' id='word_1_412' title='bbox 3224 2542 3337 2595; x_wconf 89' lang='lat' dir='ltr'><strong>suis</strong></span> <span class='ocrx_word' id='word_1_413' title='bbox 3391 2545 3441 2593; x_wconf 89' lang='lat' dir='ltr'><strong>et</strong></span> 
     </span>
    </p>
   </div>
   <div class='ocr_carea' id='block_1_55' title="bbox 1853 2629 3444 2729">
    <p class='ocr_par' dir='ltr' id='par_1_55' title="bbox 1853 2629 3444 2729">
     <span class='ocr_line' id='line_1_57' title="bbox 1853 2629 3444 2729; baseline -0.024 -9"><span class='ocrx_word' id='word_1_414' title='bbox 1853 2661 2155 2720; x_wconf 89' lang='lat' dir='ltr'><strong>constitutis</strong></span> <span class='ocrx_word' id='word_1_415' title='bbox 2189 2655 2328 2729; x_wconf 90' lang='lat' dir='ltr'><strong>apud</strong></span> <span class='ocrx_word' id='word_1_416' title='bbox 2360 2669 2415 2707; x_wconf 87' lang='lat' dir='ltr'><strong>se</strong></span> <span class='ocrx_word' id='word_1_417' title='bbox 2435 2649 2601 2721; x_wconf 88' lang='lat' dir='ltr'><strong>justis</strong></span> <span class='ocrx_word' id='word_1_418' title='bbox 2629 2639 3043 2716; x_wconf 86' lang='lat' dir='ltr'><strong>possessionibus</strong></span> <span class='ocrx_word' id='word_1_419' title='bbox 3071 2634 3287 2690; x_wconf 88' lang='lat' dir='ltr'><strong>nostris.</strong></span> <span class='ocrx_word' id='word_1_420' title='bbox 3333 2629 3444 2685; x_wconf 91' lang='lat' dir='ltr'><strong>Ne-</strong></span> 
     </span>
    </p>
   </div>
   <div class='ocr_carea' id='block_1_56' title="bbox 1854 2728 3448 2829">
    <p class='ocr_par' dir='ltr' id='par_1_56' title="bbox 1854 2728 3448 2829">
     <span class='ocr_line' id='line_1_58' title="bbox 1854 2728 3448 2829; baseline -0.024 -17"><span class='ocrx_word' id='word_1_421' title='bbox 1854 2774 1951 2829; x_wconf 86' lang='lat' dir='ltr'><strong>que</strong></span> <span class='ocrx_word' id='word_1_422' title='bbox 1977 2761 2113 2809; x_wconf 90' lang='lat' dir='ltr'><strong>certe</strong></span> <span class='ocrx_word' id='word_1_423' title='bbox 2142 2728 2276 2805; x_wconf 85' lang='lat' dir='ltr'><strong>satis</strong></span> <span class='ocrx_word' id='word_1_424' title='bbox 2307 2746 2410 2818; x_wconf 88' lang='lat' dir='ltr'><strong>fuit</strong></span> <span class='ocrx_word' id='word_1_425' title='bbox 2442 2741 2629 2815; x_wconf 90' lang='lat' dir='ltr'><strong>glorim</strong></span> <span class='ocrx_word' id='word_1_426' title='bbox 2654 2745 2840 2792; x_wconf 88' lang='lat' dir='ltr'><strong>vestrm</strong></span> <span class='ocrx_word' id='word_1_427' title='bbox 2859 2728 3245 2787; x_wconf 88' lang='lat' dir='ltr'><strong>ecclesiasticas</strong></span> <span class='ocrx_word' id='word_1_428' title='bbox 3267 2738 3448 2795; x_wconf 85' lang='lat' dir='ltr'><strong>perso-</strong></span> 
     </span>
    </p>
   </div>
   <div class='ocr_carea' id='block_1_57' title="bbox 1857 2816 3448 2904">
    <p class='ocr_par' dir='ltr' id='par_1_57' title="bbox 1857 2816 3448 2904">
     <span class='ocr_line' id='line_1_59' title="bbox 1857 2816 3448 2904; baseline -0.023 0"><span class='ocrx_word' id='word_1_429' title='bbox 1857 2866 1953 2903; x_wconf 88' lang='lat' dir='ltr'><strong>nas</strong></span> <span class='ocrx_word' id='word_1_430' title='bbox 1977 2850 2035 2902; x_wconf 88' lang='lat' dir='ltr'><strong>in</strong></span> <span class='ocrx_word' id='word_1_431' title='bbox 2068 2862 2160 2899; x_wconf 90' lang='lat' dir='ltr'><strong>nos</strong></span> <span class='ocrx_word' id='word_1_432' title='bbox 2190 2839 2548 2903; x_wconf 81' lang='lat' dir='ltr'><strong>commovisse,</strong></span> <span class='ocrx_word' id='word_1_433' title='bbox 2586 2839 2710 2904; x_wconf 90' lang='lat' dir='ltr'><strong>quot</strong></span> <span class='ocrx_word' id='word_1_434' title='bbox 2746 2837 3026 2896; x_wconf 88' lang='lat' dir='ltr'><strong>utcumque</strong></span> <span class='ocrx_word' id='word_1_435' title='bbox 3059 2821 3221 2893; x_wconf 88' lang='lat' dir='ltr'><strong>fuerit</strong></span> <span class='ocrx_word' id='word_1_436' title='bbox 3251 2816 3448 2870; x_wconf 87' lang='lat' dir='ltr'><strong>tolera-</strong></span> 
     </span>
    </p>
   </div>
   <div class='ocr_carea' id='block_1_58' title="bbox 1860 2908 3450 3005">
    <p class='ocr_par' dir='ltr' id='par_1_58' title="bbox 1860 2908 3450 3005">
     <span class='ocr_line' id='line_1_60' title="bbox 1860 2908 3450 3005; baseline -0.024 -9"><span class='ocrx_word' id='word_1_437' title='bbox 1860 2941 1998 3005; x_wconf 87' lang='lat' dir='ltr'><strong>bile;</strong></span> <span class='ocrx_word' id='word_1_438' title='bbox 2040 2938 2129 2993; x_wconf 85' lang='lat' dir='ltr'><strong>sed</strong></span> <span class='ocrx_word' id='word_1_439' title='bbox 2169 2945 2220 2990; x_wconf 88' lang='lat' dir='ltr'><strong>et</strong></span> <span class='ocrx_word' id='word_1_440' title='bbox 2261 2932 2520 2988; x_wconf 85' lang='lat' dir='ltr'><strong>conducta</strong></span> <span class='ocrx_word' id='word_1_441' title='bbox 2548 2922 2845 2997; x_wconf 84' lang='lat' dir='ltr'><strong>prmsentim</strong></span> <span class='ocrx_word' id='word_1_442' title='bbox 2890 2924 3075 2972; x_wconf 89' lang='lat' dir='ltr'><strong>vestrm</strong></span> <span class='ocrx_word' id='word_1_443' title='bbox 3112 2908 3450 2983; x_wconf 85' lang='lat' dir='ltr'><strong>quamplures</strong></span> 
     </span>
    </p>
   </div>
   <div class='ocr_carea' id='block_1_59' title="bbox 164 2996 3450 3139">
    <p class='ocr_par' dir='ltr' id='par_1_59' title="bbox 164 2996 3450 3139">
     <span class='ocr_line' id='line_1_61' title="bbox 164 2996 2556 3053; baseline -0.023 -7"><span class='ocrx_word' id='word_1_444' title='bbox 164 2996 450 3053; x_wconf 83' lang='lat' dir='ltr'><strong>recusavit,</strong></span> <span class='ocrx_word' id='word_1_445' title='bbox 479 2996 530 3039; x_wconf 91' lang='lat' dir='ltr'><strong>et</strong></span> <span class='ocrx_word' id='word_1_446' title='bbox 559 2996 766 3036; x_wconf 90' lang='lat' dir='ltr'><strong>crucem</strong></span> <span class='ocrx_word' id='word_1_447' title='bbox 792 2996 893 3031; x_wconf 81' lang='lat' dir='ltr'><strong>sun</strong></span> <span class='ocrx_word' id='word_1_448' title='bbox 921 2996 1164 3042; x_wconf 70' lang='lat' dir='ltr'><strong>uajutuus</strong></span> <span class='ocrx_word' id='word_1_449' title='bbox 1194 2996 1261 3021; x_wconf 78' lang='grc' dir='ltr'><strong>αα</strong></span> <span class='ocrx_word' id='word_1_450' title='bbox 1294 2996 1514 3019; x_wconf 69' lang='grc' dir='ltr'><strong>ηιυιιιηι</strong></span> <span class='ocrx_word' id='word_1_451' title='bbox 1541 2996 1635 3028; x_wconf 76' lang='grc' dir='ltr'><strong>,ην</strong></span> <span class='ocrx_word' id='word_1_452' title='bbox 1665 2996 1757 3013; x_wconf 75' lang='grc' dir='ltr'><strong>..υ-</strong></span> <span class='ocrx_word' id='word_1_453' title='bbox 1979 2996 1993 3005; x_wconf 91' lang='grc'><strong><em>,</em></strong></span> <span class='ocrx_word' id='word_1_454' title='bbox 2550 2996 2556 2997; x_wconf 20' lang='grc' dir='ltr'>ί</span> 
     </span>
     <span class='ocr_line' id='line_1_62' title="bbox 164 2996 3450 3139; baseline -0.023 0"><span class='ocrx_word' id='word_1_455' title='bbox 164 3084 244 3139; x_wconf 87' lang='lat' dir='ltr'><strong>bis</strong></span> <span class='ocrx_word' id='word_1_456' title='bbox 273 3082 419 3136; x_wconf 89' lang='lat' dir='ltr'><strong>ultro</strong></span> <span class='ocrx_word' id='word_1_457' title='bbox 446 3074 736 3139; x_wconf 87' lang='lat' dir='ltr'><strong>descendit,</strong></span> <span class='ocrx_word' id='word_1_458' title='bbox 770 3084 923 3139; x_wconf 88' lang='lat' dir='ltr'><strong>seque</strong></span> <span class='ocrx_word' id='word_1_459' title='bbox 950 3066 1090 3119; x_wconf 89' lang='lat' dir='ltr'><strong>viam</strong></span> <span class='ocrx_word' id='word_1_460' title='bbox 1118 3056 1442 3131; x_wconf 83' lang='lat' dir='ltr'><strong>humilitatis</strong></span> <span class='ocrx_word' id='word_1_461' title='bbox 1472 3068 1575 3106; x_wconf 90' lang='lat' dir='ltr'><strong>non</strong></span> <span class='ocrx_word' id='word_1_462' title='bbox 1608 3066 1759 3104; x_wconf 89' lang='lat' dir='ltr'><strong>arro-</strong></span> <span class='ocrx_word' id='word_1_463' title='bbox 1787 3073 1832 3136; x_wconf 68' lang='grc' dir='ltr'>ο</span> <span class='ocrx_word' id='word_1_464' title='bbox 1862 3030 2206 3089; x_wconf 71' lang='grc' dir='ltr'><strong>δωοιιιανὶαηι</strong></span> <span class='ocrx_word' id='word_1_465' title='bbox 2231 3035 2577 3095; x_wconf 78' lang='lat' dir='ltr'><strong>tyrannorum</strong></span> <span class='ocrx_word' id='word_1_466' title='bbox 2611 3014 2680 3069; x_wconf 73' lang='lat' dir='ltr'><strong>ad</strong></span> <span class='ocrx_word' id='word_1_467' title='bbox 2711 3029 2801 3066; x_wconf 74' lang='lat' dir='ltr'><strong>n08</strong></span> <span class='ocrx_word' id='word_1_468' title='bbox 2828 3003 3198 3091; x_wconf 58' lang='grc' dir='ltr'><strong>ἱειδεοιαηάὰηι</strong></span> <span class='ocrx_word' id='word_1_469' title='bbox 3215 2996 3450 3071; x_wconf 70' lang='grc' dir='ltr'><strong>Ρνωηιίίδ</strong></span> 
     </span>
     <span class='ocr_line' id='line_1_63' title="bbox 1902 3104 3450 3139; baseline -0.015 22"><span class='ocrx_word' id='word_1_470' title='bbox 1902 3136 1911 3139; x_wconf 68' lang='grc'><em>⁴</em></span> <span class='ocrx_word' id='word_1_471' title='bbox 2104 3124 2114 3136; x_wconf 81' lang='grc'><strong><em>⁸</em></strong></span> <span class='ocrx_word' id='word_1_472' title='bbox 2179 3118 2380 3139; x_wconf 59' lang='grc' dir='ltr'><strong>ὐ-ῖιυ·</strong></span> <span class='ocrx_word' id='word_1_473' title='bbox 2425 3109 2671 3139; x_wconf 66' lang='grc' dir='ltr'><strong>--ωι-οοῖρ</strong></span> <span class='ocrx_word' id='word_1_474' title='bbox 2731 3113 2777 3139; x_wconf 76' lang='lat' dir='ltr'><strong>nl</strong></span> <span class='ocrx_word' id='word_1_475' title='bbox 2813 3109 2997 3139; x_wconf 69' lang='lat' dir='ltr'><strong>rnnfrn</strong></span> <span class='ocrx_word' id='word_1_476' title='bbox 3026 3104 3328 3139; x_wconf 60' lang='lat' dir='ltr'><strong>animlm‘um</strong></span> <span class='ocrx_word' id='word_1_477' title='bbox 3360 3105 3450 3139; x_wconf 78' lang='grc' dir='ltr'><strong>εα-</strong></span> 
     </span>
    </p>
   </div>
   <div class='ocr_carea' id='block_1_60' title="bbox 722 3114 1223 3139">
    <p class='ocr_par' dir='ltr' id='par_1_60' title="bbox 722 3114 1223 3139">
     <span class='ocr_line' id='line_1_64' title="bbox 722 3114 1223 3139; baseline -0.018 1"><span class='ocrx_word' id='word_1_478' title='bbox 722 3114 736 3139; x_wconf 71' lang='lat' dir='ltr'><strong>s</strong></span> <span class='ocrx_word' id='word_1_479' title='bbox 770 3114 919 3139; x_wconf 66' lang='lat'><strong>&quot;1&#39;&quot;</strong></span> <span class='ocrx_word' id='word_1_480' title='bbox 1218 3127 1223 3131; x_wconf 88' lang='lat'><strong>.</strong></span> 
     </span>
    </p>
   </div>
   <div class='ocr_carea' id='block_1_61' title="bbox 167 3148 1762 3249">
    <p class='ocr_par' dir='ltr' id='par_1_61' title="bbox 167 3148 1762 3249">
     <span class='ocr_line' id='line_1_65' title="bbox 167 3148 1762 3249; baseline -0.024 -17"><span class='ocrx_word' id='word_1_481' title='bbox 167 3176 369 3249; x_wconf 84' lang='lat' dir='ltr'><strong>gantim</strong></span> <span class='ocrx_word' id='word_1_482' title='bbox 397 3168 671 3227; x_wconf 89' lang='lat' dir='ltr'><strong>constituit</strong></span> <span class='ocrx_word' id='word_1_483' title='bbox 698 3157 1060 3235; x_wconf 86' lang='lat' dir='ltr'><strong>imitatoribus</strong></span> <span class='ocrx_word' id='word_1_484' title='bbox 1089 3153 1220 3207; x_wconf 90' lang='lat' dir='ltr'><strong>suis.</strong></span> <span class='ocrx_word' id='word_1_485' title='bbox 1248 3148 1399 3203; x_wconf 86' lang='lat' dir='ltr'><strong>Idem</strong></span> <span class='ocrx_word' id='word_1_486' title='bbox 1429 3160 1701 3215; x_wconf 89' lang='lat' dir='ltr'><strong>resurgens</strong></span> <span class='ocrx_word' id='word_1_487' title='bbox 1727 3158 1762 3195; x_wconf 90' lang='lat' dir='ltr'><strong>a</strong></span> 
     </span>
    </p>
   </div>
   <div class='ocr_carea' id='block_1_62' title="bbox 169 3243 1761 3326">
    <p class='ocr_par' dir='ltr' id='par_1_62' title="bbox 169 3243 1761 3326">
     <span class='ocr_line' id='line_1_66' title="bbox 169 3243 1761 3326; baseline -0.024 1"><span class='ocrx_word' id='word_1_488' title='bbox 169 3269 399 3326; x_wconf 86' lang='lat' dir='ltr'><strong>mortuis</strong></span> <span class='ocrx_word' id='word_1_489' title='bbox 446 3266 503 3319; x_wconf 89' lang='lat' dir='ltr'><strong>in</strong></span> <span class='ocrx_word' id='word_1_490' title='bbox 556 3262 697 3317; x_wconf 89' lang='lat' dir='ltr'><strong>trina</strong></span> <span class='ocrx_word' id='word_1_491' title='bbox 747 3253 1072 3325; x_wconf 76' lang='lat' dir='ltr'><strong>confessione</strong></span> <span class='ocrx_word' id='word_1_492' title='bbox 1119 3243 1420 3299; x_wconf 87' lang='lat' dir='ltr'><strong>dilectionis</strong></span> <span class='ocrx_word' id='word_1_493' title='bbox 1465 3255 1576 3294; x_wconf 86' lang='lat' dir='ltr'><strong>sum</strong></span> <span class='ocrx_word' id='word_1_494' title='bbox 1624 3253 1761 3302; x_wconf 87' lang='lat' dir='ltr'><strong>oves,</strong></span> 
     </span>
    </p>
   </div>
   <div class='ocr_carea' id='block_1_63' title="bbox 169 3329 1764 3435">
    <p class='ocr_par' dir='ltr' id='par_1_63' title="bbox 169 3329 1764 3435">
     <span class='ocr_line' id='line_1_67' title="bbox 169 3329 1764 3435; baseline -0.024 -17"><span class='ocrx_word' id='word_1_495' title='bbox 169 3378 307 3435; x_wconf 92' lang='lat' dir='ltr'><strong>quas</strong></span> <span class='ocrx_word' id='word_1_496' title='bbox 335 3357 592 3428; x_wconf 84' lang='lat' dir='ltr'><strong>sanguine</strong></span> <span class='ocrx_word' id='word_1_497' title='bbox 612 3368 708 3406; x_wconf 90' lang='lat' dir='ltr'><strong>suo</strong></span> <span class='ocrx_word' id='word_1_498' title='bbox 732 3348 1043 3408; x_wconf 86' lang='lat' dir='ltr'><strong>redemerat,</strong></span> <span class='ocrx_word' id='word_1_499' title='bbox 1068 3340 1229 3394; x_wconf 90' lang='lat' dir='ltr'><strong>Petro</strong></span> <span class='ocrx_word' id='word_1_500' title='bbox 1259 3334 1544 3389; x_wconf 88' lang='lat' dir='ltr'><strong>commisit.</strong></span> <span class='ocrx_word' id='word_1_501' title='bbox 1570 3329 1764 3384; x_wconf 86' lang='lat' dir='ltr'><strong>Petrus</strong></span> 
     </span>
    </p>
   </div>
   <div class='ocr_carea' id='block_1_64' title="bbox 175 3423 1767 3515">
    <p class='ocr_par' dir='ltr' id='par_1_64' title="bbox 175 3423 1767 3515">
     <span class='ocr_line' id='line_1_68' title="bbox 175 3423 1767 3515; baseline -0.021 -9"><span class='ocrx_word' id='word_1_502' title='bbox 175 3423 300 3505; x_wconf 75' lang='lat' dir='ltr'><strong>cum</strong></span> <span class='ocrx_word' id='word_1_503' title='bbox 335 3423 464 3502; x_wconf 80' lang='lat' dir='ltr'><strong>data</strong></span> <span class='ocrx_word' id='word_1_504' title='bbox 513 3446 614 3501; x_wconf 88' lang='lat' dir='ltr'><strong>sibi</strong></span> <span class='ocrx_word' id='word_1_505' title='bbox 645 3448 903 3515; x_wconf 88' lang='lat' dir='ltr'><strong>potestate</strong></span> <span class='ocrx_word' id='word_1_506' title='bbox 930 3433 1137 3507; x_wconf 90' lang='lat' dir='ltr'><strong>ligandi</strong></span> <span class='ocrx_word' id='word_1_507' title='bbox 1180 3439 1231 3485; x_wconf 91' lang='lat' dir='ltr'><strong>et</strong></span> <span class='ocrx_word' id='word_1_508' title='bbox 1261 3425 1495 3483; x_wconf 86' lang='lat' dir='ltr'><strong>solvendi</strong></span> <span class='ocrx_word' id='word_1_509' title='bbox 1526 3423 1767 3478; x_wconf 88' lang='lat' dir='ltr'><strong>eamdem</strong></span> 
     </span>
    </p>
   </div>
   <div class='ocr_carea' id='block_1_65' title="bbox 176 3511 1771 3595">
    <p class='ocr_par' dir='ltr' id='par_1_65' title="bbox 176 3511 1771 3595">
     <span class='ocr_line' id='line_1_69' title="bbox 176 3511 1771 3595; baseline -0.019 -2"><span class='ocrx_word' id='word_1_510' title='bbox 176 3536 557 3595; x_wconf 90' lang='lat' dir='ltr'><strong>auctoritatem</strong></span> <span class='ocrx_word' id='word_1_511' title='bbox 581 3541 631 3585; x_wconf 91' lang='lat' dir='ltr'><strong>et</strong></span> <span class='ocrx_word' id='word_1_512' title='bbox 645 3511 839 3583; x_wconf 82' lang='lat' dir='ltr'><strong>curam</strong></span> <span class='ocrx_word' id='word_1_513' title='bbox 867 3527 978 3582; x_wconf 87' lang='lat' dir='ltr'><strong>sedi</strong></span> <span class='ocrx_word' id='word_1_514' title='bbox 1007 3524 1260 3579; x_wconf 78' lang='lat' dir='ltr'><strong>Romana:</strong></span> <span class='ocrx_word' id='word_1_515' title='bbox 1290 3516 1520 3588; x_wconf 88' lang='lat' dir='ltr'><strong>reliquit.</strong></span> <span class='ocrx_word' id='word_1_516' title='bbox 1550 3511 1771 3567; x_wconf 86' lang='lat' dir='ltr'><strong>Constat</strong></span> 
     </span>
    </p>
   </div>
   <div class='ocr_carea' id='block_1_66' title="bbox 178 3604 1773 3702">
    <p class='ocr_par' dir='ltr' id='par_1_66' title="bbox 178 3604 1773 3702">
     <span class='ocr_line' id='line_1_70' title="bbox 178 3604 1773 3702; baseline -0.021 -16"><span class='ocrx_word' id='word_1_517' title='bbox 178 3646 306 3702; x_wconf 80' lang='lat' dir='ltr'><strong>ergo</strong></span> <span class='ocrx_word' id='word_1_518' title='bbox 338 3626 553 3682; x_wconf 87' lang='lat' dir='ltr'><strong>Christo</strong></span> <span class='ocrx_word' id='word_1_519' title='bbox 584 3635 907 3691; x_wconf 84' lang='lat' dir='ltr'><strong>repugnare,</strong></span> <span class='ocrx_word' id='word_1_520' title='bbox 956 3613 1329 3668; x_wconf 78' lang='lat' dir='ltr'><strong>ecclesiastica:</strong></span> <span class='ocrx_word' id='word_1_521' title='bbox 1375 3604 1685 3659; x_wconf 84' lang='lat' dir='ltr'><strong>auctoritati</strong></span> <span class='ocrx_word' id='word_1_522' title='bbox 1722 3610 1773 3655; x_wconf 88' lang='lat' dir='ltr'><strong>et</strong></span> 
     </span>
    </p>
   </div>
   <div class='ocr_carea' id='block_1_67' title="bbox 183 3691 1776 3795">
    <p class='ocr_par' dir='ltr' id='par_1_67' title="bbox 183 3691 1776 3795">
     <span class='ocr_line' id='line_1_71' title="bbox 183 3691 1776 3795; baseline -0.023 -17"><span class='ocrx_word' id='word_1_523' title='bbox 183 3718 497 3795; x_wconf 76' lang='lat' dir='ltr'><strong>apostolica:</strong></span> <span class='ocrx_word' id='word_1_524' title='bbox 541 3713 653 3769; x_wconf 88' lang='lat' dir='ltr'><strong>sedi</strong></span> <span class='ocrx_word' id='word_1_525' title='bbox 688 3726 792 3765; x_wconf 88' lang='lat' dir='ltr'><strong>non</strong></span> <span class='ocrx_word' id='word_1_526' title='bbox 825 3706 1032 3761; x_wconf 89' lang='lat' dir='ltr'><strong>obedire</strong></span> <span class='ocrx_word' id='word_1_527' title='bbox 1056 3745 1071 3769; x_wconf 96' lang='lat'><strong>,</strong></span> <span class='ocrx_word' id='word_1_528' title='bbox 1115 3710 1165 3755; x_wconf 90' lang='lat' dir='ltr'><strong>et</strong></span> <span class='ocrx_word' id='word_1_529' title='bbox 1204 3716 1290 3753; x_wconf 89' lang='lat' dir='ltr'><strong>eos</strong></span> <span class='ocrx_word' id='word_1_530' title='bbox 1343 3705 1550 3751; x_wconf 86' lang='lat' dir='ltr'><strong>mternm</strong></span> <span class='ocrx_word' id='word_1_531' title='bbox 1589 3691 1776 3745; x_wconf 89' lang='lat' dir='ltr'><strong>mortis</strong></span> 
     </span>
    </p>
   </div>
   <div class='ocr_carea' id='block_1_68' title="bbox 186 3779 1778 3872">
    <p class='ocr_par' dir='ltr' id='par_1_68' title="bbox 186 3779 1778 3872">
     <span class='ocr_line' id='line_1_72' title="bbox 186 3779 1778 3872; baseline -0.026 -1"><span class='ocrx_word' id='word_1_532' title='bbox 186 3812 395 3871; x_wconf 88' lang='lat' dir='ltr'><strong>diluvio</strong></span> <span class='ocrx_word' id='word_1_533' title='bbox 427 3805 619 3863; x_wconf 82' lang='lat' dir='ltr'><strong>involvi</strong></span> <span class='ocrx_word' id='word_1_534' title='bbox 646 3845 661 3870; x_wconf 97' lang='lat'><strong>,</strong></span> <span class='ocrx_word' id='word_1_535' title='bbox 701 3800 791 3872; x_wconf 92' lang='lat' dir='ltr'><strong>qui</strong></span> <span class='ocrx_word' id='word_1_536' title='bbox 832 3804 987 3852; x_wconf 75' lang='lat' dir='ltr'><strong>extra</strong></span> <span class='ocrx_word' id='word_1_537' title='bbox 1018 3807 1200 3846; x_wconf 88' lang='lat' dir='ltr'><strong>arcam</strong></span> <span class='ocrx_word' id='word_1_538' title='bbox 1249 3785 1523 3841; x_wconf 88' lang='lat' dir='ltr'><strong>catholicm</strong></span> <span class='ocrx_word' id='word_1_539' title='bbox 1549 3779 1778 3835; x_wconf 88' lang='lat' dir='ltr'><strong>unitatis</strong></span> 
     </span>
    </p>
   </div>
   <div class='ocr_carea' id='block_1_69' title="bbox 190 3870 1779 3980">
    <p class='ocr_par' dir='ltr' id='par_1_69' title="bbox 190 3870 1779 3980">
     <span class='ocr_line' id='line_1_73' title="bbox 190 3870 1779 3980; baseline -0.026 -17"><span class='ocrx_word' id='word_1_540' title='bbox 190 3908 394 3980; x_wconf 75' lang='lat' dir='ltr'><strong>fuerint</strong></span> <span class='ocrx_word' id='word_1_541' title='bbox 426 3897 636 3971; x_wconf 87' lang='lat' dir='ltr'><strong>reperti.</strong></span> <span class='ocrx_word' id='word_1_542' title='bbox 669 3870 751 3948; x_wconf 83' lang='lat' dir='ltr'><strong>Ad</strong></span> <span class='ocrx_word' id='word_1_543' title='bbox 777 3892 912 3945; x_wconf 89' lang='lat' dir='ltr'><strong>hanc</strong></span> <span class='ocrx_word' id='word_1_544' title='bbox 936 3886 1093 3958; x_wconf 80' lang='lat' dir='ltr'><strong>fidem</strong></span> <span class='ocrx_word' id='word_1_545' title='bbox 1121 3879 1397 3936; x_wconf 90' lang='lat' dir='ltr'><strong>tenendam</strong></span> <span class='ocrx_word' id='word_1_546' title='bbox 1421 3877 1642 3929; x_wconf 88' lang='lat' dir='ltr'><strong>domnus</strong></span> <span class='ocrx_word' id='word_1_547' title='bbox 1674 3870 1779 3924; x_wconf 85' lang='lat' dir='ltr'><strong>Be-</strong></span> 
     </span>
    </p>
   </div>
   <div class='ocr_carea' id='block_1_70' title="bbox 191 3966 1783 4070">
    <p class='ocr_par' dir='ltr' id='par_1_70' title="bbox 191 3966 1783 4070">
     <span class='ocr_line' id='line_1_74' title="bbox 191 3966 1783 4070; baseline -0.026 -15"><span class='ocrx_word' id='word_1_548' title='bbox 191 4011 443 4070; x_wconf 89' lang='lat' dir='ltr'><strong>rengerus</strong></span> <span class='ocrx_word' id='word_1_549' title='bbox 469 4007 589 4046; x_wconf 87' lang='lat' dir='ltr'><strong>cum</strong></span> <span class='ocrx_word' id='word_1_550' title='bbox 617 3988 727 4043; x_wconf 88' lang='lat' dir='ltr'><strong>suis</strong></span> <span class='ocrx_word' id='word_1_551' title='bbox 756 3991 928 4038; x_wconf 88' lang='lat' dir='ltr'><strong>vestra</strong></span> <span class='ocrx_word' id='word_1_552' title='bbox 957 3992 1156 4050; x_wconf 87' lang='lat' dir='ltr'><strong>quoque</strong></span> <span class='ocrx_word' id='word_1_553' title='bbox 1199 3970 1468 4027; x_wconf 89' lang='lat' dir='ltr'><strong>industria</strong></span> <span class='ocrx_word' id='word_1_554' title='bbox 1498 3966 1705 4020; x_wconf 89' lang='lat' dir='ltr'><strong>doctior</strong></span> <span class='ocrx_word' id='word_1_555' title='bbox 1732 3968 1783 4017; x_wconf 92' lang='lat' dir='ltr'><strong>et</strong></span> 
     </span>
    </p>
   </div>
   <div class='ocr_carea' id='block_1_71' title="bbox 198 4060 1784 4165">
    <p class='ocr_par' dir='ltr' id='par_1_71' title="bbox 198 4060 1784 4165">
     <span class='ocr_line' id='line_1_75' title="bbox 198 4060 1784 4165; baseline -0.024 -17"><span class='ocrx_word' id='word_1_556' title='bbox 198 4089 485 4165; x_wconf 84' lang='lat' dir='ltr'><strong>ferventior</strong></span> <span class='ocrx_word' id='word_1_557' title='bbox 516 4083 723 4147; x_wconf 88' lang='lat' dir='ltr'><strong>ceteris,</strong></span> <span class='ocrx_word' id='word_1_558' title='bbox 755 4094 848 4132; x_wconf 89' lang='lat' dir='ltr'><strong>nos</strong></span> <span class='ocrx_word' id='word_1_559' title='bbox 879 4074 1033 4147; x_wconf 87' lang='lat' dir='ltr'><strong>quasi</strong></span> <span class='ocrx_word' id='word_1_560' title='bbox 1066 4067 1412 4138; x_wconf 81' lang='lat' dir='ltr'><strong>simpliciores</strong></span> <span class='ocrx_word' id='word_1_561' title='bbox 1446 4070 1495 4116; x_wconf 91' lang='lat' dir='ltr'><strong>et</strong></span> <span class='ocrx_word' id='word_1_562' title='bbox 1525 4060 1784 4115; x_wconf 86' lang='lat' dir='ltr'><strong>tardiores</strong></span> 
     </span>
    </p>
   </div>
   <div class='ocr_carea' id='block_1_72' title="bbox 199 4149 1788 4257">
    <p class='ocr_par' dir='ltr' id='par_1_72' title="bbox 199 4149 1788 4257">
     <span class='ocr_line' id='line_1_76' title="bbox 199 4149 1788 4257; baseline -0.025 -15"><span class='ocrx_word' id='word_1_563' title='bbox 199 4180 537 4257; x_wconf 89' lang='lat' dir='ltr'><strong>informavit,</strong></span> <span class='ocrx_word' id='word_1_564' title='bbox 570 4176 639 4231; x_wconf 90' lang='lat' dir='ltr'><strong>ad</strong></span> <span class='ocrx_word' id='word_1_565' title='bbox 669 4173 781 4244; x_wconf 85' lang='lat' dir='ltr'><strong>ejus</strong></span> <span class='ocrx_word' id='word_1_566' title='bbox 811 4168 1168 4240; x_wconf 82' lang='lat' dir='ltr'><strong>defensionem</strong></span> <span class='ocrx_word' id='word_1_567' title='bbox 1211 4160 1373 4215; x_wconf 89' lang='lat' dir='ltr'><strong>etiam</strong></span> <span class='ocrx_word' id='word_1_568' title='bbox 1402 4172 1520 4210; x_wconf 90' lang='lat' dir='ltr'><strong>cum</strong></span> <span class='ocrx_word' id='word_1_569' title='bbox 1554 4149 1788 4225; x_wconf 88' lang='lat' dir='ltr'><strong>periculo</strong></span> 
     </span>
    </p>
   </div>
   <div class='ocr_carea' id='block_1_73' title="bbox 200 4245 1790 4337">
    <p class='ocr_par' dir='ltr' id='par_1_73' title="bbox 200 4245 1790 4337">
     <span class='ocr_line' id='line_1_77' title="bbox 200 4245 1790 4337; baseline -0.026 0"><span class='ocrx_word' id='word_1_570' title='bbox 200 4282 324 4337; x_wconf 87' lang='lat' dir='ltr'><strong>vitm</strong></span> <span class='ocrx_word' id='word_1_571' title='bbox 380 4281 575 4330; x_wconf 89' lang='lat' dir='ltr'><strong>nostrm</strong></span> <span class='ocrx_word' id='word_1_572' title='bbox 611 4265 908 4336; x_wconf 67' lang='lat' dir='ltr'><strong>exemplum</strong></span> <span class='ocrx_word' id='word_1_573' title='bbox 949 4267 1177 4315; x_wconf 88' lang='lat' dir='ltr'><strong>vestrum</strong></span> <span class='ocrx_word' id='word_1_574' title='bbox 1219 4252 1465 4309; x_wconf 85' lang='lat' dir='ltr'><strong>armavit.</strong></span> <span class='ocrx_word' id='word_1_575' title='bbox 1516 4245 1790 4313; x_wconf 83' lang='lat' dir='ltr'><strong>Quomodo</strong></span> 
     </span>
    </p>
   </div>
   <div class='ocr_carea' id='block_1_74' title="bbox 1864 3088 3453 3197">
    <p class='ocr_par' dir='ltr' id='par_1_74' title="bbox 1864 3088 3453 3197">
     <span class='ocr_line' id='line_1_78' title="bbox 1864 3088 3453 3197; baseline -0.028 -13"><span class='ocrx_word' id='word_1_576' title='bbox 1864 3136 1913 3183; x_wconf 90' lang='lat' dir='ltr'><strong>et</strong></span> <span class='ocrx_word' id='word_1_577' title='bbox 1944 3118 2381 3197; x_wconf 86' lang='lat' dir='ltr'><strong>promissionibus</strong></span> <span class='ocrx_word' id='word_1_578' title='bbox 2418 3109 2693 3172; x_wconf 90' lang='lat' dir='ltr'><strong>armastis,</strong></span> <span class='ocrx_word' id='word_1_579' title='bbox 2729 3113 2779 3159; x_wconf 88' lang='lat' dir='ltr'><strong>et</strong></span> <span class='ocrx_word' id='word_1_580' title='bbox 2812 3088 2999 3156; x_wconf 88' lang='lat' dir='ltr'><strong>contra</strong></span> <span class='ocrx_word' id='word_1_581' title='bbox 3026 3104 3328 3151; x_wconf 89' lang='lat' dir='ltr'><strong>sanctorum</strong></span> <span class='ocrx_word' id='word_1_582' title='bbox 3360 3105 3453 3142; x_wconf 87' lang='lat' dir='ltr'><strong>ca-</strong></span> 
     </span>
    </p>
   </div>
   <div class='ocr_carea' id='block_1_75' title="bbox 1867 3180 3458 3274">
    <p class='ocr_par' dir='ltr' id='par_1_75' title="bbox 1867 3180 3458 3274">
     <span class='ocr_line' id='line_1_79' title="bbox 1867 3180 3458 3274; baseline -0.026 1"><span class='ocrx_word' id='word_1_583' title='bbox 1867 3234 2062 3274; x_wconf 90' lang='lat' dir='ltr'><strong>nonum</strong></span> <span class='ocrx_word' id='word_1_584' title='bbox 2109 3214 2318 3269; x_wconf 89' lang='lat' dir='ltr'><strong>decreta</strong></span> <span class='ocrx_word' id='word_1_585' title='bbox 2363 3208 2431 3262; x_wconf 91' lang='lat' dir='ltr'><strong>ad</strong></span> <span class='ocrx_word' id='word_1_586' title='bbox 2471 3180 2803 3259; x_wconf 85' lang='lat' dir='ltr'><strong>audientiam</strong></span> <span class='ocrx_word' id='word_1_587' title='bbox 2840 3208 3020 3249; x_wconf 88' lang='lat' dir='ltr'><strong>eorum</strong></span> <span class='ocrx_word' id='word_1_588' title='bbox 3070 3204 3162 3241; x_wconf 90' lang='lat' dir='ltr'><strong>nos</strong></span> <span class='ocrx_word' id='word_1_589' title='bbox 3207 3182 3458 3239; x_wconf 82' lang='lat' dir='ltr'><strong>violenter</strong></span> 
     </span>
    </p>
   </div>
   <div class='ocr_carea' id='block_1_76' title="bbox 1872 3280 3456 3381">
    <p class='ocr_par' dir='ltr' id='par_1_76' title="bbox 1872 3280 3456 3381">
     <span class='ocr_line' id='line_1_80' title="bbox 1872 3280 3456 3381; baseline -0.027 -14"><span class='ocrx_word' id='word_1_590' title='bbox 1872 3309 2139 3381; x_wconf 89' lang='lat' dir='ltr'><strong>coegistis.</strong></span> <span class='ocrx_word' id='word_1_591' title='bbox 2170 3304 2273 3371; x_wconf 85' lang='lat' dir='ltr'><strong>Qui</strong></span> <span class='ocrx_word' id='word_1_592' title='bbox 2298 3303 2355 3356; x_wconf 90' lang='lat' dir='ltr'><strong>in</strong></span> <span class='ocrx_word' id='word_1_593' title='bbox 2377 3315 2469 3354; x_wconf 91' lang='lat' dir='ltr'><strong>nos</strong></span> <span class='ocrx_word' id='word_1_594' title='bbox 2498 3296 2631 3351; x_wconf 87' lang='lat' dir='ltr'><strong>satis</strong></span> <span class='ocrx_word' id='word_1_595' title='bbox 2657 3288 2993 3346; x_wconf 89' lang='lat' dir='ltr'><strong>humaniores</strong></span> <span class='ocrx_word' id='word_1_596' title='bbox 3021 3280 3245 3335; x_wconf 87' lang='lat' dir='ltr'><strong>caritate</strong></span> <span class='ocrx_word' id='word_1_597' title='bbox 3264 3282 3456 3337; x_wconf 89' lang='lat' dir='ltr'><strong>vestra,</strong></span> 
     </span>
    </p>
   </div>
   <div class='ocr_carea' id='block_1_77' title="bbox 1870 3366 3463 3468">
    <p class='ocr_par' dir='ltr' id='par_1_77' title="bbox 1870 3366 3463 3468">
     <span class='ocr_line' id='line_1_81' title="bbox 1870 3366 3463 3468; baseline -0.028 -8"><span class='ocrx_word' id='word_1_598' title='bbox 1870 3420 1991 3460; x_wconf 92' lang='lat' dir='ltr'><strong>cum</strong></span> <span class='ocrx_word' id='word_1_599' title='bbox 2040 3397 2428 3468; x_wconf 87' lang='lat' dir='ltr'><strong>intelligerent,</strong></span> <span class='ocrx_word' id='word_1_600' title='bbox 2478 3391 2637 3444; x_wconf 89' lang='lat' dir='ltr'><strong>immo</strong></span> <span class='ocrx_word' id='word_1_601' title='bbox 2674 3398 2793 3438; x_wconf 90' lang='lat' dir='ltr'><strong>cum</strong></span> <span class='ocrx_word' id='word_1_602' title='bbox 2833 3379 3157 3434; x_wconf 87' lang='lat' dir='ltr'><strong>mirarentur</strong></span> <span class='ocrx_word' id='word_1_603' title='bbox 3194 3384 3287 3424; x_wconf 89' lang='lat' dir='ltr'><strong>nos</strong></span> <span class='ocrx_word' id='word_1_604' title='bbox 3314 3366 3384 3398; x_wconf 78' lang='grc'><strong>¹³⁴⁵</strong></span> <span class='ocrx_word' id='word_1_605' title='bbox 3427 3380 3463 3417; x_wconf 88' lang='lat' dir='ltr'><strong>a</strong></span> 
     </span>
    </p>
   </div>
   <div class='ocr_carea' id='block_1_78' title="bbox 1870 3458 3461 3569">
    <p class='ocr_par' dir='ltr' id='par_1_78' title="bbox 1870 3458 3461 3569">
     <span class='ocr_line' id='line_1_82' title="bbox 1870 3458 3461 3569; baseline -0.028 -17"><span class='ocrx_word' id='word_1_606' title='bbox 1870 3496 2037 3569; x_wconf 89' lang='lat' dir='ltr'><strong>priori</strong></span> <span class='ocrx_word' id='word_1_607' title='bbox 2070 3489 2329 3546; x_wconf 85' lang='lat' dir='ltr'><strong>sententia</strong></span> <span class='ocrx_word' id='word_1_608' title='bbox 2360 3482 2599 3540; x_wconf 88' lang='lat' dir='ltr'><strong>veritatis</strong></span> <span class='ocrx_word' id='word_1_609' title='bbox 2628 3472 2929 3537; x_wconf 85' lang='lat' dir='ltr'><strong>dissentire,</strong></span> <span class='ocrx_word' id='word_1_610' title='bbox 2959 3466 3340 3522; x_wconf 78' lang='lat' dir='ltr'><strong>exhorruerunt</strong></span> <span class='ocrx_word' id='word_1_611' title='bbox 3374 3458 3461 3510; x_wconf 91' lang='lat' dir='ltr'><strong>in-</strong></span> 
     </span>
     <span class='ocr_line' id='line_1_83' title="bbox 3018 3548 3461 3569; baseline -0.023 0"><span class='ocrx_word' id='word_1_612' title='bbox 3018 3559 3030 3569; x_wconf 91' lang='lat'><strong>.</strong></span> <span class='ocrx_word' id='word_1_613' title='bbox 3092 3558 3124 3569; x_wconf 95' lang='lat'><strong>..</strong></span> <span class='ocrx_word' id='word_1_614' title='bbox 3303 3548 3461 3569; x_wconf 43' lang='grc' dir='ltr'><strong>,κυ-</strong></span> 
     </span>
    </p>
   </div>
   <div class='ocr_carea' id='block_1_79' title="bbox 1878 3548 3463 3650">
    <p class='ocr_par' dir='ltr' id='par_1_79' title="bbox 1878 3548 3463 3650">
     <span class='ocr_line' id='line_1_84' title="bbox 1878 3548 1975 3568; baseline -0.031 -15"><span class='ocrx_word' id='word_1_615' title='bbox 1878 3548 1919 3568; x_wconf 61' lang='grc' dir='ltr'>Γ.</span> <span class='ocrx_word' id='word_1_616' title='bbox 1942 3548 1975 3550; x_wconf 76' lang='lat'><strong>._</strong></span> 
     </span>
     <span class='ocr_line' id='line_1_85' title="bbox 1878 3548 3463 3650; baseline -0.028 -5"><span class='ocrx_word' id='word_1_617' title='bbox 1878 3599 1956 3644; x_wconf 88' lang='lat' dir='ltr'><strong>ter</strong></span> <span class='ocrx_word' id='word_1_618' title='bbox 1984 3604 2076 3642; x_wconf 90' lang='lat' dir='ltr'><strong>nos</strong></span> <span class='ocrx_word' id='word_1_619' title='bbox 2109 3590 2340 3639; x_wconf 87' lang='lat' dir='ltr'><strong>tractare</strong></span> <span class='ocrx_word' id='word_1_620' title='bbox 2365 3576 2503 3650; x_wconf 90' lang='lat' dir='ltr'><strong>quod</strong></span> <span class='ocrx_word' id='word_1_621' title='bbox 2535 3588 2639 3629; x_wconf 89' lang='lat' dir='ltr'><strong>non</strong></span> <span class='ocrx_word' id='word_1_622' title='bbox 2662 3574 2777 3624; x_wconf 88' lang='lat' dir='ltr'><strong>erat</strong></span> <span class='ocrx_word' id='word_1_623' title='bbox 2805 3577 2986 3620; x_wconf 87' lang='lat' dir='ltr'><strong>eorum</strong></span> <span class='ocrx_word' id='word_1_624' title='bbox 3002 3558 3265 3629; x_wconf 80' lang='lat' dir='ltr'><strong>judicare.</strong></span> <span class='ocrx_word' id='word_1_625' title='bbox 3293 3548 3463 3605; x_wconf 84' lang='lat' dir='ltr'><strong>Nobis</strong></span> 
     </span>
    </p>
   </div>
   <div class='ocr_carea' id='block_1_80' title="bbox 1879 3642 3466 3732">
    <p class='ocr_par' dir='ltr' id='par_1_80' title="bbox 1879 3642 3466 3732">
     <span class='ocr_line' id='line_1_86' title="bbox 1879 3642 3466 3732; baseline -0.026 1"><span class='ocrx_word' id='word_1_626' title='bbox 1879 3688 2058 3732; x_wconf 90' lang='lat' dir='ltr'><strong>autem</strong></span> <span class='ocrx_word' id='word_1_627' title='bbox 2093 3674 2424 3729; x_wconf 87' lang='lat' dir='ltr'><strong>audientiam</strong></span> <span class='ocrx_word' id='word_1_628' title='bbox 2470 3665 2546 3721; x_wconf 89' lang='lat' dir='ltr'><strong>vel</strong></span> <span class='ocrx_word' id='word_1_629' title='bbox 2576 3659 2846 3718; x_wconf 78' lang='lat' dir='ltr'><strong>Bernensis</strong></span> <span class='ocrx_word' id='word_1_630' title='bbox 2878 3652 2954 3709; x_wconf 88' lang='lat' dir='ltr'><strong>vel</strong></span> <span class='ocrx_word' id='word_1_631' title='bbox 2979 3642 3466 3704; x_wconf 66' lang='lat' dir='ltr'><strong>Laudunensiseco</strong></span> 
     </span>
    </p>
   </div>
   <div class='ocr_carea' id='block_1_81' title="bbox 1880 3728 3467 3825">
    <p class='ocr_par' dir='ltr' id='par_1_81' title="bbox 1880 3728 3467 3825">
     <span class='ocr_line' id='line_1_87' title="bbox 1880 3728 3467 3825; baseline -0.027 -1"><span class='ocrx_word' id='word_1_632' title='bbox 1880 3769 2052 3825; x_wconf 88' lang='lat' dir='ltr'><strong>clesim</strong></span> <span class='ocrx_word' id='word_1_633' title='bbox 2082 3758 2511 3821; x_wconf 87' lang='lat' dir='ltr'><strong>reclamantibus,</strong></span> <span class='ocrx_word' id='word_1_634' title='bbox 2537 3752 2750 3806; x_wconf 89' lang='lat' dir='ltr'><strong>tandem</strong></span> <span class='ocrx_word' id='word_1_635' title='bbox 2779 3745 2955 3800; x_wconf 86' lang='lat' dir='ltr'><strong>Remis</strong></span> <span class='ocrx_word' id='word_1_636' title='bbox 2986 3737 3339 3797; x_wconf 87' lang='lat' dir='ltr'><strong>convenimus,</strong></span> <span class='ocrx_word' id='word_1_637' title='bbox 3360 3728 3467 3783; x_wconf 89' lang='lat' dir='ltr'><strong>ibi-</strong></span> 
     </span>
    </p>
   </div>
   <div class='ocr_carea' id='block_1_82' title="bbox 1882 3820 3471 3940">
    <p class='ocr_par' dir='ltr' id='par_1_82' title="bbox 1882 3820 3471 3940">
     <span class='ocr_line' id='line_1_88' title="bbox 1882 3820 3471 3940; baseline -0.032 -19"><span class='ocrx_word' id='word_1_638' title='bbox 1882 3883 1980 3940; x_wconf 88' lang='lat' dir='ltr'><strong>que</strong></span> <span class='ocrx_word' id='word_1_639' title='bbox 2033 3876 2153 3915; x_wconf 88' lang='lat' dir='ltr'><strong>cum</strong></span> <span class='ocrx_word' id='word_1_640' title='bbox 2181 3854 2427 3910; x_wconf 83' lang='lat' dir='ltr'><strong>Manasse</strong></span> <span class='ocrx_word' id='word_1_641' title='bbox 2462 3842 2852 3911; x_wconf 88' lang='lat' dir='ltr'><strong>archiepiscopo</strong></span> <span class='ocrx_word' id='word_1_642' title='bbox 2884 3830 3298 3901; x_wconf 77' lang='lat' dir='ltr'><strong>Engclramnum</strong></span> <span class='ocrx_word' id='word_1_643' title='bbox 3326 3820 3471 3874; x_wconf 90' lang='lat' dir='ltr'><strong>Lau-</strong></span> 
     </span>
    </p>
   </div>
   <div class='ocr_carea' id='block_1_83' title="bbox 1884 3910 3473 4017">
    <p class='ocr_par' dir='ltr' id='par_1_83' title="bbox 1884 3910 3473 4017">
     <span class='ocr_line' id='line_1_89' title="bbox 1884 3910 2648 3940; baseline -0.047 7"><span class='ocrx_word' id='word_1_644' title='bbox 1884 3910 1978 3940; x_wconf 68' lang='grc' dir='ltr'><strong>-ι-’ν</strong></span> <span class='ocrx_word' id='word_1_645' title='bbox 2642 3910 2648 3911; x_wconf 63' lang='lat'><strong><em>,</em></strong></span> 
     </span>
     <span class='ocr_line' id='line_1_90' title="bbox 1884 3910 3473 4017; baseline -0.035 -1"><span class='ocrx_word' id='word_1_646' title='bbox 1884 3960 2171 4015; x_wconf 87' lang='lat' dir='ltr'><strong>dunensem</strong></span> <span class='ocrx_word' id='word_1_647' title='bbox 2198 3947 2498 4017; x_wconf 86' lang='lat' dir='ltr'><strong>episcopum</strong></span> <span class='ocrx_word' id='word_1_648' title='bbox 2525 3932 2699 4006; x_wconf 90' lang='lat' dir='ltr'><strong>pridie</strong></span> <span class='ocrx_word' id='word_1_649' title='bbox 2745 3928 2915 3981; x_wconf 86' lang='lat' dir='ltr'><strong>Roma</strong></span> <span class='ocrx_word' id='word_1_650' title='bbox 2951 3932 3241 3991; x_wconf 87' lang='lat' dir='ltr'><strong>regressum</strong></span> <span class='ocrx_word' id='word_1_651' title='bbox 3272 3910 3473 3967; x_wconf 82' lang='lat' dir='ltr'><strong>inveni-</strong></span> 
     </span>
    </p>
   </div>
   <div class='ocr_carea' id='block_1_84' title="bbox 1889 4002 3473 4106">
    <p class='ocr_par' dir='ltr' id='par_1_84' title="bbox 1889 4002 3473 4106">
     <span class='ocr_line' id='line_1_91' title="bbox 1889 4002 3473 4106; baseline -0.033 0"><span class='ocrx_word' id='word_1_652' title='bbox 1889 4067 2005 4106; x_wconf 89' lang='lat' dir='ltr'><strong>mus</strong></span> <span class='ocrx_word' id='word_1_653' title='bbox 2033 4063 2050 4101; x_wconf 90' lang='lat'><strong><em>:</em></strong></span> <span class='ocrx_word' id='word_1_654' title='bbox 2079 4047 2137 4099; x_wconf 91' lang='lat' dir='ltr'><strong>in</strong></span> <span class='ocrx_word' id='word_1_655' title='bbox 2163 4036 2435 4094; x_wconf 86' lang='lat' dir='ltr'><strong>audientia</strong></span> <span class='ocrx_word' id='word_1_656' title='bbox 2465 4041 2647 4085; x_wconf 91' lang='lat' dir='ltr'><strong>eorum</strong></span> <span class='ocrx_word' id='word_1_657' title='bbox 2690 4021 2817 4076; x_wconf 89' lang='lat' dir='ltr'><strong>dato</strong></span> <span class='ocrx_word' id='word_1_658' title='bbox 2848 4015 2995 4071; x_wconf 88' lang='lat' dir='ltr'><strong>nobis</strong></span> <span class='ocrx_word' id='word_1_659' title='bbox 3018 4012 3085 4043; x_wconf 66' lang='grc' dir='ltr'><strong>¹³δ</strong></span> <span class='ocrx_word' id='word_1_660' title='bbox 3121 4009 3236 4062; x_wconf 86' lang='lat' dir='ltr'><strong>loco</strong></span> <span class='ocrx_word' id='word_1_661' title='bbox 3265 4020 3352 4059; x_wconf 89' lang='lat' dir='ltr'><strong>vos</strong></span> <span class='ocrx_word' id='word_1_662' title='bbox 3377 4002 3473 4056; x_wconf 85' lang='lat' dir='ltr'><strong>de-~-</strong></span> 
     </span>
    </p>
   </div>
   <div class='ocr_carea' id='block_1_85' title="bbox 1892 4094 3475 4215">
    <p class='ocr_par' dir='ltr' id='par_1_85' title="bbox 1892 4094 3475 4215">
     <span class='ocr_line' id='line_1_92' title="bbox 1892 4094 3475 4215; baseline -0.035 -16"><span class='ocrx_word' id='word_1_663' title='bbox 1892 4138 2159 4215; x_wconf 81' lang='lat' dir='ltr'><strong>fendendi,</strong></span> <span class='ocrx_word' id='word_1_664' title='bbox 2188 4132 2334 4187; x_wconf 89' lang='lat' dir='ltr'><strong>nobis</strong></span> <span class='ocrx_word' id='word_1_665' title='bbox 2361 4133 2537 4181; x_wconf 87' lang='lat' dir='ltr'><strong>autem</strong></span> <span class='ocrx_word' id='word_1_666' title='bbox 2583 4117 2805 4173; x_wconf 85' lang='lat' dir='ltr'><strong>libenter</strong></span> <span class='ocrx_word' id='word_1_667' title='bbox 2850 4101 3248 4164; x_wconf 89' lang='lat' dir='ltr'><strong>concedentibus</strong></span> <span class='ocrx_word' id='word_1_668' title='bbox 3274 4094 3475 4167; x_wconf 87' lang='lat' dir='ltr'><strong>placito</strong></span> 
     </span>
     <span class='ocr_line' id='line_1_93' title="bbox 2588 4185 3474 4215; baseline -0.026 23"><span class='ocrx_word' id='word_1_669' title='bbox 2744 4207 2754 4215; x_wconf 95' lang='lat'><strong><em>-</em></strong></span> <span class='ocrx_word' id='word_1_670' title='bbox 2962 4201 2975 4213; x_wconf 84' lang='lat'><strong>-</strong></span> <span class='ocrx_word' id='word_1_671' title='bbox 3060 4196 3163 4215; x_wconf 34' lang='grc' dir='ltr'><em>γι..-</em></span> <span class='ocrx_word' id='word_1_672' title='bbox 3203 4191 3301 4215; x_wconf 65' lang='grc' dir='ltr'><strong>ΔΛ-</strong></span> <span class='ocrx_word' id='word_1_673' title='bbox 3330 4185 3442 4215; x_wconf 74' lang='lat' dir='ltr'><strong>:...r:</strong></span> <span class='ocrx_word' id='word_1_674' title='bbox 3464 4212 3474 4215; x_wconf 79' lang='lat'><strong>-</strong></span> 
     </span>
    </p>
   </div>
   <div class='ocr_carea' id='block_1_86' title="bbox 1892 4185 3475 4292">
    <p class='ocr_par' dir='ltr' id='par_1_86' title="bbox 1892 4185 3475 4292">
     <span class='ocr_line' id='line_1_94' title="bbox 1892 4185 2238 4215; baseline -0.038 -16"><span class='ocrx_word' id='word_1_675' title='bbox 1892 4185 2159 4215; x_wconf 57' lang='lat' dir='ltr'><strong>,c....-.._-,</strong></span> 
     </span>
     <span class='ocr_line' id='line_1_95' title="bbox 1892 4185 3475 4292; baseline -0.035 0"><span class='ocrx_word' id='word_1_676' title='bbox 1892 4243 2060 4292; x_wconf 88' lang='lat' dir='ltr'><strong>vestro</strong></span> <span class='ocrx_word' id='word_1_677' title='bbox 2090 4228 2287 4290; x_wconf 90' lang='lat' dir='ltr'><strong>cedere,</strong></span> <span class='ocrx_word' id='word_1_678' title='bbox 2319 4213 2647 4287; x_wconf 73' lang='lat' dir='ltr'><strong>nobisquem</strong></span> <span class='ocrx_word' id='word_1_679' title='bbox 2673 4207 2900 4271; x_wconf 83' lang='lat' dir='ltr'><strong>subesse,</strong></span> <span class='ocrx_word' id='word_1_680' title='bbox 2929 4201 2975 4255; x_wconf 90' lang='lat' dir='ltr'><strong>si</strong></span> <span class='ocrx_word' id='word_1_681' title='bbox 3017 4196 3165 4253; x_wconf 91' lang='lat' dir='ltr'><strong>salva</strong></span> <span class='ocrx_word' id='word_1_682' title='bbox 3195 4191 3301 4263; x_wconf 81' lang='lat' dir='ltr'><strong>fide</strong></span> <span class='ocrx_word' id='word_1_683' title='bbox 3318 4185 3475 4258; x_wconf 80' lang='lat' dir='ltr'><strong>judi-</strong></span> 
     </span>
    </p>
   </div>
   <div class='ocr_carea' id='block_1_87' title="bbox 208 4467 3484 4613">
    <p class='ocr_par' dir='ltr' id='par_1_87' title="bbox 208 4467 3484 4613">
     <span class='ocr_line' id='line_1_96' title="bbox 208 4467 2299 4533; baseline -0.025 -12"><span class='ocrx_word' id='word_1_684' title='bbox 208 4467 484 4533; x_wconf 81' lang='lat' dir='ltr'><strong>Quomodo</strong></span> <span class='ocrx_word' id='word_1_685' title='bbox 528 4467 586 4510; x_wconf 84' lang='lat' dir='ltr'><strong>in</strong></span> <span class='ocrx_word' id='word_1_686' title='bbox 634 4467 761 4525; x_wconf 88' lang='lat' dir='ltr'><strong>agro</strong></span> <span class='ocrx_word' id='word_1_687' title='bbox 797 4467 971 4502; x_wconf 82' lang='lat' dir='ltr'><strong>corats</strong></span> <span class='ocrx_word' id='word_1_688' title='bbox 1002 4467 1160 4499; x_wconf 67' lang='lat' dir='ltr'><strong>vestr;</strong></span> <span class='ocrx_word' id='word_1_689' title='bbox 1204 4467 1514 4510; x_wconf 64' lang='lat' dir='ltr'><strong>genuinus/ss</strong></span> <span class='ocrx_word' id='word_1_690' title='bbox 1542 4467 1696 4501; x_wconf 53' lang='lat' dir='ltr'><strong>op...&quot;</strong></span> <span class='ocrx_word' id='word_1_691' title='bbox 1744 4467 1793 4481; x_wconf 69' lang='grc' dir='ltr'><strong>υ.</strong></span> <span class='ocrx_word' id='word_1_692' title='bbox 1830 4467 1873 4507; x_wconf 77' lang='grc' dir='ltr'><em>υ</em></span> <span class='ocrx_word' id='word_1_693' title='bbox 1900 4467 2105 4491; x_wconf 52' lang='grc' dir='ltr'><strong>...ντη</strong></span> <span class='ocrx_word' id='word_1_694' title='bbox 2138 4467 2213 4487; x_wconf 32' lang='grc' dir='ltr'><strong>,ην</strong></span> <span class='ocrx_word' id='word_1_695' title='bbox 2288 4467 2299 4480; x_wconf 87' lang='grc'>,</span> 
     </span>
     <span class='ocr_line' id='line_1_97' title="bbox 208 4467 3484 4613; baseline -0.03 1"><span class='ocrx_word' id='word_1_696' title='bbox 208 4554 441 4613; x_wconf 79' lang='lat' dir='ltr'><strong>tributus</strong></span> <span class='ocrx_word' id='word_1_697' title='bbox 510 4555 673 4604; x_wconf 90' lang='lat' dir='ltr'><strong>tantm</strong></span> <span class='ocrx_word' id='word_1_698' title='bbox 733 4537 1106 4597; x_wconf 85' lang='lat' dir='ltr'><strong>inconstantim</strong></span> <span class='ocrx_word' id='word_1_699' title='bbox 1172 4540 1224 4587; x_wconf 88' lang='lat' dir='ltr'><strong>et</strong></span> <span class='ocrx_word' id='word_1_700' title='bbox 1258 4584 1261 4587; x_wconf 84' lang='grc'><strong>,</strong></span> <span class='ocrx_word' id='word_1_701' title='bbox 1290 4521 1746 4583; x_wconf 87' lang='lat' dir='ltr'><strong>dissimilitudinis</strong></span> <span class='ocrx_word' id='word_1_702' title='bbox 1774 4520 1803 4573; x_wconf 80' lang='lat'><strong><em>?</em></strong></span> <span class='ocrx_word' id='word_1_703' title='bbox 1900 4513 2046 4570; x_wconf 90' lang='lat' dir='ltr'><strong>nullo</strong></span> <span class='ocrx_word' id='word_1_704' title='bbox 2093 4506 2246 4563; x_wconf 89' lang='lat' dir='ltr'><strong>modo</strong></span> <span class='ocrx_word' id='word_1_705' title='bbox 2296 4506 2582 4569; x_wconf 87' lang='lat' dir='ltr'><strong>competere</strong></span> <span class='ocrx_word' id='word_1_706' title='bbox 2625 4489 2768 4545; x_wconf 87' lang='lat' dir='ltr'><strong>vobis</strong></span> <span class='ocrx_word' id='word_1_707' title='bbox 2816 4482 2893 4539; x_wconf 87' lang='lat' dir='ltr'><strong>vel</strong></span> <span class='ocrx_word' id='word_1_708' title='bbox 2936 4493 3120 4535; x_wconf 90' lang='lat' dir='ltr'><strong>nomen</strong></span> <span class='ocrx_word' id='word_1_709' title='bbox 3153 4472 3229 4528; x_wconf 91' lang='lat' dir='ltr'><strong>vel</strong></span> <span class='ocrx_word' id='word_1_710' title='bbox 3259 4467 3484 4539; x_wconf 76' lang='lat' dir='ltr'><strong>ofﬁcium</strong></span> 
     </span>
     <span class='ocr_line' id='line_1_98' title="bbox 1946 4556 3484 4613; baseline -0.014 17"><span class='ocrx_word' id='word_1_711' title='bbox 1946 4606 1956 4613; x_wconf 86' lang='lat'><strong><em>-</em></strong></span> <span class='ocrx_word' id='word_1_712' title='bbox 1979 4606 1988 4613; x_wconf 73' lang='grc' dir='ltr'>ι</span> <span class='ocrx_word' id='word_1_713' title='bbox 2054 4602 2080 4613; x_wconf 90' lang='grc'><strong>-·</strong></span> <span class='ocrx_word' id='word_1_714' title='bbox 2206 4598 2218 4609; x_wconf 88' lang='grc'><strong>·</strong></span> <span class='ocrx_word' id='word_1_715' title='bbox 2256 4596 2266 4607; x_wconf 91' lang='grc'><strong>·</strong></span> <span class='ocrx_word' id='word_1_716' title='bbox 2298 4591 2529 4613; x_wconf 58' lang='grc' dir='ltr'><strong>ινδ-μη...-</strong></span> <span class='ocrx_word' id='word_1_717' title='bbox 2559 4579 2847 4613; x_wconf 65' lang='grc' dir='ltr'><strong>-..ριηνειηε</strong></span> <span class='ocrx_word' id='word_1_718' title='bbox 2870 4572 2926 4613; x_wconf 70' lang='lat' dir='ltr'><strong>id</strong></span> <span class='ocrx_word' id='word_1_719' title='bbox 2956 4565 3257 4613; x_wconf 68' lang='lat' dir='ltr'><strong>snecialiler</strong></span> <span class='ocrx_word' id='word_1_720' title='bbox 3288 4556 3484 4613; x_wconf 86' lang='lat' dir='ltr'><strong>rationi</strong></span> 
     </span>
    </p>
   </div>
   <div class='ocr_carea' id='block_1_88' title="bbox 208 4614 1799 4711">
    <p class='ocr_par' dir='ltr' id='par_1_88' title="bbox 208 4614 1799 4711">
     <span class='ocr_line' id='line_1_99' title="bbox 208 4614 1799 4711; baseline -0.027 -5"><span class='ocrx_word' id='word_1_721' title='bbox 208 4649 557 4706; x_wconf 79' lang='lat' dir='ltr'><strong>Monstruosa</strong></span> <span class='ocrx_word' id='word_1_722' title='bbox 606 4639 763 4711; x_wconf 86' lang='lat' dir='ltr'><strong>plane</strong></span> <span class='ocrx_word' id='word_1_723' title='bbox 812 4639 1017 4689; x_wconf 88' lang='lat' dir='ltr'><strong>constat</strong></span> <span class='ocrx_word' id='word_1_724' title='bbox 1059 4620 1439 4681; x_wconf 86' lang='lat' dir='ltr'><strong>dissimilitudo</strong></span> <span class='ocrx_word' id='word_1_725' title='bbox 1490 4624 1540 4671; x_wconf 90' lang='lat' dir='ltr'><strong>et</strong></span> <span class='ocrx_word' id='word_1_726' title='bbox 1587 4614 1799 4668; x_wconf 74' lang='lat' dir='ltr'><strong>omnino</strong></span> 
     </span>
    </p>
   </div>
   <div class='ocr_carea' id='block_1_89' title="bbox 207 4709 1798 4798">
    <p class='ocr_par' dir='ltr' id='par_1_89' title="bbox 207 4709 1798 4798">
     <span class='ocr_line' id='line_1_100' title="bbox 207 4709 1798 4798; baseline -0.028 0"><span class='ocrx_word' id='word_1_727' title='bbox 207 4736 544 4798; x_wconf 87' lang='lat' dir='ltr'><strong>detestabilis</strong></span> <span class='ocrx_word' id='word_1_728' title='bbox 572 4709 751 4787; x_wconf 87' lang='lat' dir='ltr'><strong>coram</strong></span> <span class='ocrx_word' id='word_1_729' title='bbox 798 4727 928 4791; x_wconf 90' lang='lat' dir='ltr'><strong>Deo,</strong></span> <span class='ocrx_word' id='word_1_730' title='bbox 984 4719 1124 4791; x_wconf 89' lang='lat' dir='ltr'><strong>apud</strong></span> <span class='ocrx_word' id='word_1_731' title='bbox 1152 4731 1304 4788; x_wconf 89' lang='lat' dir='ltr'><strong>quem</strong></span> <span class='ocrx_word' id='word_1_732' title='bbox 1330 4709 1482 4766; x_wconf 89' lang='lat' dir='ltr'><strong>nulla</strong></span> <span class='ocrx_word' id='word_1_733' title='bbox 1506 4715 1584 4762; x_wconf 88' lang='lat' dir='ltr'><strong>est</strong></span> <span class='ocrx_word' id='word_1_734' title='bbox 1617 4715 1798 4759; x_wconf 87' lang='lat' dir='ltr'><strong>trans-</strong></span> 
     </span>
    </p>
   </div>
   <div class='ocr_carea' id='block_1_90' title="bbox 211 4798 1801 4891">
    <p class='ocr_par' dir='ltr' id='par_1_90' title="bbox 211 4798 1801 4891">
     <span class='ocr_line' id='line_1_101' title="bbox 211 4798 1801 4891; baseline -0.028 0"><span class='ocrx_word' id='word_1_735' title='bbox 211 4832 448 4891; x_wconf 89' lang='lat' dir='ltr'><strong>mutatio</strong></span> <span class='ocrx_word' id='word_1_736' title='bbox 481 4843 572 4882; x_wconf 90' lang='lat' dir='ltr'><strong>nec</strong></span> <span class='ocrx_word' id='word_1_737' title='bbox 602 4816 984 4878; x_wconf 88' lang='lat' dir='ltr'><strong>vicissitudinis</strong></span> <span class='ocrx_word' id='word_1_738' title='bbox 1020 4806 1376 4881; x_wconf 88' lang='lat' dir='ltr'><strong>obumbratio,</strong></span> <span class='ocrx_word' id='word_1_739' title='bbox 1404 4810 1462 4856; x_wconf 92' lang='lat' dir='ltr'><strong>ut</strong></span> <span class='ocrx_word' id='word_1_740' title='bbox 1493 4798 1681 4871; x_wconf 88' lang='lat' dir='ltr'><strong>quibus</strong></span> <span class='ocrx_word' id='word_1_741' title='bbox 1712 4812 1801 4849; x_wconf 85' lang='lat' dir='ltr'><strong>as-</strong></span> 
     </span>
    </p>
   </div>
   <div class='ocr_carea' id='block_1_91' title="bbox 212 4886 1804 4989">
    <p class='ocr_par' dir='ltr' id='par_1_91' title="bbox 212 4886 1804 4989">
     <span class='ocr_line' id='line_1_102' title="bbox 212 4886 1804 4989; baseline -0.029 -6"><span class='ocrx_word' id='word_1_742' title='bbox 212 4922 510 4982; x_wconf 89' lang='lat' dir='ltr'><strong>sertoribus</strong></span> <span class='ocrx_word' id='word_1_743' title='bbox 532 4919 747 4989; x_wconf 84' lang='lat' dir='ltr'><strong>ﬁrmata</strong></span> <span class='ocrx_word' id='word_1_744' title='bbox 772 4917 849 4975; x_wconf 84' lang='lat' dir='ltr'><strong>est</strong></span> <span class='ocrx_word' id='word_1_745' title='bbox 869 4903 1129 4962; x_wconf 88' lang='lat' dir='ltr'><strong>sententia</strong></span> <span class='ocrx_word' id='word_1_746' title='bbox 1149 4912 1309 4970; x_wconf 89' lang='lat' dir='ltr'><strong>quam</strong></span> <span class='ocrx_word' id='word_1_747' title='bbox 1330 4904 1581 4955; x_wconf 87' lang='lat' dir='ltr'><strong>tenemus,</strong></span> <span class='ocrx_word' id='word_1_748' title='bbox 1606 4886 1804 4942; x_wconf 89' lang='lat' dir='ltr'><strong>eisdem</strong></span> 
     </span>
    </p>
   </div>
   <div class='ocr_carea' id='block_1_92' title="bbox 214 4988 1803 5079">
    <p class='ocr_par' dir='ltr' id='par_1_92' title="bbox 214 4988 1803 5079">
     <span class='ocr_line' id='line_1_103' title="bbox 214 4988 1803 5079; baseline -0.028 -4"><span class='ocrx_word' id='word_1_749' title='bbox 214 5014 598 5076; x_wconf 88' lang='lat' dir='ltr'><strong>desertoribus,</strong></span> <span class='ocrx_word' id='word_1_750' title='bbox 628 5012 886 5079; x_wconf 90' lang='lat' dir='ltr'><strong>quantum</strong></span> <span class='ocrx_word' id='word_1_751' title='bbox 909 5001 966 5054; x_wconf 89' lang='lat' dir='ltr'><strong>in</strong></span> <span class='ocrx_word' id='word_1_752' title='bbox 994 4996 1123 5067; x_wconf 89' lang='lat' dir='ltr'><strong>ipsis</strong></span> <span class='ocrx_word' id='word_1_753' title='bbox 1161 4999 1260 5058; x_wconf 89' lang='lat' dir='ltr'><strong>est,</strong></span> <span class='ocrx_word' id='word_1_754' title='bbox 1291 4988 1567 5059; x_wconf 79' lang='lat' dir='ltr'><strong>inﬁrmata</strong></span> <span class='ocrx_word' id='word_1_755' title='bbox 1592 4994 1803 5051; x_wconf 86' lang='lat' dir='ltr'><strong>perver-</strong></span> 
     </span>
    </p>
   </div>
   <div class='ocr_carea' id='block_1_93' title="bbox 221 5075 1807 5166">
    <p class='ocr_par' dir='ltr' id='par_1_93' title="bbox 221 5075 1807 5166">
     <span class='ocr_line' id='line_1_104' title="bbox 221 5075 1807 5166; baseline -0.026 -1"><span class='ocrx_word' id='word_1_756' title='bbox 221 5118 390 5164; x_wconf 89' lang='lat' dir='ltr'><strong>tatur.</strong></span> <span class='ocrx_word' id='word_1_757' title='bbox 449 5102 508 5158; x_wconf 88' lang='lat' dir='ltr'><strong>Si</strong></span> <span class='ocrx_word' id='word_1_758' title='bbox 551 5075 689 5155; x_wconf 81' lang='lat' dir='ltr'><strong>enim</strong></span> <span class='ocrx_word' id='word_1_759' title='bbox 734 5103 850 5166; x_wconf 85' lang='lat' dir='ltr'><strong>post</strong></span> <span class='ocrx_word' id='word_1_760' title='bbox 903 5098 978 5145; x_wconf 92' lang='lat' dir='ltr'><strong>tot</strong></span> <span class='ocrx_word' id='word_1_761' title='bbox 1024 5085 1277 5142; x_wconf 88' lang='lat' dir='ltr'><strong>ventilata</strong></span> <span class='ocrx_word' id='word_1_762' title='bbox 1328 5080 1451 5151; x_wconf 81' lang='lat' dir='ltr'><strong>ﬁdei</strong></span> <span class='ocrx_word' id='word_1_763' title='bbox 1500 5075 1807 5130; x_wconf 88' lang='lat' dir='ltr'><strong>christianm</strong></span> 
     </span>
    </p>
   </div>
   <div class='ocr_carea' id='block_1_94' title="bbox 224 5163 1809 5260">
    <p class='ocr_par' dir='ltr' id='par_1_94' title="bbox 224 5163 1809 5260">
     <span class='ocr_line' id='line_1_105' title="bbox 224 5163 1809 5260; baseline -0.028 -3"><span class='ocrx_word' id='word_1_764' title='bbox 224 5195 553 5260; x_wconf 85' lang='lat' dir='ltr'><strong>testimonia,</strong></span> <span class='ocrx_word' id='word_1_765' title='bbox 584 5199 641 5245; x_wconf 91' lang='lat' dir='ltr'><strong>ut</strong></span> <span class='ocrx_word' id='word_1_766' title='bbox 667 5198 717 5245; x_wconf 93' lang='lat' dir='ltr'><strong>et</strong></span> <span class='ocrx_word' id='word_1_767' title='bbox 744 5204 837 5242; x_wconf 75' lang='lat' dir='ltr'><strong>rios</strong></span> <span class='ocrx_word' id='word_1_768' title='bbox 864 5192 913 5239; x_wconf 92' lang='lat' dir='ltr'><strong>et</strong></span> <span class='ocrx_word' id='word_1_769' title='bbox 942 5198 1030 5236; x_wconf 86' lang='lat' dir='ltr'><strong>vos</strong></span> <span class='ocrx_word' id='word_1_770' title='bbox 1065 5173 1399 5239; x_wconf 88' lang='lat' dir='ltr'><strong>seduceretis,</strong></span> <span class='ocrx_word' id='word_1_771' title='bbox 1428 5176 1612 5224; x_wconf 87' lang='lat' dir='ltr'><strong>contra</strong></span> <span class='ocrx_word' id='word_1_772' title='bbox 1638 5163 1809 5217; x_wconf 88' lang='lat' dir='ltr'><strong>Deum</strong></span> 
     </span>
    </p>
   </div>
   <div class='ocr_carea' id='block_1_95' title="bbox 225 5257 1810 5353">
    <p class='ocr_par' dir='ltr' id='par_1_95' title="bbox 225 5257 1810 5353">
     <span class='ocr_line' id='line_1_106' title="bbox 225 5257 1810 5353; baseline -0.027 -5"><span class='ocrx_word' id='word_1_773' title='bbox 225 5289 469 5348; x_wconf 89' lang='lat' dir='ltr'><strong>sensistis</strong></span> <span class='ocrx_word' id='word_1_774' title='bbox 490 5328 505 5353; x_wconf 93' lang='lat'><strong>,</strong></span> <span class='ocrx_word' id='word_1_775' title='bbox 540 5282 751 5339; x_wconf 89' lang='lat' dir='ltr'><strong>omnino</strong></span> <span class='ocrx_word' id='word_1_776' title='bbox 780 5272 1077 5350; x_wconf 90' lang='lat' dir='ltr'><strong>probamini</strong></span> <span class='ocrx_word' id='word_1_777' title='bbox 1106 5266 1340 5323; x_wconf 88' lang='lat' dir='ltr'><strong>hmretici</strong></span> <span class='ocrx_word' id='word_1_778' title='bbox 1359 5305 1374 5330; x_wconf 94' lang='lat'><strong>,</strong></span> <span class='ocrx_word' id='word_1_779' title='bbox 1405 5270 1452 5316; x_wconf 92' lang='lat' dir='ltr'><strong>et</strong></span> <span class='ocrx_word' id='word_1_780' title='bbox 1482 5259 1600 5315; x_wconf 86' lang='lat' dir='ltr'><strong>ideo</strong></span> <span class='ocrx_word' id='word_1_781' title='bbox 1637 5257 1695 5309; x_wconf 89' lang='lat' dir='ltr'><strong>in</strong></span> <span class='ocrx_word' id='word_1_782' title='bbox 1723 5268 1810 5307; x_wconf 88' lang='lat' dir='ltr'><strong>ec-</strong></span> 
     </span>
    </p>
   </div>
   <div class='ocr_carea' id='block_1_96' title="bbox 229 5352 1812 5441">
    <p class='ocr_par' dir='ltr' id='par_1_96' title="bbox 229 5352 1812 5441">
     <span class='ocr_line' id='line_1_107' title="bbox 229 5352 1812 5441; baseline -0.027 0"><span class='ocrx_word' id='word_1_783' title='bbox 229 5384 397 5441; x_wconf 85' lang='lat' dir='ltr'><strong>clesia</strong></span> <span class='ocrx_word' id='word_1_784' title='bbox 428 5380 526 5434; x_wconf 83' lang='lat' dir='ltr'><strong>Dei</strong></span> <span class='ocrx_word' id='word_1_785' title='bbox 565 5373 851 5431; x_wconf 89' lang='lat' dir='ltr'><strong>secundum</strong></span> <span class='ocrx_word' id='word_1_786' title='bbox 895 5381 1075 5423; x_wconf 89' lang='lat' dir='ltr'><strong>sacros</strong></span> <span class='ocrx_word' id='word_1_787' title='bbox 1122 5373 1344 5416; x_wconf 89' lang='lat' dir='ltr'><strong>canones</strong></span> <span class='ocrx_word' id='word_1_788' title='bbox 1375 5352 1573 5409; x_wconf 88' lang='lat' dir='ltr'><strong>nullius</strong></span> <span class='ocrx_word' id='word_1_789' title='bbox 1602 5362 1812 5421; x_wconf 88' lang='lat' dir='ltr'><strong>promo-</strong></span> 
     </span>
    </p>
   </div>
   <div class='ocr_carea' id='block_1_97' title="bbox 234 5439 1812 5534">
    <p class='ocr_par' dir='ltr' id='par_1_97' title="bbox 234 5439 1812 5534">
     <span class='ocr_line' id='line_1_108' title="bbox 234 5439 1812 5534; baseline -0.027 0"><span class='ocrx_word' id='word_1_790' title='bbox 234 5477 398 5534; x_wconf 87' lang='lat' dir='ltr'><strong>tionis</strong></span> <span class='ocrx_word' id='word_1_791' title='bbox 430 5471 506 5528; x_wconf 90' lang='lat' dir='ltr'><strong>vel</strong></span> <span class='ocrx_word' id='word_1_792' title='bbox 532 5464 867 5525; x_wconf 86' lang='lat' dir='ltr'><strong>auctoritatis</strong></span> <span class='ocrx_word' id='word_1_793' title='bbox 898 5455 1123 5515; x_wconf 87' lang='lat' dir='ltr'><strong>habendi</strong></span> <span class='ocrx_word' id='word_1_794' title='bbox 1165 5454 1292 5510; x_wconf 86' lang='lat' dir='ltr'><strong>estis</strong></span> <span class='ocrx_word' id='word_1_795' title='bbox 1318 5491 1333 5517; x_wconf 95' lang='lat'><strong>,</strong></span> <span class='ocrx_word' id='word_1_796' title='bbox 1368 5446 1640 5516; x_wconf 89' lang='lat' dir='ltr'><strong>solumque</strong></span> <span class='ocrx_word' id='word_1_797' title='bbox 1668 5439 1812 5495; x_wconf 85' lang='lat' dir='ltr'><strong>vobis</strong></span> 
     </span>
    </p>
   </div>
   <div class='ocr_carea' id='block_1_98' title="bbox 1904 4556 3486 4666">
    <p class='ocr_par' dir='ltr' id='par_1_98' title="bbox 1904 4556 3486 4666">
     <span class='ocr_line' id='line_1_109' title="bbox 1904 4556 3486 4666; baseline -0.034 -5"><span class='ocrx_word' id='word_1_798' title='bbox 1904 4602 2132 4666; x_wconf 88' lang='lat' dir='ltr'><strong>abbatis,</strong></span> <span class='ocrx_word' id='word_1_799' title='bbox 2163 4596 2269 4651; x_wconf 88' lang='lat' dir='ltr'><strong>nisi</strong></span> <span class='ocrx_word' id='word_1_800' title='bbox 2295 4556 2531 4646; x_wconf 74' lang='lat' dir='ltr'><strong>Romana</strong></span> <span class='ocrx_word' id='word_1_801' title='bbox 2556 4579 2847 4637; x_wconf 89' lang='lat' dir='ltr'><strong>auctoritas</strong></span> <span class='ocrx_word' id='word_1_802' title='bbox 2870 4572 2926 4627; x_wconf 88' lang='lat' dir='ltr'><strong>id</strong></span> <span class='ocrx_word' id='word_1_803' title='bbox 2955 4565 3257 4641; x_wconf 87' lang='lat' dir='ltr'><strong>specialiter</strong></span> <span class='ocrx_word' id='word_1_804' title='bbox 3288 4556 3486 4613; x_wconf 85' lang='lat' dir='ltr'><strong>rationi</strong></span> 
     </span>
     <span class='ocr_line' id='line_1_110' title="bbox 3101 4644 3486 4666; baseline -0.036 4"><span class='ocrx_word' id='word_1_805' title='bbox 3101 4657 3112 4666; x_wconf 98' lang='lat'><strong>.</strong></span> <span class='ocrx_word' id='word_1_806' title='bbox 3179 4651 3241 4666; x_wconf 92' lang='lat'><strong>..</strong></span> <span class='ocrx_word' id='word_1_807' title='bbox 3372 4644 3486 4666; x_wconf 39' lang='grc' dir='ltr'><strong>ιη,-</strong></span> 
     </span>
    </p>
   </div>
   <div class='ocr_carea' id='block_1_99' title="bbox 1902 4644 3487 4758">
    <p class='ocr_par' dir='ltr' id='par_1_99' title="bbox 1902 4644 3487 4758">
     <span class='ocr_line' id='line_1_111' title="bbox 1902 4644 3487 4758; baseline -0.035 -6"><span class='ocrx_word' id='word_1_808' title='bbox 1902 4708 2084 4751; x_wconf 88' lang='lat' dir='ltr'><strong>vestrm</strong></span> <span class='ocrx_word' id='word_1_809' title='bbox 2107 4644 2514 4758; x_wconf 67' lang='lat' dir='ltr'><strong>ddjudicaverit,</strong></span> <span class='ocrx_word' id='word_1_810' title='bbox 2539 4681 2631 4727; x_wconf 90' lang='lat' dir='ltr'><strong>aut</strong></span> <span class='ocrx_word' id='word_1_811' title='bbox 2653 4668 2913 4740; x_wconf 86' lang='lat' dir='ltr'><strong>legatione</strong></span> <span class='ocrx_word' id='word_1_812' title='bbox 2940 4657 3134 4723; x_wconf 88' lang='lat' dir='ltr'><strong>veraci,</strong></span> <span class='ocrx_word' id='word_1_813' title='bbox 3157 4650 3346 4706; x_wconf 87' lang='lat' dir='ltr'><strong>delatis</strong></span> <span class='ocrx_word' id='word_1_814' title='bbox 3368 4644 3487 4700; x_wconf 86' lang='lat' dir='ltr'><strong>inde</strong></span> 
     </span>
    </p>
   </div>
   <div class='ocr_carea' id='block_1_100' title="bbox 1904 4749 3486 4858">
    <p class='ocr_par' dir='ltr' id='par_1_100' title="bbox 1904 4749 3486 4858">
     <span class='ocr_line' id='line_1_112' title="bbox 1904 4749 3486 4858; baseline -0.035 -15"><span class='ocrx_word' id='word_1_815' title='bbox 1904 4784 2126 4858; x_wconf 83' lang='lat' dir='ltr'><strong>signatis</strong></span> <span class='ocrx_word' id='word_1_816' title='bbox 2154 4776 2372 4840; x_wconf 89' lang='lat' dir='ltr'><strong>litteris,</strong></span> <span class='ocrx_word' id='word_1_817' title='bbox 2398 4768 2541 4824; x_wconf 90' lang='lat' dir='ltr'><strong>vobis</strong></span> <span class='ocrx_word' id='word_1_818' title='bbox 2572 4754 2980 4831; x_wconf 83' lang='lat' dir='ltr'><strong>conﬁrmaverit.</strong></span> <span class='ocrx_word' id='word_1_819' title='bbox 3024 4749 3315 4803; x_wconf 86' lang='lat' dir='ltr'><strong>Precamur</strong></span> <span class='ocrx_word' id='word_1_820' title='bbox 3344 4751 3486 4806; x_wconf 87' lang='lat' dir='ltr'><strong>ergo,</strong></span> 
     </span>
     <span class='ocr_line' id='line_1_113' title="bbox 2741 4828 3486 4858; baseline -0.024 18"><span class='ocrx_word' id='word_1_821' title='bbox 2741 4852 2752 4858; x_wconf 84' lang='lat'>‘</span> <span class='ocrx_word' id='word_1_822' title='bbox 2848 4848 2893 4858; x_wconf 56' lang='grc' dir='ltr'><strong>’λ</strong></span> <span class='ocrx_word' id='word_1_823' title='bbox 2963 4854 2972 4858; x_wconf 92' lang='grc'><strong>-</strong></span> <span class='ocrx_word' id='word_1_824' title='bbox 3020 4842 3152 4858; x_wconf 25' lang='lat' dir='ltr'><strong>“sua</strong></span> <span class='ocrx_word' id='word_1_825' title='bbox 3208 4845 3247 4858; x_wconf 73' lang='grc' dir='ltr'><strong>,ι</strong></span> <span class='ocrx_word' id='word_1_826' title='bbox 3293 4828 3486 4858; x_wconf 65' lang='grc' dir='ltr'><strong>Σηιηρέη</strong></span> 
     </span>
    </p>
   </div>
   <div class='ocr_carea' id='block_1_101' title="bbox 1908 4828 3490 4933">
    <p class='ocr_par' dir='ltr' id='par_1_101' title="bbox 1908 4828 3490 4933">
     <span class='ocr_line' id='line_1_114' title="bbox 1908 4828 3490 4933; baseline -0.035 1"><span class='ocrx_word' id='word_1_827' title='bbox 1908 4828 2177 4933; x_wconf 45' lang='lat' dir='ltr'><strong>mittemus</strong></span> <span class='ocrx_word' id='word_1_828' title='bbox 2222 4877 2271 4923; x_wconf 92' lang='lat' dir='ltr'><strong>et</strong></span> <span class='ocrx_word' id='word_1_829' title='bbox 2305 4865 2627 4920; x_wconf 89' lang='lat' dir='ltr'><strong>obtestamur</strong></span> <span class='ocrx_word' id='word_1_830' title='bbox 2669 4828 2763 4907; x_wconf 83' lang='lat' dir='ltr'><strong>sub</strong></span> <span class='ocrx_word' id='word_1_831' title='bbox 2809 4842 3153 4901; x_wconf 90' lang='lat' dir='ltr'><strong>obtestatione</strong></span> <span class='ocrx_word' id='word_1_832' title='bbox 3200 4845 3249 4890; x_wconf 90' lang='lat' dir='ltr'><strong>et</strong></span> <span class='ocrx_word' id='word_1_833' title='bbox 3282 4828 3490 4902; x_wconf 89' lang='lat' dir='ltr'><strong>judicio</strong></span> 
     </span>
    </p>
   </div>
   <div class='ocr_carea' id='block_1_102' title="bbox 1908 4920 3490 5028">
    <p class='ocr_par' dir='ltr' id='par_1_102' title="bbox 1908 4920 3490 5028">
     <span class='ocr_line' id='line_1_115' title="bbox 1908 4920 3490 5028; baseline -0.035 -2"><span class='ocrx_word' id='word_1_834' title='bbox 1908 4968 2074 5025; x_wconf 88' lang='lat' dir='ltr'><strong>divini</strong></span> <span class='ocrx_word' id='word_1_835' title='bbox 2104 4960 2331 5018; x_wconf 88' lang='lat' dir='ltr'><strong>nominis</strong></span> <span class='ocrx_word' id='word_1_836' title='bbox 2357 4973 2447 5028; x_wconf 88' lang='lat' dir='ltr'><strong>per</strong></span> <span class='ocrx_word' id='word_1_837' title='bbox 2473 4947 2845 5007; x_wconf 88' lang='lat' dir='ltr'><strong>auctoritatem</strong></span> <span class='ocrx_word' id='word_1_838' title='bbox 2876 4946 3174 4992; x_wconf 86' lang='lat' dir='ltr'><strong>concessam</strong></span> <span class='ocrx_word' id='word_1_839' title='bbox 3206 4926 3355 4980; x_wconf 90' lang='lat' dir='ltr'><strong>beato</strong></span> <span class='ocrx_word' id='word_1_840' title='bbox 3384 4920 3490 4975; x_wconf 86' lang='lat' dir='ltr'><strong>Pe-</strong></span> 
     </span>
    </p>
   </div>
   <div class='ocr_carea' id='block_1_103' title="bbox 1913 5011 3494 5130">
    <p class='ocr_par' dir='ltr' id='par_1_103' title="bbox 1913 5011 3494 5130">
     <span class='ocr_line' id='line_1_116' title="bbox 1913 5011 3494 5130; baseline -0.035 -12"><span class='ocrx_word' id='word_1_841' title='bbox 1913 5072 1994 5118; x_wconf 86' lang='lat' dir='ltr'><strong>tro</strong></span> <span class='ocrx_word' id='word_1_842' title='bbox 2017 5060 2231 5130; x_wconf 84' lang='lat' dir='ltr'><strong>ejusque</strong></span> <span class='ocrx_word' id='word_1_843' title='bbox 2258 5011 2560 5122; x_wconf 69' lang='lat' dir='ltr'><strong>apostolicm</strong></span> <span class='ocrx_word' id='word_1_844' title='bbox 2587 5039 2722 5103; x_wconf 87' lang='lat' dir='ltr'><strong>sedi,</strong></span> <span class='ocrx_word' id='word_1_845' title='bbox 2748 5041 2806 5088; x_wconf 93' lang='lat' dir='ltr'><strong>ut</strong></span> <span class='ocrx_word' id='word_1_846' title='bbox 2825 5032 2941 5102; x_wconf 89' lang='lat' dir='ltr'><strong>jam</strong></span> <span class='ocrx_word' id='word_1_847' title='bbox 2966 5023 3179 5080; x_wconf 88' lang='lat' dir='ltr'><strong>tandem</strong></span> <span class='ocrx_word' id='word_1_848' title='bbox 3205 5011 3494 5086; x_wconf 87' lang='lat' dir='ltr'><strong>aliquando</strong></span> 
     </span>
    </p>
   </div>
   <div class='ocr_carea' id='block_1_104' title="bbox 1912 5112 3492 5213">
    <p class='ocr_par' dir='ltr' id='par_1_104' title="bbox 1912 5112 3492 5213">
     <span class='ocr_line' id='line_1_117' title="bbox 1912 5112 3492 5213; baseline -0.034 1"><span class='ocrx_word' id='word_1_849' title='bbox 1912 5167 1961 5213; x_wconf 88' lang='lat' dir='ltr'><strong>et</strong></span> <span class='ocrx_word' id='word_1_850' title='bbox 1991 5112 2159 5210; x_wconf 65' lang='lat' dir='ltr'><strong>vestri;</strong></span> <span class='ocrx_word' id='word_1_851' title='bbox 2188 5159 2237 5204; x_wconf 91' lang='lat' dir='ltr'><strong>et</strong></span> <span class='ocrx_word' id='word_1_852' title='bbox 2272 5152 2450 5201; x_wconf 89' lang='lat' dir='ltr'><strong>nostro</strong></span> <span class='ocrx_word' id='word_1_853' title='bbox 2480 5134 2717 5212; x_wconf 88' lang='lat' dir='ltr'><strong>periculo</strong></span> <span class='ocrx_word' id='word_1_854' title='bbox 2749 5124 3066 5188; x_wconf 88' lang='lat' dir='ltr'><strong>consulatis,</strong></span> <span class='ocrx_word' id='word_1_855' title='bbox 3109 5125 3159 5173; x_wconf 87' lang='lat' dir='ltr'><strong>et</strong></span> <span class='ocrx_word' id='word_1_856' title='bbox 3196 5114 3264 5169; x_wconf 88' lang='lat' dir='ltr'><strong>ad</strong></span> <span class='ocrx_word' id='word_1_857' title='bbox 3291 5112 3492 5166; x_wconf 80' lang='lat' dir='ltr'><strong>discer-</strong></span> 
     </span>
    </p>
   </div>
   <div class='ocr_carea' id='block_1_105' title="bbox 1917 5208 3494 5305">
    <p class='ocr_par' dir='ltr' id='par_1_105' title="bbox 1917 5208 3494 5305">
     <span class='ocr_line' id='line_1_118' title="bbox 1917 5208 3494 5305; baseline -0.034 0"><span class='ocrx_word' id='word_1_858' title='bbox 1917 5247 2143 5305; x_wconf 81' lang='lat' dir='ltr'><strong>nendum</strong></span> <span class='ocrx_word' id='word_1_859' title='bbox 2188 5252 2404 5295; x_wconf 89' lang='lat' dir='ltr'><strong>causam</strong></span> <span class='ocrx_word' id='word_1_860' title='bbox 2448 5238 2631 5287; x_wconf 90' lang='lat' dir='ltr'><strong>vestrm</strong></span> <span class='ocrx_word' id='word_1_861' title='bbox 2675 5216 3042 5280; x_wconf 87' lang='lat' dir='ltr'><strong>dissensionis,</strong></span> <span class='ocrx_word' id='word_1_862' title='bbox 3089 5208 3358 5265; x_wconf 88' lang='lat' dir='ltr'><strong>nobiscum</strong></span> <span class='ocrx_word' id='word_1_863' title='bbox 3394 5218 3494 5255; x_wconf 90' lang='lat' dir='ltr'><strong>au-</strong></span> 
     </span>
    </p>
   </div>
   <div class='ocr_carea' id='block_1_106' title="bbox 1919 5294 3498 5396">
    <p class='ocr_par' dir='ltr' id='par_1_106' title="bbox 1919 5294 3498 5396">
     <span class='ocr_line' id='line_1_119' title="bbox 1919 5294 3498 5396; baseline -0.032 1"><span class='ocrx_word' id='word_1_864' title='bbox 1919 5339 2132 5396; x_wconf 87' lang='lat' dir='ltr'><strong>dientim</strong></span> <span class='ocrx_word' id='word_1_865' title='bbox 2178 5332 2430 5387; x_wconf 85' lang='lat' dir='ltr'><strong>Romanm</strong></span> <span class='ocrx_word' id='word_1_866' title='bbox 2476 5326 2533 5378; x_wconf 90' lang='lat' dir='ltr'><strong>in</strong></span> <span class='ocrx_word' id='word_1_867' title='bbox 2576 5327 2792 5377; x_wconf 90' lang='lat' dir='ltr'><strong>venturo</strong></span> <span class='ocrx_word' id='word_1_868' title='bbox 2837 5314 2970 5385; x_wconf 88' lang='lat' dir='ltr'><strong>festo</strong></span> <span class='ocrx_word' id='word_1_869' title='bbox 3002 5303 3234 5363; x_wconf 81' lang='lat' dir='ltr'><strong>Simonis</strong></span> <span class='ocrx_word' id='word_1_870' title='bbox 3264 5306 3313 5354; x_wconf 92' lang='lat' dir='ltr'><strong>et</strong></span> <span class='ocrx_word' id='word_1_871' title='bbox 3339 5294 3498 5350; x_wconf 79' lang='lat' dir='ltr'><strong>Judm</strong></span> 
     </span>
    </p>
   </div>
   <div class='ocr_carea' id='block_1_107' title="bbox 1920 5386 3499 5504">
    <p class='ocr_par' dir='ltr' id='par_1_107' title="bbox 1920 5386 3499 5504">
     <span class='ocr_line' id='line_1_120' title="bbox 1920 5386 3499 5504; baseline -0.032 -13"><span class='ocrx_word' id='word_1_872' title='bbox 1920 5450 2007 5490; x_wconf 88' lang='lat' dir='ltr'><strong>vos</strong></span> <span class='ocrx_word' id='word_1_873' title='bbox 2036 5424 2383 5504; x_wconf 87' lang='lat' dir='ltr'><strong>prmsentetis,</strong></span> <span class='ocrx_word' id='word_1_874' title='bbox 2414 5433 2627 5491; x_wconf 88' lang='lat' dir='ltr'><strong>nosque,</strong></span> <span class='ocrx_word' id='word_1_875' title='bbox 2672 5420 2731 5469; x_wconf 91' lang='lat' dir='ltr'><strong>ut</strong></span> <span class='ocrx_word' id='word_1_876' title='bbox 2767 5409 2975 5482; x_wconf 87' lang='lat' dir='ltr'><strong>justum</strong></span> <span class='ocrx_word' id='word_1_877' title='bbox 3002 5407 3101 5468; x_wconf 90' lang='lat' dir='ltr'><strong>est,</strong></span> <span class='ocrx_word' id='word_1_878' title='bbox 3128 5412 3194 5452; x_wconf 73' lang='lat' dir='ltr'><strong>ex</strong></span> <span class='ocrx_word' id='word_1_879' title='bbox 3221 5386 3499 5463; x_wconf 84' lang='lat' dir='ltr'><strong>stipendiis</strong></span> 
     </span>
    </p>
   </div>
   <div class='ocr_carea' id='block_1_108' title="bbox 1533 5587 2208 5656">
    <p class='ocr_par' dir='ltr' id='par_1_108' title="bbox 1533 5587 2208 5656">
     <span class='ocr_line' id='line_1_121' title="bbox 1533 5587 2208 5656; baseline -0.019 0"><span class='ocrx_word' id='word_1_880' title='bbox 1533 5597 1766 5656; x_wconf 66' lang='lat' dir='ltr'><strong>VARUS</strong></span> <span class='ocrx_word' id='word_1_881' title='bbox 1808 5587 2208 5653; x_wconf 80' lang='lat' dir='ltr'><strong>LECTlONES.</strong></span> 
     </span>
    </p>
   </div>
   <div class='ocr_carea' id='block_1_109' title="bbox 313 5668 3430 5821">
    <p class='ocr_par' dir='ltr' id='par_1_109' title="bbox 313 5668 3430 5821">
     <span class='ocr_line' id='line_1_122' title="bbox 313 5668 3430 5821; baseline -0.026 -12"><span class='ocrx_word' id='word_1_882' title='bbox 313 5754 385 5821; x_wconf 54' lang='grc' dir='ltr'><strong>ξδ’</strong></span> <span class='ocrx_word' id='word_1_883' title='bbox 416 5741 495 5806; x_wconf 85' lang='lat' dir='ltr'><strong>ita</strong></span> <span class='ocrx_word' id='word_1_884' title='bbox 527 5743 715 5811; x_wconf 86' lang='lat' dir='ltr'><strong>scripsi</strong></span> <span class='ocrx_word' id='word_1_885' title='bbox 752 5755 845 5808; x_wconf 88' lang='lat' dir='ltr'><strong>pro</strong></span> <span class='ocrx_word' id='word_1_886' title='bbox 877 5733 1194 5807; x_wconf 75' lang='lat' dir='ltr'><strong>Reginoldi;</strong></span> <span class='ocrx_word' id='word_1_887' title='bbox 1240 5732 1285 5786; x_wconf 89' lang='lat' dir='ltr'><strong>is</strong></span> <span class='ocrx_word' id='word_1_888' title='bbox 1332 5726 1471 5784; x_wconf 86' lang='lat' dir='ltr'><strong>enim</strong></span> <span class='ocrx_word' id='word_1_889' title='bbox 1502 5702 1738 5779; x_wconf 87' lang='lat' dir='ltr'><strong>mortuus</strong></span> <span class='ocrx_word' id='word_1_890' title='bbox 1768 5724 1882 5773; x_wconf 90' lang='lat' dir='ltr'><strong>erat</strong></span> <span class='ocrx_word' id='word_1_891' title='bbox 1911 5709 2265 5800; x_wconf 31' lang='lat' dir='ltr'><strong>et‘Manasses</strong></span> <span class='ocrx_word' id='word_1_892' title='bbox 2288 5702 2406 5773; x_wconf 86' lang='lat' dir='ltr'><strong>jam</strong></span> <span class='ocrx_word' id='word_1_893' title='bbox 2442 5715 2489 5755; x_wconf 83' lang='grc' dir='ltr'><strong>ο.</strong></span> <span class='ocrx_word' id='word_1_894' title='bbox 2520 5695 2590 5753; x_wconf 77' lang='grc'><strong>85</strong></span> <span class='ocrx_word' id='word_1_895' title='bbox 2618 5692 3078 5774; x_wconf 81' lang='lat' dir='ltr'><strong>commemoratur.</strong></span> <span class='ocrx_word' id='word_1_896' title='bbox 3144 5673 3251 5757; x_wconf 34' lang='lat' dir='ltr'><strong>m‘“</strong></span> <span class='ocrx_word' id='word_1_897' title='bbox 3278 5672 3357 5726; x_wconf 88' lang='lat' dir='ltr'><strong>ita</strong></span> <span class='ocrx_word' id='word_1_898' title='bbox 3379 5668 3430 5753; x_wconf 56' lang='lat' dir='ltr'><strong>is</strong></span> 
     </span>
    </p>
   </div>
  </div>
