3902 6286
392 252 529 312 1445

1413 232 1810 295 CHRONICON
1851 232 1911 290 S.
1944 229 2255 289 HUBERTI
2276 229 2604 290 ANDAGIN.

3542 240 3692 303 1446

392 368 623 427 ecclesia!
648 365 839 422 matris
864 370 1059 421 nostris
1091 373 1208 430 qua
1248 354 1391 412 vobis
1438 353 1711 409 abundant
1738 395 1753 421 ,
1805 351 1976 409 vobis—
2005 350 2054 410 Α
2076 348 2295 407 lavisse.
2332 346 2473 405 Hinc
2504 349 2649 406 inter
2671 356 2940 423 utrosque
2982 348 3066 408 ira
3094 358 3155 408 et
3198 350 3532 426 indignatio,
3560 355 3689 415 hinc

391 464 596 521 cum'"
640 461 937 525 deducatis,
964 455 1041 511 vel
1071 452 1349 508 concedere
1385 450 1676 522 dignemini
1724 448 1861 504 unde
1907 448 1978 503 ad

390 558 629 613 eamdem
655 552 978 612 audientiam
1026 556 1231 602 statuta
1275 545 1358 600 die
1400 546 1660 616 possimus
1709 543 1981 598 convenire

392 650 557 705 vobis.
594 648 652 703 Si
694 660 812 699 vero
838 643 1001 698 etiam
1037 656 1155 695 cum
1187 641 1372 694 ceteris
1401 638 1680 708 injustitiis
1714 652 1845 709 quas
1882 651 1981 707 pa-

396 743 562 796 timur
594 758 625 793 a
662 737 803 793 vobis
830 778 844 803 ,
893 731 1215 805 stipendium
1258 732 1444 787 matris
1493 739 1688 785 nostra:
1726 728 1979 795 ecclesiis,

395 834 535 905 quod
560 831 708 885 scitis
738 835 977 883 nostrum
1021 825 1181 881 sicuti
1222 832 1271 878 et
1309 831 1536 878 vestrum
1566 839 1695 890 esse,
1722 822 1867 892 infra
1902 836 1984 874 re-

396 925 771 980 clamationem
798 920 1087 976 audientiae
1128 918 1381 972 Romana:
1410 916 1561 971 nobis
1585 914 1982 981 subtraxeritis,

401 1017 630 1073 credatis
655 1033 749 1087 pro
779 1021 919 1069 certo
942 1024 1200 1086 quantum
1228 1012 1285 1065 in
1314 1010 1463 1064 nobis
1491 1017 1591 1075 est,
1624 1026 1716 1063 nos
1758 1024 1861 1061 non
1894 1007 1987 1061 de-

401 1112 611 1182 futuros
636 1108 873 1180 prie/iane
901 1107 1207 1170 audientiae,
1243 1102 1453 1157 etiamsi
1490 1112 1557 1155 aa
1602 1101 1699 1155 hoc
1726 1115 1987 1171 exequen-

400 1204 527 1257 dum
551 1203 701 1256 nobis
722 1202 1003 1272 quicquam
1032 1214 1134 1252 non
1156 1202 1467 1267 suppeteret,
1496 1193 1601 1247 nisi
1633 1208 1697 1246 ex
1730 1189 1990 1245 mendici-

403 1305 530 1351 tate.
598 1290 926 1364 Hujusmodi
991 1289 1367 1345 evocationem
1412 1285 1670 1342 Wiredus
1725 1283 1987 1340 reiectam

402 1388 604 1461 sprevit
630 1396 685 1442 et
713 1384 969 1457 neglexit,
997 1382 1283 1453 noluitque
1312 1379 1533 1435 credere
1562 1376 1708 1450 quod
1738 1378 1991 1449 indigna-

400 1482 564 1536 batur
582 1480 794 1534 timere.
821 1474 1138 1530 Morabatur
1165 1474 1345 1529 adhuc
1374 1481 1505 1526 tunc
1531 1470 1791 1541 temporis
1821 1467 1990 1523 Lam-

401 1574 590 1630 bertus
619 1570 773 1625 Remi
798 1612 813 1636 ,
843 1581 898 1624 et
924 1583 1052 1624 cum
1082 1567 1366 1623 didicisset
1390 1607 1405 1632 ,
1436 1562 1707 1619 referente
1738 1560 1990 1617 Theode—

401 1665 538 1732 rico,
568 1661 884 1719 incumbere
912 1676 979 1715 ex
1011 1659 1310 1731 apostolica
1363 1656 1750 1712 reclamatione
1777 1655 1993 1727 pondus

402 1756 536 1810 tanti
567 1752 793 1824 periculi
819 1750 1044 1806 Wiredo
1066 1758 1122 1805 et
1150 1747 1409 1819 subjectis
1438 1747 1574 1814 suis,
1605 1761 1704 1817 pro
1730 1744 1992 1802 fratribus

400 1843 638 1915 graviter
666 1841 919 1908 indoluit,
947 1839 1311 1910 eumdemque
1338 1836 1759 1905 Theodericum,
1786 1845 1848 1892 ut
1872 1846 1993 1892 erat

403 1935 732 1992 tenerrimus
780 1934 835 1987 in
885 1931 1115 2004 objectis
1152 1931 1259 1986 sibi
1306 1929 1721 1997 controversiis,
1754 1937 1863 1983 tam
1896 1945 1994 2000 per

400 2043 461 2084 se
489 2043 653 2097 quam
681 2041 778 2097 per
819 2040 960 2096 quos
988 2032 1205 2095 poterat
1232 2021 1639 2094 prudentiores,
1671 2030 1731 2074 ut
1760 2020 1993 2075 consilio

399 2127 454 2174 et
484 2117 684 2174 rationi
710 2117 1111 2188 adquiesceret,
1142 2124 1309 2186 utque
1336 2114 1405 2168 ab
1436 2113 1541 2167 hac
1565 2112 1993 2168 commonitione

399 2217 659 2277 cessaret,
709 2209 927 2263 allicere
958 2208 1185 2264 studuit.
1240 2205 1344 2260 Cui
1389 2220 1513 2260 cum
1553 2219 1618 2258 eo
1664 2214 1996 2274 procurante

400 2310 752 2374 suggererent
779 2300 958 2366 multi,
991 2300 1107 2368 ipse
1131 2297 1297 2352 etiam
1319 2295 1598 2351 Manasses
1620 2296 1991 2368 archiepisco-

399 2410 503 2466 pus
530 2410 589 2451 se
617 2393 909 2449 inclinaret
933 2389 1063 2445 huic
1085 2388 1446 2462 suggestioni,
1480 2388 1693 2445 scilicet
1720 2402 1835 2445 suae
1865 2390 1992 2444 nul-

397 2484 504 2541 lius
550 2500 672 2540 esse
721 2482 973 2537 utilitatis
1023 2481 1111 2536 vel
1162 2480 1490 2549 honestatis,
1522 2481 1811 2537 ecclesiam
1856 2483 1992 2537 tanti

397 2577 659 2643 nominis,
692 2584 857 2630 tantae
899 2573 1181 2647 quondam
1232 2572 1534 2643 religionis,
1566 2573 1649 2629 sic
1684 2573 1995 2630 inconsulte

394 2682 493 2738 per
519 2682 646 2721 eum
693 2664 1024 2722 auctoritate
1052 2663 1357 2735 apostolica
1381 2663 1644 2733 deprimi;
1697 2665 1886 2736 sicque
1922 2667 1993 2722 il-

393 2760 506 2814 lum
538 2773 649 2813 non
677 2758 784 2813 sini
815 2756 1165 2828 designatum
1212 2770 1588 2811 successorem
1617 2797 1633 2824 ,
1682 2757 1767 2811 vel
1800 2766 1859 2811 ut
1886 2757 1993 2813 sibi

394 2853 681 2908 videbatur
746 2851 1061 2907 invasorem
1128 2865 1245 2907 suae
1303 2852 1582 2923 quondam
1652 2852 1993 2923 prmlationis

394 2946 578 3001 acrius
609 2944 850 3015 insequi,
898 2945 1193 3000 convenire
1244 2944 1315 3000 ab
1342 2944 1529 3015 aliquo
1560 2945 1742 3002 locum
1773 2961 1842 3001 ne
1871 2961 1992 3001 om-

391 3036 527 3091 nino
576 3036 954 3091 destrueretur
996 3037 1139 3094 tueri
1166 3079 1182 3103 ,
1231 3038 1452 3108 quando
1483 3038 1599 3108 ipse
1624 3038 1994 3094 detestaretur

394 3127 793 3200 subjectionem
829 3128 1040 3186 Otherti
1068 3150 1081 3186 :
1110 3130 1332 3186 tandem
1361 3129 1734 3187 Theodericus
1764 3131 1991 3202 acquie—

389 3221 471 3277 vit
498 3221 699 3277 rationi
722 3229 777 3278 et
805 3224 1060 3295 tempori,
1091 3224 1231 3281 adeo
1258 3232 1320 3277 ut
1345 3223 1528 3294 palam
1556 3223 1921 3295 promitteret,
1946 3224 1993 3280 si

392 3312 650 3370 Wiredus
680 3313 786 3369 sibi
817 3316 1040 3372 credere
1076 3316 1236 3371 vellet
1262 3358 1277 3383 ,
1334 3324 1586 3385 paratum
1643 3329 1704 3371 se
1752 3330 1879 3371 cum
1928 3331 1995 3371 eo

393 3400 627 3457 Romam
659 3404 761 3471 ire,
791 3412 846 3459 et
872 3420 973 3459 sua
1017 3404 1408 3476 procuratione
1454 3404 1599 3473 apud
1631 3405 1993 3473 apostolicum

392 3494 469 3549 illi
519 3494 748 3552 liberam
797 3494 1073 3551 abbatiam
1135 3495 1504 3550 conclamare.
1557 3492 1994 3550 Promissionem

392 3586 537 3642 hanc
562 3587 919 3643 laudantibus
945 3603 1115 3659 quam
1145 3586 1419 3658 plurimis,
1447 3584 1622 3656 gratia
1653 3584 1819 3655 hujus
1844 3601 1994 3641 com-

392 3678 684 3747 positionis
711 3679 1040 3735 Lambertus
1090 3677 1377 3733 Wiredum
1407 3676 1651 3747 expetiit,
1688 3684 1742 3731 et
1771 3678 1822 3732 ei
1850 3693 1993 3749 prae-

393 3769 596 3825 dictam
628 3770 1026 3827 aliectationem
1054 3786 1184 3843 erga
1212 3770 1502 3826 ecclesiam
1530 3780 1584 3825 et
1613 3784 1739 3824 cum
1763 3770 1996 3842 diligen-

396 3862 553 3931 tium,
586 3861 908 3920 Theoderici
954 3880 1175 3936 quoque
1221 3879 1533 3931 assensum,
1565 3865 1612 3921 si
1664 3864 1743 3919 illi
1773 3864 1995 3919 credere

391 3955 573 4024 vellet,
604 3956 907 4012 nunciavit.
960 3955 1043 4011 Ad
1078 3958 1194 4012 haec
1244 3955 1503 4012 Wiredus
1538 3975 1551 4012 :
1592 3956 1710 4011 Non
1757 3957 1989 4022 credam,

391 4051 591 4121 inquit,
622 4050 840 4104 inimico
872 4065 986 4103 meo
1022 4049 1078 4102 in
1112 4057 1389 4114 internum,
1430 4064 1592 4118 neque
1622 4049 1735 4103 sine
1774 4063 1994 4101 assensu

391 4142 629 4213 episcopi
678 4142 782 4195 mei
830 4141 943 4195 ullo
975 4140 1131 4194 modo
1162 4140 1294 4193 mihi
1342 4150 1419 4194 est
1466 4140 1693 4194 Romam
1738 4139 1990 4205 eundum,

395 4248 517 4286 cum
554 4239 749 4301 prasto
779 4232 881 4286 sim
904 4246 1085 4284 coram
1114 4245 1173 4284 eo
1200 4246 1321 4283 cum
1357 4228 1676 4284 Theoderico
1700 4230 1878 4284 subire
1895 4229 1992 4299 ju-

393 4322 620 4377 dicium.
670 4320 1059 4393 Respondente
1088 4319 1380 4376 Lamberto
1419 4321 1724 4377 secundum
1752 4320 1994 4391 priorem

394 4422 449 4470 et
468 4430 655 4470 veram
685 4414 889 4471 suimet
913 4414 1090 4485 ipsius
1110 4413 1458 4479 sententiam,
1483 4428 1651 4484 quam
1677 4428 1803 4469 cum
1825 4411 1991 4467 Chri-
2025 4443 2070 4499 Β

396 4508 467 4565 sti
497 4506 751 4564 ﬁdelibus
779 4508 909 4563 olim
957 4506 1237 4574 tuebatur,
1267 4505 1556 4562 Otbertum
1600 4521 1724 4562 esse
1755 4506 1988 4573 nullum,

397 4608 589 4671 utpote
619 4600 936 4672 apostolica:
986 4599 1135 4655 sedis
1184 4599 1593 4666 adversarium;
1626 4598 1826 4668 adjecit
1854 4598 1943 4652 ille
1975 4617 1988 4652 :

399 4688 713 4746 necessario
741 4703 842 4760 pro
870 4703 973 4745 suo
1003 4687 1316 4744 habendum
1345 4704 1511 4760 quem
1545 4688 1868 4745 Leodiensis
1897 4703 1991 4743 ec-

396 4781 565 4836 clesia
591 4782 1051 4853 qualemcumque
1078 4790 1359 4853 pateretur
1387 4782 1497 4838 dici
1527 4798 1708 4839 suum.
1751 4780 1870 4837 Hiis
1894 4797 1996 4837 au-

398 4872 526 4930 ditis
548 4873 921 4932 Theodericus
951 4876 1078 4931 tulit
1107 4877 1241 4934 satis
1273 4875 1495 4947 indigue
1521 4873 1745 4930 Wiredo
1775 4889 1834 4931 se
1860 4874 1991 4930 talia

400 4965 710 5034 mandasse,
747 4966 991 5038 praefatis
1020 4983 1242 5039 quoque
1266 4967 1678 5024 consultoribus
1735 4967 1852 5023 suis
1881 4966 1991 5021 im-

399 5058 710 5126 properavit
751 5060 887 5117 satis
922 5060 1189 5132 injuriose
1212 5103 1227 5130 ,
1278 5068 1334 5116 et
1363 5074 1459 5117 eos
1489 5060 1621 5115 talia
1651 5059 1990 5117 consulendo

402 5146 568 5202 verba
615 5151 915 5218 perdidisse
942 5196 958 5222 ,
1006 5162 1061 5209 et
1098 5169 1159 5211 se
1187 5162 1247 5211 ut
1274 5154 1476 5211 dicitur
1503 5154 1735 5211 crudum
1762 5154 1991 5209 laterem

2085 459 2211 501 cum
2236 444 2547 500 animarum
2569 443 2834 515 periculo,
2866 459 2992 500 cum
3021 445 3535 517 ecclesiasticarum
3564 464 3694 520 pos-

2083 537 2394 594 sessionum
2417 538 2657 608 dampno
2685 538 2827 594 inter
2845 540 3140 596 interiores
3167 549 3223 595 et
3248 542 3565 599 exteriores
3589 542 3697 599 fra-

2084 640 2197 688 tres
2226 632 2522 700 dissensio,
2556 632 2692 688 adeo
2726 640 2789 688 ut
2830 632 3156 690 Castrenses
3188 634 3367 707 (194),
3408 634 3698 705 Pirenses,

2088 724 2439 783 Sanctienses
2469 724 2620 798 (195)
2668 734 2722 781 et
2768 724 3053 783 Cunenses
3078 725 3309 782 Wiredo
3339 729 3589 784 subesse
3617 731 3699 786 vel

2086 818 2495 875 communicare
2517 818 2904 887 detrectantes,
2932 817 3334 876 Theodericum
3362 835 3475 893 pro
3505 821 3702 877 abbate

2089 911 2407 968 omnimodo
2434 911 2747 967 retinerent.
2800 910 3048 978 Quorum
3080 913 3170 968 ille
3197 922 3261 969 ut
3288 922 3525 985 poterat
3551 915 3703 970 solli-

2088 1006 2231 1061 citus
2260 1005 2557 1075 pendentes
2585 1021 2652 1060 ex
2680 1020 2783 1061 suo
2811 1013 3065 1075 respectu
3115 1006 3396 1063 revisebat
3428 1004 3699 1079 frequen.

2087 1098 2219 1165 tius,
2274 1097 2463 1167 eisque
2512 1097 2833 1153 eohabitans
2863 1098 3209 1167 hortabatur,
3244 1109 3302 1154 ut
3334 1099 3499 1154 salva
3531 1100 3704 1155 ﬁdeli-

2090 1196 2202 1245 tate
2248 1189 2441 1244 matris
2486 1189 2730 1245 ecclesiae
2771 1190 2918 1245 beati
2964 1189 3111 1245 Petri
3156 1197 3216 1246 et
3263 1191 3419 1247 beati
3472 1190 3702 1248 Huberti

2091 1283 2230 1339 locis
2258 1282 2375 1339 suis
2404 1282 2460 1336 in
2488 1281 2825 1352 proﬁciendo
2869 1282 3240 1338 allaborarent
3270 1283 3514 1355 singuli.
3549 1283 3703 1341 Unde

2062 1385 2153 1443 ,et
2177 1375 2373 1430 Emmo
2418 1374 2746 1445 praepositus
2780 1374 3027 1431 Pii-ensis
3049 1418 3065 1443 ,
3114 1383 3313 1446 postea
3360 1392 3504 1430 vero
3538 1377 3703 1431 abbas

2095 1467 2332 1524 cmuobii
2360 1465 2690 1523 Moriuensis
2714 1465 2887 1538 (196),
2910 1467 3201 1522 ecclesiam
3229 1467 3413 1523 beatm
3442 1467 3635 1523 Maria:
3652 1477 3703 1523 et

2093 1562 2241 1618 beati
2293 1559 2514 1633 Sulpitii
2542 1578 2575 1615 a
2602 1561 2806 1615 domno
2846 1560 3122 1632 Raginero
3158 1561 3228 1594 ⁸⁸⁸
3279 1569 3534 1632 coeptam
3582 1577 3699 1632 per-

2097 1657 2254 1713 duxit
2281 1656 2348 1712 ad
2382 1662 2709 1727 praesentem
2752 1670 3055 1723 summam;
3094 1654 3456 1724 Castrenses,
3488 1655 3701 1712 Canen-

2023 1721 2071 1779 B
2099 1766 2187 1807 ses
2212 1758 2267 1806 et
2302 1721 2672 1814 Sanctienses,
2695 1757 2860 1818 prout
2890 1721 3127 1819 quisque
3156 1748 3368 1819 potuit,
3389 1721 3629 1820 profem’t
3646 1751 3696 1804 in

2096 1841 2433 1899 habitatione
2460 1857 2580 1898 sua.
2608 1840 2911 1898 Occasione
2945 1856 3169 1912 quoque
3200 1841 3377 1911 hujus
3402 1841 3696 1898 dissentio-

2096 1936 2203 2002 uis,
2228 1934 2381 1991 Dodo
2411 1933 2683 1991 Cunensis
2704 1933 3065 1990 Calvitiacum
3094 1942 3150 1989 et
3171 1933 3559 1989 Flabotvillam
3581 1934 3690 1990 rio-

2095 2031 2271 2085 lenter
2313 2029 2621 2100 intercepit,
2666 2037 2721 2085 et
2767 2029 2976 2084 reditus
3016 2044 3214 2083 earum
3251 2028 3515 2086 fratribus
3546 2032 3680 2086 celi:

2098 2137 2212 2175 sua:
2229 2120 2507 2175 deservire
2524 2119 2722 2191 coegit.
2748 2119 3005 2175 Wiredus
3026 2120 3243 2175 interea
3276 2120 3679 2176 assmtientibus

2099 2215 2204 2270 sibi
2230 2214 2389 2285 quasi
2419 2214 2486 2270 ad
2517 2213 2748 2285 gratiam
2778 2212 3086 2268 fautoribus
3116 2212 3300 2268 immo
3328 2213 3688 2269 seduderibus

2099 2308 2235 2374 suis,
2277 2322 2378 2377 pro
2420 2306 2783 2367 deliramento
2826 2304 3104 2376 desipiens
3157 2306 3466 2376 reputabat
3506 2321 3691 2361 evoca-

2097 2401 2303 2456 tionem
2350 2399 2614 2456 Romana:
2645 2390 2958 2468 audieritiae,
3002 2415 3173 2471 quam
3208 2399 3591 2456 Theodericus
3618 2402 3696 2455 in-

2097 2492 2312 2548 dixerat
2338 2493 2411 2560 ei,
2448 2493 2577 2563 quia
2605 2501 2667 2548 ut
2695 2493 2911 2549 exulem
2946 2501 3001 2548 et
3029 2507 3341 2563 pauperem
3371 2492 3531 2548 nullo
3549 2494 3697 2547 modo

2098 2586 2353 2641 credebat
2389 2601 2553 2656 posse
2582 2587 2779 2657 exequi
2823 2602 2947 2657 quae
2990 2584 3292 2640 videbatur
3323 2586 3553 2653 minari,
3584 2601 3695 2641 cum

2097 2692 2209 2732 non
2236 2678 2463 2734 haberet
2487 2678 2793 2735 subsidium
2822 2678 3163 2749 perﬁciendi.
3203 2675 3566 2734 Thodericus
3582 2695 3696 2734 vero

2098 2783 2211 2824 non
2235 2770 2528 2825 immemor
2557 2770 2665 2837 sui,
2695 2770 2972 2825 ambiebat
2998 2769 3266 2840 precibus
3303 2785 3461 2840 quos
3493 2781 3699 2827 noverat

2096 2862 2247 2917 viros
2280 2862 2520 2930 virtutis,
2559 2871 2622 2918 ut
2646 2871 3092 2935 compaterentur
3119 2863 3255 2929 sibi,
3280 2872 3343 2919 et
3365 2867 3697 2939 porrigerent

2098 2969 2297 3009 manus
2346 2954 2595 3011 caritatis
2644 2957 2712 3012 ad
2762 2957 3145 3028 exequendum
3198 2959 3501 3030 negou'um
3551 2962 3697 3031 hujus

2098 3061 2213 3101 sua:
2233 3048 2660 3116 procurationis.
2692 3046 2847 3104 Unde
2870 3050 2925 3104 in
2956 3050 3107 3105 brevi
3133 3048 3396 3108 obtinuit
3432 3063 3499 3109 ut
3525 3070 3697 3109 eorum

2098 3138 2389 3211 largitione
2425 3140 2735 3210 acquireret
2802 3141 3108 3198 subsidium
3186 3146 3437 3201 honeste
3488 3145 3697 3201 Romam

2096 3231 2283 3298 eundi,
2320 3242 2715 3304 assumptoque
2752 3232 3123 3305 Heribrando,
3177 3236 3484 3295 Urbanum
3515 3257 3689 3312 papam

2096 3322 2239 3392 apud
2259 3320 2630 3379 Beneventum
2655 3336 3083 3384 commorantem
3104 3328 3329 3401 (197-8)
3358 3332 3580 3403 expetiit,
3609 3332 3681 3385 ei-

2097 3428 2205 3484 que
2244 3411 2562 3483 bujusmodi
2597 3415 3019 3486 compositionis
3061 3418 3690 3475 clamorem-humiliter

2095 3504 2448 3574 pmsentavit
2476 3524 2488 3559 :
2519 3504 2746 3559 Domino
2774 3516 2824 3560 et
2848 3508 3142 3563 universali
3171 3527 3339 3581 papae
3370 3510 3582 3566 Urbano
3596 3511 3693 3581 ﬁlii

2095 3596 2331 3651 ecclesia:
2364 3596 2505 3651 beati
2536 3596 2765 3653 Huberti
2792 3615 2887 3670 pro
2911 3600 3220 3671 defensione
3248 3620 3399 3659 uera!
3422 3605 3550 3675 ﬁdei
3568 3604 3698 3673 ejus-

2096 3704 2197 3758 que
2222 3688 2446 3759 legitimi
2475 3691 2808 3761 apostolatus
2837 3695 2985 3763 passi
3020 3694 3425 3766 dispersionem
3462 3700 3517 3752 ia
3544 3699 3697 3752 oculis

2095 3776 2196 3832 Dei
2226 3779 2367 3849 quod
2393 3780 2595 3834 dicitur
2620 3798 2749 3837 esse.
2785 3782 3093 3839 Dormiente
3121 3786 3352 3842 domino
3379 3786 3534 3857 Iesu,
3577 3799 3697 3857 etc.,

2098 3869 2152 3924 Η
2156 3886 2253 3924 anc
2277 3872 2551 3941 epistolam
2568 3874 2686 3928 vide
2700 3875 2770 3928 ad
2785 3874 2983 3959 calcem
3003 3878 3367 3948 epistolarum
3385 3881 3595 3937 Urbani
3616 3880 3696 3948 II,

2096 3961 2427 4034 Patrologia:
2456 3973 2496 4019 t.
2530 3965 2677 4021 CLI.

2167 4042 2255 4097 9i.
2311 4044 2482 4113 (118).
2536 4044 2782 4101 Recitata
2840 4047 2897 4102 in
2948 4051 3243 4120 prmsentia
3292 4050 3512 4110 Urbani
3556 4069 3699 4126 papa

2097 4136 2358 4192 clamoris
2385 4136 2606 4209 pagina,
2628 4147 2684 4193 et
2712 4155 2744 4194 a
2767 4138 3034 4198 Romanis
3053 4145 3259 4213 saepius
3293 4155 3352 4201 et
3383 4147 3700 4219 diligentius

2095 4228 2376 4297 ventilata,
2413 4230 2667 4287 abbatem
2690 4231 2772 4288 sic
2794 4233 3117 4290 destitutum
3151 4236 3224 4291 ob
3248 4237 3586 4295 ﬁdelitatem
3608 4255 3695 4294 ec-

2096 4320 2277 4376 clesiae
2305 4320 2567 4379 Romana:
2591 4325 3011 4394 condoluerunt,
3041 4335 3097 4382 et
3118 4326 3440 4399 Wiredum,
3476 4333 3593 4389 nisi
3616 4347 3699 4387 re-

2097 4412 2383 4483 sipisceret
2412 4423 2468 4470 ct
2507 4416 2628 4473 loco
2657 4418 2897 4487 cederet,
2939 4423 3554 4481 cxcommunicandum
3591 4426 3701 4481 sine

2097 4502 2361 4560 dilatione
2402 4506 2782 4564 decreverunt.
2827 4508 3174 4584 Suﬁ‘ragante
3212 4523 3406 4569 autem
3438 4514 3698 4581 Baianum,

2097 4595 2192 4665 qui
2216 4593 2440 4653 Urbano
2487 4598 2544 4654 in
2594 4601 2916 4670 pontiﬁcatu
2952 4606 3242 4672 successit,
3288 4615 3434 4664 tunc
3474 4610 3701 4680 quidem

2098 4690 2265 4746 dilata
2285 4701 2371 4747 est
2400 4695 2671 4750 sententia
2711 4696 2829 4752 haec
2859 4699 3479 4771 excommunicationis,
3530 4719 3700 4776 usqu

2098 4784 2154 4839 in
2183 4785 2328 4841 diem
2363 4786 2507 4843 inter
2542 4797 2809 4860 utrosque
2846 4792 3166 4862 praestituta
3208 4794 3616 4863 discussionis,
3656 4798 3698 4852 ἠ

2098 4876 2240 4934 forte
2255 4879 2577 4937 adveniente
2592 4881 2819 4940 Wiredo
2832 4887 3037 4942 certior
3059 4886 3216 4943 ﬁeret
3241 4890 3457 4961 agenda
3480 4891 3701 4946 discu-

2101 4971 2203 5027 sio.
2247 4970 2346 5029 illo
2376 4974 2527 5030 domi
2573 4986 2910 5045 remanente,
2951 4980 3217 5051 probatus
3257 4990 3346 5038 est
3375 4984 3548 5053 quasi
3568 4999 3697 5039 coa-

2098 5061 2246 5118 scius
2299 5064 2475 5135 culpae
2515 5066 2822 5123 condictam
2874 5069 2981 5125 sibi
3021 5071 3363 5129 audientiam
3410 5072 3697 5130 subterfu-

2100 5154 2273 5227 gisse;
2306 5156 2429 5214 ideo
2453 5157 2512 5214 in
2543 5158 2945 5232 sollempnitate
2965 5164 3215 5221 omnium
3236 5176 3568 5225 sanctorum
3595 5182 3696 5223 ex-

1721 5267 1954 5324 VARIAE
2001 5267 2404 5327 LECTIONES.

1917 5408 2149 5471 NOTJE.

472 5336 541 5370 ¹⁸⁵
571 5336 858 5397 nobiscum
884 5344 934 5398 l.
1000 5343 1069 5377 ⁸⁸⁸
1092 5343 1326 5416 Raigero
1350 5345 1377 5399 l

470 5494 621 5569 (194)
676 5492 735 5551 ld
779 5505 864 5569 est
901 5495 958 5553 S.
994 5497 1272 5555 Theobadi
1309 5499 1366 5553 in
1396 5497 1631 5569 Porcino
1669 5507 1871 5569 castro,
1925 5508 1987 5556 ut

401 5567 780 5639 scriptumiest
805 5568 861 5624 in
892 5569 1071 5639 privil.
1101 5569 1404 5627 Innocentii
1436 5568 1500 5637 ll,
1529 5571 1566 5625 l.
1590 5570 1628 5626 l.

659 5638 1522 5771 ἔέεῗοξιῖιῖἷέιὲξὲνῗὶιθηςὶε
1551 5677 1665 5770 sive
1693 5713 1709 5768 i

461 5704 624 5773 (196)
659 5704 702 5765 l.
728 5728 779 5769 e.
804 5704 867 5769 'S.
898 5704 1128 5769 Joannis
1155 5711 1522 5771 Tarvanensis
1551 5712 1665 5770 sive
1693 5713 1750 5769 in
1779 5712 1982 5773 Monte.

2094 5510 2152 5557 ut
2176 5501 2432 5585 videturn
2458 5498 2676 5556 Nullam
2710 5508 2908 5573 praeter
2950 5500 3095 5559 hanc
3131 5500 3418 5563 Emmonis
3442 5506 3685 5565 mentio-

2090 5589 2217 5629 nem
2251 5588 2434 5629 inveni
2443 5613 2456 5626 .

2162 5643 2377 5717 (197-8)
2412 5642 2491 5699 ibi
2514 5640 2618 5700 fuit
2643 5643 2746 5700 sub
2768 5653 3093 5703 autumnum
3119 5660 3173 5701 a.
3206 5645 3367 5703 1098.
