3902 6286
187 238 320 298 Mlti
332 272 337 277 ο

1203 221 1600 283 οηιιοΝιαοΝ
1634 222 1694 281 S.
1734 221 2041 280 HUBERTI
2078 224 2406 284 ANDAGIN.

3308 235 3449 295 1M6

186 343 676 413 communicatione
697 358 728 400 a
767 357 908 415 papa
939 338 1196 409 formata,
1224 347 1279 396 et
1310 341 1440 396 data
1473 354 1661 396 coram
1702 355 1761 396 se
1787 341 1839 404 Α
1865 338 1962 396 size
2001 341 2147 398 beati
2182 340 2408 399 lluberti
2454 343 2671 415 publice
2718 343 2999 413 redderet,
3043 345 3271 407 Wiredo
3318 361 3451 412 tunc

185 444 421 519 ejusdem
444 435 1027 496 excommunicationis
1052 434 1281 506 epistola
1314 453 1326 488 :
1364 432 1609 488 Urbanus
1647 433 1763 503 epi-

185 552 388 609 scopus,
411 550 588 589 servus
611 547 879 587 servorum
916 529 1034 597 Dei,
1075 528 1465 583 Arduennensis
1500 536 1766 582 monaste-

186 633 254 689 rii
279 628 416 686 beati
441 625 665 681 Huberti
689 623 966 680 catholicis
997 623 1257 694 fratribus
1289 621 1516 677 salutem
1543 630 1594 677 et
1629 638 1763 693 apo-

184 723 424 781 stolicam
456 720 884 775 benedictionem.
926 717 1243 772 Audivintus
1281 725 1332 771 et
1367 716 1613 771 auditum
1661 731 1766 770 non

189 814 364 873 dolere
405 828 509 868 non
558 827 855 882 possumus,
903 811 1030 882 quia
1083 808 1291 865 Otberti
1336 809 1766 881 pseudoepiscopi

184 907 433 963 violentia
454 903 765 959 venerabilis
793 903 937 973 filius
969 910 1146 957 noster
1184 901 1561 969 Theodoricus,
1600 910 1768 957 vester

186 999 367 1067 abbas,
397 1015 493 1070 pro
518 997 794 1053 catholicas
832 997 958 1067 fidei
988 996 1165 1067 gratia
1188 996 1252 1050 de
1286 1003 1457 1050 vestro
1481 996 1552 1050 sit
1584 1012 1770 1051 mona-

185 1092 344 1147 sterio
400 1089 673 1161 expulsus,
726 1096 778 1143 et
834 1087 1083 1143 Wiredus
1135 1086 1625 1158 pseudomonachus
1677 1102 1770 1157 per

184 1185 419 1256 ejusdem
449 1183 653 1240 Otberti
681 1181 985 1238 violentiam
1008 1197 1164 1251 super
1186 1180 1366 1250 capita
1396 1188 1568 1235 vestra
1590 1181 1661 1234 sit
1682 1181 1771 1234 in-

186 1287 378 1351 gestus.
413 1276 566 1343 Quod
598 1276 813 1330 omnino
850 1275 998 1329 nobis
1042 1272 1323 1343 displicere
1357 1273 1564 1327 sciatis.
1622 1271 1770 1326 Unde

186 1387 274 1427 vos
302 1370 499 1425 litteris
541 1367 886 1440 praisentibus
931 1366 1247 1433 salutantes,
1305 1373 1363 1421 ut
1410 1373 1598 1421 vestrae
1642 1365 1769 1436 fidei

187 1462 547 1517 constantiam
590 1460 904 1515 conservetis
950 1459 1250 1525 hortamur,
1291 1467 1341 1512 et
1380 1458 1654 1512 licentiam
1679 1458 1767 1511 in-

186 1555 394 1627 dulgeo,
422 1564 483 1610 ut
508 1556 556 1610 si
579 1556 637 1609 in
670 1556 992 1609 monasterio
1022 1564 1190 1610 vestro
1219 1553 1505 1609 secundum
1535 1553 1772 1625 regulam

188 1646 328 1702 beati
356 1646 631 1701 Benedicti
666 1654 717 1701 et
766 1645 1116 1715 apostolicam
1154 1646 1428 1699 veritatem
1472 1645 1640 1699 vivere
1666 1660 1772 1698 non

186 1736 397 1805 valetis,
434 1738 503 1792 ad
535 1711 896 1808 quodcumque
938 1736 1243 1807 religiosum
1279 1735 1550 1790 volueritis
1583 1751 1772 1789 mona-
1800 1711 1850 1773 Β

187 1833 415 1889 sterium
449 1832 730 1901 secedatis,
757 1833 919 1888 donec
947 1834 1273 1904 omnipotens
1307 1832 1450 1887 Deus
1485 1832 1659 1887 locum
1691 1849 1778 1889 ve-

188 1934 363 1981 strum
400 1926 670 1997 respiciat,
709 1934 761 1980 et
798 1925 1086 1981 secundum
1119 1926 1502 1997 beneplacitum
1536 1942 1690 1980 suum
1720 1927 1779 1980 in

186 2017 417 2086 pristino
444 2023 591 2069 statu
632 2015 899 2084 reformet.
943 2014 1111 2069 Illum
1143 2023 1320 2069 autem
1354 2015 1630 2069 Wiredum
1667 2030 1780 2069 mo-

189 2109 415 2164 nasterii
440 2108 598 2162 vestri
621 2108 917 2161 invasorem
946 2123 1063 2161 cum
1094 2107 1207 2161 suis
1241 2106 1483 2160 omnibus
1528 2105 1778 2171 subditis,

189 2198 446 2271 quamdiu
472 2198 538 2253 ab
573 2198 741 2268 ipsius
782 2198 1095 2252 monasterii
1122 2197 1392 2252 invasione
1427 2212 1531 2250 non
1564 2197 1783 2250 destite-

190 2294 283 2360 rit,
321 2310 355 2347 a
391 2301 580 2347 sancta
604 2291 847 2346 Romana
868 2290 1092 2345 ecclesia
1112 2291 1627 2345 excommunicatum
1649 2304 1779 2354 esse,

189 2386 406 2457 scriptis
422 2386 567 2440 vobis
587 2384 934 2456 prmsentibus
957 2384 1356 2438 innotescimus.
1387 2381 1563 2436 Dat...

260 2478 352 2533 92.
382 2477 555 2550 (120.)
579 2476 727 2532 Misit
745 2477 910 2532 etiam
933 2475 1192 2532 Urbanus
1216 2490 1358 2546 papa
1382 2473 1673 2530 Leodiensi
1695 2488 1787 2528 ec-

192 2571 378 2627 clesise
421 2585 521 2641 pro
567 2569 911 2625 Theodorico
955 2570 1097 2625 hanc
1145 2568 1434 2639 epistolam
1479 2586 1491 2622 :
1539 2566 1786 2622 Urbanus

190 2664 490 2734 episcopus,
521 2678 790 2716 servorum
824 2660 945 2727 Dei,
970 2660 1251 2715 catholicis
1285 2658 1526 2713 omnibus
1555 2658 1614 2712 in
1648 2657 1787 2711 clero

193 2754 481 2809 Leodiensi
529 2763 578 2809 et
617 2753 809 2825 populo
838 2753 1065 2809 salutent
1101 2762 1151 2808 et
1196 2752 1543 2825 apostolicam
1580 2752 1791 2806 benedi-

192 2846 446 2901 ctionem.
480 2844 732 2900 Dolemus
755 2846 1019 2916 pro'vobis
1060 2846 1312 2916 graviter,
1340 2844 1443 2915 filii
1472 2845 1530 2898 in
1577 2842 1791 2900 Christo

196 2940 561 3007 dilectissimi,
597 2940 724 3011 quia
754 2940 873 3010 jam
920 2949 1071 2995 tanto
1110 2948 1339 3011 tempore
1368 2948 1597 2994 vestram
1622 2939 1791 2993 eccle-

1868 432 2006 490 forte
2034 436 2277 505 absente,
2313 437 2591 494 intellecto
2616 438 2925 495 animarum
2955 457 3182 498 suarum
3204 447 3452 515 periculo

1866 529 2167 597 communi,
2200 531 2401 603 singuli
2448 531 2505 587 in
2543 533 2826 589 absentem
2858 534 3241 606 scandalizari,
3267 554 3368 609 pro
3395 556 3457 597 se

1866 621 2101 693 quisque
2123 623 2516 694 subjectionem
2538 632 2593 681 et
2620 626 3065 683 communionem
3080 629 3255 685 vereri
3279 648 3294 698 ;
3318 631 3456 687 adeo

1867 722 1931 769 ut
1949 716 2225 773 dominica
2246 733 2370 789 quae
2391 718 2593 774 dicitur
2615 718 2672 774 in
2692 720 2890 791 palmis
2916 720 3028 776 (an.
3048 719 3206 790 {099,
3226 722 3455 795 14131.3.)

1871 823 2049 879 usque
2077 810 2146 866 ad
2170 818 2424 866 exactum
2454 827 2620 883 pasca
2663 813 2732 868 ab
2767 812 3025 870 omnibus
3060 828 3213 884 paene
3245 815 3458 871 videre-

1869 906 1958 954 tur
1980 898 2220 955 destitui.
2246 900 2339 957 llle
2374 910 2555 958 tamen
2586 903 2933 961 dissimulata
2968 905 3343 977 recognitione
3370 921 3459 962 su-

1868 992 2159 1063 perposita:
2197 994 2301 1050 sibi
2322 995 2689 1067 obligationis,
2726 997 3103 1055 defensionem
3151 998 3317 1070 hujus
3343 1014 3458 1055 sum

1872 1085 2259 1143 obstinationis
2302 1105 2361 1145 se
2402 1090 2523 1160 ipso
2555 1090 2741 1161 judice
2778 1092 3084 1147 conabatur
3113 1092 3278 1158 tueri,
3318 1107 3456 1147 con-

1872 1181 2101 1237 tendens
2148 1198 2206 1239 se
2234 1200 2264 1239 a
2286 1186 2507 1242 nemine
2532 1187 2641 1243 nisi
2668 1188 2738 1243 ab
2765 1188 3023 1258 episcopo
3052 1202 3155 1244 suo
3178 1202 3341 1258 posse
3364 1201 3461 1242 ex-

1872 1275 2294 1343 communicari,
2334 1293 2500 1350 seque
2541 1288 2792 1351 paratum
2824 1280 2881 1335 in
2920 1280 3209 1352 praesentia
3230 1279 3351 1350 ejus
3373 1294 3463 1334 re-

1873 1368 2142 1438 spondere
2192 1369 2504 1441 quibusque
2559 1372 3089 1443 calumpniatoribus
3150 1370 3285 1426 suis.
3344 1368 3463 1425 liiis

1873 1460 2170 1530 compertis
2203 1458 2459 1528 Ohcrtus,
2489 1462 2617 1517 licet
2645 1479 2711 1518 ex
2731 1464 2951 1520 decreto
2978 1461 3292 1534 apostolica
3318 1460 3465 1516 sedis

1874 1553 2065 1609 eadem
2097 1553 2410 1624 calumpnia
2453 1554 2557 1609 sibi
2589 1562 2735 1611 esset
2770 1555 3103 1621 communis,
3143 1551 3466 1609 subridebat

1875 1655 2058 1702 tamen
2083 1662 2289 1713 secum,
2315 1647 2605 1702 occasione
2633 1634 2799 1719 hujus
2820 1646 3163 1704 necessitatis
3190 1662 3222 1700 a
3241 1643 3468 1700 Wiredo

1878 1740 2099 1795 tandem
2138 1740 2415 1811 legitimus
2454 1741 2747 1811 episcopus
2783 1741 3123 1813 recognosci,
3152 1755 3183 1794 a
3212 1754 3322 1809 quo
3365 1736 3470 1792 ali-

1880 1832 2141 1903 quamdiu
2171 1831 2330 1901 quasi
2358 1846 2471 1886 non
2496 1831 2773 1902 legitimus
2802 1832 2956 1888 visus
2986 1840 3073 1887 est
3098 1831 3289 1897 vitari;
3315 1844 3475 1884 man-

1879 1930 2138 2002 davitque
2160 1929 2426 1985 fratribus
2461 1928 2682 1984 interim
2710 1943 2935 1998 parcere
2967 1936 3160 1998 coepta:
3199 1925 3474 1995 discepta-

1881 2023 2038 2090 tioni,
2067 2024 2240 2079 donec
2288 2023 2519 2095 ipsemet
2565 2020 2793 2077 veniens
2834 2020 3142 2090 imponeret
3169 2018 3332 2072 tinem
3370 2014 3469 2070 rei.

1882 2114 2142 2170 Wiredus
2167 2116 2371 2170 interea
2400 2114 2719 2170 elaborabat
2744 2110 3163 2169 adversantibus
3192 2107 3297 2164 sibi
3338 2121 3478 2178 prae-

1884 2207 2097 2263 stabilis
2137 2206 2277 2273 fieri,
2306 2213 2473 2275 prout
2512 2219 2788 2275 quemque
2830 2211 3059 2259 noverat
3094 2216 3194 2272 pro
3231 2199 3479 2255 moribus

1885 2304 2001 2357 suis
2043 2315 2207 2371 posse
2253 2299 2618 2369 complacari;
2666 2297 2857 2368 sicque
2900 2294 3167 2367 paulatim
3211 2292 3356 2363 apud
3399 2298 3481 2346 te-

1886 2408 2037 2447 mere
2066 2390 2469 2446 tumultuantes
2504 2390 2722 2444 animos
2765 2397 2820 2444 et
2866 2386 3163 2457 apostolica
3212 2383 3481 2439 sententia

1887 2486 2067 2551 viluit,
2102 2493 2157 2541 et
2183 2483 2367 2539 fervor
2405 2482 2621 2538 tuendas
2659 2480 2909 2536 veritatis
2944 2477 3215 2550 refriguit.
3264 2475 3382 2531 Hoc
3414 2475 3482 2531 ad

1888 2586 2106 2648 tempus
2142 2577 2535 2648 impedimento
2564 2574 2646 2630 sic
2682 2574 2875 2639 dilato,
2921 2586 3033 2626 non
3076 2578 3260 2625 tamen
3300 2567 3483 2624 omni—

1889 2672 2067 2728 modis
2096 2671 2298 2736 ablato,
2335 2654 2590 2725 Wiredus
2622 2667 2801 2723 factus
2827 2666 3074 2722 securior
3098 2663 3156 2718 in
3181 2663 3484 2719 maximum

1890 2761 2139 2818 ecclesia:
2162 2761 2461 2831 dampnum
2507 2759 2710 2813 liberos
2758 2764 2814 2812 et
2841 2756 3110 2811 militares
3137 2762 3351 2811 casatos
3374 2766 3487 2808 caa-

1889 2855 1970 2926 pit
1992 2854 2095 2910 sibi
2123 2853 2399 2921 affectare,
2428 2867 2666 2924 quorum
2704 2850 2941 2921 receptis
2970 2847 3227 2904 manibus
3252 2845 3489 2902 inaniter

1889 2947 2122 3019 iactaret
2159 2962 2292 3003 suos
2325 2962 2467 3003 esse.
2502 2944 2680 3000 Causa
2723 2944 2890 3014 hujus
2927 2943 3188 2998 vanitatis
3218 2940 3370 2997 dedit
3391 2936 3490 2995 Jo-

194 3037 338 3092 siam
364 3051 606 3090 errorum
632 3035 857 3090 tenebrte
891 3043 1193 3107 contegunt,
1228 3042 1278 3088 et
1325 3051 1357 3088 a
1396 3035 1615 3089 veritate
1651 3035 1791 3091 sedis
1820 3075 1867 3140 ϐ
1895 3041 2068 3097 hanni
2096 3040 2363 3095 advocato
2400 3036 2851 3093 Caviniacensem
2887 3035 3330 3099 advocationem;
3383 3044 3493 3102 qua

197 3130 510 3200 apostolicos
557 3129 813 3184 alienant.
866 3129 1013 3184 Unde
1071 3146 1160 3184 vos
1212 3136 1485 3200 tamquam
1533 3129 1794 3183 viscerum

199 3239 441 3278 meorum
474 3221 615 3292 filios
644 3230 868 3292 paterna
902 3221 1188 3276 dilectione
1220 3221 1559 3291 corripimus,
1592 3218 1797 3275 ammo-

200 3321 385 3369 nentes
424 3322 474 3368 et
518 3315 872 3382 obsecrantes,
905 3323 965 3367 ut
1009 3314 1080 3368 ad
1134 3330 1292 3369 mera:
1338 3314 1580 3368 veritatis
1618 3296 1798 3367 lumen

203 3406 462 3457 mentium
502 3413 798 3459 vestrarum
834 3405 1014 3461 oculos
1061 3404 1290 3461 elevetis.
1337 3405 1559 3477 Auferte
1596 3403 1797 3460 malum

203 3509 272 3549 ex
310 3493 455 3547 vobis
485 3495 652 3564 ipsis;
679 3498 862 3565 lupum
904 3498 1062 3554 illum
1094 3500 1215 3554 dico
1242 3508 1295 3553 et
1328 3499 1520 3569 furem,
1562 3499 1652 3569 qui
1696 3513 1799 3551 non

206 3585 280 3641 ad
320 3584 549 3640 salutem
588 3594 815 3641 vestram
840 3603 932 3657 per
959 3588 1158 3641 ostium
1177 3591 1441 3654 introivit,
1473 3591 1564 3641 sed
1584 3588 1801 3643 aliunde

206 3681 476 3748 ascendit,
505 3689 564 3735 ut
590 3688 784 3736 mactet
814 3688 865 3736 et
886 3680 1169 3735 manducet
1199 3689 1249 3734 et
1270 3680 1478 3751 perdat.
1502 3680 1611 3733 Aut
1638 3680 1803 3750 igitur

206 3773 450 3830 ecclesiis
464 3774 762 3829 invasorem
775 3781 827 3828 et
850 3782 1238 3845 occupatorem,
1266 3772 1519 3828 Obertum
1541 3771 1767 3826 dicimus
1785 3814 1801 3839 ,

211 3868 441 3924 Henrici
475 3869 783 3941 complicem
810 3877 869 3924 et
892 3867 1152 3934 Guiberti,
1184 3885 1249 3923 ea:
1273 3868 1438 3937 vobis,
1464 3868 1512 3922 si
1547 3883 1650 3939 quo
1687 3883 1803 3921 mo-

210 3962 282 4017 do
311 3962 583 4033 possibile,
627 3961 840 4033 pellite;
886 3969 981 4016 aut
1010 3962 1060 4015 ei
1101 3968 1373 4032 tamquam
1413 3977 1445 4013 a
1486 3967 1674 4013 sancta
1698 3958 1806 4013 Ro-

211 4072 381 4111 mana
400 4055 623 4110 ecclesia
673 4056 847 4111 alieno
887 4064 937 4109 et
973 4054 1428 4110 excommunicato
1455 4052 1807 4108 obedientiam

212 4158 447 4206 vestram
487 4150 913 4221 consortiumque
956 4156 1184 4203 vestrum
1230 4146 1545 4201 subtrahite.
1579 4144 1695 4200 Hoc
1732 4148 1811 4217 ip-

213 4261 335 4299 sum
378 4243 442 4299 de
486 4242 704 4299 Wiredo
749 4240 1136 4314 pseudoabbate
1184 4242 1544 4313 praecipimus,
1582 4240 1673 4311 qui
1719 4256 1811 4311 per

211 4336 456 4407 ejusdem
491 4336 917 4407 pseudoepiscopi
962 4333 1271 4389 violentiam
1309 4331 1647 4388 Ardennense
1693 4349 1810 4387 mo-

1897 3133 2187 3189 occasione
2214 3131 2304 3187 ille
2327 3128 2606 3186 contraxit
2628 3128 2735 3184 sibi
2766 3127 2938 3183 totius
2972 3124 3253 3181 Caviniaci
3279 3122 3495 3177 utilita-

1897 3234 2027 3281 tem.
2054 3222 2214 3279 Dedit
2236 3221 2485 3277 Waltero
2505 3220 2573 3275 de
2594 3219 2807 3289 Ampliz
2832 3216 3095 3273 allodium
3117 3214 3185 3269 de
3212 3213 3385 3269 Seriel
3401 3211 3493 3279 "',

1899 3317 2045 3388 quod
2073 3316 2143 3371 ab
2164 3314 2393 3385 antiquo
2418 3319 2539 3368 erat
2570 3311 2849 3367 addictum
2876 3316 2931 3364 et
2957 3306 3332 3377 conscriptum
3356 3319 3499 3376 prat-

1898 3409 2091 3465 bendas
2115 3408 2348 3463 fratrum
2388 3421 2514 3462 cum
2546 3404 2725 3459 tribus
2751 3401 2964 3458 solidis.
3003 3398 3161 3454 Dedit
3193 3395 3389 3453 Bovini
3430 3394 3500 3451 de

1900 3501 2135 3557 Wahart
2166 3498 2315 3571 (199)
2346 3496 2722 3552 molendinum
2750 3494 2818 3550 ad
2848 3493 3031 3549 lacum
3060 3499 3117 3546 et
3148 3490 3403 3546 combam
3431 3487 3500 3541 de

1903 3595 2224 3663 Gruispont.
2257 3589 2514 3647 Reddidit
2546 3585 2785 3645 Rodulfo
2825 3582 3152 3641 Vilantiensi
3195 3579 3355 3652 quasi
3397 3592 3501 3635 suo

1904 3684 2121 3755 parenti
2154 3683 2419 3738 solidatas
2449 3691 2631 3748 terrae,
2662 3695 2803 3752 quas
2836 3680 3069 3751 ipsemet
3104 3674 3265 3747 legali
3291 3671 3502 3745 judicio

1904 3773 2306 3846 reacquisierat
2332 3773 2610 3839 ecclesiae;
2650 3770 2947 3825 Lamberto
2977 3770 3045 3824 de
3086 3767 3321 3824 Ruvinia
3352 3762 3501 3835 (200)

1906 3868 2271 3924 hereditatem
2303 3865 2445 3937 ejus,
2481 3879 2606 3936 quae
2640 3863 2881 3932 ascripta
2904 3869 3024 3916 erat
3046 3859 3350 3930 praebendas
3385 3854 3503 3910 fra-

1907 3969 2077 4029 trum,
2103 3960 2159 4015 in
2189 3967 2569 4016 casamentum
2595 3955 2859 4011 vendidit.
2893 3951 3153 4008 Vendidit
3177 3950 3506 4005 Goderanno

1909 4056 1977 4112 de
2010 4054 2151 4111 Burs
2195 4053 2468 4110 minutam
2512 4050 2782 4107 decimam
2813 4046 3061 4119 ejusdem
3104 4043 3266 4109 villae,
3312 4048 3367 4098 et
3392 4039 3508 4095 Du-

1910 4162 2089 4204 ranno
2118 4145 2382 4219 quicquid
2413 4145 2635 4202 tenebat
2667 4150 2847 4198 terrae.
2886 4138 3005 4194 Hiis
3034 4135 3237 4193 casatis
3273 4132 3379 4191 sibi
3407 4146 3509 4188 no-

1910 4241 2051 4297 viter
2081 4240 2369 4297 conductis
2394 4238 2463 4295 de
2494 4238 2659 4295 rebus
2691 4232 3101 4296 ecclesiasticis,
3134 4227 3380 4284 ecclesiae
3408 4225 3510 4282 do-

1913 4331 2045 4387 lenti
2076 4331 2132 4386 in
2156 4339 2478 4402 perpetuum
2503 4326 2786 4385 subductis
2816 4323 3102 4388 subsidiis,
3130 4319 3289 4393 quasi
3313 4317 3513 4373 fortior

214 4429 517 4483 nasterium
572 4427 712 4481 beati
761 4426 987 4481 Huberti
1034 4425 1331 4497 occupavit,
1376 4426 1424 4479 si
1465 4425 1585 4497 quis
1633 4435 1812 4479 autem
1838 4426 1891 4487 D
1916 4436 1970 4483 et
1999 4425 2293 4499 gloriosior
2319 4424 2481 4480 vellet
2511 4423 2704 4506 videri,
2741 4423 2903 4494 longe
2932 4418 3090 4474 aliter
3118 4431 3206 4471 res
3232 4414 3348 4485 ipsa
3380 4425 3513 4482 pro-

215 4521 468 4591 deinceps
493 4522 569 4573 eis
598 4519 986 4573 communicare
1006 4519 1422 4589 praesumpserit,
1447 4517 1610 4573 donec
1648 4517 1812 4572 eccle-

217 4614 430 4668 siarum
468 4611 657 4683 quibus
686 4610 940 4665 incubant
983 4609 1316 4680 oppressione
1346 4609 1577 4676 deserta,
1617 4607 1727 4662 Dea
1763 4613 1813 4663 et

219 4709 334 4764 sedi
358 4706 668 4779 apostolica:
693 4706 1057 4776 satisfaciant,
1101 4705 1236 4759 sciat
1262 4720 1317 4758 se
1336 4701 1574 4773 ejusdem
1603 4716 1814 4757 excom-

220 4800 605 4856 municationis
640 4798 849 4853 vinculo
872 4798 1208 4853 innodatum.
1248 4795 1406 4851 Vobis
1437 4810 1566 4851 sane
1591 4801 1643 4850 et
1672 4802 1811 4850 cete-

224 4896 300 4948 ris
333 4892 580 4948 omnibus
608 4900 792 4946 notum
816 4892 909 4959 sit,
935 4892 1062 4963 quia
1084 4890 1331 4963 religioso
1366 4888 1548 4944 abbati
1583 4885 1819 4943 Theode—

223 4990 341 5042 rico
363 4987 636 5041 licentiam
675 4984 937 5054 dedimus,
973 4994 1093 5039 uta
1123 4984 1479 5039 schismaticis
1522 4998 1817 5051 conversos,

223 5084 318 5155 qui
341 5082 414 5137 ad
436 5083 610 5153 ipsum
632 5081 982 5154 confugerint,
1011 5097 1045 5134 a
1081 5076 1289 5133 vinculo
1319 5076 1821 5133 excommunicatio-

228 5177 312 5231 nis
346 5173 606 5230 absolvat.
650 5173 869 5228 Datum.
914 5211 927 5226 .
973 5213 987 5226 .
1027 5168 1203 5237 Quam
1239 5167 1526 5240 epistolam
1556 5182 1681 5223 cum
1728 5178 1821 5220 re-

1919 4493 2107 4587 cessit,
2139 4520 2245 4574 hoc
2275 4520 2455 4589 ipsum
2483 4493 2809 4587 dispdiiente
2839 4493 3054 4585 justitia
3084 4505 3512 4578 Omnipotentis,

1921 4613 2017 4686 qui
2066 4611 2123 4667 in
2169 4611 2505 4668 contrarium
2554 4608 2717 4664 vertit
2747 4604 3009 4679 quicquid
3036 4602 3186 4660 videt
3218 4607 3409 4656 contra
3453 4612 3515 4652 se

1920 4702 2188 4760 inutiliter
2227 4701 2430 4758 moliri.
2474 4698 2611 4756 Nam
2656 4715 2797 4771 quos
2836 4697 3091 4770 sperabat
3118 4695 3174 4750 in
3203 4689 3434 4749 consilio
3459 4696 3517 4745 et

1922 4794 2130 4852 auxilio
2157 4792 2261 4850 sibi
2310 4791 2427 4849 fore
2459 4791 2608 4859 usui,
2650 4788 2991 4862 frequentius
3037 4781 3195 4858 quasi
3228 4781 3296 4837 ad
3331 4776 3513 4835 domi-

1922 4903 2056 4944 num
2079 4903 2241 4944 suum
2266 4884 2672 4952 convenientes,
2695 4887 2980 4955 creperum
2997 4892 3119 4935 esse
3141 4872 3323 4939 oneri;
3345 4883 3518 4941 quos-

1922 4996 2031 5052 que
2060 4979 2113 5035 in
2149 4978 2497 5037 afﬂuentibus
2520 4976 2787 5035 conviviis
2808 4980 3107 5048 prmsentes
3124 4964 3379 5024 audiebat
3395 4962 3518 5016 lau-

1924 5074 2164 5143 datores,
2195 5090 2263 5132 ex
2304 5080 2621 5146 contemptu
2670 5070 2855 5127 nimize
2888 5059 3276 5123 familiaritatis
3315 5056 3515 5113 absen-

1922 5172 2009 5224 tes
2039 5166 2279 5224 habebat
2308 5166 2602 5224 derisores.
2645 5161 2891 5235 Contigit
2928 5158 3092 5215 etiam
3155 5162 3217 5209 ut
3250 5147 3515 5235 invidiam

230 5268 392 5325 diens
424 5266 796 5324 Theodericus
831 5282 900 5323 ex
935 5233 1114 5323 edicto
1153 5233 1309 5335 papa:
1342 5261 1610 5318 fratribus
1646 5258 1825 5316 eccle-
1925 5257 2138 5316 Otberti
2174 5273 2271 5332 per
2314 5258 2584 5333 quosdam
2627 5233 2836 5317 eorum
2866 5252 3200 5314 incurreret,
3245 5242 3377 5300 dum
3418 5233 3523 5291 ali-

1544 5411 1781 5471 VARLE
1824 5409 2232 5473 LECTIONES.
2255 5406 2260 5411 ’

312 5496 377 5528 ’³⁷
411 5495 492 5551 vel
525 5493 703 5552 Senel.

492 5647 812 5783 'Calsgellaho
841 5644 1227 5719 Mirwoldensi,
1258 5667 1312 5707 v.
1359 5648 1499 5706 infra
1543 5667 1592 5708 c.
1642 5651 1733 5719 95,
1765 5660 1818 5707 ct

316 5746 371 5787 at
415 5769 451 5787 ..
482 5744 531 5784 c.
640 5767 652 5780 .
1676 5759 1687 5769 .

226 5744 451 5807 erigit!"
482 5744 531 5784 c.
566 5744 652 5783 ω.
1676 5759 1687 5769 .

1765 5555 1997 5615 NOTAE.

2000 5649 2149 5724 (200)
2177 5648 2438 5723 Revogne.
2471 5645 2539 5706 Β.
