3902 6286
378 228 521 291 μιν
1401 202 1795 265 εΗιιοΝιαοΝ
1832 201 1893 259 s.

2136 195 2236 253 ἣτί
2269 194 2599 254 ANDAGIN.
3515 200 3677 258 1448

417 340 600 401 nando
626 336 772 411 apud
804 336 958 393 illum
988 330 1339 389 convivantes
1370 322 1607 396 graviter
1654 314 1963 391 indignanti
1994 315 2042 373 Α
2067 309 2737 411 aequasse-debeant
2759 309 2888 411 quid
2911 308 3116 411 faciam
3138 308 3675 411 εἰεῂςὶἵοοῃιίυυο

626 364 637 372 ‘
807 364 842 392 ιι
869 364 958 392 uni
988 364 1339 389 υυιινιηιιηυσ
1409 364 1599 378 un"...
1656 364 1963 391 ......D-,___,_
1994 364 2042 373 __
2408 364 2417 365 ί
2470 364 2479 366 ν
2771 364 2784 382 Ι
2836 364 2841 365 ν
2911 364 2924 381 ⁸
3336 364 3341 365 ν
3386 364 3670 370 -Ηη--ν

378 364 1201 506 Σδυιηάεηιίοιιεηι
1268 364 1435 470 ἰιηιιῗο
1489 411 1778 467 lautiorem
1841 422 1964 464 esse
2065 405 2478 478 indignantibus
2502 406 2908 506 archidiaconis
2933 406 3198 462 adversus
3220 407 3393 464 laicos
3424 418 3680 469 conten-

379 498 631 584 mensam
668 521 878 579 abbatis
915 513 1089 571 sancti
1139 508 1366 566 Huberti
1415 520 1606 561 mensa
1644 500 1964 558 Leodiensis
2068 501 2143 557 tio
2161 504 2423 567 surrexit,
2449 501 2765 570 veritusque
2781 498 3040 555 Otbertus
3061 510 3321 557 eventum
3349 504 3682 559 contentio-

379 620 652 694 episcopi;
689 623 743 670 et
786 627 911 667 cum
956 606 1182 663 Wiredo
1220 601 1531 661 referretur.
1558 616 1589 653 a
1635 594 1965 694 quibusdam
2066 592 2508 694 nia-sessionem
2543 592 2805 694 mutavit,
2837 592 3404 694 evocatis-solumnad

691 661 804 761 sibi
831 700 1156 767 cavendum,
1181 696 1381 767 illeque
1407 697 1715 749 commotus
1737 667 1965 759 promit-
2066 684 2293 742 lendum
2357 684 2735 742 assessoribus
2797 686 3160 742 ecclesiastici
3217 686 3453 743 ordinis.
3520 687 3688 744 Dixit

378 813 519 862 ιρι-ει
542 774 648 858 tale
687 793 819 869 quid
850 794 1087 865 amplius
1138 805 1249 846 non
1299 782 1724 848 admittendum,
1762 793 1966 850 parvus
2068 791 2289 869 quoque
2339 774 2597 869 Wiredo,
2638 784 2702 832 ut
2746 777 2814 869 in
2850 776 3037 869 majus
3070 777 3338 849 palatium
3378 795 3516 869 cum
3554 780 3686 869 suis

380 908 564 954 tamen
607 866 892 965 praevaluit
934 902 1089 952 usus,
1128 898 1231 938 nec
1277 879 1381 935 fuit
1425 872 1715 932 resistendi
1767 869 1966 937 virtus,
2069 866 2365 965 secederet,
2410 867 2587 965 donec
2625 867 2936 965 consultius
2963 882 3191 965 cansam
3227 868 3353 939 ejus

422 988 516 1044 uin
545 957 723 1055 empta
745 981 959 1038 vanitas
990 976 1421 1035 continuaretur.
1564 982 1569 987 ‘
1981 992 1984 996 ~
2070 957 2217 1014 Inter
2238 959 2783 1055 consulendumcum
2811 959 3019 1015 diceret
3038 958 3336 1055 Other-tus,
3380 959 3687 1055 Win-edam

384 1006 516 1060 quin
545 1006 723 1055 empta
746 1006 959 1038 vanitas
990 1006 1421 1035 υυιιιιιιυιιιωυι·
2070 1006 2207 1014 """
2242 1006 2783 1061 ""_"".“'_"'f“."‘."'
2816 1006 3019 1015 “"""'
3045 1006 3301 1016 ""’""""
3320 1006 3336 1037 7
3397 1006 3687 1015 "“""""'

450 1079 540 1133 95.
580 1074 754 1148 (ηε.)
788 1074 949 1127 Anno
977 1078 1159 1126 autem
1180 1062 1447 1121 incarnati
1474 1056 1641 1115 Verbi
1669 1052 1968 1148 ll03liovo
2072 1056 2261 1148 utpote
2305 1064 2385 1104 sxc
2428 1048 2999 1148 SlblA.ll)j_l.ll‘lOSum;Se
3016 1051 3156 1148 velle
3184 1051 3505 1148 deponere,

381 1142 716 1226 castellanus
737 1142 1163 1227 'Mirvoldensis,
1208 1155 1304 1227 qui
1333 1151 1620 1208 videbatur
1665 1147 1721 1201 in
1769 1142 1970 1198 talibus
2072 1144 2163 1199 dia
2200 1160 2332 1199 vero
2368 1145 2613 1201 ecclesia:
2636 1144 2776 1200 Braz
2804 1154 2860 1201 et
2896 1145 3196 1218 Gruispont
3223 1156 3414 1203 castro
3443 1144 3691 1202 Hii-void

382 1223 757 1320 amicissimus
786 1271 990 1312 mensae
1025 1223 1248 1318 amicis,
1295 1248 1557 1305 adversus
1591 1240 1879 1299 ecclesiam
1917 1243 1973 1291 et
2074 1237 2430 1309 stipendiaria
2485 1237 2701 1305 facere,
2742 1239 2945 1295 restitit
2967 1239 3312 1312 Berengerus
3336 1240 3693 1297 constantio-

384 1354 669 1410 Wircdum
718 1348 1035 1406 insurrexit.
1087 1343 1226 1399 Nam
1270 1342 1533 1396 violenter
1577 1331 1820 1407 pervasis
1848 1328 1972 1400 qui—
2075 1331 2233 1398 sime,
2261 1346 2515 1388 asserens
2564 1347 2668 1388 nec
2709 1331 2997 1389 Wire‘dum
3039 1334 3269 1420 dignum
3298 1334 3689 1404 depositione,

389 1445 561 1500 busve
587 1439 855 1496 reditibus
895 1438 1072 1503 silvae,
1104 1434 1198 1505 qui
1237 1438 1465 1487 eatenus
1504 1432 1663 1481 erant
1704 1419 1969 1486 ecclesiae,
2075 1439 2177 1480 nec
2204 1422 2871 1495 convellendamtlienrici
2896 1425 3172 1496 pontiﬁcis
3221 1426 3695 1498 legalemdona-

384 1534 616 1591 vastatis
655 1532 819 1588 etiam
851 1530 1016 1585 sartis
1045 1526 1400 1589 rusticorum,
1447 1536 1513 1576 eo
1559 1517 1706 1589 quod
1732 1514 1825 1568 illa
1855 1512 1973 1567 sine
2076 1519 2302 1586 tionem,
2340 1518 2562 1588 publico
2590 1525 2646 1573 et
2686 1518 2921 1590 signato
2943 1519 3234 1591 privilegio
3285 1520 3691 1575 confirmatam

384 1640 487 1681 suo
506 1624 796 1695 permissu
831 1620 1109 1684 fecissent,
1139 1617 1439 1687 piscatores
1462 1606 1682 1682 quoque
1708 1604 1971 1662 ecclesia-
1988 1646 2045 1695 »η
2076 1611 2339 1666 ecclesiae.
2365 1610 2709 1677 Quibusdam
2730 1611 2932 1682 injuste
2956 1609 3160 1668 Oberto
3192 1611 3544 1677 faventibus,
3563 1612 3694 1683 qui-

591 1722 658 1777 ad
694 1720 987 1776 Lumniam
1031 1675 1387 1771 transmissos
1430 1709 1615 1766 missis
1647 1702 1971 1792 apparitori-
2002 1675 2046 1736 Β
2075 1702 2310 1758 busdam
2354 1701 2665 1775 Berengero
2699 1702 2851 1774 juste
2907 1703 3337 1771 attestantibus,
3395 1705 3695 1760 subintulit

387 1819 493 1874 bus
516 1816 680 1886 cepit,
716 1824 769 1870 et
802 1814 857 1868 in
887 1819 1074 1868 castro
1105 1808 1368 1866 custodiae
1411 1786 1974 1882 mancipiis-{isiﬂujus
2078 1790 2338 1862 Obertus,
2382 1794 2658 1863 pradictae
2695 1795 3024 1851 donationis
3066 1796 3287 1851 nullum
3337 1797 3689 1868 privilegium

385 1909 602 1980 injuria:
627 1918 675 1963 et
707 1906 1026 1961 incitatores
1057 1912 1113 1959 et
1154 1910 1409 1958 auctores
1448 1914 1570 1954 cum
1610 1894 1867 1951 Wiredus
1909 1905 1977 1945 ex
2078 1901 2237 1953 esse,
2283 1886 2448 1980 vclsi
2493 1896 2670 1953 esset,
2699 1887 2834 1943 illud
2880 1887 2968 1980 in__
2996 1890 3263 1980 praesenti
3294 1889 3440 1944 velle
3468 1889 3686 1956 videre;

386 1978 643 2056 consultu
672 1995 902 2050 fratrum
931 1993 1410 2050 excommunicare
1440 1989 1679 2052 fecisset,
1717 2014 1785 2023 ——
1814 1982 1980 2037 habet
2078 1980 2308 2051 putabat
2348 1979 2496 2035 enim
2524 1995 2635 2035 non
2676 1980 2892 2035 adesse.
2924 1978 3171 2051 Uterque
3203 1978 3482 2037 Henricus
3509 1981 3673 2053 (eos),

386 2091 537 2148 enim
574 2089 689 2143 haec
725 2087 955 2143 ecclesia
1000 2103 1067 2142 ex
1117 2084 1443 2156 auctoritate
1494 2078 1806 2156 apostolicae
1834 2073 1979 2130 sedis
2082 2082 2144 2128 ut
2166 2082 2327 2129 erant
2351 2074 2536 2129 ﬁdeles
2563 2074 2831 2139 ecclesiae,
2855 2072 3144 2128 Wiredum
3171 2073 3433 2129 adeuntes
3453 2075 3671 2145 privile-

386 2181 687 2253 legitimam
713 2188 1039 2250 potestatem
1062 2153 1836 2251 excommunicandiinjuStos
1857 2180 1981 2237 per-
2083 2166 2158 2237 gii
2179 2165 2541 2235 quaestionem
2565 2165 3023 2236 fecerunt;quod
3073 2165 3122 2221 si
3164 2165 3483 2233 haberetur,
3526 2182 3678 2223 eom-

386 2286 612 2327 vasores
661 2271 748 2325 sui
783 2270 1054 2340 cujusque
1083 2268 1250 2337 juris,
1306 2295 1377 2305 —-
1408 2264 1575 2319 'Bovo
1624 2276 1783 2332 quas:
1838 2268 1982 2313 hanc
2084 2256 2328 2312 mitteret
2345 2256 2424 2312 eis
2456 2255 2660 2311 Oberto
2701 2255 3080 2315 deferendum.
3123 2255 3343 2312 Exacta
3370 2266 3430 2312 et
3477 2268 3689 2329 accepta

388 2360 690 2418 inauditam
719 2360 1098 2425 temeritatem,
1126 2366 1291 2426 prout
1331 2354 1514 2409 acrius
1542 2350 1753 2423 potuit,
1778 2346 1982 2402 Oberto
2084 2346 2191 2403 ﬁde
2219 2346 2488 2404 referendi
2525 2347 3193 2415 commissum,Wiredus
3214 2350 3513 2405 commisit
3532 2351 3693 2408 utris-

388 2455 593 2522 retulit,
617 2452 870 2509 videlicet
898 2450 1164 2506 familiam
1192 2448 1559 2520 episcopalem
1598 2440 1983 2500 excommuni-
2086 2456 2194 2512 que
2215 2441 2597 2511 privilegium;
2631 2440 2780 2511 quod
2830 2453 2956 2496 cum
3006 2441 3345 2512 interposita
3388 2444 3693 2500 conditione

391 2548 623 2605 candam
648 2561 758 2600 non
790 2560 934 2611 esse,
971 2544 1081 2599 nisi
1112 2543 1198 2597 vel
1232 2542 1385 2612 prius
1415 2540 1483 2595 ad
1512 2539 1665 2592 illum
1696 2534 1983 2607 praemisso
2095 2533 2228 2588 illud
2246 2533 2505 2599 reddendi
2527 2533 2879 2589 otbtulissent
2905 2531 3141 2602 Oberto,
3173 2533 3392 2605 illeque
3419 2546 3693 2607 accept

390 2634 917 2695 clamore.0tbertus
946 2650 1073 2689 cum
1099 2632 1340 2687 maxima
1363 2628 1738 2700 indignatione
1764 2624 1986 2696 praeﬁxa
2086 2626 2173 2682 vel
2197 2626 2327 2696 joco
2362 2626 2446 2680 vel
2476 2626 2623 2681 serio
2650 2633 2945 2681 conaretur
2986 2627 3254 2695 retinere,
3288 2644 3529 2685 morose
3548 2631 3695 2701 expli-

390 2730 477 2786 die
507 2728 848 2784 exactionem
874 2726 1040 2796 hujus
1078 2740 1193 2780 sua:
1230 2723 1449 2793 injuriae
1496 2719 1719 2774 Wiredo
1768 2716 1983 2782 indixit,
2089 2727 2273 2774 catum
2300 2719 2580 2775 morosius
2620 2718 2788 2789 coepit
2815 2719 3013 2790 legere.
3057 2719 3127 2774 At
3158 2719 3531 2793 Berengerus
3569 2724 3694 2778 allu-

392 2832 446 2879 et
477 2837 545 2878 ne
573 2821 795 2877 interim
833 2820 901 2875 de
929 2818 1147 2874 duobus
1197 2816 1445 2872 ecclesiae
1499 2812 1738 2879 allodiis,
1775 2810 1987 2866 scilicet
2089 2811 2226 2866 dens
2252 2810 2413 2881 quasi
2440 2810 2553 2881 jam
2595 2811 2903 2867 caecutienti
2950 2820 3007 2866 et
3045 2811 3172 2867 ideo
3218 2813 3281 2868 in
3336 2815 3578 2886 legendo
3599 2827 3696 2871 tar-

390 2914 528 2969 Braz
547 2918 601 2968 et'
620 2912 975 2983 Gruisponte,
997 2926 1056 2966 se
1087 2910 1197 2963 ullo
1218 2910 1383 2964 modo
1407 2906 1797 2961 iutromitteret
1824 2901 1991 2957 inter—
2089 2903 2262 2970 danti,
2285 2904 2405 2959 dari
2436 2904 2540 2959 sibi
2565 2905 2853 2976 legendum
2876 2906 3111 2976 rogavit.
3144 2904 3493 2978 Indignatus
3513 2911 3566 2964 in
3584 2925 3696 2967 eum

390 3006 546 3063 dixit.
581 3004 838 3059 Wiredus
860 3010 1144 3071 assumpto
1170 3000 1464 3055 Lamberto
1490 3006 1544 3052 et
1566 2996 1820 3061 Widone,
1854 3010 1983 3050 cum
2015 3034 2061 3097 Ο
2092 2995 2375 3064 Otbertus,
2399 2998 2558 3067 quasi
2590 2997 2671 3051 illi
2688 3013 2797 3052 non
2823 2997 2961 3052 bene
2988 2998 3183 3054 videns
3208 3000 3529 3069 videretur,
3551 3004 3700 3074 cepit

391 3096 677 3171 privilegio
707 3096 865 3167 legali
900 3095 1203 3150 interdicta:
1227 3093 1330 3148 sibi
1353 3090 1736 3147 ecclesiasticae
1761 3105 1986 3159 posses-
2022 3088 2060 3097 “
2092 3090 2271 3160 legere
2291 3088 2475 3155 citius,
2507 3088 2813 3161 Berengero
2842 3090 3087 3149 iterante,
3109 3107 3184 3148 ne
3212 3104 3586 3164 gravaretur;
3608 3099 3699 3152 hac

395 3188 570 3246 sionis
620 3188 689 3243 ad
734 3186 1043 3241 condictam
1094 3183 1430 3239 audientiam
1480 3181 1657 3247 venit,
1688 3194 1991 3248 omnesque
2093 3181 2212 3252 ipsa
2241 3182 2426 3238 nitens
2456 3182 2799 3249 incitatione,
2823 3184 2960 3238 utin
2989 3184 3388 3255 subscriptum
3423 3189 3697 3244 anathema

393 3281 732 3354 potentiores
780 3279 935 3334 urbis
986 3290 1254 3348 personas
1306 3289 1432 3329 eum
1463 3272 1667 3327 Oberto
1698 3271 1991 3326 adversum
2092 3273 2423 3344 perlegendo
2454 3272 3018 3339 incideret._Perlecto
3047 3274 3380 3348 privilegio,
3407 3279 3684 3333 cumnavi-

397 3385 459 3425 se
486 3377 845 3439 congregatas
873 3368 1100 3423 invenit.
1138 3366 1345 3422 Locato
1378 3364 1608 3435 judicio,
1651 3364 1911 3420 sederunt
1934 3363 1991 3418 in
2093 3374 2207 3422 tate
2229 3367 2493 3438 temporis
2521 3374 2916 3423 attestarentur
2950 3368 3046 3439 qui
3096 3378 3425 3439 praesentes
3444 3371 3691 3439 erant“,

398 3466 555 3533 parte
591 3458 817 3513 abbates
862 3466 917 3513 et
964 3457 1359 3523 archidiaconi,
1394 3457 1451 3509 in
1496 3464 1650 3525 parte
1681 3454 1916 3510 Obertus
1940 3465 1996 3510 et
2095 3474 2287 3513 verum
2346 3459 2479 3514 illud
2524 3474 2667 3526 esse,
2733 3474 2793 3515 se
2837 3460 3096 3531 legitimae
3127 3462 3437 3517 donationi
3496 3462 3694 3520 Πρω-ἰοὶ

398 3552 551 3608 laici.
576 3551 892 3622 Appellatus
912 3558 998 3606 est
1013 3548 1293 3615 Wiredus,
1324 3546 1471 3617 quod
1494 3544 1756 3600 familiam
1782 3546 1994 3615 cpisco-
2096 3549 2373 3621 pontiﬁcis
2417 3548 2733 3604 interfuisse
2753 3591 2768 3616 ,
2811 3566 2980 3620 seque
3002 3566 3127 3606 eam
3151 3552 3373 3610 vidisse
3393 3564 3454 3610 et
3473 3557 3695 3623 audisse,

399 3643 601 3712 palem,
639 3643 848 3698 scilicet
896 3640 1219 3694 defensores
1266 3637 1354 3692 sui
1384 3638 1573 3703 castri,
1607 3638 1992 3693 excommuni-
2098 3647 2326 3695 evocato
2371 3638 2596 3695 Wiredo
2624 3640 2972 3713 privilegium
3019 3643 3241 3713 publice
3294 3647 3596 3716 probatum
3626 3649 3698 3705 illi

403 3749 531 3790 care
573 3732 1016 3804 praesumpserit,
1056 3730 1174 3786 sine
1207 3738 1457 3800 respectu
1512 3729 1783 3800 praemissi
1837 3731 1905 3786 ad
1936 3746 1996 3787 se
2097 3732 2473 3799 reddiderunt,
2530 3732 2698 3787 dilato
2748 3733 2959 3803 judicio
2990 3746 3201 3793 exacta:
3250 3742 3701 3798 excommunica-

404 3825 683 3881 clamoris.
723 3823 1024 3895 Respondit
1066 3836 1176 3877 non
1225 3837 1285 3878 se
1331 3821 1654 3877 arbitratum
1708 3837 1830 3878 esse
1874 3823 1995 3894 ejus
2099 3822 2268 3878 tionis
2299 3823 2367 3877 ad
2395 3822 2599 3878 festum
2628 3840 2866 3895 sequens
2889 3826 3035 3882 beati
3063 3827 3353 3886 Lamberti
3384 3832 3562 3904 (Sept.
3596 3835 3695 3905 {7).

402 3917 626 3975 familiae
656 3917 975 3972 temerarios
1001 3915 1311 3971 desertores
1320 3915 1566 3985 justitiaa,
1594 3915 1863 3972 violentos
1892 3916 1997 3972 im-
2099 3913 2221 3981 Quo
2245 3915 2377 3969 dum
2407 3915 2635 3971 abbates
2666 3917 2932 3988 episeopii
2976 3922 3415 3990 convenissent,
3446 3934 3505 3980 et
3542 3942 3698 3982 causa

399 4020 734 4086 pugnatores
754 4010 1332 4077 ecclesim,violatores
1352 4009 1505 4080 pacis
1522 4008 1993 4081 constitutaeﬁOl)
2099 4005 2309 4062 Wiredi
2339 4008 2624 4076 ventilata,
2666 4008 2743 4063 illi
2771 3998 3438 4084 pacem‘adjudieassent,
3470 4032 3541 4072 eo
3562 4030 3699 4088 quon

402 4112 457 4160 et
481 4120 581 4160 sua
607 4102 1178 4159 excommunicatione
1206 4094 1467 4169 firmatae;
1504 4118 1605 4157 nec
1627 4118 1685 4159 se
1712 4102 1835 4158 illos
1860 4102 1996 4159 tales
2098 4100 2723 4155 excommunicationem
2756 4100 3122 4172 episcopalem
3155 4104 3224 4159 de
3269 4104 3517 4171 infracta
3574 4123 3699 4178 pace

403 4208 466 4256 ut
486 4200 592 4255 sibi
617 4199 922 4270 imputabat
949 4206 1157 4254 temere
1182 4196 1719 4262 excommunicasse,
1756 4196 1851 4251 sed
1875 4194 1944 4266 ejt

2158 4205 2200 4244 Ia
2231 4190 2804 4247 excommunicatione
2830 4192 3255 4250 conﬁrmassent
3302 4215 3317 4251 :
3346 4196 3595 4255 Obertus
3619 4200 3699 4255 in-

404 4291 1034 4348 excommunicationem
1062 4306 1163 4361 pro
1187 4304 1323 4360 pace
1352 4287 1587 4344 infracta
1618 4287 1992 4344 conﬁrmasse.
2098 4283 2260 4339 terim
2291 4284 2636 4340 dissimulata
2678 4285 3072 4355 indignatione,
3099 4297 3230 4344 tunc
3267 4291 3501 4360 quidem
3531 4293 3699 4358 siluit,

407 4381 708 4437 Silentibus
753 4381 1045 4436 abbatibus
1073 4379 1597 4445 ctarchidiaconis,
1625 4387 1680 4434 et
1703 4378 2269 4449 annuenti—Dseque
2330 4366 2630 4448 plurimum
2683 4379 2899 4451 gravari
2961 4381 3356 4451 privatioribus
3420 4385 3545 4443 suis
3604 4402 3699 4443 se-

406 4473 510 4528 bus
535 4472 655 4543 ejus
675 4470 987 4526 rationabili
1012 4468 1391 4540 responsioni,
1429 4469 1497 4524 ad
1533 4467 1777 4524 favorem
1806 4466 1991 4523 Oberti
2098 4470 2326 4543 pissime
2359 4470 2656 4541 deplanxit.
2690 4470 2846 4529 Unus
2875 4488 3069 4528 eorum
3103 4474 3293 4533 Bruno
3322 4493 3459 4533 cum
3509 4495 3575 4536 se
3621 4480 3700 4551 ja-

405 4562 737 4617 obstiterunt
763 4561 1240 4631 laici,judicantes
1268 4557 1556 4615 Wiredum
1584 4575 1652 4614 ex
1675 4559 1780 4614 hoc
1808 4558 1990 4614 omni-
2100 4572 2274 4621 ctaret
2335 4566 2498 4634 quasi
2541 4565 2648 4621 loci
2695 4565 2862 4637 hujus
2913 4567 3339 4625 archidiaconus
3390 4572 3581 4643 ipsam
3614 4589 3703 4629 ee-

405 4669 480 4710 no
520 4653 879 4724 culpabilem,
905 4661 959 4707 et
980 4652 1101 4708 ideo
1132 4667 1201 4706 ex
1228 4652 1335 4707 hoc
1379 4652 1679 4731 incurrisse
1726 4650 1992 4706 offensam
2101 4656 2325 4713 elesiam
2378 4665 2435 4713 et
2486 4656 2771 4714 Wiredum
2826 4661 3212 4732 qualicumque
3241 4664 3549 4721 occasione
3582 4682 3700 4738 gra—

406 4746 790 4816 episcOpalem.
821 4746 892 4799 At
915 4743 1244 4800 Lambertus
1271 4741 1625 4799 sedens'cum
1651 4743 1994 4823 archidiaco—
2100 4757 2358 4805 vaturum
2381 4791 2398 4818 ,
2450 4750 2701 4808 hortatus
2753 4759 2838 4808 est
2864 4749 3122 4811 Othertus
3173 4754 3226 4810 id
3261 4758 3538 4814 attentius
3576 4774 3699 4814 exe-

406 4839 533 4895 nis:
572 4838 880 4905 Quomodo,
913 4838 1123 4908 inquit,
1164 4837 1249 4891 hic
1275 4837 1429 4890 hodie
1449 4837 1602 4891 vituit
1623 4837 1993 4892 ecclesiastica:
2103 4844 2401 4915 quendum.

409 4940 460 4986 et
503 4940 689 4987 vestrae
741 4932 1024 5002 dignitatis
1071 4931 1229 4985 decus
1286 4929 1388 4997 ⁸³⁸,
1445 4930 1571 4984 dum
1600 4930 1696 4984 hoc
1725 4930 1995 5001 judicium
2176 4936 2265 4992 94.
2309 4936 2487 5010 (125.)
2524 4939 2686 4995 Anno
2720 4937 2859 4995 1104
2904 4938 3177 4996 incarnati
3198 4940 3366 4998 Verbi
3400 4944 3596 5002 Bruno
3614 4963 3699 5002 ar-

412 5024 550 5096 quod
596 5024 989 5080 rationabiliter
1042 5033 1155 5079 erat
1211 5024 1527 5079 censendum
1587 5042 1622 5079 a
1672 5025 1849 5095 vobis,
1885 5034 1997 5080 tam
2105 5028 2495 5099 cbidiaconus,
2526 5032 2768 5089 collectis
2805 5033 3125 5104 presbiteris
3161 5050 3333 5105 quam
3370 5037 3700 5107 pluribuset

413 5114 862 5174 irrationabiliter
890 5116 1009 5188 jam
1040 5117 1394 5188 prwcipitavit
1439 5116 1651 5172 laicalis
1703 5118 1993 5186 temeritas,
2106 5125 2452 5195 congregatis
2482 5126 2771 5197 militibus,
2806 5133 2869 5181 ut
2915 5126 2974 5182 in
3019 5127 3231 5200 synodo
3260 5140 3484 5200 ageret,
3526 5132 3697 5204 magis

1661 5232 1897 5293 VARUE
1931 5231 2335 5294 LECTIONES.

494 5326 562 5362 ⁸³⁸
588 5325 729 5383 deest
750 5327 954 5401 codici;
978 5327 1187 5383 addidit
1218 5326 1477 5384 Maricae.

487 5530 637 5604 (201)
672 5530 775 5587 Per
804 5527 1101 5587 Henricum
1120 5530 1440 5603 episcOpum
1462 5531 1557 5602 qui
1576 5530 1702 5588 inde
1724 5443 2211 5594 Paciﬁci?
2242 5537 2428 5604 simul,
2456 5536 2593 5593 alter
2640 5551 2872 5609 praepes.
2918 5536 3233 5607 Fossensis,
3265 5539 3361 5597 hic
3396 5541 3564 5609 ﬁlius,
3605 5541 3689 5599 ilb

417 5600 596 5659 dictus
617 5600 724 5660 est.
1154 5600 1171 5603 “
1309 5600 1326 5603 ⁷
1479 5600 1497 5602 “
2106 5609 2277 5664 frater
2289 5600 2534 5664 Cononis
2554 5609 2621 5664 de
2641 5600 2824 5665 Monte
2849 5617 3039 5666 acut0°
3070 5626 3126 5668 v.
3146 5600 3295 5669 infra
3318 5629 3370 5669 c.
3402 5613 3473 5672 98
3497 5600 3685 5671 Hirsd

491 5672 643 5747 (202)
680 5674 1064 5735 Archidiaconi
1100 5673 1246 5733 Eccl.
1277 5673 1621 5748 Leodiensis,
1659 5678 1793 5735 alter
1833 5680 1995 5739 deca—
2106 5680 2174 5739 de
2203 5678 2508 5754 Sigeberto.
2534 5696 2588 5752 p.
2618 5678 2739 5735 178.
