3902 6286
146 331 166 385 1
184 322 272 383 M9

1157 297 1551 362 ‘Cli-BONICON
1594 295 1652 354 s.
1691 289 1994 354 IIUBERTI
2032 248 2355 351 axoacm.

3246 302 3269 355 1
3280 302 3387 359 450

119 441 309 498 'autem
360 441 423 490 ιιι
467 426 755 488 ecclesiam
782 429 1024 489 vexaret,
1055 417 1400 489 Andagiuum
1450 413 1618 478 venit,
1648 419 1702 467 et
1729 411 1779 471 A
1803 409 1944 498 cepit
1962 409 2318 466 censendum.
2364 407 2542 480 Super
2569 407 2676 467 hiis
2704 407 2962 467 \i‘ircdus
2990 424 3024 467 a
3059 411 3392 482 quibusdam

145 528 354 587 Wiredo
380 534 441 582 ut
455 522 565 580 sibi
591 530 647 578 et.
690 517 810 576 suis
837 512 1128 572 obsonium
1169 508 1372 566 faceret
1405 503 1702 564 mandavit.

142 618 392 678 Wircdus
427 613 658 671 audiens
701 623 828 666 eum
884 602 1134 678 synodali
1187 615 1354 658 causa
1394 607 1705 662 venturum,

144 709 360 769 omnino
388 704 690 763 indebitum
732 700 782 757 ci
813 695 1087 755 recusavit
1115 692 1418 759 servi-tium,
1459 687 1711 744 videlicet

139 818 202 861 ex
224 800 402 857 edicto
431 796 574 854 beati
599 807 752 868 papm
777 787 1044 861 Gregorii,
1071 784 1172 857 qui
1210 799 1311 842 nec
1344 782 1416 839 ab
1455 781 1710 852 episc0po

143 907 239 950 nec
263 906 295 946 a
317 889 562 962 qualibet
587 897 820 958 persona
849 874 1144 952 episcopali
1176 890 1273 948 per
1301 872 1712 946 procurationes

142 961 361 1040 omnino
389 977 661 1036 interdicit
685 971 1015 1032 monasteria
1058 967 1450 1025 monachorum
1496 961 1712 1034 inquie-

144 1073 265 1130 tari.
320 1070 479 1140 Quod
525 1071 689 1126 ctiam
735 1061 1086 1122 Gualcandns
1139 1057 1392 1130 prohibet
1433 1053 1713 1127 privilegio

141 1179 254 1224 suae
280 1160 643 1220 auctoritatis.
699 1152 1059 1214 Reinandavit
1098 1161 1278 1207 tamen
1302 1191 1320 1218 ,
1373 1148 1422 1205 si
1466 1145 1716 1204 caritatis

143 1254 313 1329 gratia
341 1253 598 1310 inviseret
623 1251 846 1316 locum,
875 1243 1298 1316 hospitalitatem
1341 1254 1402 1296 se
1435 1238 1510 1294 illi
1556 1247 1616 1294 ut
1663 1246 1718 1293 et

139 1350 263 1405 aliis
287 1343 800 1419 supervenientibus
855 1338 1150 1404 facturum,
1181 1334 1264 1391 sin
1294 1342 1475 1388 autem
1521 1343 1716 1401 parro-

144 1440 298 1497 chias
352 1453 483 1496 suas
529 1435 884 1500 sollicitaret,
945 1427 1378 1502 expectationem
1418 1439 1572 1483 suam
1608 1437 1715 1478 non

141 1531 277 1599 sibi,
308 1530 403 1587 sed
437 1525 888 1601 procuratoribus
910 1535 1101 1580 earum
1136 1518 1440 1576 mandaret.
1486 1517 1580 1572 Sic
1632 1513 1720 1570 ille

141 1638 268 1680 cum
318 1623 400 1678 ira
445 1630 500 1678 et
545 1616 918 1690 indignatione
956 1613 1220 1684 rejectus,
1250 1611 1340 1666 vix
1368 1609 1513 1667 enim
1546 1606 1723 1663 fuerat

139 1716 196 1768 in
231 1711 628 1770 monasterium
668 1709 842 1782 gratia
869 1705 1136 1762 orationis
1176 1702 1477 1770 admissus,
1515 1701 1569 1756 in
1617 1699 1720 1754 do-

1807 497 2058 556 fidclibus
2099 499 2344 556 ecclesia:
2383 499 2760 570 praemonitus,
2791 499 3001 556 adierat
3028 501 3170 558 idem
3199 505 3390 561 conci--

1806 589 1961 659 lium,
2007 598 2068 647 ut
2098 600 2402 648 removeret
2422 591 2468 648 si
2500 593 2631 673 quid
2657 591 2924 649 adversus
2955 607 3076 648 eam
3108 595 3392 652 moliretur

1806 681 2274 754 impedimentum.
2297 683 2402 751 Qui
2417 699 2755 756 consurgens
2771 685 2941 742 libera
2962 687 3394 744 contradictione

1807 783 2140 844 protestatus
2195 783 2280 832 est
2335 774 2649 846 huiusmodi
2690 790 2882 832 eorum
2934 789 3042 830 non
3085 791 3208 834 csse
3246 777 3395 848 judi-

1806 865 1976 933 cium,
2007 881 2106 922 nec
2146 867 2229 923 eis
2253 867 2544 924 convenire
2575 881 2742 938 super
2768 867 3056 923 ecclesiam
3091 877 3255 925 tanta:
3290 885 3394 924 au-

1810 956 2079 1015 ctoritalis
2125 967 2185 1015 et
2235 958 2504 1015 libertatis
2551 958 2756 1030 aliquid
2815 959 3167 1015 censendum.
3221 958 3397 1032 llujus

1811 1062 2030 1120 quoque
2070 1049 2378 1108 conaminis
2424 1050 2746 1122 rescriptum
2794 1050 2936 1106 inter
2962 1064 3141 1120 patres
3173 1066 3304 1108 suos
3339 1051 3396 1106 in

1813 1139 2050 1212 generali
2096 1142 2305 1213 synodo
2339 1142 2645 1212 appcilabat
2683 1141 3118 1212 respectandum.
3149 1141 3400 1213 Indigna-

1817 1241 1906 1289 tus
1937 1231 2120 1288 Iiruno
2153 1232 2232 1289 sic
2257 1247 2318 1288 se
2337 1234 2493 1306 legali
2523 1233 2914 1306 protestatione
2941 1243 2996 1289 et
3035 1233 3278 1304 synodali
3303 1249 3401 1304 ap-

1814 1323 2481 1395 pellationcprmi-cntum,
2514 1326 2724 1396 judicio
2751 1324 3038 1396 praesentis
3083 1324 3156 1379 ibi
3180 1325 3399 1381 concilii

1815 1415 1974 1472 vellet
2003 1415 2169 1472 nollet
2190 1417 2465 1472 concessit
2492 1414 2708 1474 Wircdo
2726 1425 3054 1488 respectum.
3080 1414 3198 1471 Non
3228 1417 3402 1474 multo

1819 1518 1940 1580 post
1959 1506 2192 1565 Obcrtus
2215 1508 2541 1582 legationem
2578 1524 2734 1565 suam
2766 1511 2838 1566 ad
2871 1510 3176 1566 Manassem
3209 1509 3404 1564 [tento-

1823 1617 1943 1656 rum
1972 1600 2442 1671 archiepiscopum
2469 1600 2686 1667 direxit,
2715 1611 2770 1657 et
2795 1612 2856 1658 ut
2887 1618 2986 1674 pro
3015 1603 3343 1674 requirendo
3371 1619 3403 1658 a

1825 1707 1884 1750 se
1911 1692 2175 1749 beneficio
2206 1692 2517 1750 Bnlonicnsi
2544 1692 2611 1749 ad
2639 1692 3058 1764 colloquendum
3082 1695 3186 1751 sibi
3211 1708 3408 1751 convc-

977 1794 1264 1868 presbitcri
1315 1794 1383 1851 ad
1438 1760 1722 1864 liospitan-
1754 1760 1800 1817 Β
1827 1785 1988 1851 nirct,
2023 1798 2058 1854 p
2155 1783 2279 1840 'bus
2303 1781 2559 1853 Optinuit.
2589 1781 2732 1855 Ergo
2756 1760 2827 1838 ab
2849 1783 3095 1853 utrisque
3119 1783 3263 1871 apud
3293 1782 3406 1837 Du-

138 1895 275 1950 dum
327 1893 568 1962 divertit,
614 1901 670 1949 et
715 1900 930 1963 postera
976 1889 1066 1946 die
1115 1887 1264 1960 (Jan.
1295 1885 1466 1957 8),in
1499 1883 1722 1941 basilica

142 1986 292 2044 beati
326 1985 554 2059 Egidii,
582 1999 706 2056 qua:
732 1983 889 2055 prius
929 1981 1000 2038 ab
1036 1979 1264 2052 antiquo
1309 1977 1632 2036 constiterat
1668 1974 1722 2030 in

145 2079 364 2134 honore
397 2077 539 2134 beati
567 2077 806 2149 Dionysii
836 2075 1113 2147 martyris,
1145 2073 1354 2146 synodo
1391 2083 1580 2129 exacta
1625 2071 1727 2126 lia-

137 2168 384 2225 stoniam
425 2167 663 2225 divertit.
691 2165 768 2223 lbi
802 2166 836 2222 6
871 2165 997 2222 ldus
1023 2163 1267 2221 Januarii
1311 2163 1728 2220 archidiacona-

140 2271 234 2316 tus
286 2260 375 2316 sui
421 2259 650 2316 clericos
693 2257 930 2315 concilio
975 2256 1179 2311 indicto
1221 2254 1488 2320 evocavit,
1521 2264 1576 2309 et
1622 2254 1728 2308 hoc

139 2350 391 2406 maxime
423 2349 493 2406 ad
520 2348 753 2405 insidias
778 2357 834 2403 et
863 2345 1276 2417 oppressionem
1310 2343 1558 2400 ecclesize
1585 2342 1724 2398 beati

143 2437 400 2495 liuberti.
446 2435 507 2492 In
550 2445 734 2494 castro
762 2433 1119 2506 autemquod
1168 2433 1370 2488 Ambra
1417 2430 1622 2487 dictum
1647 2440 1731 2486 cst

137 2531 212 2586 ab
258 2530 492 2601 antiquo
515 2571 531 2597 ,
575 2527 920 2599 Andaginum
955 2540 1082 2582 vero
1112 2523 1501 2580 monasterium
1527 2535 1730 2594 cogno-

139 2621 419 2675 mina-tum
453 2635 486 2676 a
516 2620 675 2676 beato
722 2617 1006 2690 Bcrcgisof,
1051 2626 1226 2672 mater
1253 2613 1478 2672 ecclesia
1519 2613 1726 2670 consti-

135 2720 288 2767 terat
335 2711 390 2766 in
429 2711 637 2767 honore
687 2710 830 2766 beati
901 2708 1043 2765 Petri
1095 2707 1466 2778 apostolorum
1529 2703 1732 2776 princi-

134 2802 227 2872 pis
287 2802 365 2857 ab
423 2801 582 2858 initio
641 2801 712 2857 ibi
755 2811 960 2857 exorta:
1011 2798 1450 2857 christianitatis.
1490 2796 1546 2852 ln
1607 2795 1730 2862 hac,

133 2900 202 2945 ut
288 2891 456 2960 longe
523 2888 841 2961 praedictum
906 2898 1030 2956 est,
1105 2887 1456 2944 Gualcaudus
1520 2883 1734 2956 cpisco-

134 2996 247 3050 pus
303 2979 659 3048 Lcodicnsis,
718 2993 947 3036 assensu
986 2976 1185 3034 Leonis
1246 2975 1475 3032 lioruani
1511 2973 1734 3046 pontifi-

1825 1875 2035 1933 ciacum
2067 1876 2216 1945 γη)
2263 1873 2512 1930 condicta
2553 1873 2642 1929 die
2668 1873 2832 1944 lmjus
2856 1873 3136 1944 colloquii,
3177 1870 3410 1929 Obertus

1825 1968 2085 2024 allectans
2105 1966 2273 2023 videri
2299 1964 2424 2036 quis
2447 1974 2594 2022 esset
2614 1964 2698 2021 vel
2726 1963 2856 2035 quid
2881 1974 3085 2035 posset,
3115 1963 3339 2020 abbatcs
3359 1973 3414 2018 et

1826 2059 2244 2116 archidiacouos
2272 2072 2405 2115 suos
2425 2067 2478 2114 ct
2506 2070 2758 2127 quosque
2786 2057 3118 2128 potentiores
3150 2054 3414 2126 episcopii

1826 2163 1889 2205 cx
1911 2148 2090 2205 edicto
2120 2146 2440 2217 assumpsit,
2463 2155 2514 2202 et
2545 2146 2956 2217 archiepiscopo
2992 2146 3159 2202 nichil
3184 2146 3293 2201 tale
3319 2160 3417 2201 cu-

1829 2239 1970 2295 ranti
1997 2238 2132 2296 satis
2167 2251 2466 2309 pomposus
2494 2235 2755 2292 occurrit.
2813 2234 2870 2291 ln
2923 2235 3058 2290 feria
3105 2245 3287 2292 autem
3330 2248 3418 2290 sc-
3491 2228 3500 2242 “

1829 2331 2006 2385 cnnda
2030 2331 2373 2400 rogationum
2399 2328 2559 2396 (Mai.
2580 2327 2675 2396 24)
2692 2337 2886 2383 exacto
2905 2326 3096 2382 eodem
3120 2324 3418 2395 colloquio,

1831 2430 2028 2491 przeter
2068 2419 2318 2474 cﬂectnm
2371 2417 2644 2473 frustrattc
2669 2416 3010 2486 quaestionis,
3043 2414 3423 2485 unuSquisque

1831 2512 1898 2568 ad
1921 2510 2286 2567 diversorium
2309 2508 2455 2579 quod
2491 2506 2595 2563 sibi
2629 2506 2886 2576 sperabat
2915 2505 3240 2560 familiarius
3271 2504 3424 2560 festi-

1834 2601 2017 2656 nabat.
2074 2598 2316 2670 Cogcbat
2351 2595 2500 2654 enim
2544 2609 2642 2653 eos
2686 2595 2852 2652 solito
2895 2593 3194 2650 ferventior
3235 2603 3419 2650 testas.

1838 2689 2091 2747 Wiredus
2117 2702 2304 2745 secum
2351 2684 2567 2742 reduxit
2605 2683 2932 2741 Leodicnses
2963 2683 3189 2739 abbatcs
3227 2681 3426 2737 Beren-

1835 2797 2024 2854 gerum
2053 2790 2107 2838 ct
2131 2779 2492 2851 Stephanum,
2519 2777 2746 2849 jamque
2773 2775 2876 2833 sibi
2905 2774 3176 2831 mitiorem
3215 2773 3424 2829 Bruno-

1839 2888 1960 2929 nem
2019 2870 2491 2928 archidiaconum.
2547 2868 2858 2940 Aliquando
2909 2867 3053 2924 enim
3111 2866 3427 2922 moderatur

1837 2977 2100 3035 tempore,
2126 2964 2272 3035 quod
2300 2963 2367 3018 ad
2399 2972 2612 3033 tempus
2645 2976 2752 3016 non
2803 2968 2982 3028 potest
3017 2958 3289 3013 moderari
3333 2972 3424 3011 ra-

131 3073 255 3140 cis,
291 3072 530 3129 consilio
566 3085 786 3143 quoque
819 3068 1118 3125 llildcboldi
1151 3066 1550 3138 metropolitani
1573 3066 1734 3122 Colo-
1764 3093 1809 3156 Ο
1842 3057 2008 3112 ιῖοιιαο
2046 3057 2171 3123 Q'JO
2217 3054 2348 3112 dum
2397 3053 2697 3109 abundanti
2731 3051 3054 3108 liberalilalc
3093 3050 3423 3106 dominicam

133 3166 387 3235 uicnsis,
411 3165 628 3222 hortatu
653 3164 814 3221 etiam
844 3161 1102 3218 Ludovici
1129 3160 1358 3232 piissimi
1393 3160 1737 3231 imperatoris

135 3256 244 3311 filii
283 3254 471 3327 magni
498 3253 704 3320 Karoli,
745 3252 1105 3309 consuluerat
1137 3249 1384 3306 ordinem
1427 3248 1741 3306 monasticae

132 3345 457 3418 religionis,
491 3359 615 3416 qua:
645 3342 945 3401 secundum
997 3341 1321 3399 canonicam
1360 3341 1738 3396 auctoritatem

135 3446 534 3504 permanserat
566 3446 768 3492 extune
789 3449 885 3506 per
909 3447 1084 3490 annos
1106 3433 1213 3489 5‘25
1248 3432 1534 3504 positionis
1551 3447 1743 3488 mona-

133 3525 390 3581 chorum
416 3524 564 3595 (205)
589 3525 754 3580 libera
780 3524 945 3581 totius
992 3523 1401 3593 inquietudinis.
1431 3521 1554 3581 llaec
1578 3535 1636 3580 ut
1659 3532 1744 3580 cst

133 3614 445 3688 proprium
476 3614 665 3670 matris
685 3613 930 3670 ecclesiae
955 3613 1256 3683 legitimum
1293 3615 1534 3683 possidet
1565 3616 1741 3685 bapti-

134 3705 414 3773 sterium,
449 3706 656 3762 habens
683 3704 826 3761 dotis
863 3704 1084 3760 nomine
1112 3702 1506 3774 subjectionem
1544 3704 1611 3759 14
1649 3718 1743 3760 cc-

131 3798 480 3866 clesiarmn,
513 3811 748 3868 quarum
775 3797 998 3853 libertas
1026 3795 1242 3867 publico
1275 3793 1608 3852 auctorizata
1636 3795 1745 3866 pri-

130 3889 381 3963 vilegio,
401 3890 609 3946 nullum
621 3888 914 3960 episcopali
931 3888 1014 3945 vel
1033 3887 1458 3945 archidiaconali
1473 3885 1744 3943 exactioni

129 3984 320 4040 debet
362 3990 689 4051 respectum.
719 3979 859 4048 Quia
884 3994 1016 4036 vero
1040 3979 1148 4036 hiis
1178 3978 1381 4036 nostris
1409 3977 1747 4050 temporibus

130 4072 462 4132 dissidente
489 4073 795 4129 sacerdotio
843 4081 899 4128 et
927 4086 1114 4143 regno,
1139 4070 1508 4129 ecclesiastica
1543 4069 1746 4141 passim

131 4165 458 4238 languebat
503 4165 822 4232 auctoritas,
868 4164 924 4220 in
974 4163 1180 4236 agenda
1224 4163 1378 4234 legali
1409 4163 1619 4235 justitia
1651 4177 1748 4233 pro

129 4259 435 4330 cujusque
473 4271 707 4326 persona
736 4256 858 4313 loco
890 4255 1121 4313 rationis
1144 4255 1528 4313 dominabatur
1551 4256 1748 4312 volun-

129 4363 252 4408 tas.
300 4347 460 4404 Unde
483 4357 540 4404 et
572 4347 758 4405 l'lrnno
801 4358 1061 4420 reputans
1088 4347 1228 4419 apud
1263 4363 1324 4406 se
1350 4357 1561 4404 mutare
1590 4361 1750 4419 posse

1839 3147 2218 3206 ascensionem
2249 3145 2407 3216 (Mai.
2429 3144 2524 3215 ‘25)
2551 3144 2919 3201 cclcbrassent
2944 3156 3128 3198 coram
3155 3140 3428 3213 przedictis

1841 3239 2154 3306 abbatibus,
2183 3237 2394 3295 vexatio
2415 3252 2580 3308 quam
2605 3234 2875 3292 inferebat
2894 3232 3140 3291 ecclesize
3183 3232 3427 3287 Brunoni

1840 3331 2051 3404 objecta
2081 3334 2185 3388 ρει.
2220 3330 2458 3386 Abbatcs
2486 3328 2637 3384 illum
2670 3326 2924 3399 privatim
2958 3323 3346 3381 convenientes
3375 3335 3433 3380 et

1844 3423 2036 3480 leniter
2065 3422 2429 3492 increpantes,
2474 3419 2847 3476 defensionem
2878 3415 3041 3473 etiam
3089 3415 3432 3472 auctoritatis

1843 3519 2157 3592 apostolica:
2199 3518 2378 3574 locum
2415 3524 2656 3572 tuentcnt
2687 3511 2997 3583 Specialitcr
3026 3510 3241 3565 firmato
3263 3511 3432 3580 privi-

1845 3612 2007 3684 legio,
2038 3625 2107 3668 ne
2139 3609 2265 3680 quis
2296 3607 2494 3664 inferat
2524 3605 2802 3678 injuriant,
2841 3602 2944 3660 nisi
2997 3601 3222 3658 honoris
3265 3602 3349 3658 sui
3377 3612 3436 3657 ct

1845 3699 2132 3772 potestatis
2155 3699 2440 3756 interdicta
2473 3697 2758 3770 dignitate,
2782 3693 2916 3752 satis
2947 3693 3198 3750 renitenti
3237 3694 3432 3764 pra'fc-

1847 3799 2053 3856 rcntes,
2081 3787 2298 3844 tandem
2348 3802 2378 3842 a
2412 3785 2679 3842 sententia
2709 3784 3068 3841 deduxerunt.
3115 3780 3206 3838 Sic
3253 3783 3435 3838 Bruno

1849 3881 2059 3937 ratione
2101 3877 2423 3944 convictus,
2477 3875 2736 3948 quicquid
2790 3874 3044 3930 indebitrc
3089 3873 3432 3936 cxactiouis.

1845 3970 2104 4043 quiequid
2149 3969 2429 4036 clamoris,
2473 3966 2733 4040 quicquid
2777 3965 3012 4036 alicujus
3061 3964 3436 4021 insectationis

1847 4067 1928 4124 vel
1961 4063 2306 4121 infractionis
2347 4063 2431 4120 vel
2467 4061 2688 4133 proprio
2709 4069 2907 4117 conatu
2937 4058 3020 4114 vel
3046 4057 3262 4113 hortatu
3297 4056 3436 4112 alte-

1850 4158 1964 4216 rius
1985 4156 2250 4214 advcrsus
2267 4153 2556 4212 ecclesiam
2581 4151 2780 4210 fecerat
2801 4151 2883 4208 vel
2907 4148 3435 4212 l‘accrc‘iutcndebat,

1852 4250 2051 4322 injuste
2091 4263 2150 4306 se
2180 4246 2377 4305 fecisse
2406 4245 2620 4317 publice
2655 4241 2968 4316 recognovit
2994 4250 3048 4297 ct
3085 4238 3358 4311 pmnituit,
3385 4252 3442 4293 et

1853 4357 1918 4398 ne
1959 4340 2084 4412 quis
2114 4354 2177 4396 ea
2208 4337 2408 4395 amodo
2449 4344 2633 4409 ageret
2671 4333 2888 4392 bannali
2917 4330 3243 4390 auctoritate
3272 4329 3441 4385 inter-

129 4447 305 4517 legcs
340 4452 396 4498 et
426 4451 691 4512 tempora,
721 4443 772 4497 in
805 4443 1063 4514 przcdicto
1082 4457 1307 4499 suorum
1338 4441 1572 4498 concilio
1590 4442 1747 4512 quasi
1777 4433 1828 4494 D
1851 4433 2010 4500 dixit,
2051 4433 2288 4501 itemque
2312 4428 2746 4487 interdicendum
2777 4425 2978 4481 Alardo
3002 4424 3209 4480 decano
3230 4422 3285 4477 in
3315 4435 3440 4477 con-

126 4533 576 4608 przccordialetn
631 4534 734 4591 sibi
781 4535 966 4591 intulit
1015 4534 1450 4605 querimoniam,
1499 4535 1750 4592 videlicet

128 4625 606 4696 Andaginenscm
642 4625 930 4684 ecclesiam
973 4625 1135 4681 nimis
1160 4625 1266 4682 sibi
1295 4625 1570 4683 invenisse
1606 4626 1749 4698 inju-

125 4717 393 4784 riosam,
417 4731 476 4772 se
501 4731 724 4786 passmn
755 4717 807 4772 in
850 4733 915 4774 ea
939 4717 1320 4787 despicabilem
1346 4719 1642 4790 repulsam,
1666 4719 1750 4774 in-

123 4811 338 4883 deque
370 4807 508 4864 velle
528 4822 874 4880 quacumque
893 4810 1181 4866 occasione
1200 4819 1516 4881 conceptam
1533 4811 1750 4883 explere

125 4902 489 4961 vindictam.
523 4899 662 4968 Quia
689 4901 859 4969 enim,
892 4911 1078 4973 utpote
1117 4901 1279 4956 matri
1311 4901 1575 4971 ecclesiae,
1604 4903 1748 4960 scie-

127 4997 239 5054 bat
271 5009 346 5051 sc
373 4992 675 5065 legitimum
704 4995 1081 5066 baptisterium
1108 4995 1256 5051 nullo
1278 4995 1444 5052 modo
1470 5011 1634 5067 posse
1657 4996 1752 5052 dc-

129 5089 412 5153 traltcre,
447 5087 750 5142 conabatur
775 5087 1025 5157 equidem
1064 5087 1247 5143 oleum
1275 5100 1330 5145 et
1371 5089 1608 5146 chrisma
1640 5104 1754 5146 sua:

125 5177 597 5251 dispensationis
645 5179 871 5234 omnino
911 5179 960 5234 ei
1013 5179 1346 5249 subducere,
1395 5181 1654 5239 ecclesias
1699 5191 1756 5238 ct

125 5275 272 5344 ejus
315 5270 684 5340 subjectionis
703 5280 758 5326 et
777 5269 1112 5327 defensionis
1134 5271 1317 5328 bamto
1337 5273 1757 5343 superimposito

128 5366 442 5419 hactenus
472 5361 674 5418 liberas
715 5361 979 5417 violenter
1007 5361 1325 5434 infringere,
1355 5373 1408 5418 et
1451 5362 1616 5432 hujus
1643 5375 1748 5418 sua

128 5450 474 5509 voluntatis
497 5461 752 5507 conatum
787 5466 978 5507 eorum
1005 5451 1213 5522 jmlicio
1244 5452 1321 5508 ira
1351 5452 1584 5508 dictante
1615 5466 1756 5522 prte-

1856 4533 2016 4580 vcntu
2054 4521 2398 4581 sacerdotum
2429 4534 2545 4578 sua:
2570 4515 2926 4588 subjectionis
2953 4530 3047 4586 per
3073 4512 3438 4570 obedientiam

1855 4612 2044 4671 edixit.
2085 4611 2322 4668 Alardns
2367 4610 2421 4665 in
2471 4607 2720 4680 sequenti
2767 4605 3014 4662 natalitio
3064 4602 3438 4674 apostolorum

1856 4707 2001 4765 Petri
2029 4717 2083 4764 et
2113 4704 2263 4762 Pauli
2294 4703 2446 4776 (Jun.
2484 4703 2578 4772 9.9)
2603 4701 2862 4758 bannalcs
2899 4712 3092 4756 cruces
3120 4696 3438 4754 deducenti-

1858 4803 1960 4860 bus
1999 4799 2335 4873 presbiteris.
2367 4811 2490 4853 cum
2537 4793 2859 4853 exsolvisset
2903 4789 3206 4848 oblationes
3247 4787 3443 4843 debitae

1855 4893 2182 4961 devotionis,
2231 4892 2284 4947 in
2319 4889 2536 4962 publico
2570 4901 2763 4944 eorum
2810 4892 3080 4942 conventu
3129 4879 3441 4952 adjudicato

1855 4990 1958 5047 sibi
2001 5001 2272 5046 consensu
2321 4983 2594 5049 onmium,
2631 4981 2814 5038 banno
2861 4975 3288 5034 archidiaconali
3318 4975 3440 5032 edi-

1854 5091 2003 5137 ctum
2052 5079 2122 5135 de
2151 5076 2428 5148 rec0gnita
2474 5090 2605 5146 pace
2643 5082 2698 5130 et
2721 5053 2968 5128 libertam
3007 5067 3256 5126 ecclesia:
3301 5067 3439 5123 beati

1858 5169 2082 5228 Hubcrti
2125 5167 2488 5234 confirmavit,
2515 5178 2572 5222 et
2597 5178 2664 5220 ne
2691 5163 2817 5234 quis
2863 5161 3002 5218 idem
3051 5160 3295 5216 bannum
3324 5172 3442 5214 am-

1857 5264 2001 5335 plius
2034 5259 2352 5332 infringeret
2377 5254 2888 5314 excommunicavit.
3257 5259 3264 5265 '

1929 5356 2019 5412 95.
2059 5353 2232 5425 (125.)
2260 5353 2420 5407 Anno
2444 5349 2711 5408 incarnati
2759 5345 2916 5404 Verbi
2945 5343 3106 5410 “05,
3138 5342 3443 5399 Richardus

1857 5447 2082 5520 quidam
2104 5445 2401 5503 cardinalis
2428 5443 2672 5501 ecclesia:
2697 5439 2956 5499 Romame
2993 5437 3168 5511 (205),
3194 5433 3443 5493 conciliis

1692 5564 1922 5623 ΝΟΤΛῦ.

248 5652 402 5718 205)
442 5650 608 5707 Error
628 5650 971 5707 manifestus.

248 5657 402 5718 205)
442 5657 608 5707 Error
628 5657 971 5707 manifestus.

221 5657 341 5794 $20
355 5723 406 5791 ἱ)
449 5722 630 5791 Donzy
655 5722 720 5777 ad
750 5721 802 5774 11.
829 5722 1053 5776 Carum.

513 5816 784 5874 Ριιτιιοιη
825 5811 1033 5875 CLIV.

1933 5654 2080 5725 (205)
2124 5651 2220 5722 Ep.
2254 5646 2599 5704 Albancusis.
