3902 6286
447 288 576 349 “Si

1475 266 1869 331 CHRONICON
1907 269 1965 325 S.
2007 263 2313 323 HUBEBTI
2350 265 2683 325 ANDAGIN,

3580 276 3724 335 {£53

432 400 679 469 indictis,
735 399 931 473 agebat
959 410 1057 468 per
1102 393 1304 449 Gallias
1333 382 1665 462 apos'tolicas'
1707 387 1874 443 vices.
1916 383 2019 439 Cui
2048 382 2095 440 Α
2119 380 2391 473 Henricus
2409 392 2464 437 et
2501 383 2689 473 Bruno
2715 380 3109 453 archidiaconi,
3150 384 3392 460 postque
3415 390 3723 449 orationem

439 492 773 565 suffragante
801 489 1042 544 Roberto
1066 482 1419 549 Virdunensi,
1449 481 1545 551 qui
1575 479 1653 534 illi
1680 477 2020 533 familiariter

436 584 774 646 adhaerebat,
804 579 863 633 in
903 576 1108 632 eisdem
1134 569 1400 631 conciliis
1417 571 1742 629 declamavit
1775 568 2021 624 Theode-

438 675 591 731 ricus
638 670 885 728 ordinem
932 668 1046 724 suaé
1093 665 1437 738 privationis.
1483 663 1655 735 Cujus
1682 675 1849 718 causa
1889 659 2021 714 dum

437 764 811 827 ventilaretur,
860 773 925 814 ex
984 756 1252 815 sententia
1302 755 1542 811 fidelium
1591 752 1829 809 decrevit
1878 750 2046 805 idem'

439 852 754 917 cardinalis,
795 865 894 906 nec
940 850 1136 905 debere
1182 863 1284 904 nec
1319 846 1484 918 posse
1511 846 1664 901 illum
1695 841 2023 915 praelationis

438 957 555 999 sua:
582 941 845 1014 dignitate
867 939 1092 1010 privari,
1108 943 1287 1010 ’quam
1321 936 1487 994 nimis
1520 934 1826 992 incensulte
1850 933 2050 988 inter“

438 1034 657 1091 misisse
677 1033 963 1089 videbatur
990 1033 1066 1088 ob
1084 1031 1458 1088 defensionem
1492 1028 1739 1085 veritatis
1766 1034 1821 1082 et
1848 1025 2023 1081 fideli-

435 1132 607 1182 tatem
646 1124 962 1196 apostolicae
997 1124 1163 1191 sedis,
1195 1123 1467 1192 seiretQue
1503 1119 1760 1175 Wiredus
1786 1116 2026 1187 Andagi-
2055 1195 2061 1202 ⁸

436 1232 667 1274 nensem
692 1216 963 1271 abbatiam
1003 1215 1231 1270 omnino
1259 1212 1603 1269 interdictam
1644 1209 1767 1276 sibi,
1792 1218 1887 1265 aut
1925 1223 2025 1278 pro

438 1315 592 1363 certo
620 1306 1156 1362 exeommunicatum
1181 1321 1308 1362 cum
1342 1304 1598 1361 omnibus
1627 1300 1938 1356 fautoribus
1970 1307 2027 1355 et

438 1397 702 1468 subjectis
731 1398 867 1453 suis.
916 1396 1069 1453 Hane
1096 1398 1409 1470 apostolica:
1438 1394 1781 1451 auctoritatis
1810 1400 2029 1449 sentenm

437 1488 573 1543 tiam
604 1487 933 1545 Laurentius
971 1489 1144 1545 abbas
1185 1488 1359 1544 sancti
1406 1485 1608 1541 Vittoni
1651 1482 1802 1555 (206)
1837 1490 1892 1537 et
1919 1480 2045 1546 Ro-j

437 1579 1590 1653 bertusmOnachushatereeperuntWiredo
1603 1578 2023 1636 enuuciandam.

2120 473 2323 543 palatio
2380 472 2752 527 introductum
2817 476 3350 536 commendaverunt
3403 482 3725 542 Coloniensi

2120 567 2385 637 pontifici.
2417 567 2464 620 A
2510 581 2622 637 quo
2665 566 2915 623 hilariter
2956 580 3219 641 exceptus
3246 582 3305 628 et
3345 575 3726 645 deosculatus,

2122 663 2489 731 interrogatus
2516 673 2739 728 quoque
2760 659 2829 715 ad
2856 660 2991 731 quid
3018 663 3281 732 venisset,
3306 664 3515 736 illeque
3546 668 3731 739 grati-

2123 769 2206 815 ter
2252 756 2537 829 suspirans
2583 756 2802 812 interim
2847 750 3107 815 reticeret
3133 792 3205 805 -
3246 762 3366 832 jam
3412 764 3573 818 enim
3613 774 3730 818 ante

2123 850 2481 922 praemonitus
2505 858 2623 904 erat
2648 864 2681 902 a
2706 847 3036 921 Berengero,
3079 852 3234 907 nullo
3267 853 3441 908 modo
3469 853 3583 915 sibi
3624 852 3731 908 fore

2125 944 2279 1012 utile,
2302 942 2350 998 si
2380 943 2520 998 inter
2543 950 2624 996 tot
2646 941 3007 998 adversitates
3035 958 3191 998 suam
3216 960 3344 1015 qua
3364 952 3490 1000 erat
3513 947 3733 1016 gravior

2126 1051 2352 1092 causam
2380 1035 2447 1090 de
2466 1024 2685 1090 MirvOlt
2708 1033 2972 1090 adversus
2998 1033 3258 1091 Obertum
3292 1037 3376 1092 sic
3400 1052 3728 1108 oppressum

2126 1128 2435 1200 ingravaret
2452 1124 2785 1198 —'pontifex
2806 1141 3110 1197 exsurgens
3131 1127 3515 1199 Berengerum
3542 1136 3607 1182 et
3630 1127 3735 1183 Ste-

2125 1219 2368 1290 phanum
2403 1217 2629 1272 abbates
2649 1231 2905 1273 seorsum
2940 1218 3211 1284 evocavit,
3237 1227 3295 1273 et
3318 1226 3382 1272 ut
3410 1218 3520 1273 sibi
3549 1219 3730 1289 queri-

2126 1309 2367 1364 moniam
2398 1323 2525 1363 cum
2550 1307 2740 1363 dolore
2764 1306 3046 1363 reticentis
3060 1323 3127 1363 ex
3157 1308 3358 1363 ordine
3370 1318 3724 1378 exponerent,

2126 1415 2224 1471 per
2245 1399 2607 1455 obedientiam
2638 1398 2854 1454 indixit.
2878 1397 3220 1470 Berengerus
3240 1399 3458 1469 optime
3476 1399 3727 1455 conscius

2126 1491 2207 1546 rei
2243 1500 2297 1545 et
2344 1490 2556 1561 peritus
2596 1489 2835 1556 dicendi,
2879 1490 3029 1560 quod
3074 1489 3376 1559 jubebatur
3432 1489 3725 1544 enarravit.

2128 1588 2391 1645 Videlicet
2420 1587 2697 1660 quomodo
2726 1586 3047 1658 praedictum
3090 1596 3363 1653 castrum,
3405 1587 3565 1641 omni
3591 1587 3723 1657 adja-

438 1672 684 1730 Cuicum
704 1674 772 1730 ad
802 1675 1222 1745 colloquendum
1251 1675 1394 1729 diem
1419 1681 1475 1729 et
1497 1673 1679 1728 locum
1709 1668 2104 1780 con‘stituis—'B
2130 1681 2273 1740 οεηιί
2293 1679 2593 1750 provincia;
2618 1678 2899 1744 infestum,
2929 1695 2997 1734 εχ
3029 1678 3211 1734 edicto
3239 1677 3478 1735 nem-ica
3503 1678 3721 1749 impera-

438 1772 584 1830 sent,
629 1765 830 1836 illeque
879 1781 992 1820 non
1019 1764 1388 1832 convenisset,
1423 1778 1522 1834 per
1555 1762 1848 1818 Adelonem
1890 1776 2030 1830 prte-

438 1855 685 1924 positum
706 1856 1103 1912 mandaverunt
1120 1856 1170 1911 ei
1196 1855 1490 1912 cardiualis
1516 1854 1830 1920 decretum;
1854 1851 2033 1907 Theo-

436 1944 1091 2017 dericusquoquelitteris
1101 1947 1169 2002 ad
1187 1945 1390 2006 fratres
1412 1945 1717 2012 destinatis,
1732 1943 2035 2016 ingravavit

434 2036 520 2092 eis
544 2036 794 2108 ejusdem
820 2038 1411 2095 excommunicationis
1429 2038 1755 2108 periculum.
1792 2035 1906 2091 Sub
1928 2036 2035 2091 hiis

438 2125 894 2183 insectationibus
935 2128 1052 2183 suis
1100 2127 1359 2183 Wiredus
1389 2126 1696 2181 Manassem
1735 2124 2033 2179 Remorum

436 2215 754 2283 pontificem
789 2216 943 2280 adiit,
972 2223 1027 2268 et
1056 2214 1242 2268 "altare
1285 2215 1353 2268 de
1383 2213 1574 2283 Sulpio
1617 2214 1766 2284 quod
1791 2212 2036 2269 ecclesia:

433 2314 537 2371 per
556 2316 734 2357 annos
758 2302 790 2354 7
811 2302 1180 2369 subtraxerat,
1204 2302 1542 2358 reddendum
1570 2302 1675 2357 sibi
1697 2302 2032 2358 reclamavit'.

439 2389 723 2449 Manasses
764 2407 874 2448 non
925 2393 1103 2450 solum
1153 2395 1302 2465 quod
1325 2395 1690 2466 subduxerat,
1740 2396 1835 2451 sed
1869 2396 2045 2451 etiam

439 2486 613 2540 altare
639 2484 707 2540 de
742 2482 1008 2556 Nogarias
1035 2494 1246 2543 remota
1286 2501 1523 2557 persona
1549 2494 1605 2542 et
1638 2486 1782 2542 facta
1820 2487 2037 2557 publica

437 2583 496 2629 et
540 2574 698 2645 legali
736 2575 1050 2643 donatione,
1073 2590 1345 2632 consensu
1386 2575 1632 2632 Gervasii
1666 2575 2036 2631 archidiaconi

440 2674 497 2722 et
522 2666 692 2722 totius
717 2666 847 2722 cleri
876 2668 965 2722 sui
986 2667 1205 2723 ﬁrmato
1229 2675 1284 2724 et
1305 2667 1519 2738 signato
1545 2667 1848 2738 privilegio,
1864 2668 2037 2723 eccle—

442 2757 541 2813 sim
572 2756 718 2812 beati
749 2755 979 2812 Huberti
1008 2773 1107 2828 pro
1133 2758 1514 2814 anniversario
1561 2772 1663 2814 suo
1690 2772 1758 2812 ex
1802 2757 1923 2828 ejus
1951 2772 2038 2812 re-

441 2848 562 2904 ditu
604 2848 979 2920 sollempniter
1020 2849 1232 2921 agendo
1276 2857 1541 2921 perpetuo
1568 2847 1878 2914 habendum
1921 2857 2035 2904 tra-

445 2938 606 2996 didit.
1734 2959 1740 2965 η
1928 2958 1933 2963 ο

2132 1776 2269 1831 toris
2291 1774 2501 1830 viribus
2520 1772 2690 1828 totius
2711 1769 3082 1841 Lotbaringia:
3112 1770 3209 1824 vix
3238 1768 3428 1825 fuerat
3446 1769 3719 1840 deiectum,

2133 1868 2410 1940 quomodo
2439 1867 2508 1922 ab
2535 1851 2793 1937 episcopo
2818 1863 3059 1920 Henrico
3095 1862 3469 1929 restractum,
3512 1863 3718 1917 iterum-

2135 1978 2241 2033 que
2268 1962 2336 2017 ab
2363 1962 2458 2017 illo
2486 1961 2589 2016 sub
2615 1958 3059 2015 interminatione
3086 1956 3343 2027 perpetui
3374 1955 3718 2010 anathematis

2135 2041 2494 2116 destruetum,
2525 2038 2802 2120 quomodo
2823 2048 2988 2103 etiam
3023 2062 3173 2101 nunc
3224 2046 3286 2100 in
3316 2044 3535 2101 exitium
3554 2046 3709 2099 eccle-

2136 2141 2232 2196 sia:
2251 2141 2396 2195 beati
2417 2138 2642 2195 liuberti
2662 2146 2945 2194 constaret
2962 2137 3339 2192 relirmatum.
3362 2134 3708 2204 Subjungente

2136 2239 2320 2287 autem
2348 2230 2624 2302 pontiﬁce,
2655 2245 2755 2285 cur
2780 2229 2907 2284 inde
2938 2227 3109 2283 abbas
3132 2228 3442 2283 clamorem
3473 2226 3711 2290 diﬁerret,

2136 2323 2418 2394 respondit
2447 2322 2537 2377 ille
2565 2321 2692 2392 quia
2709 2319 2937 2391 justitize
2952 2316 3243 2374 diffideret.
3270 2316 3483 2387 Rapuit
3501 2314 3719 2386 pontifex

2138 2431 2262 2471 cum
2296 2415 2670 2486 indignatione
2703 2413 2933 2468 verbum
2959 2409 3301 2469 difﬁdentiae.
3332 2408 3640 2468 iuravitque
3662 2405 3721 2459 de

2137 2507 2345 2580 agenda
2366 2506 2580 2579 justitia
2610 2505 2862 2561 abbatem
2888 2502 3097 2560 frustra
3119 2501 3397 2567 difﬁdere,
3428 2500 3481 2555 si
3504 2500 3609 2553 vita
3634 2497 3722 2552 sibi

2138 2607 2450 2669 superesset
2490 2612 2616 2653 cum
2663 2595 3041 2667 prosperitate.
3086 2592 3253 2649 Circa
3305 2593 3510 2647 horam
3539 2598 3721 2646 sexta

2138 2689 2368 2745 collecto
2398 2688 2662 2744 adversus
2686 2686 2951 2743 Obertum
2994 2685 3143 2742 clero
3177 2682 3508 2749 Leodiensi,
3535 2681 3724 2735 videres

2138 2769 2497 2835 tumultuaria
2524 2778 2870 2835 dissensione
2897 2777 3164 2833 rationem
3192 2772 3496 2841 confundi,
3525 2774 3637 2829 sine
3656 2769 3727 2825 vi-

2138 2869 2459 2925 cissitudine
2510 2867 2726 2923 dicendi
2776 2875 2835 2922 et
2884 2865 3142 2921 audiendi
3188 2864 3465 2934 injurias”
3498 2878 3635 2933 quas
3668 2860 3727 2914 ab

2138 2959 2340 3016 Obcrto
2381 2959 2723 3032 pertulerant
2775 2958 3022 3030 singulos
3075 2955 3350 3026 conqueri
3378 2996 3397 3020 ,
3457 2951 3726 3009 canonicis

507 3029 607 3091 96.
641 3030 816 3103 (126.)
842 3030 1078 3089 Obertus
1101 3032 1309 3089 interea
1332 3032 1497 3090 nimis
1525 3032 1918 3089 immoderatus
1938 3031 2032 3088 do-

2140 3029 2442 3106 sententias
2470 3050 2732 3105 adversus
2770 3029 2900 3104 eum
2942 3045 3325 3102 indiﬂ‘erenter
3355 3041 3621 3108 conferri,
3646 3041 3728 3096 do-

439 3122 765 3183 minationis
789 3126 1108 3182 exercendae
1131 3127 1297 3197 coepit
1339 3126 1527 3182 Le‘odii
1555 3126 1737 3182 civilia
1758 3126 1884 3196 jura
1905 3139 2039 3181 eon—

442 3220 661 3287 vellere,
695 3220 842 3291 leges
873 3218 1147 3289 majorum
1182 3228 1397 3276 mutare
1417 3261 1432 3287 ,
1470 3218 1899 3276 consuetudines
1940 3232 2040 3271 an—

443 3314 676 3382 nullare,
712 3323 885 3385 usque
928 3313 1158 3370 liberius
1185 3315 1571 3384 comprimeret
1594 3315 1857 3381 minores,
1880 3310 2039 3368 diti‘e—

429 3403 600 3458 -rcbat
648 3404 865 3459 interim
917 3404 1246 3474 exasperare
1285 3405 1740 3476 majores,‘donis
1784 3405 1951 3460 etiam
1987 3412 2043 3459 et

439 3496 735 3565 promissis
760 3496 832 3553 ad
855 3499 1310 3554 consentiendum
1334 3500 1439 3555 sibi
1464 3498 1823 3555 contrahebat
1851 3504 2041 3569 poten‘

439 3585 629 3643 tiores.
660 3585 767 3644 Sed
786 3602 897 3644 nec
920 3587 1015 3644 diu
1039 3589 1214 3658 potuit
1238 3604 1297 3644 se
1321 3588 1621 3655 continere,
1644 3588 1777 3658 quin
1801 3587 1946 3658 quod
1968 3586 2037 3642 ad

443 3689 662 3750 tempus
682 3680 968 3737 distulerat
992 3682 1266 3751 proderet,
1304 3690 1360 3736 et
1380 3681 1436 3736 in
1465 3680 1655 3737 eadem
1684 3678 2040 3750 oppressione

442 3770 601 3826 ﬁeret
622 3772 881 3828 omnibus
917 3773 1080 3830 idem.
1118 3768 1490 3829 Ecclesiarum
1525 3772 1762 3843 denique
1787 3779 1842 3827 et
1870 3771 2035 3827 cleri-

443 3862 645 3915 corum
664 3868 1050 3931 procuratores
1074 3859 1247 3917 totius
1274 3859 1477 3916 liberos
1504 3857 1740 3915 forensis
1755 3857 1901 3929 juris
1919 3858 2038 3912 vio-

440 3953 621 4010 lenter
636 3951 949 4027 infringere
975 3955 1261 4027 temptavit
1288 3975 1300 4010 :
1334 3955 1471 4010 adeo
1497 3962 1565 4009 ut
1594 3952 1858 4009 custodiae
1878 3967 2036 4007 man-

442 4049 652 4120 ciparet
675 4049 1006 4105 domesticos
1034 4048 1307 4104 Frederici
1330 4046 1607 4119 praepositi
1628 4044 1872 4101 ecclesiae
1892 4043 2047 4099 beati

442 4140 742 4197 Lamberti.
792 4138 950 4196 Unde
998 4150 1259 4197 evocatus
1299 4136 1643 4211 querimtmia
1690 4137 1862 4193 totius
1905 4136 2035 4191 cieri

442 4229 803 4299 Leodiensis,
854 4231 1006 4286 venit
1055 4230 1465 4301 Aquisgranum
1510 4228 1814 4299 palatium,
1862 4226 2039 4282 donec

443 4319 771 4377 Fredericus
784 4320 1245 4391 'metropblitanus
1263 4318 1612 4376 Coloniensis
1637 4319 1704 4351 ¹³⁹
1724 4317 2036 4389 ibidemque

2142 3155 2243 3196 nec
2272 3136 2518 3210 pontifex
2564 3124 2911 3192 Coloniensis
2937 3150 3004 3191 eo
3033 3132 3225 3190 secum
3268 3132 3594 3189 introducto
3617 3144 3725 3184 eoa-

2143 3230 2301 3287 sedit.
2339 3228 2582 3287 Tandem
2618 3229 2806 3287 sedato
2835 3227 3093 3294 tumultu,
3139 3235 3195 3282 et
3223 3225 3362 3281 data
3396 3223 3657 3281 sententia
3675 3228 3723 3274 at

2143 3337 2288 3378 unus
2309 3320 2516 3377 diceret
2540 3335 2642 3392 pro
2663 3319 2941 3388 omnibus,
2971 3319 3039 3374 ad
3084 3317 3192 3372 hoc
3216 3315 3604 3386 exequendum
3625 3311 3718 3364 cito

2142 3422 2264 3469 ctus
2292 3413 2539 3469 constitit
2566 3412 2621 3466 in
2663 3410 2844 3466 medio
2871 3407 3144 3465 Henricus
3168 3406 3612 3465 archidiaconus.
3632 3399 3719 3470 qui

2141 3503 2323 3559 dicere
2348 3511 2574 3559 exortus
2603 3521 2617 3558 :
2650 3501 2775 3567 Hic,
2813 3500 3010 3571 inquit,
3038 3499 3247 3552 clamor
3275 3513 3447 3567 super
3478 3494 3721 3548 douiat-

2139 3593 2441 3661 episcopum
2466 3608 2500 3644 a
2523 3590 2675 3644 nobis
2706 3589 2860 3643 hodie
2881 3587 3115 3659 agendus
3140 3602 3248 3640 non
3272 3593 3357 3640 est
3382 3585 3502 3655 ejus
3534 3582 3724 3653 print:

2141 3684 2283 3749 vitaz,
2307 3680 2458 3750 cujus
2481 3674 2628 3735 testis
2649 3674 2727 3735 est
2749 3678 2893 3734 Deus
2913 3686 2963 3733 et
2977 3677 3151 3747 judea:
3179 3675 3354 3741 solus,
3384 3674 3479 3728 sed
3510 3674 3575 3726 de
3602 3670 3725 3738 inf»

2139 3775 2305 3829 stitiis
2326 3773 2703 3829 ecclesiasticis
2725 3779 2774 3826 et
2799 3769 2996 3825 nostris
3014 3767 3218 3839 legibus
3233 3776 3287 3822 et
3303 3766 3462 3821 rebus
3484 3761 3726 3835 pablids;

2138 3866 2379 3921 videlicet
2403 3865 2542 3938 quod
2570 3864 2814 3919 abbatias
2840 3869 3024 3916 taxato
3057 3859 3231 3931 pretio
3252 3857 3578 3921 uendiderit,
3604 3851 3726 3922 qni

2137 3957 2498 4014 ecclesiastica
2525 3956 2823 4012 ministeria
2849 3970 2967 4026 quae
2995 3960 3233 4024 praesunt
3264 3951 3579 4005 animarum
3604 3945 3728 4000 curis

2136 4058 2187 4104 et
2214 4044 2352 4121 quat,
2375 4058 2555 4121 utpote
2583 4049 2722 4102 dona
2744 4045 2979 4118 Spiritus
2999 4045 3197 4111 sancti,
3237 4041 3501 4097 donante
3522 4050 3575 4095 et
3603 4037 3732 4092 acri-

2135 4143 2329 4214 pienda
2357 4133 2483 4197 sunt
2507 4134 2697 4213 gratis,
2732 4147 2892 4211 pacta
2929 4136 3168 4192 mercede
3191 4133 3576 4196 distribuerit;
3604 4127 3728 4199 qui

2135 4235 2191 4288 in
2213 4250 2486 4288 commune
2498 4232 2793 4303 .dampnum
2806 4229 3152 4284 ecclesiarum
3173 4227 3417 4280 omnium
3438 4223 3731 4293 provincia-

2136 4328 2268 4381 lium
2292 4326 2558 4398 legitimas
2582 4318 2817 4380 monetas
2839 4323 3032 4376 totiens
3059 4316 3439 4374 mutaveritvel
3466 4312 3727 4373 minuit,

442 4411 779 4469 audientiam
803 4390 1082 4470 canonicos
1107 4413 1469 4471 discussionis
1488 4413 1702 4484 publice
1723 4412 2028 4467 habendam
2062 4390 2107 4448 θ
2133 4390 2449 4492 augurii“:
2469 4417 2723 4482 deterius,
2739 4413 3007 4484 corrumpi
3033 4411 3391 4474 consenserit;
3418 4406 3564 4478 quod
3587 4405 3733 4457 liber-

442 4502 645 4560 Oberto
674 4505 890 4561 indixit.
926 4503 1158 4561 Advenit
1186 4504 1442 4571 Obertus,
1470 4504 1690 4559 advenit
1710 4503 1875 4558 etiam
1903 4518 2028 4558 cum

442 4595 733 4652 abbatibus
785 4606 842 4654 et
886 4597 1290 4654 archidia‘conis
1317 4595 1599 4666 multiplex
1645 4593 2029 4650 Leodiensium

440 4687 643 4743 clerus.
702 4687 834 4744 Erat
893 4687 1032 4744 1104
1088 4704 1267 4745 annus
1325 4689 1595 4745 incarnati
1652 4686 1845 4754 Verbi,
1894 4685 2031 4741 feria

442 4780 635 4848 quinta
663 4777 854 4851 primae
872 4780 1229 4837 hebdomadas
1250 4778 1683 4852 quadragesima:
1701 4774 1890 4851 (Mart.
1919 4778 2029 4848 10).

445 4867 562 4924 Sub
593 4870 805 4928 hisdem
833 4871 1008 4928 ferme
1031 4873 1224 4929 diebus
1247 4882 1471 4929 venerat
1491 4871 1749 4927 Wiredus
1771 4869 2034 4926 Leodium

444 4959 513 5014 de
540 4962 870 5031 quibusdam
893 4964 1179 5035 injustitiis
1202 4965 1449 5022 ecclesiae
1467 4971 1671 5020 nostrae
1696 4962 1863 5018 illatis
1882 4977 2038 5018 cura-

444 5059 604 5108 turus
631 5056 773 5125 apud
814 5054 1097 5112 Obertum.
1130 5056 1375 5113 Audiens
1415 5063 1597 5111 autem
1633 5062 1743 5109 tam
1776 5052 2035 5123 frequens

446 5149 776 5205 auditorium
803 5150 976 5221 Aquis
1013 5151 1357 5218 convenisse,
1386 5149 1681 5205 comitatus
1719 5145 2032 5208 Lamberto,

443 5238 714 5308 Adelon'e,
760 5242 963 5298 ibidem
1007 5242 1303 5298 maturavit
1352 5241 1565 5297 adesse.
1617 5237 1792 5304 Quem
1838 5245 2034 5307 praeter

442 5348 600 5405 spem
634 5333 919 5389 advenisse
952 5335 1157 5403 mirati,
1192 5332 1579 5406 processerunt
1606 5332 1660 5385 in
1688 5330 1836 5386 curia
1861 5328 2032 5401 regali

2137 4518 2301 4564 tatem
2321 4508 2520 4580 publici
2532 4508 2697 4578 juris,
2723 4507 2859 4578 leges
2881 4522 2914 4559 a
2940 4503 3234 4573 majoribus
3256 4501 3461 4555 nostris
3484 4499 3730 4551 hactenus

2137 4598 2347 4655 habitas
2373 4599 2629 4655 violenter
2648 4598 2939 4669 infringere
2959 4593 3319 4659 contenderit;
3349 4590 3495 4662 quod
3522 4586 3670 4642 nobis
3689 4591 3733 4636 ει

2137 4692 2428 4764 quibusque
2475 4689 2719 4761 fidelibus
2751 4688 2926 4743 sancti
2970 4684 3246 4740 Lamberti
3290 4699 3358 4737 ne
3397 4681 3502 4735 hoc
3548 4680 3731 4750 [mret

2138 4783 2554 4855 suggerentibus,
2591 4781 2779 4836 audire
2805 4776 3204 4848 cantempserit;
3235 4773 3379 4846 quod
3406 4773 3629 4826 tandem
3653 4783 3732 4837 po-

2138 4873 2453 4928 tentioribus
2486 4871 2741 4943 episcopii
2768 4868 3095 4940 exigentibus
3117 4874 3175 4920 ut
3205 4880 3263 4918 se
3274 4863 3601 4932 corrigeret,
3622 4873 3733 4912 cor-

2137 4964 2343 5037 rigendi
2386 4980 2440 5018 se
2481 4962 2639 5032 ﬁdem
2684 4960 2909 5027 dederit,
2950 4968 3001 5013 et
3042 4958 3229 5011 datam
3246 4955 3474 5009 irritam
3513 4951 3729 5022 rediit:

2136 5056 2275 5129 quod
2302 5056 2576 5110 thesauros
2602 5052 2946 5108 ecclesiarum
2982 5064 3114 5119 quas
3157 5044 3479 5117 mpoliarit
3518 5041 3731 5096 merda

2134 5165 2255 5203 cum
2279 5148 2447 5218 possit
2484 5146 2759 5203 restituere
2795 5141 3051 5198 voluerit.-
3076 5137 3218 5203 Quia
3248 5152 3377 5207 ergo
3396 5135 3479 5188 sic
3504 5150 3568 5187 se
3587 5130 3730 5184 habet

2135 5239 2349 5310 publica
2378 5238 2684 5293 Leodiensis
2704 5234 2958 5300 ecclesiae,
2973 5238 3165 5303 praeter
3181 5230 3420 5300 privatas
3442 5224 3729 5280 multum

2129 5331 2511 5402 querimonias,
2556 5344 2694 5400 quas
2739 5326 2952 5398 longum
2985 5331 3062 5377 est
3104 5319 3457 5392 proclamare,
3488 5311 3728 5370 cameli!

1756 5421 1843 5473 WA
1855 5419 1991 5473 RIZE
2034 5420 2444 5477 LECTIONES.

518 5515 589 5546 “9
618 5511 723 5568 Hic
742 5510 955 5582 aliquid
975 5514 1147 5572 deesse
1179 5515 1255 5569 rel
1288 5520 1591 5581 corruptum
1618 5526 1727 5566 esse
1757 5510 1983 5565 videtur.

522 5690 671 5763 (206)
712 5689 1089 5747 Virdunensis.

1962 5601 2189 5659 NOTAE.
