3902 6286
1666 204 1685 231 Ο

189 276 320 334 1455

1202 277 1597 336 CHRONICON
1639 282 1695 338 S.
1738 283 2043 341 HUBERTI
2081 286 2401 347 ANDAGIN.

3294 310 3318 363 1
3330 309 3433 366 454

186 387 489 493 auctoritati
518 393 719 493 .uestrae
767 387 1022 493 spiritum
1066 389 1274 493 consilii
1316 399 1367 493 et
1425 393 1758 493 fortitudinis
1786 400 1833 456 Α
1859 411 2043 457 mento
2076 403 2347 460 ﬁdelitatis
2383 406 2696 479 obligasset.
2743 409 2849 467 Sed
2894 398 3289 493 Henricus'spe
3321 425 3428 482 bel.

186 476 377 543 adesse,
403 487 459 530 ut
495 476 732 531 dictante
749 476 961 546 judicio
1003 477 1317 548 reformetur
1330 481 1569 551 justitia,
1595 494 1645 539 et
1667 488 1761 541 ab-

182 566 364 623 solutis
409 565 646 638 ﬁliorum
692 584 910 622 suorum
951 571 1295 640 querimoniis
1325 573 1382 626 in
1424 590 1553 643 pace
1581 592 1760 632 eorum

183 656 386 713 laetetur
433 668 605 713 mater
643 657 884 714 ecclesia.
927 659 1009 715 Ad
1053 660 1171 717 haec
1219 663 1662 738 archiepiscopus
1703 669 1759 724 in

182 751 408 808 concilio
440 751 700 822 loquutus
727 749 930 807 Oberto
957 751 1136 819 rediit,
1174 752 1516 827 breviterque
1543 759 1761 815 concio-

183 852 340 897 natus
372 858 545 912 super
572 843 915 913 querimonia
944 845 1242 913 communi,
1272 844 1532 903 Obertum
1561 849 1760 905 rubore

182 937 345 991 immo
373 933 745 1007 indignatione
774 935 1066 992 confusum
1098 937 1165 993 de
1193 939 1393 1009 quibus
1439 941 1760 1011 culpabatur

180 1029 387 1100 publice
409 1029 728 1099 increpavit.
762 1028 873 1085 Nec
895 1029 1050 1099 prius
1079 1030 1288 1086 abstitit
1324 1048 1491 1102 quam
1532 1033 1599 1089 de
1631 1034 1757 1105 qui-

179 1121 278 1176 bus
308 1120 702 1176 criminabatur
723 1119 852 1175 cleri
885 1120 972 1175 sui
1000 1122 1234 1178 consilio
1262 1130 1317 1193 et
1336 1122 1562 1179 arbitrio
1585 1125 1759 1180 corri-

179 1212 349 1283 genda
374 1211 703 1278 condiceret,
753 1211 1107 1283 ejusdemque
1143 1213 1471 1270 conditionis
1512 1216 1756 1271 obsidem

179 1301 451 1373 propriam
471 1300 629 1355 ﬁdem
650 1308 705 1356 et
730 1301 1110 1357 auctoritatem
1134 1303 1494 1375 episcopalem
1520 1304 1573 1360 in
1590 1321 1755 1360 manu

179 1391 568 1462 archiepiscopi
593 1393 906 1462 deponeret.
955 1391 1271 1449 Terminum
1301 1411 1522 1467 quoque
1554 1396 1753 1466 praedi—

178 1491 277 1538 etze
312 1482 640 1539 conditionis
674 1498 706 1537 a
756 1498 815 1538 se
857 1483 1069 1554 agendo
1112 1486 1347 1541 concilio
1386 1485 1627 1541 Colonia:
1664 1501 1752 1542 se—

175 1573 352 1629 cunda
374 1572 648 1629 dominica
675 1582 797 1644 post
816 1589 981 1644 pasca
1024 1576 1467 1647 archiepiscopus
1493 1576 1749 1648 praeﬁxit;

175 1664 361 1737 sicque
374 1667 489 1737 jam
519 1680 744 1736 vespera
769 1666 1087 1722 imminente
1112 1667 1439 1723 audientiam
1469 1668 1649 1723 solvit.

244 1734 337 1814 97.
377 1734 549 1829 (127.)
566 1734 834 1827 sequente
847 1773 1012 1829 pasca
1034 1757 1302 1815 Henricus
1323 1776 1419 1815 rex
1444 1758 1633 1815 Leodii
1657 1774 1752 1815 ce-
1784 1734 1826 1792 Β

172 1849 406 1905 lebravit
440 1847 609 1920 (207).
634 1847 713 1904 lbi
733 1849 987 1906 maximis
1007 1850 1252 1908 obsoniis
1277 1851 1423 1922 apud
1444 1868 1571 1908 eum
1592 1850 1757 1907 Ober-

173 1950 265 1999 tus
298 1940 496 2009 eﬁ‘ecit,
537 1955 607 1996 ne
640 1943 921 2011 praeﬁxum
953 1941 1245 1997 concilium
1285 1940 1528 1997 Coloniae
1553 1942 1756 1999 sineret

170 2033 317 2101 ﬁeri,
349 2032 478 2104 quia
502 2031 840 2089 dissimulata
860 2032 1173 2089 conditione
1190 2032 1310 2088 ﬁdei
1333 2033 1583 2101 conditaa,
1606 2033 1754 2089 dire-

168 2122 434 2178 rectionis
463 2130 637 2193 pacta:
657 2124 945 2179 verebatur
963 2123 1326 2180 exactionem.
1360 2122 1418 2178 Si
1447 2123 1579 2194 quid
1600 2125 1756 2179 deni-

168 2227 279 2283 que
313 2212 710 2269 emendationis
736 2214 879 2284 apud
901 2229 1149 2285 quosque
1182 2215 1515 2284 potentiores
1536 2215 1757 2271 videba-

165 2312 262 2360 tur
282 2305 410 2360 inde
431 2304 696 2374 effecisse,
728 2321 839 2361 non
873 2306 981 2361 hoc
997 2305 1251 2361 elIecerat
1268 2308 1355 2361 vel
1383 2307 1507 2362 ﬁdei
1529 2309 1613 2361 vel
1638 2307 1753 2362 vir—

163 2397 302 2453 tutis
333 2398 673 2465 exeeutioue,
706 2398 801 2454 sed
834 2407 896 2453 ut
923 2397 991 2453 ad
1035 2404 1252 2468 tempus
1295 2413 1409 2454 suae
1450 2399 1758 2454 consuleret

162 2488 431 2545 infamia.
456 2488 550 2545 Sic
581 2505 648 2545 ex
679 2491 847 2563 regali
880 2476 1272 2560 impedimento
1308 2491 1594 2547 deﬁciente
1623 2507 1756 2547 con-

159 2581 321 2647 cilio,
371 2589 557 2637 nostra
603 2595 824 2651 quoque
870 2579 1136 2635 frustrata
1164 2588 1248 2636 est
1289 2580 1356 2634 de
1393 2580 1756 2650 promissione

153 2673 567 2744 archiepiscopi
594 2673 915 2746 expectatio.
963 2671 1073 2728 Nec
1100 2673 1273 2727 multo
1306 2680 1431 2742 post
1469 2674 1756 2729 suscitavit

148 2767 305 2825 Deus
348 2767 599 2838 spiritum
639 2768 942 2838 pessimum
983 2767 1126 2822 inter
1165 2764 1465 2822 Henricum
1494 2774 1550 2822 et
1582 2766 1754 2821 ﬁlium

146 2861 295 2933 ejus.
364 2858 631 2916 Henricus
661 2874 691 2915 a
712 2875 853 2930 papa
883 2859 1146 2931 Gregorio
1174 2859 1268 2913 V11
1311 2859 1756 2915 excommunica-

147 2958 245 3004 tus
282 2963 399 3020 pro
429 2948 752 3004 criminibus
797 2948 1071 3004 evidenter
1110 2947 1350 3019 probatis
1397 2963 1542 3002 anno
1573 2948 1754 3005 incar-

1862 491 2009 587 landi
2042 493 2319 565 deceptus,
2363 497 2535 553 immo
2567 499 2715 569 quod
2754 501 3073 563 imminebat
3103 509 3153 565 ei
3174 491 3434 587 deterius,

1861 585 2056 676 mediis
2097 587 2350 645 hostibus
2391 605 2531 660 quos
2570 593 2800 662 putabat
2833 596 3041 654 amicos
3084 585 3433 676 interceptus,

1861 675 2136 732 continuis
2164 686 2219 733 et
2235 679 2521 735 nocturnis
2544 681 2833 741 itineribus
2856 684 3266 762 Lotharingiam
3289 696 3410 752 refu

1860 766 1956 835 git,
1982 766 2095 823 ﬁlio
2114 768 2434 841 insequente
2454 770 2750 843 fugientem
2776 792 2902 832 cum
2931 777 3141 838 facibus
3169 792 3223 838 et
3245 788 3432 844 armis.

1860 854 2167 929 Factusque
2203 868 2289 917 est
2325 862 2404 916 illi
2433 863 2570 919 adeo
2609 863 2864 935 infestus,
2899 878 2959 925 ut
2993 872 3046 925 in
3070 882 3309 931 castrum
3336 878 3437 933 Be-

1860 947 2186 1007 cheneshem
2233 951 2382 1024 (208)
2415 954 2495 1010 eis
2517 954 2729 1013 Renum
2758 958 3052 1031 fugientem
3067 967 3435 1037 concluderet,

1857 1047 1913 1093 et
1940 1042 2142 1096 exactis
2166 1043 2234 1098 ab
2258 1059 2324 1099 eo
2346 1043 2618 1118 regalibus
2642 1039 2818 1119 ipsum
2844 1068 3063 1124 quoque
3084 1072 3308 1127 regnum
3337 1060 3437 1114 ab-

1853 1129 2040 1201 jurare
2066 1136 2428 1204 compelleret.
2472 1137 2640 1195 Facta
2694 1150 2825 1196 sunt
2860 1143 2976 1199 haec
3006 1145 3143 1199 1106
3171 1148 3435 1205 inearnati

1858 1218 2022 1276 Verbi
2049 1237 2195 1279 anno
2224 1224 2371 1295 (Dec.
2412 1228 2523 1301 51).
2570 1229 2661 1287 Sic
2685 1240 2838 1303 pater
2858 1250 2889 1288 a
2920 1235 3032 1290 ﬁlio
3066 1244 3351 1306 tractatus,
3384 1246 3439 1293 et

1855 1315 1944 1369 vix
1980 1315 2047 1371 de
2090 1319 2337 1373 custodia
2377 1322 2496 1392 ejus
2539 1312 2785 1395 elapsus,
2811 1326 3094 1382 Coloniam
3124 1330 3292 1397 venit,
3330 1329 3437 1388 sibi

1856 1408 2230 1479 sollempniter
2251 1410 2558 1471 volentibus
2585 1416 2881 1487 procedere
2901 1432 3008 1497 non
3036 1420 3333 1487 consensit,
3359 1421 3439 1476 in-

1803 1539 1810 1547 .
1854 1499 2030 1570 deque
2054 1509 2115 1555 ut
2137 1502 2382 1571 privatus
2412 1505 2573 1561 nudis
2593 1509 2823 1576 pedibus
2852 1510 2907 1564 in
2938 1512 3236 1581 asperrima
3262 1513 3439 1567 hieme

1853 1587 2181 1660 Aquisgrani
2209 1591 2470 1660 palatium
2505 1599 2832 1664 peraccessit
2857 1584 2967 1669 (an.
2994 1600 3172 1671 1106).
3208 1598 3440 1657 Obertus

1853 1679 2044 1734 dolens
2062 1680 2179 1736 haac
2199 1682 2445 1739 evenisse
2470 1683 2568 1752 illi,
2593 1688 2769 1759 magis
2795 1699 2978 1745 autem
2995 1692 3042 1746 si
3065 1692 3209 1747 ﬁlius
3236 1707 3440 1761 prmva-

1854 1770 1988 1825 leret
2024 1771 2223 1827 timens
2245 1772 2370 1840 sibi,
2394 1775 2556 1843 quasi
2573 1776 2746 1846 gratia
2773 1776 3050 1834 ﬁdelitatis
3074 1780 3314 1834 occurrit
3335 1780 3434 1843 illi,

1855 1877 2170 1932 secumque,
2206 1872 2269 1918 ut
2299 1872 2419 1919 erat
2460 1866 2801 1922 vehementis
2822 1868 3021 1935 animi,
3041 1868 3205 1923 nimis
3236 1878 3438 1924 temere

1854 1953 2131 2024 nimisque
2178 1954 2551 2025 imprudenter
2593 1948 2856 2011 Leodium
2906 1958 3161 2025 adduxit;
3205 1958 3351 2028 quod
3381 1973 3441 2012 se

1852 2045 2117 2114 poenitere
2139 2062 2265 2102 cum
2285 2047 2446 2102 vellet
2468 2062 2579 2103 non
2599 2047 2771 2103 licuit.
2793 2046 2929 2103 Nam
2950 2058 3147 2117 praeter
3167 2049 3288 2118 ejus
3312 2064 3442 2103 suo-

1854 2152 2087 2206 rumque
2116 2138 2392 2207 impensas
2413 2139 2675 2209 gravabat
2693 2154 2821 2194 eum
2846 2140 3184 2210 permaxime
3209 2140 3440 2209 provin-

1853 2228 2073 2284 cialium
2094 2229 2406 2299 principum
2436 2230 2633 2285 ibidem
2658 2230 3099 2286 convenientium
3127 2230 3440 2295 assiduitas,

1853 2337 1995 2393 quos
2015 2333 2068 2375 et
2092 2322 2207 2390 ipse
2228 2323 2372 2376 ultro
2395 2322 2731 2377 convocabat
2752 2332 2810 2378 ut
2834 2322 3188 2378 subvenirent
3206 2321 3319 2393 regi
3350 2321 3445 2376 de—

1854 2415 2066 2480 stituto,
2102 2428 2269 2483 agens
2305 2421 2359 2467 et
2388 2413 2548 2468 donis
2589 2422 2643 2467 et
2678 2414 2965 2483 promissis
3006 2429 3073 2469 nc
3105 2413 3445 2468 confoedera-

1854 2513 2048 2560 rentur
2069 2504 2201 2559 ﬁlio.
2249 2503 2421 2558 Filius
2455 2494 2658 2558 interea
2688 2520 2814 2558 cum
2853 2503 3011 2559 facta:
3057 2504 3160 2559 sibi
3194 2504 3444 2559 ﬁdelitati

1855 2595 1925 2651 ab
1948 2594 2150 2650 Oberto
2179 2594 2490 2665 ceterisque
2517 2594 2854 2666 principibus
2880 2595 3196 2660 conﬁderet,
3233 2604 3289 2650 et
3308 2595 3445 2650 Leo-

1854 2687 1927 2743 dii
1958 2695 2087 2743 tunc
2105 2686 2276 2743 Pasca
2301 2686 2685 2743 celebrandum
2714 2686 3030 2754 destinaret,
3062 2686 3177 2756 ipse
3195 2686 3442 2742 residens

1853 2779 2026 2851 Aquis
2058 2787 2330 2835 trecentos
2376 2776 2491 2834 fere
2536 2778 2859 2850 optimatum
2903 2793 3132 2835 suorum
3162 2778 3229 2833 ad
3250 2779 3441 2833 urbem

1852 2871 2158 2942 praemisit,
2213 2879 2269 2933 et
2325 2871 2432 2927 hoc
2486 2870 2623 2926 feria
2681 2870 2872 2941 quinta
2943 2869 3171 2940 majoris
3229 2869 3439 2924 hebdo-

1852 2962 2027 3018 madm
2051 2961 2239 3031 (Mart.
2266 2961 2380 3033 22).
2415 2960 2534 3016 Dux
2560 2960 2830 3017 Henricus
2859 2960 3008 3031 (209)
3035 2974 3071 3015 a‘
3086 2960 3198 3015 ﬁlio
3234 2959 3442 3015 subdu-

153 3039 275 3094 nati
303 3037 476 3093 Verbi
512 3036 648 3092 1076
673 3038 729 3092 in
752 3038 961 3110 synodo
989 3038 1266 3108 Romana,
1292 3047 1492 3095 extunc
1534 3054 1632 3110 per
1652 3041 1753 3095 tri-

1856 3064 1978 3111 ctus
2011 3070 2137 3111 cum
2170 3061 2324 3125 patre
2343 3061 2475 3109 tunc
2493 3052 2680 3108 Leodii
2721 3052 3058 3108 morabatur.
3088 3050 3188 3106 Hic
3216 3051 3440 3106 hortatu

149 3132 313 3201 ginta
363 3129 478 3185 fere
502 3145 678 3186 annos
703 3129 1058 3200 apostolicam
1089 3131 1273 3185 sedem
1305 3130 1677 3203 impugnabat,
1701 3139 1756 3186 et

149 3231 436 3293 quantum
463 3221 517 3276 in
549 3236 608 3277 se
640 3230 779 3287 erat,
812 3236 1006 3276 omnes
1044 3221 1148 3278 sibi
1189 3223 1589 3279 consentientes
1615 3237 1646 3279 a
1670 3239 1758 3279 re-

146 3324 359 3385 spectu
399 3321 453 3369 et
490 3313 744 3369 ﬁdelitate
782 3313 904 3384 ejus
936 3312 1180 3385 periculo
1220 3314 1529 3369 animarum
1563 3330 1752 3370 eorum

143 3404 467 3460 avertebat.
496 3403 636 3459 Filio
665 3411 847 3460 autem
871 3404 988 3474 jam
1010 3413 1293 3475 coronato,
1327 3415 1643 3478 suggestum
1674 3416 1759 3463 est

138 3497 198 3551 ei
226 3511 261 3549 a
300 3495 492 3548 multis
528 3503 583 3548 et
608 3496 866 3552 maximis
893 3497 1231 3567 primoribus
1263 3499 1439 3571 regni,
1480 3507 1543 3555 ut
1576 3500 1750 3557 eccle~

141 3588 255 3644 siae
281 3584 572 3652 Romanae,
597 3586 755 3656 cujus
788 3597 906 3641 erat
924 3599 1079 3657 pater
1117 3607 1252 3645 suus
1286 3599 1397 3646 tam
1426 3592 1624 3665 longus
1652 3594 1757 3649 im-

137 3684 462 3751 pugnator,
488 3676 606 3747 ipse
632 3675 784 3732 ﬁeret
809 3676 982 3732 ﬁdelis
1006 3677 1284 3747 defensor,
1308 3680 1498 3749 sicque
1516 3691 1735 3750 praeten-

137 3771 394 3826 deretur
429 3767 495 3800 “°
541 3768 645 3823 sibi
687 3768 931 3825 melioris
979 3784 1163 3825 causa:
1200 3769 1568 3826 defensionem
1615 3774 1757 3843 patri

136 3858 542 3933 repugnando.
577 3858 923 3932 Suggestioni
954 3862 1234 3918 consensit
1261 3861 1479 3932 juvenis
1499 3904 1513 3931 ,
1542 3863 1758 3921 laetatus

126 3955 261 4012 sibi
305 3953 478 4009 licere
504 3961 566 4008 ut
589 3954 880 4010 obsisteret
903 3955 1067 4025 patri,
1097 3956 1511 4028 aggregatisque
1530 3957 1760 4027 quibus-

133 4048 286 4103 dam
315 4043 629 4101 fautoribus
665 4044 781 4100 suis
802 4046 1020 4102 transiit
1038 4045 1275 4114 Renum,
1307 4055 1363 4102 et
1397 4046 1644 4104 Saxones
1669 4051 1757 4104 vel

134 4150 550 4210 quoscumque
591 4144 815 4192 noverat
856 4152 887 4191 a
928 4147 1082 4208 patre
1114 4153 1216 4195 suo
1244 4139 1567 4196 multotiens
1603 4141 1758 4211 prius

133 4229 464 4301 injuriatos
485 4243 671 4284 secum
701 4228 779 4284 illi
802 4230 1160 4287 rebellaturos
1187 4232 1393 4288 emovit
1420 4232 1531 4305 (an.
1569 4231 1753 4303 1105).

130 4323 325 4378 Pater
351 4330 537 4377 autem
558 4330 842 4393 assumpto
872 4321 1061 4378 Leodii
1097 4322 1298 4380 Oberto
1321 4339 1446 4380 cum
1474 4325 1611 4394 suis,
1642 4325 1758 4382 col-

1855 3150 2063 3206 Otberti
2091 3150 2146 3205 in
2177 3159 2422 3221 tempore
2464 3148 2785 3205 conﬁciendi
2817 3148 3152 3216 chrismatis,
3201 3147 3442 3205 collectis

1855 3257 2045 3298 secum
2066 3241 2399 3298 militaribus
2421 3241 2659 3307 auxiliis,
2679 3240 2880 3296 cmotis
2892 3241 3054 3297 etiam
3067 3240 3274 3296 viribus
3294 3238 3443 3310 ejus-

1854 3334 1978 3391 dem
2000 3333 2256 3401 civitatis,
2280 3333 2361 3390 cis
2387 3341 2608 3404 pontem
2630 3332 2956 3389 Visuensem
2978 3331 3127 3404 (210)
3148 3332 3442 3387 adventan-

1834 3423 2004 3479 tibus
2024 3423 2284 3489 occurrit,
2309 3422 2526 3493 illisque
2547 3438 2699 3494 paene
2721 3421 3022 3477 interfectis
3040 3431 3097 3476 et
3113 3421 3440 3483 submersis.

1854 3516 2151 3571 maximam
2180 3515 2387 3571 cladem
2415 3530 2584 3587 regno
2609 3515 2808 3580 intulit,
2832 3514 3047 3584 sibique
3073 3525 3127 3570 et
3147 3512 3336 3584 patriae
3356 3512 3439 3566 in-

1853 3612 2159 3668 exorabiles
2178 3611 2493 3668 inimicitias
2517 3611 2803 3670 conscivit.

1925 3701 2015 3756 98.
2057 3702 2229 3772 (129.)
2266 3702 2471 3757 Eodem
2500 3717 2643 3758 anno
2666 3701 2930 3759 Arnulfus
2965 3716 3150 3758 comes
3178 3698 3432 3756 Chisnia-

1854 3791 2037 3847 censis
2058 3790 2115 3845 in
2137 3792 2242 3846 hoc
2261 3791 2384 3846 loco
2408 3791 2664 3847 Kalendis
2687 3792 2891 3861 Aprilis
2915 3793 3218 3847 monachus
3246 3790 3426 3848 factus

1858 3882 1924 3936 16
1953 3881 2225 3938 Kalendas
2247 3881 2376 3937 Maii
2404 3882 2558 3937 obiit.
2583 3881 2702 3952 Ipse
2722 3890 2848 3938 ante
2873 3897 3049 3938 annos
3077 3882 3438 3952 quadraginta

1856 3972 2046 4029 cellam
2064 3970 2365 4040 Pirensem,
2398 3979 2460 4027 ut
2478 3971 2797 4043 praedictum
2823 3977 2909 4025 est
2938 3969 3109 4040 (211),
3140 3969 3302 4023 beato
3326 3966 3439 4020 Hu-

1856 4062 2010 4117 berto
2039 4062 2284 4132 legaliter
2318 4062 2373 4116 in
2409 4069 2732 4133 perpetuum
2766 4059 3073 4115 habendam
3110 4057 3435 4122 contulerat,

1857 4161 2095 4223 tuncque
2127 4154 2428 4209 moriturus
2476 4154 2712 4224 pretium
2754 4153 2941 4209 decem
2988 4152 3250 4207 librarum
3292 4148 3441 4204 dedit

1854 4244 2097 4303 ecclesiae
2119 4244 2174 4299 in
2196 4244 2570 4300 elemosinam.
2601 4243 2673 4307 Et
2689 4244 2817 4315 quia
2839 4242 2982 4298 ﬁlius
3008 4241 3129 4312 ejus
3153 4239 3279 4295 Otto
3306 4248 3439 4294 tunc

1855 4352 1979 4394 cum
2004 4336 2239 4393 Henrico
2263 4336 2503 4392 Coloniae
2524 4336 2859 4403 morabatur,
2888 4335 3206 4404 nullumque
3232 4332 3437 4387 donum

128 4414 317 4472 Ιεοιίε
346 4414 515 4469 etiam
546 4414 748 4484 quibus
786 4423 1084 4485 utcumque
1127 4415 1412 4471 Videbam?
1436 4418 1615 4474 adhuc
1652 4418 1753 4474 dO-
1789 4436 1832 4491 D
1858 4429 2173 4486 hereditarii
2217 4429 2360 4500 juris
2392 4428 2571 4484 facere
2602 4436 2813 4499 poterat
2841 4427 2962 4483 sine
2985 4426 3105 4496 ejus
3143 4437 3435 4486 consensu,

128 4505 391 4572 minari,
426 4505 655 4561 transito
692 4514 747 4562 et
774 4506 888 4576 ipse
931 4505 1087 4561 Reno
1122 4522 1221 4576 per
1262 4509 1573 4582 superiores
1604 4511 1756 4582 regni

126 4600 292 4654 ﬁnes
349 4595 550 4651 itinere
591 4596 902 4667 quindecim
928 4597 1142 4653 dierum
1186 4578 1509 4668 prosecutus
1558 4578 1753 4669 ﬁlium,

125 4686 503 4743 sollicitabat
544 4686 906 4756 provinciales
951 4688 1019 4743 ad
1065 4689 1289 4744 bellum.
1342 4689 1598 4747 Evocatis
1625 4707 1758 4748 vero

121 4776 511 4850 principibus
540 4777 843 4849 regionum,
873 4794 998 4834 cum
1043 4779 1124 4834 eis
1162 4782 1576 4850 prazsentialiter
1608 4783 1752 4839 indi-

122 4880 301 4926 ceret
338 4869 769 4925 decertationem
813 4870 1074 4926 adversus
1114 4871 1310 4941 ﬁlium,
1358 4873 1756 4945 responderunt

122 4963 218 5018 illi
261 4963 348 5018 ad
381 4962 489 5018 hoc
510 4963 761 5034 compelli
790 4978 885 5020 eos
905 4979 1005 5020 nec
1030 4965 1231 5021 debere
1250 4982 1351 5022 nec
1369 4983 1552 5038 posse,
1581 4986 1757 5041 quan-

119 5053 463 5125 doquidem
501 5068 692 5110 omnes
730 5054 788 5109 in
831 5069 1121 5111 commune
1151 5056 1396 5127 ejusdem
1438 5056 1533 5113 ﬁlii
1573 5076 1753 5115 sacra-

1858 4537 1955 4592 per
2007 4522 2371 4593 obsequentes
2417 4522 2602 4577 ﬁdeles
2642 4519 2918 4575 mandavit
2960 4517 3194 4583 absenti,
3237 4524 3301 4570 ut
3342 4530 3440 4585 per

1859 4615 2019 4669 ﬁdem
2049 4615 2287 4670 debitam
2313 4614 2455 4684 patri
2489 4629 2589 4685 pro
2611 4614 2793 4669 anima
2821 4628 2921 4671 sua
2942 4612 3269 4668 deliberaret
3291 4608 3440 4665 deci-

1859 4719 2005 4758 mam
2042 4704 2109 4759 de
2147 4703 2365 4759 Feseals
2406 4711 2462 4758 et
2500 4710 2739 4758 montem
2787 4702 3001 4757 Floheri
3050 4700 3221 4773 (212).
3257 4698 3440 4754 Pridie

1858 4804 2038 4850 autem
2066 4794 2335 4851 Kalendas
2353 4795 2476 4850 Maii
2496 4795 2635 4865 apud
2658 4802 2897 4850 castrum
2922 4792 3146 4849 Dolhem
3166 4791 3314 4863 (215)
3337 4790 3441 4845 sub

1860 4883 2060 4941 Leodio
2085 4885 2222 4940 obiit
2242 4900 2427 4941 comes
2448 4885 2600 4940 Ceno
2631 4884 2778 4955 (214)
2816 4884 2928 4954 (an.
2961 4881 3121 4949 1106,
3165 4880 3295 4952 Apr.
3324 4878 3437 4949 50),

1858 4976 2092 5046 indeque
2113 4993 2173 5033 se
2195 4986 2412 5048 petente
2433 4978 2659 5043 relatus,
2686 4977 2937 5047 sepultus
2964 4985 3049 5031 est
3070 4975 3346 5029 Dinanum
3370 4974 3432 5005 "‘

1859 5066 1962 5121 sibi
2005 5068 2097 5123 diu
2138 5069 2260 5124 loco
2300 5069 2493 5124 electo.
2541 5067 2648 5135 Qui
2687 5077 2813 5124 ante
2833 5068 3020 5123 decem
3060 5082 3234 5122 annos
3262 5066 3439 5121 iturus

1426 5149 1661 5206 VARle
1692 5152 2096 5214 LECTIONES.

207 5238 294 5270 τεο
333 5236 457 5306 lege
481 5234 858 5305 praetenderet.
939 5236 1003 5269 ¹⁸¹
1026 5221 1202 5294 dilui—Ii
1223 5240 1273 5294 1ο

1642 5333 1873 5394 ΝΟΤιΕ.

182 5417 393 5502 .(207)
428 5416 561 5475 Post
586 5416 797 5474 Pascha
820 5418 1078 5476 Leodium
1094 5422 1262 5489 venit,
1285 5422 1585 5480 secundum
1608 5425 1752 5481 Ann.

119 5489 268 5544 Hild
280 5531 297 5543 .

205 5556 395 5623 (208)
430 5555 814 5613 Bockenheim.

232 5627 397 5683 209)
430 5624 813 5683 Lotharineias.

206 5627 368 5696 (209
431 5627 690 5682 Lotharin
731 5629 813 5683 im.

206 5627 397 5769 (210;
445 5694 580 5751 Vise.
605 5699 671 5753 ad
696 5645 926 5763 glesum,
966 5699 1245 5771 aliquanto
1266 5716 1430 5774 supra
1466 5702 1747 5760 Lcodium.

1932 5430 2083 5502 (211)
2116 5432 2248 5502 Cap.
2282 5434 2367 5488 15.

1934 5500 2086 5569 (212)
2132 5500 2406 5557 Fest-ham:
2427 5512 2479 5557 et
2512 5502 2837 5559 Flohimont.
2865 5500 2912 5556 R

1935 5572 2087 5639 (215)
2127 5572 2369 5626 Dalhem.
2400 5572 2464 5627 R.

1936 5641 2086 5712 (2M)
2127 5641 2325 5698 Montis
2349 5644 2512 5698 acuti.
