3898 6334
1421 682 1739 725 εχευκτε
1785 682 2065 726 SECULO
2115 684 2175 724 XI

263 855 785 1038 HUGO
877 856 1545 1036 ABBAS
1634 859 3361 1135 FLAVINIAGENSIS.

776 1308 1856 1448 CHRONICON
1971 1310 2845 1450 HUGONIS.

174 1618 363 1689 (Edidit
416 1620 740 1677 novissime
799 1618 1047 1675 domnus
1104 1619 1347 1689 Psnrz,
1408 1616 1789 1676 Monumenta
1845 1616 2183 1677 Germania
2233 1618 2542 1691 historica,
2592 1622 2802 1695 Script.
2838 1626 2977 1680 tom.
3014 1624 3155 1695 VIII,
3219 1641 3271 1698 p.
3331 1630 3480 1699 278.)

1409 1834 2222 1956 PROCEMIUM.

774 2095 1137 2157 HUGONIS
1192 2093 1453 2167 ETAS,
1516 2091 1834 2165 PATRIA,
1890 2091 2289 2167 NATALES,
2354 2095 2507 2156 RES
2568 2095 2879 2160 GESTAE.

207 2490 473 2550 amici
488 2488 741 2564 prolixi
763 2488 868 2546 sed
882 2502 1085 2546 rerum
1104 2488 1188 2545 ad
1213 2488 1533 2546 historiam
1560 2486 1767 2545 saeculi
1795 2489 1850 2548 A
1874 2488 1987 2556 git.
1998 2488 2170 2546 Forte
2209 2490 2348 2548 tunc
2475 2492 2725 2550 Jarento
2772 2494 2958 2554 abbas
2989 2499 3302 2561 Divionem
3332 2508 3521 2563 redie-

142 2579 409 2640 undecimi
414 2579 803 2654 facientium
828 2578 996 2649 copia
1022 2577 1306 2649 insignis,
1332 2577 1490 2648 quod
1499 2579 1638 2648 jam
1658 2575 1767 2633 lec-

148 2668 345 2727 toribus
369 2670 603 2727 nostris
617 2668 1022 2740 proponimus,
1047 2666 1256 2723 auctor
1285 2667 1460 2738 [Iugo
1484 2678 1557 2722 ea:
1572 2666 1768 2737 fami-

145 2757 221 2815 lia
244 2771 368 2830 qua
392 2758 487 2815 cel
510 2757 947 2829 imperatorum
977 2754 1206 2812 Ottonis
1232 2755 1347 2812 ΙΙΙ
1371 2754 1430 2811 et
1465 2754 1769 2811 Chuonra-

148 2845 201 2903 di
226 2848 292 2905 II
312 2848 725 2920 cognationem
773 2843 1099 2917 afectabat
1129 2843 1421 2901 oriundus
1471 2842 1570 2913 (ι),
1615 2857 1769 2899 anno

144 2938 262 2992 4065
283 2935 356 3008 (2)
402 2936 666 2993 Virduni
688 2935 764 3005 (3)
785 2934 895 2990 aut
911 2935 976 2990 in
993 2931 1224 2990 ricinia
1245 2932 1373 3002 ejus
1393 2931 1562 2988 urbis
1589 2932 1770 2989 natus

146 3022 229 3080 est.
248 3025 401 3081 Puer
419 3038 459 3082 a
480 3021 801 3094 Rodulpho
822 3022 1035 3079 abbate
1052 3021 1117 3077 in
1134 3021 1563 3078 monasterium
1581 3022 1648 3078 S.
1679 3020 1771 3078 Vi-

141 3111 246 3169 toni
273 3113 427 3184 quod
456 3113 590 3170 tum
614 3113 679 3169 in
708 3109 1045 3167 suburbano
1090 3108 1340 3167 Virduni
1354 3108 1618 3180 florebat
1634 3108 1771 3165 ads-

139 3200 274 3258 citus
300 3200 360 3257 et
384 3200 617 3258 litteris
663 3200 787 3256 tam
831 3198 1025 3256 sacris
1055 3212 1237 3268 quam
1264 3197 1553 3269 profanis
1582 3194 1769 3253 imbu-

140 3287 223 3347 ιω
241 3289 485 3359 (i),moze
513 3288 921 3346 obedientiam
952 3286 1158 3345 sancto
1202 3287 1405 3344 Vitono
1431 3289 1488 3343 et
1511 3286 1768 3359 Rodul/‘o

138 3375 318 3435 abbati
335 3379 656 3452 professus
676 3377 780 3434 est.
809 3375 968 3433 Lites
986 3376 1146 3433 inter
1165 3375 1565 3433 sacerdotium
1585 3374 1645 3430 et
1661 3376 1767 3431 im-

126 3467 345 3536 perium
362 3468 596 3524 ezortw
625 3480 688 3522 eo
716 3460 972 3536 ternpore
998 3464 1062 3521 in
1099 3462 1248 3521 bella
1276 3464 1487 3534 aperta
1532 3476 1767 3521 exarse-

134 3556 260 3612 rant
276 3557 333 3612 et
355 3555 589 3627 ubique
602 3567 712 3625 per
735 3552 1120 3611 Germaniam
1140 3552 1510 3623 Italiamque
1523 3566 1768 3623 grassa-

138 3638 347 3699 bantur.
372 3644 499 3703 Nec
516 3657 595 3700 ea
626 3642 735 3699 abe
764 3641 1162 3712 Lotharingia
1182 3640 1452 3713 superior
1482 3642 1768 3698 immunis

134 3734 279 3802 erat;
291 3733 464 3805 czq’us
481 3730 752 3804 episcopi
766 3730 1131 3802 Egilbertus,
1149 3730 1576 3799 Herimannus,
1598 3729 1769 3786 Theo-

1876 2577 2018 2634 rat:
2038 2578 2134 2635 eir
2156 2576 2441 2649 Gregorio
2449 2580 3015 2656 familiarissimus,
3034 2591 3142 2658 qui
3155 2605 3331 2664 papa
3338 2594 3523 2664 jussu

1879 2679 2010 2723 cum
2054 2667 2202 2724 aliis
2253 2669 2471 2741 legatis
2515 2670 2828 2730 Robertum
2873 2676 3247 2737 Wiscardum
3276 2684 3523 2741 Romam

1878 2758 2256 2828 arcessierat,
2303 2760 2623 2831 posteaque
2662 2763 2840 2834 fuga
2894 2762 3172 2837 Gregorii
3198 2772 3523 2830 Salernum

1878 2858 2062 2902 comes
2085 2846 2312 2916 factus,
2363 2849 2423 2903 et
2449 2848 2523 2905 ab
2558 2863 2622 2905 eo
2668 2850 3059 2910 Oolimbriam
3097 2857 3329 2928 legatus
3369 2862 3515 2919 erat.

1883 2932 1997 2998 Qui
2031 2948 2234 2991 rerum
2286 2936 2618 2995 conditione
2661 2943 2975 3011 perspecta
3015 2945 3276 3019 Rodulfo
3316 2951 3523 3007 auctor

1860 3021 2114 3092 fuitut,
2164 3023 2421 3079 Virduno
2451 3026 2681 3095 relicto,
2716 3040 2841 3083 una
2878 3042 3011 3085 cum
3047 3034 3355 3093 monachis
3392 3039 3523 3095 suis

1863 3111 2137 3180 primum
2166 3111 2586 3170 Flaviniacum
2630 3115 2845 3171 villam
2877 3118 2930 3173 S.
2970 3119 3166 3177 Vitoni
3193 3122 3257 3179 in
3289 3124 3522 3182 territo-

1873 3200 1968 3255 rio
2008 3200 2274 3257 Tullensi
2307 3201 2508 3271 sitam,
2543 3203 2755 3260 deinde
2790 3206 3101 3264 Dioionem
3135 3210 3515 3282 demigraret.

1876 3286 2157 3344 Abbatem
2185 3288 2342 3345 inter
2368 3291 2635 3360 reliquos
2653 3292 2713 3347 et
2736 3293 2912 3363 Hugo
2938 3298 3193 3367 secutus,
3218 3300 3522 3359 undevice-

1875 3374 2024 3433 simo
2068 3376 2267 3434 atatis
2296 3390 2451 3433 anno
2492 3383 2661 3435 notos
2700 3378 2903 3435 afﬁnes
2945 3384 3191 3451 patriam
3232 3391 3289 3441 et
3324 3388 3521 3445 nidum

1878 3479 1992 3535 quo
2025 3479 2093 3521 co
2135 3464 2322 3521 luerat
2355 3479 2418 3521 eo
2448 3468 2647 3523 animo
2672 3467 2944 3539 reliquit,
2981 3473 3053 3527 ut
3068 3486 3284 3544 corpus
3305 3480 3363 3531 et
3403 3478 3521 3532 ani-

1878 3566 2024 3607 mam
2056 3557 2352 3623 totamque
2385 3554 2772 3611 substantiam
2798 3571 2959 3613 suam
2984 3560 3082 3615 Dei
3114 3575 3324 3632 causae,
3350 3578 3520 3634 quam

1878 3641 2412 3712 putabat,gaudens
2428 3643 2761 3713 devoveret,
2782 3650 2841 3699 et
2864 3646 2919 3700 in
2947 3647 3073 3717 ejus
3102 3650 3523 3726 scrvitioquid-

1878 3729 2016 3800 quid
2052 3729 2260 3786 virium
2296 3734 2449 3786 esset
2481 3730 2758 3799 juvenilis
2787 3734 3052 3805 corporis
3080 3738 3522 3807 expendeudum

135 3818 369 3893 clericus,
390 3820 547 3880 Pibo
570 3834 708 3878 cum
725 3820 889 3891 regis
895 3817 1262 3891 ﬁdelitatem
1280 3818 1605 3889 servarent,
1635 3818 1770 3874 (ἶνε-
1796 3847 1849 3908 Β
1881 3821 2264 3908 praeoptaret.
2308 3819 2432 3908 Quo
2438 3819 2844 3908 ﬁdeiferoore
2863 3824 3180 3880 Jarentoni
3196 3827 3526 3895 plurimum

125 3911 314 3981 gorius
347 3911 472 3969 VII
504 3909 596 3968 ad
633 3922 727 3965 eos
754 3908 1192 3979 impugnandos
1222 3908 1282 3964 et
1302 3909 1368 3965 in
1398 3921 1542 3965 suas
1568 3908 1768 3979 partes
1797 3905 1838 3908 “
1877 3906 2339 3971 commendatus,
2365 3905 2440 3962 ab
2460 3906 2640 3961 initio
2663 3908 2875 3976 gratia
2897 3909 2954 3963 et
2973 3908 3374 3969 benevolentia
3394 3914 3525 3983 ejus

134 3996 434 4057 trahendos
454 3996 783 4057 abbatibus
799 3997 1095 4068 praecipue
1115 3995 1377 4069 Rodulfo
1412 3995 1768 4054 Virdunensi

129 4086 512 4145 etJarentone
540 4086 898 4145 Dioionensi
919 4099 1063 4143 usus
1085 4085 1191 4141 est.
1220 4085 1303 4141 Et
1332 4084 1634 4142 Rodulfus
1645 4086 1771 4156 qui-

130 4173 245 4232 dem
279 4176 370 4234 bis
397 4178 645 4234 Roman
656 4173 968 4246 profectus
986 4187 1166 4246 papa
1196 4172 1554 4244 legationem
1580 4188 1771 4237 susce-

122 4264 230 4335 pit;
261 4278 418 4323 anno
457 4271 607 4323 4080
640 4263 864 4320 litteris
894 4262 1171 4336 Gregorii
1204 4262 1420 4322 al'alis
1451 4264 1771 4323 Heriman-

127 4366 255 4411 sum
279 4354 617 4412 Metensem
638 4353 969 4424 episcopum
996 4352 1063 4408 in
1081 4351 1210 4423 ﬂde
1242 4352 1523 4409 Ecclesia
1541 4352 1773 4412 stabili-

124 4443 217 4513 vit,
240 4443 300 4499 et
313 4456 476 4501 anno
500 4445 647 4500 1085
671 4442 889 4500 iterum
915 4442 1103 4498 Roma
1120 4440 1319 4498 reduc:
1353 4440 1773 4501 Theodericum

136 4530 563 4590 Virdunensem
595 4526 884 4601 Gregorio
909 4528 1299 4587 reconciliare
1326 4527 1639 4601 sperabat;
1672 4531 1775 4589 sed

124 4618 298 4678 Roma
325 4622 590 4679 interim
619 4617 694 4677 ab
738 4619 1028 4676 Heinrieo
1075 4618 1352 4690 occupata
1393 4618 1451 4675 et
1490 4617 1774 4691 Gregorio

120 4708 439 4769 Salernum
462 4708 721 4783 fugato,
771 4708 1161 4766 Theodericus
1212 4707 1532 4765 Clementis
1568 4707 1776 4779 partes

126 4798 567 4872 amplectendas
593 4798 816 4872 statuit
838 4798 899 4855 et
914 4797 1250 4870 Rodat/um
1280 4796 1400 4854 loco
1428 4796 1629 4855 cedere
1657 4810 1777 4855 coe-

409 4979 497 5051 (t)
526 4977 718 5051 Genus
748 4976 1073 5051 hooj‘uisse
1107 4974 1233 5048 ipse
1258 4974 1480 5033 tradit:

650 5048 787 5105 Otto
817 5048 892 5104 III
922 5047 1259 5120 imperator.

121 5116 1725 5148 ψ

189 5128 1748 5239 ἓῆξξῆἶξὲὗῇἷῖἶῖῐῆῐ“”’““““““““““ἷῆἧᾷηὴήκηεῖ’

716 5234 1017 5310 Rayuerus
1069 5285 1141 5305 ν
1216 5234 1699 5310 Βεᾱαρθληοηιβ

1099 5309 1108 5379 ι
1376 5305 1702 5379 VValeherﬁ.

419 5426 770 5484 Fredericus
845 5426 1141 5482 Gerarilus
1215 5425 1516 5497 Raynqerus
1589 5426 1772 5497 Hugo.

487 5496 688 5554 laicus.
873 5497 1075 5554 laicus.
1258 5494 1473 5564 junior.

118 5584 220 5657 sed
253 5585 613 5657 fabulosam
634 5587 987 5657 progeniem,
1033 5584 1151 5655 jam
1191 5597 1345 5657 unus
1395 5584 1778 5644 Chuonradus

113 5654 312 5715 Ottoni
340 5657 423 5714 III
464 5656 568 5712 ﬁlii
600 5654 730 5715 loco
745 5654 1053 5730 ascriptus
1082 5654 1361 5712 ostendit.

356 5754 630 5819 ΡΑτιιοι..
680 5752 884 5818 CLIV.

1875 4009 2042 4064 usus,
2065 4008 2203 4050 mou
2232 3995 2559 4065 postquam
2600 4007 2725 4050 una
2768 4007 2900 4053 eum
2927 3994 3138 4053 abbate
3173 4000 3232 4054 et
3265 4000 3525 4073 reliquis

1863 4081 2182 4156 fratribus
2210 4081 2568 4139 monasterio
2599 4082 2953 4139 Dioionensi
2983 4082 3369 4143 obedientiam
3386 4103 3527 4160 pro-

1875 4170 2070 4240 misit,
2114 4171 2184 4227 in
2213 4169 2553 4227 societatem
2598 4169 2735 4227 cita
2762 4170 2823 4226 et
2846 4172 3231 4230 consiliorum
3259 4175 3529 4235 adscitus

1878 4262 1971 4320 est
1982 4260 2071 4317 ita
2090 4260 2159 4317 ut
2171 4272 2322 4329 cum,
2340 4258 2685 4316 Theoderico
2700 4258 2962 4331 episcopo
2977 4262 3219 4332 mortuo,
3230 4264 3529 4338 Rodulfus

1879 4347 2061 4407 abbas
2082 4361 2237 4405 anno
2258 4353 2398 4404 4092
2426 4347 2754 4404 Virdunum
2764 4348 3009 4420 rediret,
3026 4351 3200 4422 Hugo
3210 4353 3530 4411 Jarentoni

1881 4436 2298 4495 adharendum
2332 4436 2640 4493 statueret.
2684 4437 2855 4494 Inter
2892 4437 3048 4494 viros
3069 4440 3264 4510 igitur
3291 4441 3528 4513 ponti/t-

1881 4526 2116 4585 ciarum
2141 4523 2414 4596 partium
2425 4524 2762 4595 pracipuos
2783 4525 3001 4596 quibus
3017 4527 3286 4584 innotuit
3307 4527 3525 4599 noster,

1881 4616 2195 4686 Hugonem
2215 4612 2486 4669 abbatem
2511 4612 2793 4670 Cluniaci
2814 4614 3164 4672 Jarentonis
3185 4628 3370 4673 comes
3386 4616 3532 4673 eisi-

1886 4701 2057 4773 taoit,
2087 4702 2145 4759 et
2172 4701 2416 4772 Hugoni
2435 4700 2876 4773 archiepiscopo
2908 4701 3291 4773 Lugdunensi
3311 4702 3379 4758 in
3399 4702 3530 4759 tan-

1888 4793 2011 4850 tum
2028 4791 2289 4863 placuit,
2311 4789 2386 4847 ut
2400 4787 2475 4847 ab
2505 4802 2568 4846 eo
2589 4789 2653 4846 in
2678 4790 3027 4848 ministrum
3051 4788 3409 4860 assumptus,
3432 4802 3531 4848 ne-

1960 4970 2044 5040 (2)
2070 4966 2187 5024 Fol.
2223 4971 2344 5040 137,
2376 4964 2714 5040 anno_l(_)96,
2748 4963 2801 5018 d.
2850 4978 2887 5040 ξι
2927 4961 3048 5040 Kal.
3095 4963 3229 5040 Dec.
3263 4976 3348 5040 se
3382 4976 3534 5040 anno

1889 5032 2083 5099 aetatis
2112 5042 2182 5095 32
2211 5032 2409 5093 vivere
2432 5034 2640 5093 scribit
2667 5032 2871 5104 {quod
2905 5033 2953 5089 si
2978 5032 3103 5090 dies
3122 5032 3423 5104 natalitius
3443 5034 3534 5104 in-

1752 5132 1775 5141 -
1890 5117 1982 5168 ter
2013 5110 2067 5167 d.
2103 5126 2139 5166 x
2168 5108 2290 5164 Kal.
2332 5109 2465 5164 Deo.
2509 5112 2569 5162 et
2620 5103 2906 5161 Kalendas
2952 5104 3257 5161 Ianuarias
3301 5103 3528 5175 incidit,

1892 5197 2041 5239 anno
2072 5184 2213 5237 1064
2240 5184 2440 5235 uatum
2473 5177 2654 5233 fuisse
2683 5179 2937 5244 oportet.

1966 5288 2043 5360 (3)
2074 5285 2327 5344 Patriam
2359 5286 2529 5339 vocat
2558 5296 2607 5336 a.
2645 5282 2801 5339 1085.

1966 5386 2044 5458 (4)
2067 5386 2292 5441 Praeter
2324 5378 2707 5458 Biblia‘s‘acra
2745 5382 2802 5433 et
2832 5379 3039 5458 P_at_res
3068 5381 3314 5458 noverat
3334 5374 3535 5458 classi:

1894 5447 1996 5516 eos
2020 5447 2319 5519 auctores;
2339 5450 2537 5508 laudat
2554 5448 2827 5505 Senecam
2844 5449 2914 5509 de
2930 5449 3249 5519 beneﬂciis,
3269 5447 3531 5516 Gregorii

1893 5526 2150 5597 Moralia,
2175 5519 2563 5597 S_._Benedic_ti
2596 5518 2875 5597 regulam,
2900 5520 3283 5590 Ambrosium,
3311 5519 3534 5587 Augus-

1892 5600 2100 5665 tinum,
2135 5591 2451 5665 'Isidorum,
2489 5591 2890 5650 Fortunatam.

3197 5739 3225 5798 1
