3898 6334
385 344 454 411 11
1313 333 1686 401 HUGONIS
1728 333 2085 398 ABBATIS
2129 328 2807 396 FLAVINIACENSIS
3706 332 3776 392 12

375 481 566 556 gotiis
608 475 1026 545 adhiberetur,
1077 473 1366 545 tantaque
1414 473 1546 544 ejus
1593 468 2027 538 familiaritate
2055 469 2110 529 A
2141 467 2237 556 tus
2257 465 2358 524 est.
2385 466 2725 539 Annisfere
2745 465 2940 524 tribus
2953 463 3193 556 quibus
3219 461 3474 556 abbatia
3499 462 3776 537 prafuit,

379 580 528 628 usus
557 567 664 636 est,
693 565 765 622 ut
781 577 912 621 eum
929 561 1048 621 sibi
1067 559 1480 620 indissolubili
1499 559 1734 617 vinculo
1746 559 2028 630 junctum

377 654 640 729 putaret.
687 652 920 710 Talium
948 653 1214 710 virorum
1245 649 1506 720 exemplo
1528 648 1828 705 excitatus
1859 647 1916 703 et
1941 659 2029 703 re-

381 755 518 802 rum
543 751 802 812 quarum
827 737 1134 809 particeps
1157 734 1374 808 factus
1405 735 1536 792 erat
1551 733 1858 806 gravitate
1885 745 2030 788 com-

381 829 576 889 motus
600 827 851 898 juvenis
882 825 1148 884 historia
1169 821 1492 882 scribenda
1533 822 1794 890 accessit,
1831 835 1892 878 eo
1919 821 2030 878 sci-

385 919 528 978 licet
547 917 766 986 animo,
782 916 854 971 ut
869 916 924 972 si
941 915 1068 986 ipse
1071 912 1278 986 fortia
1295 912 1511 969 audire
1527 907 1802 982 nequiret
1819 907 2033 965 saltem

382 1008 655 1064 virorum
675 1003 944 1076 fortium
977 1000 1116 1057 bene
1145 1001 1282 1057 acta
1311 998 1652 1071 exploraret
1676 997 1732 1054 et
1751 994 2032 1052 oblivioni

385 1092 642 1164 eriperet
672 1093 749 1160 (5)
787 1089 1094 1148 Chronica
1125 1087 1318 1159 igitur
1348 1085 1770 1144 concinnanda
1796 1095 2031 1154 cperam

390 1181 574 1251 dedit,
599 1193 722 1252 qua
749 1191 848 1235 res
861 1178 1066 1249 gestas
1094 1175 1238 1232 inde
1263 1189 1302 1232 a
1335 1174 1566 1232 Christi
1586 1170 1925 1230 Nativitate
1954 1169 2036 1224 ad

387 1282 502 1326 sua
536 1281 726 1338 usque
762 1267 1022 1336 tempora
1060 1262 1402 1332 deduceret;
1429 1262 1488 1317 et
1513 1259 1803 1318 subsidiis
1829 1271 2034 1329 quam-

383 1357 670 1430 plurimis
711 1353 1006 1424 congestis
1039 1352 1205 1408 circa
1234 1364 1459 1407 annum
1509 1353 1645 1406 4090
1687 1349 1763 1416 (6)
1792 1359 2034 1402 manum

389 1445 551 1516 operi
608 1442 887 1500 admovit.
939 1439 1179 1496 Duobus
1227 1452 1375 1509 quos
1435 1437 1794 1508 conscripsit
1837 1434 2030 1502 libris,

379 1533 584 1604 priore
622 1530 943 1587 historiam
981 1527 1062 1584 ad
1091 1527 1339 1584 initium
1377 1525 1582 1584 saculi
1621 1539 1692 1588 χι,
1729 1523 1916 1580 altero
1955 1521 2038 1577 ad

390 1633 505 1678 sua
527 1632 718 1690 usque
744 1618 1006 1688 tempora
1035 1615 1306 1683 deduxit,
1330 1615 1397 1670 in
1425 1614 1766 1672 universum
1797 1609 2036 1682 quidem

391 1709 712 1780 temporum
752 1707 1020 1763 ordinem
1062 1705 1316 1772 secutus,
1359 1703 1463 1759 sed
1501 1715 1630 1758 cum
1659 1700 1837 1770 capto
1869 1711 2037 1769 opere

389 1794 664 1854 subsidia
688 1793 920 1865 passim
943 1791 1287 1860 crescerent,
1311 1789 1522 1846 sedula
1544 1787 1864 1859 diligentia
1891 1785 2037 1843 scri-

383 1884 495 1960 pta
513 1883 866 1951 retractare,
891 1881 1111 1936 omissa
1131 1878 1369 1946 addere,
1382 1878 1752 1948 paginarum
1771 1875 2038 1946 margini

391 1973 565 2029 notas
587 1970 869 2041 adjicere,
895 1969 1052 2032 folia
1083 1967 1324 2038 integra
1353 1967 1614 2022 inserere
1640 1977 1756 2020 non
1783 1961 2033 2020 destitit.

388 2059 685 2118 Subsidia
722 2056 937 2129 quibus
968 2057 1238 2127 primum
1269 2068 1413 2110 usus
1461 2053 1565 2123 est,
1611 2051 2041 2121 Lotharingica

391 2147 625 2205 scilicet
665 2147 725 2202 et
757 2143 1169 2214 Burgundica,
1229 2155 1302 2196 ex
1337 2155 1500 2212 penu
1540 2139 1925 2196 abbatiarum
1968 2139 2054 2194 S.

409 2236 604 2293 Vitoni
635 2235 694 2291 et
717 2233 1101 2291 Divionensis
1130 2231 1464 2301 acceperit;
1491 2231 1624 2286 alia
1653 2245 1699 2286 e.
1719 2245 1780 2301 g.
1823 2227 2042 2285 catalo-

390 2326 461 2397 gi
511 2322 1090 2394 archiepiscoporum
1137 2319 1621 2390 Lugdunensium
1669 2317 1729 2373 et
1759 2314 2042 2388 episcopo-

394 2426 531 2469 rum
562 2410 1156 2468 Ularomontanorum
1195 2407 1401 2476 postea
1446 2405 1859 2473 accesserunt;
1902 2403 2044 2460 ulti-

394 2514 489 2556 mo
512 2501 631 2557 loco
661 2497 1150 2555 Flaviniacensia
1178 2493 1559 2566 marginibus
1583 2494 1642 2550 et
1663 2493 1916 2564 paginis
1955 2493 2045 2548 in-

396 2588 577 2646 sertis
622 2585 836 2644 addita
883 2583 1130 2653 constat,
1179 2596 1310 2640 cum
1357 2583 1484 2653 ipse
1513 2582 1652 2652 jam
1692 2580 2046 2638 monasterii

397 2675 580 2735 istius
618 2675 885 2745 regimen
929 2671 1300 2743 suscepisset.
1351 2674 1520 2727 Anno
1568 2675 1707 2726 4095
1758 2669 1856 2725 vel
1909 2674 2047 2726 4096

399 2763 640 2822 ineunte
659 2775 794 2820 cum
811 2760 1058 2818 Jarento
1081 2757 1155 2816 ab
1182 2757 1416 2816 Urbano
1434 2771 1597 2830 papa
1607 2771 1719 2828 pro
1737 2758 2047 2814 restituen-

405 2853 480 2910 da
509 2851 794 2910 Ecclesia
823 2847 1185 2906 auctoritate
1205 2847 1264 2902 et
1287 2846 1757 2903 reconciliandis
1809 2842 2050 2901 Wilhel.

399 2952 492 2997 mo
508 2953 648 3011 rege
663 2938 722 2994 et
739 2936 988 2994 Roberto
1013 2935 1156 2992 duce
1160 2934 1483 3008 fratribus
1503 2935 1571 2990 in
1589 2932 2050 2991 Nortmanniam

401 3033 460 3090 et
484 3031 770 3104 Angliam
794 3028 1150 3096 mitteretur,
1175 3027 1350 3095 Hugo
1380 3023 1648 3080 abbatem
1675 3037 1850 3079 suum
1878 3020 2051 3078 comi-

402 3120 566 3177 tatus
613 3118 718 3176 est.
765 3117 851 3173 Re
896 3115 1096 3171 autem
1134 3113 1364 3184 infecta
1408 3126 1540 3168 cum
1577 3111 1828 3168 Jarento
1873 3111 2052 3180 atque

604 3170 982 3272 redirent,in
1002 3202 1162 3258 mari
1189 3170 1536 3270 tempestate
1564 3198 1774 3256 valida
1796 3198 1878 3255 ad
1903 3170 2054 3254 υἱον-
2082 3170 2132 3233 C

405 3297 486 3354 tis
511 3294 831 3352 discrimen
829 3290 1113 3363 producti
1135 3289 1373 3345 tandem
1385 3290 1646 3359 Bajocas
1659 3283 2056 3358 pervenerunt

411 3382 517 3442 ubi
546 3383 744 3453 Hugo,
773 3379 972 3437 morbo
997 3378 1254 3435 violento
1271 3390 1599 3448 oppressus.
1625 3377 1842 3432 iterum
1861 3387 2054 3432 necem

401 3473 510 3530 vix
555 3469 764 3528 evasit.
816 3467 1089 3526 Sanatus
1134 3466 1349 3534 tamen,
1404 3465 1721 3535 postquam
1803 3463 2054 3520 Jarento

404 3559 780 3619 concordiam
801 3555 960 3612 inter
991 3553 1307 3611 Robertum
1328 3553 1532 3610 ducem
1561 3553 1620 3608 et
1628 3552 1903 3625 fratrem
1924 3553 2056 3623 ejus

411 3645 706 3729 restituit,
773 3657 899 3700 una
963 3657 1091 3700 cum
1165 3640 1378 3729 abbate
1442 3641 1647 3698 ducem
1715 3639 2056 3729 Hierosolgf

403 3727 566 3794 mam
600 3733 830 3791 iturum
856 3743 1051 3788 mense
1075 3728 1409 3800 Septembri
1445 3744 1503 3786 a.
1557 3733 1696 3785 4096
1741 3742 1930 3801 usque
1976 3727 2058 3785 ad

411 3823 660 3880 Pontem
689 3821 878 3879 Arlia
901 3818 1218 3877 comitatus
1249 3819 1352 3887 est,
1401 3819 1462 3874 et
1491 3818 1804 3875 Divionem
1828 3817 2052 3886 redux,

406 3911 741 3984 Haganone
766 3905 1286 3980 Augustodunensi
1317 3908 1580 3976 episcopo
1607 3905 1848 3963 auctore
1877 3904 1931 3960 et
1962 3918 2056 3961 ca-

408 3999 642 4058 nonicis
674 3999 970 4068 laicisque
997 3993 1372 4067 eligentibus,
1404 3993 1712 4055 abbatiam
1747 3993 2057 4050 Flavinia-

409 4103 634 4148 censem
659 4087 958 4157 suscipere
977 4084 1288 4141 consensit.
1321 4083 1407 4140 Ab
1437 4085 1688 4154 Hugone
1733 4082 2057 4154 archiepis-

409 4191 546 4250 copo
569 4177 680 4232 vix
699 4187 854 4246 agre
885 4173 1170 4228 dimissus
1207 4173 1301 4242 (7).
1355 4173 1454 4228 die
1499 4178 1568 4227 22
1612 4170 1960 4228 Novembris
1993 4185 2051 4228 a.

411 4270 550 4323 4096
570 4262 990 4322 Flaviniacum
1008 4261 1284 4330 intravit,
1314 4259 1373 4316 et
1382 4261 1628 4331 postera
1647 4259 1745 4316 die
1758 4273 2060 4317 consecra-

486 4422 565 4562 (g)
599 4425 663 4478 Α.
701 4424 857 4502 1⁸100.

545 4499 564 4562 )
597 4494 834 4548 Maxume

511 4491 564 4578 εξ)
597 4491 1321 4578 Maxiinranlibri‘parsmjarn
1353 4491 1697 4578 conscripta
1747 4496 1875 4548 erat
1920 4491 2020 4547 dux

2202 4503 2619 4578 innuimus
2635 4498 2702 4572 τέ

413 4561 621 4620 ευθιόιο
673 4567 870 4618 a.1096
923 4561 1104 4618 abbas
1148 4561 1613 4618 Flaviniacensis’
1645 4561 1870 4618 electus
1923 4569 2054 4629 est;

412 4648 517 4691 nec
547 4633 775 4704 qundo
809 4633 942 4704 fuga
971 4647 1072 4688 sua
1097 4637 1153 4704 et
1178 4632 1510 4704 obedientia
1535 4631 1732 4704 abbati
1755 4631 2058 4704 Divionen-

411 4705 462 4761 si
492 4701 760 4775 priestita
789 4702 993 4772 tradit,
1022 4702 1223 4758 multis
1242 4703 1408 4775 anuis
1433 4707 1565 4772 post
1599 4717 1648 4756 a.
1679 4703 1814 4757 1085
1836 4702 2055 4775 scripta

412 4771 589 4840 sunt;
621 4771 718 4829 fol.
754 4777 821 4829 97
851 4779 984 4844 post
1013 4787 1063 4828 a.
1098 4776 1255 4841 1086,
1291 4773 1386 4828 fol.
1423 4771 1526 4829 129
1557 4776 1688 4844 post
1745 4776 1901 4844 1087,
1943 4771 2051 4844 to].

411 4847 517 4915 124
564 4849 694 4915 post
745 4857 795 4898 a.
843 4842 987 4915 1099
1026 4849 1329 4915 exaratum
1378 4850 1504 4915 est;
1539 4842 2058 4915 _nostru_m_igitnr

409 4911 650 4970 circa'a.
685 4917 825 4969 1090
854 4913 1146 4970 scribendi
1179 4913 1406 4969 initium
1441 4913 1650 4968 fecisse
1679 4911 1970 4967 existimo.

483 4983 563 5108 (9
603 4981 1088 5054 Archiepiscopus
1129 4983 1206 5037 ita
1245 4982 1490 5040 scribit:
1532 4983 1706 5052 cujus
1742 4982 2058 5042 sedulitati

483 5067 508 5108 e
550 5052 786 5108 ebamus
814 5067 989 5108 immo
1007 5053 1182 5108 cuius
1213 5052 1427 5108 linoua
1452 5067 1570 5108 vox
1597 5053 1803 5108 nostra
1823 5054 1970 5108 erat.

406 5052 786 5131 credebam-us
1007 5053 1190 5131 cujus
1213 5052 1427 5131 lingua
1452 5067 1570 5131 vox
1597 5053 1803 5131 nostra
1823 5054 1970 5131 erat.

481 5122 723 5203 (8);_D.-_2
751 5124 966 5203 Aprilis
993 5121 1334 5203 tumulatus
1377 5137 1469 5203 ep.
1520 5121 1827 5194 Rodull‘us,
1880 5124 1935 5179 d.
1987 5127 2054 5180 10

407 5192 628 5264 Aprilis
655 5192 819 5262 Hugo
850 5193 1163 5250 Flaviniaci
1193 5195 1417 5249 aderat.

477 5279 716 5361 (9.)“Haec
757 5279 1044 5361 prodeunt
1095 5295 1170 5361 ex
1214 5279 1769 5361 litteris__[.aurentii
1821 5282 2051 5361 abbatis

404 5349 460 5404 S.
501 5349 972 5421 Vitoniﬁespulsi,
1021 5351 1236 5421 quibus
1291 5351 1528 5421 scriptis
1576 5351 2046 5409 adversariorum

401 5433 662 5500 suorum,
697 5420 947 5476 fortasse
985 5420 1243 5490 ilugonis
1291 5420 1478 5492 ipsius
1536 5423 1850 5546 respondet
1892 5425 2047 5504 apud

401 5488 619 5546 labill.
648 5502 705 5544 In
728 5489 931 5546 Annal.
959 5491 1170 5546 Bened.
1199 5495 1238 5544 t.
1266 5491 1329 5546 V.
1361 5507 1412 5546 ι).
1437 5495 1644 5546 ϐ85.οο
1675 5534 1687 5546 .
1715 5497 1764 5546 1.
1795 5495 1908 5546 Qui
1929 5493 2046 5546 (Ri-

399 5488 619 5563 ll_abil_l.
646 5488 705 5563 in
728 5489 932 5563 Annal,
959 5488 1170 5546 Bened.
1199 5495 1238 5544 t.
1266 5488 1329 5556 V,
1359 5488 1687 5563 p.7685,col.
1715 5497 1764 5563 1,
1795 5494 1908 5560 Qui
1927 5488 2046 5563 (Ri-

398 5559 802 5637 chardus)_....._
822 5560 1094 5637 adimere
1106 5559 1449 5637 prasumit,
1474 5559 1742 5637 danspel
1750 5559 2044 5637 auferens

2135 555 2312 614 rebus
2341 557 2594 628 agendis
2641 571 2878 629 operam
2928 555 3097 613 dedit
3135 554 3195 611 et
3229 555 3294 611 in
3337 566 3482 625 opus
3527 554 3783 612 ecclesia

2141 644 2255 701 duo
2303 644 2500 702 millia
2543 645 2870 702 solidorum
2909 643 3230 716 expendit;
3283 640 3388 700 sed
3452 642 3785 714 Haganone

2139 733 2402 804 episcopo
2433 733 2757 790 diacesano
2784 747 2841 791 a.
2875 738 3014 790 4098
3049 731 3352 804 defuncto,
3393 730 3784 802 Norgaudum

2137 834 2526 878 successorem
2555 821 2971 878 adversarium
2998 821 3210 878 nactus
3237 818 3343 876 est.
3380 819 3545 875 Anno
3567 823 3703 875 4099
3727 818 3778 874 d.

2139 915 2208 966 28
2235 909 2447 966 Martii
2486 911 2788 983 Rodulfus
2835 909 3018 966 abbas
3061 908 3251 979 obiit;
3293 907 3572 964 morienti
3611 907 3786 978 Hugo

2140 998 2358 1055 aderat
2381 999 2440 1054 et
2471 1000 2814 1070 passionem
2860 997 3233 1054 Dominicam
3281 995 3444 1066 legit,
3518 995 3787 1052 defuncti

2141 1100 2256 1156 que
2285 1087 2487 1158 funus
2548 1087 2876 1144 Virdunum
2921 1083 3268 1155 prosecutus
3329 1083 3418 1140 est
3466 1081 3560 1153 (8).
3587 1081 3788 1139 Mense

2139 1175 2472 1246 Septembri
2499 1175 2629 1246 ejus
2657 1175 2804 1232 anni
2831 1175 3178 1232 lv'laviniaco
3209 1171 3478 1242 excessit,
3520 1172 3788 1229 inimicis

2141 1263 2448 1322 monachis
2467 1265 2827 1336 quibusdam
2847 1264 2907 1319 et
2930 1261 3252 1334 Norgaudo
3283 1262 3472 1318 locum
3519 1259 3701 1331 dedit,
3737 1260 3795 1316 et

2127 1352 2382 1424 frustra
2399 1367 2512 1424 per
2539 1353 2790 1424 aliquod
2833 1353 3059 1424 tempus
3096 1350 3256 1423 apud
3305 1348 3696 1421 Norgaudum
3739 1349 3796 1405 et

2145 1441 2452 1514 Hugonem
2473 1441 2978 1512 archiepiscopum
2997 1453 3112 1510 pro
3131 1439 3334 1495 reditu
3349 1437 3660 1495 laboravit.
3680 1437 3796 1492 An-

2141 1532 2210 1586 ni
2260 1535 2397 1587 4400
2464 1530 2644 1586 initio
2702 1530 2922 1586 iterum
3006 1529 3073 1584 in
3138 1527 3422 1599 Angliam
3485 1525 3794 1598 profectus

2145 1618 2248 1687 est,
2299 1631 2492 1674 mense
2532 1619 2795 1688 Augusto
2859 1616 3232 1674 adversariis
3289 1616 3418 1672 suis
3483 1612 3795 1670 Flavinia-

2145 1705 2410 1763 censibus
2423 1707 2679 1778 frustra
2698 1707 2916 1762 iterum
2937 1705 3173 1762 litteras
3193 1703 3442 1775 scripsit
3459 1701 3519 1758 et
3533 1702 3795 1772 Septem-

2065 1825 2117 1886 Β
2148 1793 2506 1886 brideth
2527 1794 2774 1886 exeunte
2803 1808 2842 1851 a
2873 1792 3090 1886 legatis
3104 1791 3414 1886 pontiﬁcis
3443 1791 3510 1847 in
3546 1789 3797 1886 concilio

2159 1882 2464 1938 Valentino
2490 1881 2744 1940 abbatia
2759 1870 3095 1950 restitutus,
3121 1879 3544 1936 Flaviniacum
3572 1877 3791 1937 rediit.

2146 1970 2271 2028 Sed
2295 1970 2434 2026 tunc
2459 1984 2690 2040 quoque
2714 1969 3016 2042 offensum
3029 1969 3313 2040 fratrum
3362 1967 3649 2034 animum,
3683 1964 3792 2034 qui

2149 2058 2454 2116 abbatiam
2478 2059 2826 2114 Divionensi
2849 2057 3289 2128 subjiciendam
3327 2052 3799 2126 suspicabantur

2149 2144 2268 2202 sibi
2306 2146 2632 2202 conciliare
2673 2145 2961 2216 nequivit,
3013 2145 3104 2201 ita
3150 2143 3221 2200 ut
3265 2141 3588 2213 Norgaudo
3637 2153 3796 2196 anno

2154 2247 2284 2300 4404
2322 2243 2578 2300 alterius
2607 2241 2844 2300 abbatis
2879 2239 3280 2299 constituendi
3320 2240 3480 2295 locus
3529 2237 3797 2304 daretur,

2151 2331 2405 2401 Hugone
2430 2331 2610 2402 ejecta
2637 2331 2698 2386 et
2704 2331 2958 2403 frustra
2980 2331 3226 2386 Romam
3255 2325 3613 2399 appellante.

2226 2420 2369 2475 Hac
2386 2419 2607 2475 ultima
2625 2419 2919 2490 sunt-qua
2939 2419 3010 2474 de
3029 2431 3091 2474 se
3123 2421 3245 2489 ipse
3277 2415 3552 2486 scripsit;
3597 2413 3802 2470 Divic-

2153 2521 2226 2563 ne
2267 2507 2462 2578 igitur
2502 2521 2635 2564 cum
2670 2507 2994 2563 Jarentone
3037 2507 3274 2563 stetisse
3319 2503 3577 2573 videtur,
3627 2514 3807 2572 quem
3870 2547 3876 2572 τ

2155 2609 2339 2652 unum
2373 2597 2635 2652 omnium
2673 2595 3006 2651 amicorum
3045 2593 3408 2650 constantem
3451 2591 3511 2647 et
3556 2589 3806 2662 ﬁdelem

2155 2683 2274 2740 sibi
2295 2684 2574 2754 expertus
2580 2683 2819 2756 fuerat.
2859 2681 3104 2738 Librum
3135 2695 3310 2738 suum
3335 2693 3450 2751 per
3478 2679 3632 2734 vices
3659 2691 3806 2747 pas-

2155 2771 2290 2840 sim,
2314 2771 2480 2828 nullo
2503 2770 2712 2828 ordine
2731 2769 2968 2828 servato
3003 2769 3063 2825 et
3075 2767 3264 2840 prout
3289 2767 3528 2824 animus
3535 2763 3804 2838 ferebat,

2161 2872 2348 2929 usque
2368 2859 2448 2916 ad
2476 2873 2700 2915 annum
2723 2863 2861 2915 4402
2877 2857 3184 2928 produxit.
3217 2855 3375 2922 Quid
3405 2855 3476 2910 de
3503 2855 3632 2925 ipso
3671 2865 3811 2909 auc-

2163 2948 2280 3004 tore
2292 2949 2498 3018 postea
2520 2947 2720 3004 actum
2745 2947 2832 3004 sit
2847 2945 3191 3015 dubitatur;
3217 2943 3440 3001 certum
3462 2943 3660 2999 tamen
3689 2954 3814 2997 esse
3873 3009 3875 3028 Ι

2160 3035 2398 3092 videtur
2437 3048 2567 3091 eum
2589 3035 2876 3106 partibus
2899 3033 3154 3090 ecclesia
3181 3047 3221 3089 a
3259 3030 3476 3102 quibus
3526 3029 3651 3086 tam
3709 3028 3816 3085 diu
3873 3065 3875 3076 ι

2161 3123 2410 3180 steterat
2424 3123 2824 3192 renuntiasse,
2857 3122 3206 3180 Divionensi
3232 3118 3588 3179 monasterio
3617 3131 3818 3176 exces-
3873 3131 3875 3194 ξ

2163 3213 2332 3282 sisse,
2383 3210 2456 3268 ab
2507 3209 2720 3268 abbate
2762 3209 3114 3268 Divionensi
3143 3206 3740 3278 excommunicatum,
3764 3206 3822 3263 et
3873 3201 3875 3280 ξ

2165 3313 2295 3356 cum
2341 3313 2398 3356 a.
2445 3303 2574 3369 4.444
2618 3298 2962 3356 Richardus
3030 3297 3418 3353 Virdunensis
3483 3294 3814 3367 episcopus,
3873 3297 3875 3314 '

2163 3389 2233 3444 Η
2229 3388 2444 3444 cinrici
2470 3388 2514 3442 V
2528 3388 2774 3456 assecla,
2792 3387 3062 3444 abbatem
3069 3386 3286 3444 Sancti
3312 3385 3507 3442 Vitoni
3519 3383 3818 3440 Paschali

2151 3475 2398 3548 fidelem
2423 3480 2479 3532 et
2525 3477 2744 3532 iterum
2785 3475 2868 3532 ad
2929 3475 3316 3532 Jarentonem
3367 3469 3820 3544 profugientem

2165 3565 2444 3636 ejecisset,
2469 3565 2537 3621 in
2563 3565 2692 3634 ejus
2715 3565 2902 3620 locum
2922 3563 2996 3620 ab
3035 3563 3297 3636 episcopo
3339 3574 3462 3618 esse
3527 3559 3821 3617 substitu-

2166 3655 2292 3711 tum
2322 3652 2398 3724 (9)
2419 3671 2446 3724 ;
2467 3652 2629 3724 quod
2653 3651 2895 3722 quidem
2935 3652 3002 3707 in
3039 3651 3167 3706 viro
3208 3649 3478 3706 ardentis
3518 3647 3718 3705 animi
3769 3647 3825 3704 et
3874 3713 3875 3716 η

2163 3755 2394 3799 summa
2421 3741 2661 3812 injuria
2687 3738 2918 3813 afecto,
2955 3738 3094 3795 bene
3121 3737 3286 3795 credi
3309 3736 3522 3808 potest,
3567 3735 3680 3792 etsi
3721 3749 3823 3791 no-

2162 3845 2297 3888 men
2325 3829 2596 3900 Hugonis
2625 3829 2786 3885 haud
2811 3828 3040 3900 apertei
3059 3827 3351 3884 ndicetur.
3411 3825 3574 3890 Quod
3601 3826 3661 3881 si
3691 3827 3823 3896 ipse
3873 3845 3875 3898 ς

2149 3919 2296 3992 fuit
2327 3932 2504 3990 quem
2551 3918 2916 3974 Laurentius
2959 3915 3144 3974 abbas
3171 3916 3239 3973 S.
3301 3914 3496 3972 Vitoni
3569 3913 3826 3984 Rodulﬂ
3874 3963 3875 3966 η

2163 4021 2462 4066 successor
2566 4007 2777 4062 innuit
2803 4049 2818 4073 ,
2913 4003 3169 4062 abbatia
3279 4001 3470 4082 tribus
3579 4001 3824 4058 tantum

2165 4096 2344 4154 annis
2428 4094 2698 4168 prafuit,
2791 4093 3112 4150 Laurentio
3213 4091 3420 4148 exsule
3517 4103 3636 4161 per
3717 4090 3875 4146 Ri-r

2165 4185 2456 4242 chardum
2551 4181 2823 4239 revocato
2905 4184 3071 4254 (10).
3209 4181 3346 4245 Qua
3443 4179 3554 4249 qui
3644 4177 3822 4235 circa

2165 4288 2390 4332 annum
2465 4278 2491 4330 4
2502 4278 2604 4331 440
2695 4271 2958 4329 tradidit
2982 4315 2998 4341 ,
3055 4268 3416 4328 Laurentius
3470 4267 3826 4326 Leodiensis

2167 4433 2450 4505 quomodo
2477 4432 2624 4505 vult.
2654 4432 2732 4500 In
2759 4429 2978 4505 quibus
3024 4429 3114 4505 est
3153 4429 3270 4505 ille
3295 4428 3405 4505 qui
3441 4425 3516 4505 ab
3562 4425 3828 4505 abbatia

2692 4497 3008 4572 upudiatus,
3043 4500 3118 4557 ab
3147 4497 3398 4572 ecclesia
3414 4497 3820 4572 _D_ivionen_si,

2169 4591 2267 4632 cui
2282 4573 2532 4644 jubente
2560 4569 2792 4629 domino
2833 4586 2938 4629 suo
2981 4569 3188 4644 abbate
3228 4569 3540 4644 Eodulpho
3582 4569 3827 4644 profes-

2168 4639 2392 4703 sionem
2404 4644 2584 4715 fecit,
2618 4644 2938 4715 fugitivus,
2968 4642 3043 4700 ab
3071 4641 3284 4715 abbate
3315 4639 3696 4715 Divionensi'
3721 4654 3829 4715 ex-

2169 4710 2654 4784 communicat-us,
2686 4710 2932 4785 virgam
2965 4712 3330 4784 pastoralem
3375 4724 3498 4782 qua
3523 4710 3602 4785 in
3641 4711 3825 4785 ater-

2169 4801 2312 4844 num
2359 4780 2808 4863 verberandus;
2821 4780 3149 4863 suscipere
3180 4780 3579 4863 prsesumpsit.
3625 4780 3830 4863 Cujus

2159 4851 3011 4939 prasumptionisparticipes“
3020 4868 3084 4912 se
3095 4851 3386 4928 fecerunt
3409 4851 3512 4908 illi
3543 4851 3652 4933 qui
3698 4853 3830 4908 tam

2167 4928 2394 5000 infami
2424 4940 2694 5000 persona
2741 4940 2950 5000 curam
2982 4922 3836 5000 pastoralemAcomjmtsmnt

2167 4941 2394 5000 'mjami
2424 4941 2694 4998 persona
2741 4941 2950 4984 curam
2982 4941 3355 4997 pastoralem
3398 4941 3832 4980 commiserunt

2167 4999 2226 5054 et
2243 5000 2352 5070 qui
2380 5011 2442 5055 se
2464 4999 2521 5056 ei
2549 4998 2837 5070 committi
2858 4997 3126 5070 perpessi
3151 4994 3332 5070 sunt._
3349 4993 3464 5070 Qui
3505 4995 3646 5070 ipse
3677 5006 3832 5070 quo:

2164 5062 2280 5142 qu'e
2305 5071 2515 5127 contra
2548 5083 2677 5142 _eos_
2710 5069 2819 5142 qui
2858 5062 3155 5142 'Ro'mana
3209 5064 3491 5142 ecclesia”
3524 5062 3836 5142 resistunt

2167 5133 2386 5198 ῖιιπνινη
2415 5133 2891 5224 auctoritatibus,
2905 5133 3611 5224 ψαηέέίένξξρρπεῖςοέτνξί
3625 5133 3833 5224 fresi-

2161 5225 2294 5270 mus
2323 5213 2474 5282 quia
2509 5211 2698 5280 modo,
2736 5201 2931 5281 juxta
2976 5207 3136 5288 quod
3169 5201 3390 5289 rustici
3433 5201 3660 5283 dfcunt_
3695 5204 3832 5285 cul-

2164 5283 2323 5362 trum
2350 5282 2502 5362 iter
2533 5283 2688 5362 lues
2711 5279 2944 5362 λαξσνεν
2975 5277 3176 5362 αιρςιτη.
3201 5275 3426 5362 labra"?
3473 5271 3840 5362 εηηρξζφψιέ

2161 5352 2545 5408 etc—Liber
2578 5346 2687 5406 iste
2729 5364 2758 5404 a
2808 5346 3117 5404 Laurentio
3162 5346 3436 5404 laudatus
3482 5346 3833 5406 Chronicon

2160 5426 2422 5480 nostrum
2455 5422 2635 5478 fuisse
2665 5420 2917 5477 videtur.

2230 5546 2338 5615 (10)
2374 5543 2667 5601 Laurentii
2700 5542 2770 5598 de
2810 5541 3024 5598 Leodio
3073 5541 3438 5599 continuatio
3495 5541 3833 5600 Gestorum

396 5641 457 5690 α.
472 5643 541 5706 p.
561 5643 621 5703 p.
645 5628 704 5688 lt.
737 5628 1030 5701 abbatias,
1064 5628 1284 5702 quibus
1316 5628 1464 5702 vult,
1496 5632 1783 5703 qualibus
1819 5628 1952 5692 butt
1985 5637 2047 5692 et
2155 5635 2564 5706 episcoporum
2610 5631 3078 5688 Virdunensium.
