3898 6334
159 312 211 375 13
1298 301 1794 370 CHRONICON.
1834 340 1909 352 —
1941 304 2348 367 PRCEMIUM
3447 310 3520 373 14

164 444 411 502 Gestorum
467 444 945 503 Virdunensium
991 441 1387 511 continuator,
1434 454 1497 496 se
1553 438 1770 497 librum
1800 441 1855 502 A
1884 440 2179 508 ciliorum,
2231 440 2492 511 epistola
2536 440 2793 497 Henrici
2832 440 2939 509 IV,
3003 442 3245 512 Agnetis
3308 445 3524 502 matris

163 534 485 592 mmvalde
512 534 803 601 invitum,
835 530 1465 590 sedvirirenerabilis
1495 528 1773 598 Hugonis
1887 528 2034 597 ejus,
2102 526 2427 583 Mathildis
2491 530 2822 597 comitissa,
2892 530 3139 599 aliaque
3213 533 3521 588 nonnulla.

159 622 385 679 monachi
427 624 498 680 S.
567 623 774 678 Vitoni
814 622 1004 677 nimia
1046 619 1344 676 instantia
1390 616 1771 688 compulsum,
1893 614 2114 679 Quibus
2144 616 2232 671 ita
2260 630 2404 672 usus
2432 617 2535 685 est,
2568 618 2641 672 ut
2666 630 2736 673 ea
2764 616 2859 672 vel
2903 621 3237 689 excerperet
3278 621 3373 674 vel
3408 634 3530 676 ma-

157 711 369 768 scribere
407 710 753 782 proﬁtetur.
781 711 912 766 Non
957 708 1282 780 defuerunt
1318 706 1425 777 qui
1470 707 1780 776 Hugonem
1889 706 2119 759 ximam
2142 706 2375 774 partem
2404 706 2500 760 vel
2524 707 2763 776 integra
2794 708 3098 777 exscripta
3127 722 3251 763 una
3281 721 3412 763 cum
3448 708 3531 764 iis

156 802 308 856 istum
330 800 601 856 nostrum
631 812 758 855 esse
786 797 1090 869 putarent.
1140 797 1264 853 Nec
1309 796 1453 852 atas
1503 794 1641 849 tunc
1683 806 1783 849 su-
1892 805 2024 863 qua
2050 794 2174 863 ipse
2196 806 2459 863 prasens
2487 793 2728 849 viderat
2752 793 2846 849 vel
2872 793 2946 850 ab
2976 794 3123 851 aliis
3185 807 3387 851 rerum
3425 795 3533 852 tes-

154 888 412 957 perstitis,
443 885 683 943 sciticet
708 890 781 941 75
802 898 1089 941 annorum
1121 882 1396 951 obstaret,
1424 881 1783 951 etaliquan-
1896 880 2054 937 tibus
2088 882 2368 937 audierat
2398 881 2666 939 historia
2682 895 2804 939 sua
2831 883 3123 939 insereret
3137 902 3161 953 ,ο
3187 884 3292 940 sed
3340 883 3535 940 textus

160 976 587 1043 tnmsuccurrit,
620 973 783 1046 quod
808 973 1062 1044 scriptor
1088 986 1298 1029 nomen
1343 968 1580 1027 abbatis
1632 970 1783 1024 Lau-
1895 969 2266 1041 negligenter
2318 984 2467 1040 sape
2515 970 2915 1041 branscriptus
2960 971 3071 1042 (12)
3107 972 3353 1043 plenam
3420 972 3535 1029 sibi

156 1065 320 1121 reutio
346 1061 656 1133 subrogati
695 1064 890 1119 tacere
933 1062 1143 1131 voluit,
1197 1060 1258 1116 et
1304 1058 1460 1130 quod
1506 1056 1784 1127 Hugonis
1883 1059 2070 1129 ﬁdem
2102 1058 2269 1115 haud
2288 1059 2583 1116 conciliat.
2631 1060 2909 1116 Ordinem
2967 1061 3243 1131 trmporis
3284 1062 3352 1118 in
3405 1062 3538 1118 uni-

160 1152 356 1210 librum
385 1153 622 1210 novisse
647 1152 903 1208 ridetur.
938 1152 1074 1215 Qua
1103 1150 1157 1207 si
1183 1150 1272 1204 ita
1302 1161 1364 1204 se
1397 1146 1632 1214 habent,
1662 1147 1784 1200 Hu-
1894 1161 2127 1203 rersum
2160 1147 2402 1217 quidem
2428 1148 2663 1204 secutus
2691 1156 2795 1217 est,
2829 1149 2933 1205 sed
2961 1162 3075 1203 non
3100 1163 3240 1204 raro
3262 1149 3353 1205 vel
3372 1150 3540 1219 copia

152 1253 338 1309 gonem
360 1240 502 1310 post
546 1238 786 1296 abbatis
826 1237 1139 1293 Laurentii
1178 1233 1440 1290 reditum
1479 1231 1785 1290 abbatiam
1893 1250 2096 1292 rerum
2125 1236 2415 1294 abductus
2467 1238 2559 1292 vel
2601 1238 2798 1294 animo
2844 1252 2946 1293 suo
2990 1238 3307 1308 indu’gens
3356 1238 3543 1295 latius

157 1326 441 1385 abdicasse
463 1329 523 1384 et
566 1327 705 1383 vita
752 1326 941 1383 tantis
964 1324 1252 1396 procellis
1302 1322 1555 1393 agitata
1599 1333 1785 1377 arulas
1895 1324 2294 1394 exspatiatur.
2334 1326 2393 1380 et
2419 1339 2548 1381 cum
2564 1326 2839 1395 plurima
2858 1339 3059 1382 recens
3103 1327 3340 1397 reperta
3386 1326 3543 1383 anti-
3642 1368 3651 1375 .

156 1416 345 1473 ulti-mo
371 1417 437 1473 in
464 1416 607 1472 nido
646 1415 746 1472 cui
765 1429 912 1486 puer
942 1413 1254 1471 coaluerat
1280 1412 1483 1482 quiete
1521 1410 1786 1480 exegisse
1891 1414 2095 1482 quiori
2128 1413 2319 1468 textui
2350 1413 2654 1486 insereret,
2689 1413 3024 1484 librumque
3038 1429 3154 1485 per
3182 1414 3374 1471 multa
3406 1414 3544 1470 tem-

157 1503 372 1576 opinari
401 1506 619 1562 liceret.
650 1503 898 1560 Sedhac
923 1516 1135 1559 revera
1156 1500 1537 1589 ignorantur.
1882 1481 2099 1572 porum
2130 1481 2456 1558 intervalld
2496 1481 2817 1572 sapissime
2863 1481 3239 1571 retractaret,
3292 1516 3399 1558 nec
3455 1502 3541 1559 ta-

221 1595 284 1650 In
310 1593 455 1650 libro
478 1592 800 1664 superstite
820 1592 958 1649 ante
984 1585 1263 1646 ommnia“
1284 1588 1580 1658 insignem
1623 1585 1785 1644 inde—
1899 1604 2024 1644 men
2052 1590 2347 1659 integrum
2392 1604 2602 1646 rursus
2642 1589 3083 1647 describendum
3132 1590 3390 1660 curaret,
3430 1604 3550 1647 non

159 1682 484 1754 fessamque
509 1696 714 1737 curam
734 1695 857 1751 qua
894 1680 1171 1737 subsidia
1209 1679 1369 1748 operi
1410 1675 1785 1746 amplissima
1883 1680 2029 1749 fieri
2047 1678 2291 1749 poterat
2317 1681 2466 1749 quin
2494 1680 2865 1736 narationem
2894 1682 3062 1750 copia
3104 1693 3305 1736 rerum
3358 1680 3546 1753 refer-

168 1772 407 1842 undique
426 1770 809 1842 conquisivit,
833 1769 889 1825 et
915 1768 1175 1825 addendi
1207 1765 1662 1835 corrigendique
1684 1777 1787 1852 pej
1816 1793 1869 1852 Β
1900 1769 2020 1824 tam
2049 1768 2154 1823 sed
2187 1780 2357 1836 aqua
2376 1768 2536 1823 'itate
2572 1768 2631 1823 et
2650 1770 3088 1839 perspicuitate
3135 1770 3430 1826 carentem
3461 1783 3551 1826 re-

163 1874 322 1916 renne
346 1858 614 1917 studium.
627 1858 774 1927 jure
799 1858 1135 1914 laudamus.
1172 1856 1263 1911 Ad
1286 1868 1499 1910 manus
1530 1855 1585 1909 ei
1617 1851 1791 1909 erant
1820 1851 1854 1852 ’7
1901 1857 2220 1926 linqueret.
2256 1857 2395 1911 dum
2424 1872 2470 1912 e.
2502 1871 2562 1927 g.
2587 1859 2769 1913 unius
2791 1859 3172 1928 ejusdemque
3199 1859 3321 1914 tiri
3359 1857 3553 1917 obitus

170 1947 291 2005 libri
315 1947 650 2019 chartaque
672 1947 732 2003 et
755 1946 1015 2017 epistola
1046 1943 1371 2001 tabulariis
1393 1942 1451 1998 et
1485 1940 1790 1997 bibliothe-
1904 1946 2015 2015 (l3)
2047 1945 2237 2001 tribus
2267 1946 2333 2001 in
2368 1946 2509 2002 locis
2528 1945 2812 2016 refertur.
2874 1947 3161 2002 Caternm
3210 1949 3307 2003 vir
3349 1947 3551 2004 doctus

165 2038 241 2093 eis
270 2036 753 2103 Virdunensibus,
786 2032 1265 2100 Diviouensibus,
1300 2029 1792 2102 Lugdunensibu-S
1904 2037 1962 2091 et
1986 2036 2231 2092 sedulus
2260 2038 2460 2092 minus
2491 2038 2730 2106 sagacis
2760 2038 2952 2093 animi
2974 2037 3135 2107 fuit,
3176 2037 3555 2095 mirabilium

168 2125 480 2199 desumpta,
514 2137 763 2195 quorum
786 2124 839 2178 ei
860 2123 1030 2194 copia
1052 2136 1091 2176 a
1114 2120 1374 2191 Bodulfo
1396 2121 1454 2175 et
1471 2118 1796 2175 Jarentone
1904 2124 2200 2193 credulus,
2212 2124 2409 2196 falsis
2438 2138 2671 2194 quoque
2714 2124 3050 2181 rumoribus
3082 2126 3300 2195 patens
3347 2126 3459 2197 (14)
3500 2126 3560 2181 et

166 2212 459 2270 abbatibus
488 2215 670 2284 atque
700 2212 951 2282 Hugoue
971 2208 1413 2279 archiepiscopo
1442 2207 1628 2280 facta
1669 2206 1803 2262 erat
1908 2213 1973 2268 in
2006 2212 2389 2282 disponendis
2415 2212 2852 2284 rebusfallens,
2881 2204 3107 2283 loquax
3130 2228 3559 2285 nonnunquam

166 2300 365 2371 quibus
391 2302 645 2371 denique
674 2299 1166 2357 Flaviniacensia
1190 2297 1581 2365 accesserunt,
1633 2295 1799 2351 scili-
1909 2300 1967 2356 et
1983 2302 2152 2371 justo
2181 2300 2505 2370 verbosior,
2537 2302 2892 2371 scripsitqre
2912 2302 3097 2371 prout
3119 2303 3419 2373 expectari
3460 2317 3559 2373 po-

1913 2389 2074 2445 terat
2100 2390 2298 2444 animo
2328 2391 2395 2445 in
2421 2390 2613 2445 hostes
2643 2390 2925 2445 Ecclesia
2954 2390 3114 2445 irato
3145 2391 3250 2445 sed
3278 2391 3554 2460 candido,

167 2479 267 2545 sis,
304 2478 469 2533 Beda
518 2478 588 2533 de
629 2490 740 2534 sex
786 2473 1079 2541 atatibus,
1126 2471 1454 2542 Reginonis
1486 2471 1799 2538 Chronica,
1913 2491 2018 2533 nec
2049 2477 2349 2533 hominum
2379 2491 2500 2533 sua
2518 2478 2723 2548 partis
2754 2479 2907 2534 vitia
2939 2478 3169 2546 tacuit;
3199 2480 3413 2535 etcum
3445 2494 3561 2536 non

165 2565 421 2622 Ethicus
440 2579 570 2621 cum
592 2564 911 2620 itinerario
934 2561 1240 2629 Antonini,
1269 2560 1533 2629 Orosius,
1581 2559 1798 2621 Victor.
1916 2566 2103 2621 solum
2134 2567 2197 2621 in
2227 2565 2308 2621 iis
2337 2580 2468 2635 qua
2498 2566 2722 2636 tempus
2751 2581 2924 2623 suum
2955 2569 3410 2635 antecesserunt,
3466 2567 3561 2622 do-

178 2653 437 2723 Vitensis,
461 2653 769 2721 Jordanis,
817 2651 1108 2718 Nennius,
1130 2648 1520 2715 Fortunatus,
1594 2645 1810 2717 Grego-

1980 2654 2206 2710 cmentis
2236 2654 2409 2709 hodie
2430 2654 2673 2711 abolitis
2717 2656 2905 2724 nisus,
2951 2656 3224 2727 quadam
3269 2658 3563 2713 memoria

160 2740 291 2798 τέκε
337 2743 718 2806 Τατοηϐηδὶεν
784 2739 963 2795 Gesta
1019 2739 1078 2792 εί
1137 2736 1399 2823 βαίαίοθί
1457 2735 1812 2806 Pontiﬁcum
1923 2742 2108 2812 digna
2138 2744 2471 2799 servaverit
2495 2744 2598 2799 sed
2628 2744 2696 2799 in
2741 2745 2999 2800 historia
3033 2746 3131 2801 sui
3187 2744 3463 2815 temporis
3507 2746 3565 2801 et

166 2830 563 2891 Romanorum.
596 2829 825 2887 Isidori
860 2826 1271 2898 Ety-mologia,
1312 2825 1453 2880 Vita
1471 2825 1588 2881 SS.
1627 2825 1813 2880 Sanc-
1911 2832 2210 2900 pracipue
2241 2832 2650 2901 Lotharingia
2673 2832 2938 2903 plrrima
2980 2834 3206 2889 cateris
3260 2834 3562 2903 incognita

170 2919 281 2974 lini
306 2919 542 2975 inedita.
577 2916 904 2984 Mansueti,
936 2914 1286 2983 Maximini,
1316 2911 1816 2969 Pulchroniiine-
1917 2919 2270 2989 prodiderit,
2290 2920 2489 2990 primo
2518 2923 2711 2991 ορενίε
2738 2920 2975 2990 edim-5,
3006 2922 3112 2991 qui
3140 2921 3357 2977 ῖίιφειιη
3381 2922 3561 2978 his“)-

174 3006 324 3075 dita,
368 3005 771 3079 Sigismundi,
824 3002 1218 3070 Ultrothitdis,
1265 3002 1421 3072 Lupi
1492 2999 1811 3067 Trecensis,

1980 3022 2025 3062 ae
2048 3007 2461 3065 ecclesiasticae
2494 3009 2782 3065 undecimi
2829 3010 3150 3080 prtescrtim
3184 3010 3382 3067 saeculi
3437 3012 3561 3067 the-

162 3095 415 3164 Antidii,
466 3093 837 3164 Leodegarii,
874 3091 1171 3161 Prajecti,
1216 3089 1441 3157 Boniti,
1495 3087 1811 3157 Lamberti,
1849 3145 1892 3168 η
1925 3109 2159 3152 saurum
2191 3096 2702 3167 incomparabilem
2716 3099 3091 3168 pradicarit.
3125 3101 3191 3155 in
3222 3101 3563 3156 universum

167 2390 249 2445 cet
266 2390 632 2461 Hieronymi,
656 2388 956 2459 Prosperi,
982 2386 1176 2444 Idatii
1212 2385 1461 2441 Victoris
1492 2386 1802 2440 Tununen-

160 3184 319 3254 Lupi
336 3183 710 3251 Senonensis,
746 3181 1000 3247 Goerici,
1024 3178 1381 3246 Balthildis,
1414 3177 1659 3248 Agerici
1697 3177 1817 3233 ine-

159 3273 320 3343 dita,
364 3273 640 3342 C'arilefi,
686 3269 1034 3341 Magdalcei
1093 3267 1340 3335 inedita,
1390 3266 1711 3322 translatio
1744 3265 1811 3321 ις’.

162 3359 470 3433 Gargonii,
502 3361 922 3431 Fredegarius,
959 3358 1137 3417 Gesta
1189 3357 1577 3423 Francorum,
1629 3354 1819 3410 Pauli

151 3451 416 3508 Diaconi
444 3450 724 3507 Historia
766 3446 1291 3519 Langobardorum
1340 3444 1399 3499 et
1437 3442 1618 3501 Gesta
1669 3443 1819 3513 epis-

154 3552 433 3611 coporum
460 3537 833 3595 Metensium.
863 3534 1220 3607 genealogia
1259 3533 1629 3599 C’arolorum,
1674 3531 1818 3588 Ein-

157 3627 348 3685 hardi
389 3629 523 3684 Vita
546 3626 774 3695 Caroli,
809 3624 1073 3682 Annales
1098 3621 1447 3689 Petaviani,
1482 3620 1811 3687 Einhardi,

154 3716 507 3786 Fuldenses,
563 3714 872 3772 Vedastini
924 3712 1363 3783 Lugdunenses,
1433 3709 1699 3779 fortasse
1762 3707 1820 3763 et

159 3807 669 3874 Flaviniacenses,
696 3804 927 3861 Adonis
953 3802 1305 3863 Chronicon,
1331 3799 1649 3855 Hincmari
1668 3799 1815 3868 epis-

1925 3186 2163 3256 quidem
2190 3201 2306 3241 non
2336 3186 2755 3257 astipulamur,
2805 3187 2941 3243 dum
2991 3188 3381 3254 Lambertum,
3420 3190 3564 3245 Ber-

1928 3274 2211 3342 tholdum,
2248 3276 2305 3329 et
2336 3276 2721 3343 Bernoldum,
2771 3276 3033 3346 ejusdem
3082 3278 3181 3333 avi
3229 3277 3558 3348 historicos,

1924 3364 2167 3434 Hugoni
2184 3354 2479 3435 pra/erro
2499 3379 2614 3419 non
2641 3363 3001 3433 dubitamus,
3042 3366 3146 3422 sed
3191 3379 3320 3422 eum
3377 3366 3566 3423 tamen

1924 3452 1996 3507 de
2027 3451 2284 3508 historia
2310 3453 2523 3522 optime
2550 3454 2827 3508 meritum
2849 3454 2907 3509 et
2926 3453 3065 3509 bono
3081 3467 3230 3524 sape
3255 3457 3566 3526 cum/ruc-

1927 3542 1991 3597 tu
2018 3541 2427 3597 consulendum
2461 3542 3155 3613 prodierunt—Annum
3194 3543 3388 3599 noster
3434 3558 3566 3600 cum

1924 3631 2071 3685 aliis
2102 3630 2546 3701 Lotharingisa
2580 3631 2675 3687 die
2706 3632 3156 3687 Incarnationis
3202 3631 3256 3685 (ἰ.
3296 3638 3366 3687 23
3403 3630 3567 3689 Mar-

1926 3719 2001 3775 tii
2030 3720 2128 3775 vel
2140 3720 2350 3790 potius
2379 3733 2417 3775 a
2445 3720 2743 3777 Paschate
2766 3720 3045 3775 inchoare
3066 3720 3301 3776 videtur
3321 3724 3453 3790 (15).

1992 3808 2208 3877 Stylus
2234 3808 2554 3875 dilucidus,
2580 3822 2766 3863 sermo
2791 3810 2853 3863 in
2881 3808 3191 3877 rhythmos
3233 3809 3567 3878 aliquando

162 3895 289 3951 tota
325 3896 392 3951 de
448 3895 581 3952 Vita
627 3891 917 3951 Sanctini
961 3891 1165 3946 etVita
1212 3888 1493 3959 Remigii.
1544 3886 1814 3943 Bertarii

1980 3897 2390 3967 'solviturUb),
2416 3896 2574 3965 quod
2595 3897 2657 3949 in
2674 3894 3069 3963 compluribus
3092 3897 3296 3951 saculi
3328 3912 3387 3950 κδ
3420 3898 3568 3953 scri-

165 3981 351 4040 Gesta
377 3985 777 4055 episcoporum
819 3979 1255 4036 Virdunensum
1270 3990 1401 4034 cum
1422 3975 1815 4032 continuatio-

164 4070 365 4143 nibus,
394 4072 719 4130 Flodoardi
750 4068 1030 4127 Annales.
1066 4066 1380 4133 Bicherus,
1429 4064 1571 4120 Vita
1598 4064 1814 4120 Deode-

164 4161 286 4217 θ’έίσὲ
327 4160 609 4219 Heteusis
655 4158 910 4226 inedita,
944 4154 1264 4223 Simeonis,
1317 4152 1560 4224 Rodulﬂ
1603 4151 1815 4208 Glabri

165 4250 448 4307 Historia
468 4251 530 4306 et
556 4249 691 4305 Vita
725 4245 1023 4306 Wilhelmi
1048 4243 1446 4310 Divionensis,
1485 4241 1814 4298 Chronicon

170 4337 236 4394 .S’.
263 4339 522 4409 Benigni
540 4334 903 4403 Divionesis,
943 4332 1076 4388 Vita
1096 4330 1339 4388 Roberti
1372 4324 1602 4386 obbatis
1627 4329 1816 4385 Casa-

174 4425 313 4494 Dei,
342 4425 603 4495 catalogi
634 4422 1039 4495 episcoporum
1075 4418 1557 4487 Arvernensium,
1590 4416 1817 4473 archie-

1918 3984 2187 4057 ptoribus
2212 3983 2534 4056 ﬂeerijam
2563 3981 3014 4038 observavimus.

1995 4074 2166 4129 Liber
2212 4073 2487 4142 Hugonis
2530 4070 2808 4143 difficilis
2849 4070 3018 4139 lectu,
3067 4071 3387 4128 Laurentio
3436 4074 3576 4130 Leo-

1925 4163 2119 4218 diensi
2137 4161 2410 4232 fortasse
2436 4159 2600 4214 haud
2626 4159 2867 4229 ignotus
2888 4158 3068 4230 fuit;
3113 4158 3179 4215 at
3222 4163 3287 4216 in
3333 4164 3572 4220 univer-

1922 4265 2055 4308 sum
2104 4249 2354 4306 latuisse
2415 4248 2537 4304 dici
2580 4248 2780 4318 potest
2820 4262 3008 4318 usque
3052 4248 3191 4304 dum
3236 4263 3293 4305 a.
3346 4255 3483 4307 1657
3531 4267 3570 4310 a

1928 4338 2212 4410 Philippo
2246 4336 2434 4395 Labbe
2461 4339 2609 4393 tomo
2636 4339 2677 4393 Ι
2697 4339 2875 4395 Nora
2916 4336 3295 4394 Bibliotheca
3332 4352 3573 4399 manus-

1928 4428 2251 4499 criptorum
2290 4427 2449 4497 typis
2482 4425 2737 4496 prodiit.
2802 4427 2951 4481 Usus
3005 4427 3095 4481 est
3137 4426 3326 4481 editor
3378 4428 3574 4486 codice

165 4514 541 4587 piscoporum
602 4509 1111 4583 Lugdunensium,
1167 4508 1389 4564 charta
1441 4507 1510 4576 δ’,
1597 4505 1812 4573 Vitoni,

1980 4516 2303 4588 utographo
2333 4514 2573 4586 collegii
2599 4515 2716 4583 sui,
2748 4514 2982 4571 scilicet
3014 4513 3465 4572 C'laromontani
3484 4529 3573 4573 so-

176 4603 583 4672 Divionenses,
608 4598 1095 4658 Flaviniacenses
1132 4597 1267 4667 (11),
1305 4595 1541 4653 decreta
1580 4594 1639 4651 et
1673 4594 1819 4665 epis-

182 4689 317 4748 tola
331 4693 685 4764 pontiﬁcum
714 4690 1139 4755 Romanorum,
1176 4687 1574 4757 episcoporum
1624 4683 1683 4739 et
1715 4682 1822 4738 cle-

180 4781 437 4837 ricorum
464 4780 687 4848 multa,
731 4775 1102 4835 collectiones
1147 4787 1455 4841 canonum,
1505 4772 1651 4829 Acta
1697 4785 1825 4828 con-

177 4894 365 5022 89(11)
410 4896 727 4952 Memorato
794 4889 1105 4947 armarium
1161 4888 1645 4957 Rothomagense.
1726 4885 1820 4942 fol.

172 5247 309 5307 uota
338 5247 622 5324 temporis
655 5247 995 5324 destitutas.

268 5328 356 5397 13)
389 5318 622 5397 Ηόᾶιιιῇ
646 5318 904 5397 abbatis.

264 5382 351 5469 14)
384 5396 445 5453 Ε.
476 5410 534 5469 g.
575 5382 1718 5469 Cograuu‘m‘lLimperatorem'Qttonis
1760 5384 1831 5469 Ill

168 5455 344 5527 illiilli
418 5455 603 5532 facit;
652 5460 945 5532 Wilhclmi
977 5455 1360 5526 Trajectensis
1411 5455 1645 5532 obitum
1673 5467 1834 5532 anno

174 5543 308 5596 1076
339 5540 469 5597 loco
504 5528 653 5595 1080
674 5531 919 5590 ascribit
947 5547 961 5594 ;
989 5542 1173 5600 neque
1212 5540 1308 5600 res
1339 5528 1835 5600 annorumlO77—

173 5614 309 5668 1079
334 5596 513 5683 jusoo
549 5604 767 5664 ordine
801 5602 998 5657 refert.
1037 5596 1365 5656 Alexandro
1385 5596 1641 5654 secundo
1671 5610 1834 5670 papae

248 5008 474 5120 hacr-
512 5036 738 5120 Νίοριειί
774 5035 823 5089 ιι
857 5028 1833 5120 decemuiralienigenae

185 5103 315 5180 quia
344 5103 419 5166 ibi
452 5108 650 5166 monui
686 5108 861 5176 Legg.
898 5110 944 5159 t.
984 5104 1053 5173 ΙΙ,
1085 5116 1338 5180 canones
1388 5103 1823 5180 Laterauenses,

177 5170 228 5249 δ’,
291 5183 438 5251 1078,
502 5181 605 5236 fol.
655 5170 960 5251 102:103,
1009 5170 1291 5245 epistolas
1340 5170 1827 5243 quamplurimum

1930 4606 2169 4663 cietatis
2199 4605 2344 4660 Jesu
2373 4603 2532 4675 quod
2561 4603 2700 4659 tunc
2728 4601 2997 4658 Parisiis
3019 4600 3296 4671 ﬂorebat,
3340 4602 3401 4656 et
3451 4603 3575 4658 tex-

1933 4694 2057 4751 tum
2084 4708 2259 4765 quem
2288 4691 2455 4748 dedit
2482 4693 2547 4747 in
2576 4692 2919 4748 universum
2950 4689 3087 4746 bene
3114 4689 3426 4759 expressit,
3469 4691 3578 4748 sed

1930 4782 2222 4840 nonnulla
2249 4795 2365 4837 non
2382 4794 2488 4838 suo
2517 4780 2636 4837 loco
2644 4780 2855 4851 posuit
2882 4779 3048 4834 haud
3061 4789 3258 4848 pouca
3280 4775 3433 4833 lectu
3453 4776 3576 4850 dif-

1936 4897 2328 4956 Alexandrum
2382 4895 2618 4951 tertium
2670 4892 2995 4950 successise
3048 4890 3141 4946 fol.
3180 4895 3282 4963 795,
3342 4892 3571 4963 scribit,

1936 4970 2074 5027 folio
2107 4967 2376 5038 sequenti
2411 4971 2569 5022 recte
2602 4965 2929 5021 Alexandro
2952 4962 3289 5030 Gregorium
3314 4963 3408 5017 νυ
3450 4962 3578 5020 suc-

1934 5043 2185 5099 cessisse
2220 5039 2419 5094 refert.
3126 5081 3131 5085 .

2009 5112 2122 5183 (15)
2148 5109 2465 5183 concilium
2499 5107 2895 5183 Romanum-a.
2925 5106 3071 5183 1074
3097 5103 3338 5183 ascribit
3363 5100 3573 5183 [91.97.

1938 5174 2482 5254 quod'celebratum
2512 5181 2604 5254 est
2633 5177 2881 5254 exeunte
2924 5174 3236 5254 Februario
3283 5188 3333 5227 a.
3398 5176 3575 5254 3035;

1937 5241 2222 5310 cometam
2253 5264 2404 5304 anno
2436 5249 2571 5301 1065
2603 5244 2947 5314 apparuisse
2978 5244 3237 5312 ascribit,
3262 5241 3579 5314 quod‘Ber-

1940 5324 2154 5379 noldus
2186 5322 2277 5376 die
2309 5318 2515 5395 1x_l(al.
2550 5310 2710 5395 Illa-ii,
2753 5310 3362 5395 scriptorAnnali-um
3405 5310 3581 5395 Beuef

1939 5399 2325 5451 ventanorum
2357 5390 2449 5445 die
2481 5402 2571 5442 xv:
2614 5386 2737 5441 Kal.
2767 5384 2915 5455 Maii,
2959 5385 3212 5441 Adamus
3257 5384 3581 5455 Bremeusis

1942 5468 2036 5535 lll,
2072 5468 2159 5534 50,
2194 5460 2509 5535 circa‘uies
2539 5456 2794 5535 Paschae,
2829 5450 2928 5512 alii
2962 5457 3170 5513 diebus
3200 5450 3582 5509 seduentibus

1944 5553 1995 5592 a.
2022 5528 2179 5604 1066,
2208 5532 2491 5604 accidisse
2523 5528 2799 5604 referunt.

2018 5606 2132 5679 (l6)
2166 5598 2246 5659 'cr.
2290 5617 2340 5659 e.
2375 5617 2430 5677 ς.
2466 5598 2563 5659 fol.
2592 5601 2677 5671 52,
2711 5601 2797 5671 :55,
2832 5599 2918 5671 74,
2962 5601 3047 5657 96.
