3898 6320
339 268 414 332 28
1305 263 1674 346 HUGQNIS
1717 259 2070 324 ABBATIS
2113 259 2445 324 FLAVINI
2455 260 2794 326 ACENSIS
3662 262 3734 324 24

339 399 544 474 scitur,
578 414 730 461 anno
763 402 994 462 Cesaris
1045 402 1291 475 Augusti
1333 403 1403 461 42
1440 405 1498 459 et
1543 397 1794 458 Herodis
1843 395 1999 466 regis
2027 392 2084 453 A
2113 392 2434 452 Salvatoris
2482 410 2661 455 sanus
2704 411 2732 454 a
2787 393 2952 470 plaga
2995 392 3222 467 siringii
3264 393 3374 465 (30)
3418 392 3607 454 factus
3651 399 3737 454 est

338 489 657 548 Iudeorum
713 495 800 563 31,
851 491 1082 550 Carullo
1133 498 1189 550 et
1229 491 1589 559 Quintiliano
1630 485 1994 546 consulibus.

343 577 617 654 [uienoxL
654 583 865 638 Annoa
901 581 1114 638 Christi
1145 581 1452 638 nativitate
1505 583 1559 650 3,
1611 575 1857 648 Augusti
1909 578 1995 655 45,

346 666 608 725 Herodes
633 673 702 727 34
734 671 895 741 regni
920 671 1009 728 sui
1033 685 1200 728 anno.
1228 684 1358 726 cum
1384 667 1602 726 Christi
1633 665 1996 724 nativitatem

346 769 645 826 magorum
672 761 902 817 indiciis
933 760 1324 830 cognovisset,
1360 759 1669 816 universos
1700 753 1997 812 Bethleem

351 847 624 920 parvulos
649 848 826 918 jussit
859 848 1129 918 interfici,
1160 852 1220 903 et
1244 847 1369 919 ipse
1401 861 1552 904 anno
1575 846 1840 916 sequenti
1874 851 1999 901 sca'

352 938 618 994 tentibus
644 942 772 992 toto
791 951 1038 1008 corpore
1061 936 1360 993 vermibus
1389 935 1802 993 miserabiliter
1833 935 1998 991 mori-

345 1029 444 1082 tur
476 1026 638 1095 regni
671 1025 757 1083 sui
790 1041 940 1082 anno
961 1029 1047 1082 36.

422 1117 584 1169 Anno
607 1115 678 1169 ab
713 1114 820 1170 inc.
855 1115 1014 1170 Dom.
1041 1117 1125 1184 15,
1159 1128 1187 1169 a
1214 1113 1411 1170 mundi
1446 1113 1780 1170 conditione
1834 1118 1992 1184 5213,

351 1204 648 1272 Augustus
667 1207 755 1259 76.
791 1203 969 1259 etatis
999 1217 1121 1259 suae
1153 1218 1302 1258 anno
1334 1203 1618 1267 moritur;
1653 1203 1746 1260 cui
1796 1218 1998 1260 succe-

352 1291 497 1347 dens
525 1291 804 1360 Tyberius
838 1291 1096 1361 regnavit
1140 1305 1190 1346 a.
1226 1296 1312 1347 22.
1370 1291 1472 1363 [Cf.
1518 1290 1774 1362 mnos]
1816 1291 1996 1359 Hujus

353 1385 525 1436 a..15.
566 1384 775 1436 factum
808 1385 901 1436 est
929 1382 1170 1436 verbum
1202 1380 1299 1436 Dei
1331 1395 1509 1452 super
1537 1381 1853 1436 Iohannem
1900 1381 2000 1436 Za-

351 1468 566 1524 charias
600 1467 777 1524 {ilium
811 1468 866 1524 in
893 1468 1152 1538 deserto,
1177 1473 1233 1524 et
1260 1468 1527 1525 dominus
1573 1470 1741 1524 Iesus
1770 1467 2001 1538 trigesi-

357 1570 450 1611 mo
483 1556 660 1611 etatis
683 1571 802 1612 suae
832 1557 1111 1626 annojam
1135 1561 1392 1628 peracto,
1419 1571 1470 1613 a.
1497 1562 1580 1612 15.
1605 1556 1831 1628 Tyberii
1868 1557 2003 1627 bap-

354 1643 576 1700 tizatur
606 1660 633 1699 a
665 1645 943 1714 Iohanne,
979 1647 1088 1702 sub
1111 1645 1300 1701 altero
1334 1646 1558 1702 Herode
1578 1647 1893 1702 Judeorum
1917 1658 2006 1701 re-

2187 485 2347 542 Anno
2377 487 2536 542 Dom.
2574 487 2685 542 inc.
2723 489 2808 542 34.
2845 485 3161 544 secundum
3195 483 3445 556 Latinos,
3473 484 3570 556 qui
3600 499 3630 542 a
3657 486 3742 542 Ia-

2113 573 2317 629 nuario
2346 588 2556 632 annum
2583 575 2892 646 incipiunt,
2926 573 3142 630 Paulus
3171 587 3300 629 cum
3334 577 3602 644 pergeret
3645 574 3744 630 Da-

2114 675 2388 732 mascum,
2423 677 2453 718 a
2487 664 2717 720 Chr'sto
2751 663 2820 718 de
2849 662 2976 718 celo
3005 667 3248 719 vocatus
3280 666 3387 719 est.
3425 660 3744 718 Secundum

2113 749 2368 808 llebreos
2399 757 2613 821 autem,
2651 752 2747 822 qui
2779 767 2808 807 a
2841 751 3044 808 Martio
3077 751 3212 807 anni
3237 753 3474 807 sumunt
3505 748 3743 818 initium,

2110 837 2314 894 eodem
2347 854 2496 896 anno
2529 840 2818 912 passionis
2843 839 3065 896 Domini
3109 838 3415 895 undecimo
3458 851 3650 894 mense
3693 841 3742 894 8.

2108 923 2346 982 Kalend.
2373 928 2671 985 Februarii
2702 927 2724 961 ⁸
2748 927 3020 1000 [REGINO],

2181 1021 2344 1076 Anno
2373 1018 2464 1075 inc
2519 1021 2678 1074 Dom.
2710 1022 2797 1074 39.
2824 1017 2998 1074 Gaius
3020 1017 3282 1086 regnavit
3308 1015 3474 1072 annis
3495 1018 3545 1086 4,
3566 1029 3740 1073 mens.

2108 1109 2194 1175 10,
2221 1106 2428 1163 diebus
2448 1110 2499 1162 8.
2527 1107 2626 1163 His
2653 1120 2794 1176 ergo
2817 1106 3112 1162 mensibus
3136 1105 3184 1161 si
3207 1105 3489 1161 addamus
3507 1118 3627 1174 sex,
3650 1103 3742 1174 qui

2110 1195 2527 1266 superfuerunt
2557 1199 2641 1251 56.
2671 1209 2819 1250 anno
2851 1194 3174 1264 Octaviani,
3207 1197 3377 1250 erunt
3397 1205 3627 1248 menses
3656 1194 3739 1248 16.

2110 1284 2190 1338 Ex
2214 1283 2428 1354 quibus
2459 1288 2710 1354 quatuor
2749 1282 3032 1339 detractis
3071 1297 3254 1338 annus
3303 1281 3530 1351 integer
3571 1292 3747 1336 rema-

2112 1375 2208 1427 net
2241 1373 2336 1442 qui
2369 1373 2476 1428 hoc
2507 1372 2562 1428 in
2597 1371 2726 1428 loco
2759 1371 3104 1428 inserendus
3126 1369 3380 1427 videtur.

2187 1463 2348 1516 Anno
2373 1461 2482 1516 inc.
2517 1462 2674 1516 Dom.
2701 1463 2786 1515 44.
2819 1460 3044 1516 Pilatus
3079 1475 3245 1516 manu
3287 1474 3387 1516 sua
3423 1457 3745 1532 perimitur.

2188 1552 2350 1606 Anno
2383 1549 2475 1604 inc
2506 1551 2640 1604 Dom
2668 1553 2751 1605 45.
2780 1547 3054 1606 Claudius
3087 1551 3290 1617 regnat
3341 1562 3392 1603 a.
3436 1551 3525 1604 13.
3577 1561 3648 1602 m.
3695 1551 3746 1603 7.

2119 1637 2173 1693 (Ι.
2201 1640 2286 1694 28.
2324 1635 2618 1694 Addamus
2647 1637 2739 1692 his
2768 1643 2801 1694 7
2832 1637 3133 1694 mensibus
3163 1639 3195 1691 4
3216 1635 3312 1707 qui
3336 1649 3510 1707 supra
3535 1647 3752 1692 reman-

360 1745 450 1800 ge,
482 1735 534 1787 8.
561 1731 696 1788 ldus
727 1733 1004 1802 Ianuarii,
1039 1733 1189 1803 quod
1224 1733 1332 1789 fuit
1367 1739 1420 1803 7,
1476 1733 1638 1801 feria,
1690 1732 1991 1789 indictione

2193 1731 2346 1794 runt,
2382 1725 2526 1782 fiunt
2559 1732 2615 1782 11
2644 1730 2704 1782 et
2732 1731 2765 1782 7
2788 1725 2948 1792 dies;
2973 1725 3140 1782 dabis
3158 1725 3248 1780 his
3269 1727 3338 1781 28
3360 1723 3488 1780 dies
3510 1727 3751 1780 eterunt

361 1822 412 1889 3,
445 1819 575 1876 luna
600 1826 686 1889 15,
710 1826 766 1876 et
795 1821 914 1892 ipse
934 1837 1081 1877 anno
1105 1821 1588 1893 sequentecapite
1605 1827 1934 1878 truncatur.

438 1913 602 1966 Anno
638 1910 818 1978 igitur
845 1926 875 1966 a
910 1911 1104 1966 mundi
1139 1911 1475 1966 conditione
1525 1914 1684 1981 5232,
1737 1911 1810 1967 ab
1858 1911 2012 1967 Urbe

363 2001 554 2053 autem
587 1998 815 2054 condita
847 2003 972 2069 784,
1005 2003 1392 2056 concurrente
1421 2005 1472 2056 7.
1497 2000 1698 2056 terciae
1739 1999 2015 2071 lineae,ab

371 2087 481 2142 inc.
515 2088 672 2142 Dom.
701 2091 785 2142 33.
815 2088 936 2159 ipse
965 2090 1132 2144 Iesus
1165 2089 1434 2145 Christus
1454 2090 1551 2144 Dei
1578 2089 1756 2146 Filius
1775 2105 1881 2161 pro
1929 2105 2017 2147 sa-

365 2173 488 2230 lute
520 2175 712 2232 mundi
747 2177 898 2231 venit
935 2175 1004 2231 ad
1038 2176 1384 2247 passionem,
1419 2191 1468 2232 a.
1497 2180 1580 2234 18.
1634 2178 1859 2248 Tyberii
1901 2179 2018 2234 Cte-

373 2263 540 2343 saris,
572 2268 622 2320 8.
660 2263 943 2320 Kalendas
974 2264 1210 2334 Aprilis,
1246 2269 1296 2320 5.
1335 2264 1498 2334 feria,
1552 2263 1684 2322 luna
1740 2269 1824 2335 14,
1880 2267 2018 2322 Gaio

373 2351 598 2406 Caesare
622 2358 831 2420 quater
861 2357 916 2406 et
940 2353 1108 2408 Iunio
1128 2353 1440 2409 Saturnino
1466 2353 1828 2424 consulibus,
1867 2369 2016 2411 anno

373 2438 505 2494 cieii
538 2439 1022 2495 decennovenalis
1054 2444 1139 2509 13,
1173 2445 1228 2495 et
1256 2441 1451 2511 typico
1487 2456 1654 2512 pasca
1685 2457 1814 2498 cum
1848 2442 2020 2500 disci-

377 2526 531 2598 pulis
555 2527 860 2583 celebrato
891 2528 1149 2584 traditur
1181 2543 1210 2582 a
1244 2543 1352 2584 suo
1380 2528 1669 2601 discipulo
1705 2531 1910 2588 Iudeis
1961 2533 2016 2588 in

376 2619 568 2682 nocte,
601 2619 659 2670 et
689 2615 843 2671 circa
878 2631 1042 2671 mane
1071 2615 1305 2673 ducitur
1335 2617 1406 2672 ad
1438 2617 1724 2690 Pylatum,
1765 2620 2020 2676 traditur

377 2703 663 2759 militibus
693 2708 748 2758 et
784 2704 1030 2773 flagellis
1069 2719 1258 2774 cesus,
1293 2705 1481 2776 sputis
1530 2705 1736 2778 illitus,
1784 2713 2020 2778 gestans

381 2804 735 2862 purpureum
761 2793 1172 2850 vestimentum
1213 2798 1268 2849 et
1322 2809 1596 2850 coronam
1653 2795 1910 2867 spineam
1962 2798 2018 2852 in

377 2879 593 2950 capite,
609 2881 842 2936 ducitur
856 2879 926 2936 ad
941 2881 1396 2950 crucifigendum
1410 2888 1462 2939 7.
1483 2882 1768 2940 Kalendas
1786 2883 2017 2956 Aprilis,

386 2965 518 3022 luna
549 2973 636 3034 15,
670 2974 728 3024 et
759 2971 810 3022 6.
849 2967 987 3023 feria
1023 2970 1282 3026 ascendit
1316 2985 1549 3026 crucem
1585 2985 1690 3043 pro
1714 2971 1905 3028 mundi
1935 2987 2024 3028 sa-

2122 1817 2210 1884 37,
2243 1813 2299 1870 id
2331 1819 2421 1870 est
2456 1828 2641 1870 annus
2672 1818 2728 1869 et
2773 1828 2874 1870 sex
2921 1813 3064 1882 dies,
3118 1813 3215 1884 qui
3264 1812 3354 1869 bis
3397 1811 3754 1882 temporibus

2125 1903 2592 1960 adnumerandus
2614 1903 2850 1960 videtur
2881 1945 2894 1958 .

2198 1998 2360 2051 Anno
2393 1994 2503 2049 inc.
2542 1995 2701 2050 Dom.
2735 1995 2820 2048 47.
2852 1992 3107 2048 Iacobus
3139 1991 3320 2047 frater
3347 1989 3628 2047 Iohannis
3668 1987 3760 2044 de-

2127 2083 2398 2154 collatur,
2434 2085 2646 2139 Petrus
2680 2082 2735 2137 in
2764 2095 3060 2138 carcerem
3086 2080 3361 2136 mittitur.
3395 2079 3655 2135 Herodes
3691 2077 3760 2132 ab

2129 2173 2334 2243 angelo
2367 2173 2717 2245 percutitur.
2755 2169 2968 2227 Paulus
2985 2175 3044 2225 et
3066 2171 3362 2227 Barnabas
3390 2183 3419 2224 a
3444 2167 3664 2240 Spiritu
3682 2178 3762 2224 se-

2127 2265 2449 2333 gregantur
2478 2261 2532 2317 in
2577 2259 3051 2334 praedicationem
3084 2255 3390 2328 evangelii.

2202 2354 2364 2407 Anno
2397 2351 2506 2406 inc.
2534 2351 2693 2406 Dom.
2729 2351 2814 2405 48.
2848 2347 3066 2405 Paulus
3096 2349 3153 2402 et
3178 2345 3473 2402 Barnabas
3505 2343 3769 2403 ascende-

2131 2444 2264 2497 runt
2299 2437 2772 2510 Hierosolymam,
2806 2441 2869 2494 ut
2910 2436 3033 2508 ipse
3079 2435 3285 2492 scribit
3333 2435 3406 2490 ad
3457 2432 3764 2490 Galatbas:

2129 2530 2278 2588 Post
2314 2542 2500 2586 amws
2521 2527 2706 2598 inquit
2750 2528 2818 2582 14
2855 2523 3642 2595 ascenditHierosolg/mam.
3667 2521 3766 2576 Re-

2131 2621 2444 2676 censeatur
2477 2631 2618 2686 ergo
2642 2630 2918 2672 numerus
2938 2628 3240 2670 annorum.
3277 2612 3506 2668 Scimus
3537 2612 3764 2667 Petrum

2130 2712 2199 2764 25
2229 2707 2396 2764 annis
2425 2707 2618 2762 Romae
2651 2705 2817 2762 urbis
2845 2702 3235 2776 episcopalem
3275 2701 3539 2758 tenuisse
3579 2699 3768 2758 cathe-

2133 2797 2314 2852 dram.
2351 2795 2627 2866 Sequitur
2653 2808 2812 2864 ergo,
2842 2797 2904 2850 ut
2935 2789 3192 2850 secundo
3223 2805 3372 2848 anno
3397 2789 3622 2847 Claudii
3643 2800 3765 2845 eum

2133 2885 2368 2940 Romam
2401 2883 2633 2939 venisse
2661 2882 2992 2951 credamus,
3025 2880 3122 2951 qui
3153 2883 3280 2936 erat
3312 2895 3341 2936 a
3379 2879 3649 2951 passione
3669 2878 3768 2932 Do-

2134 2971 2268 3026 mini
2300 2975 2386 3040 15,
2421 2985 2536 3041 quo
2564 2984 2714 3026 anno
2745 2973 2805 3024 et
2827 2968 3042 3025 Paulus
3065 2967 3224 3024 venit
3256 2971 3384 3040 post
3409 2981 3620 3023 annum
3647 2977 3765 3038 pas-

385 3050 526 3108 lute.
547 3051 842 3154 ‘LHIEBONJ
865 3056 1035 3110 Terre
1061 3061 1254 3111 motus
1279 3055 1466 3112 factus
1489 3056 1650 3113 estin
1673 3061 1796 3114 toto
1813 3056 2024 3114 murdo
2057 3093 2106 3154 Ο
2134 3059 2314 3116 sionis
2344 3057 2565 3114 Domini
2599 3062 2685 3125 14,
2737 3061 2796 3113 et
2846 3058 2954 3114 hac
2986 3056 3406 3128 supputatione
3451 3053 3770 3112 invenimus

385 3147 445 3197 et
474 3141 618 3198 solis
650 3143 796 3198 facta
829 3147 915 3198 est
949 3143 1217 3212 defectio,
1254 3145 1332 3200 ita
1363 3147 1424 3200 ut
1457 3144 1630 3200 etiam
1663 3144 1848 3201 stellas
1887 3144 2024 3201 visa:
2060 3141 2106 3154 ⁸⁸
2135 3145 2373 3204 Paulum
2397 3145 2596 3202 eodem
2621 3160 2768 3202 anno
2794 3145 3082 3216 passionis
3110 3143 3330 3200 Domini
3366 3143 3436 3200 ad
3482 3142 3653 3200 fidem
3683 3151 3772 3197 ve-

388 3230 506 3286 sint
538 3230 591 3286 in
633 3231 776 3287 caelo
803 3236 964 3287 sexta
996 3232 1157 3302 hora,
1192 3231 1246 3286 in
1278 3247 1424 3288 nona
1461 3237 1626 3304 parte
1653 3232 1889 3289 Arietis.
1922 3233 2029 3290 Re-

389 3319 649 3375 surrexit
680 3335 708 3374 a
743 3321 990 3377 mortuis
1013 3325 1062 3376 5.
1101 3319 1220 3376 Kal.
1257 3319 1474 3391 Aprilis
1504 3319 1635 3376 luna
1667 3320 1792 3377 17".

460 3407 648 3465 Pilatu
665 3425 682 3455 ξ
705 3423 807 3479 per
825 3408 1196 3464 Volusianum
1217 3409 1449 3463 Romam
1474 3409 1780 3479 adductus,
1807 3425 1934 3467 cum
1959 3425 2029 3466 eo

389 3496 670 3553 Veronica
705 3502 928 3566 sancta,
963 3511 1091 3567 qua“:
1122 3497 1308 3552 fuerat
1343 3511 1445 3568 per
1477 3497 1768 3553 Christum
1801 3513 1829 3554 a
1872 3499 2030 3556 ﬂuxu

389 3585 688 3655 sanguinis
719 3590 943 3654 sanata,
978 3586 1325 3656 dampnatus
1357 3589 1445 3639 est
1469 3599 1498 3640 a
1521 3585 1765 3654 Tyberio
1794 3581 1858 3644 ut
1879 3587 2029 3644 omni

391 3678 653 3744 tempore
687 3673 821 3729 vitae
854 3687 974 3728 suae
1007 3687 1116 3727 non
1170 3671 1321 3742 igne,
1374 3686 1484 3728 non
1523 3686 1692 3743 aqua,
1746 3689 1850 3730 nec
1901 3675 2032 3746 igne

392 3764 562 3818 cocto
584 3762 880 3817 frueretur
902 3763 1143 3831 propter
1165 3774 1361 3814 necem
1387 3760 1599 3816 domini
1617 3763 1750 3819 Iesu
1775 3779 1790 3828 ;
1815 3767 1874 3819 et
1903 3763 2035 3820 reli-

390 3854 564 3920 gatus
593 3848 768 3905 exilio
801 3849 854 3903 in
902 3847 1125 3903 Amaria
1155 3847 1395 3904 civitate
1423 3849 1662 3906 Tusciae.
1695 3850 1858 3908 Unde
1904 3855 2036 3924 post

394 3941 702 3994 revocatus
726 3951 754 3992 a
775 3938 1023 4005 Nerone,
1050 3935 1256 3992 iterum
1276 3937 2034 4008 proptercircumcisionem

393 4040 563 4097 quam
588 4025 644 4080 in
669 4039 732 4080 se
755 4029 1102 4080 exercuerat
1125 4023 1729 4096 dampnatusinteriit.
1750 4029 2034 4086 Veronica

393 4125 534 4170 vero
565 4112 919 4183 locupletata
952 4112 1332 4169 facultatibus
1361 4120 1419 4170 et
1449 4115 1689 4187 divitiis,
1741 4121 1799 4174 et
1848 4118 2036 4190 imago

397 4201 622 4258 Domini
672 4215 842 4270 quam
894 4200 1016 4272 ipsa
1059 4201 1425 4273 depinxerat,
1476 4209 1536 4259 et
1575 4219 1743 4274 quam
1792 4207 2035 4278 Tybcrio

395 4287 631 4344 allatam
666 4287 786 4360 ipsa
820 4295 1172 4360 proscquuta
1203 4293 1349 4361 erat,
1385 4305 1526 4347 auro
1573 4293 1878 4352 conclausa
1917 4299 2031 4352 est.

396 4380 527 4450 Ipsa
577 4383 770 4434 autem
817 4379 1111 4450 defuncta,
1164 4381 1356 4436 Romae
1411 4383 1826 4440 venerabiliter
1879 4386 2038 4456 quie-

2137 3234 2312 3291 uisse.
2342 3237 2409 3290 14
2431 3233 2608 3304 igitur
2631 3239 2686 3288 et
2713 3238 2780 3288 25
2806 3233 2947 3289 ilunt
2971 3237 3060 3302 39,
3086 3232 3182 3303 qui
3218 3235 3346 3288 erat
3381 3245 3571 3288 annus
3599 3244 3628 3286 a
3654 3242 3772 3302 pas-

2138 3323 2298 3379 sione
2327 3321 2548 3378 Domini
2582 3321 2813 3394 quando
2837 3323 3051 3378 Petrus
3080 3325 3141 3376 et
3171 3318 3387 3377 Paulus
3419 3319 3578 3392 passi
3619 3319 3770 3384 sunt,

2140 3412 2270 3483 quia
2285 3417 2336 3468 2.
2365 3425 2514 3467 anno
2535 3410 2780 3466 Neronis
2803 3409 3016 3467 Paulus
3036 3409 3271 3465 vinctus
3295 3407 3506 3465 missus
3518 3412 3628 3478 est,
3644 3408 3768 3463 et11

2140 3499 2306 3556 annis
2327 3501 2502 3555 Petro
2533 3498 2882 3568 conjunctus
2919 3513 3023 3570 pro
3064 3497 3177 3554 flde
3215 3497 3566 3570 decertavit,
3599 3500 3660 3553 et
3695 3497 3774 3552 12.

2140 3603 2270 3646 cum
2301 3603 2370 3644 ΘΟ
2402 3602 2608 3660 passus
2636 3592 2745 3644 est.

2213 3675 2353 3748 (Fol.
2382 3678 2493 3746 10,)
2519 3677 2830 3745 Postquam
2857 3674 3037 3744 igitur
3057 3675 3212 3731 Deus
3230 3676 3288 3730 et
3305 3673 3576 3732 dominus
3589 3675 3782 3730 noster

2140 3758 2310 3814 Iesus
2333 3755 2598 3812 Christus
2629 3753 2934 3824 hominem,
2968 3768 3139 3824 quem
3172 3755 3412 3823 fecerat,
3445 3757 3637 3810 morte
3685 3761 3782 3810 sua

2143 3851 2174 3893 a
2207 3841 2394 3892 morte
2426 3834 2699 3890 liberavit
2734 3837 2974 3900 aeterna,
3008 3837 3070 3888 et
3119 3833 3526 3905 captivitatem
3577 3835 3782 3888 nostra

2142 3915 2356 3986 carnis,
2389 3929 2558 3985 quam
2592 3912 2972 3970 resuscitarat
3008 3926 3038 3968 a
3072 3911 3338 3982 mortuis,
3362 3912 3591 3968 invexit
3611 3907 3782 3975 caelis,

2143 3994 2350 4051 eodem
2374 4008 2523 4050 anno
2546 4007 2648 4065 pro
2672 3991 3040 4049 confessione
3067 3990 3336 4048 veritatis
3354 3990 3652 4063 lapidatus
3665 4001 3790 4062 pro-

2141 4077 2433 4144 tomartyr
2465 4071 2794 4143 Stephanus
2823 4070 3122 4140 occubuit,
3157 4084 3354 4126 mense
3385 4075 3436 4140 5,
3474 4069 3652 4127 tertia
3699 4066 3787 4124 die

2145 4152 2384 4220 mensis,
2420 4151 2571 4222 quod
2601 4153 2692 4206 est
2727 4151 2776 4204 4.
2805 4150 2994 4206 Nonas
3016 4149 3285 4220 Augusti,
3319 4151 3376 4206 et
3409 4148 3675 4222 dispersi
3700 4148 3788 4203 est

2147 4230 2409 4289 :ecclesia
2435 4229 2710 4298 ﬁdelium,
2728 4243 2857 4299 quae
2879 4232 3005 4284 erat
3031 4227 3448 4299 Hierosolimis,
3466 4234 3532 4285 ut
3552 4227 3786 4284 verbum

2149 4311 2377 4381 salutis,
2405 4310 2557 4381 quod
2599 4309 2836 4365 missum
2885 4311 3013 4365 erat
3061 4308 3262 4365 Iudeis
3309 4311 3370 4364 et
3419 4307 3786 4382 respuerant,

2147 4397 2354 4464 gentes
2383 4389 2773 4461 susciperent.
2808 4390 2949 4444 Dum
2973 4403 3112 4458 ergo
3143 4387 3396 4459 apostoli
3427 4392 3489 4444 et
3540 4388 3788 4460 ipsorum

395 4466 506 4524 scit
553 4465 808 4537 humata,
857 4467 1139 4537 Tyberius
1195 4483 1335 4528 vero
1382 4469 1437 4524 in
1489 4470 1710 4528 visione
1756 4473 2039 4544 ymaginis
2069 4465 2118 4501 υ
2152 4485 2434 4542 sequaces
2463 4467 2737 4540 discipuli
2767 4482 2995 4540 quaqua
3030 4472 3279 4540 possunt
3310 4467 3663 4539 demigrant,
3693 4465 3792 4521 Pe-

1745 4571 1982 4628 VARIE
2023 4569 2426 4629 LECTIONES.

396 4669 524 4712 mus
550 4653 867 4726 secundum
899 4653 1238 4724 Gregorium
1267 4655 1674 4714 Turonensem.
1709 4657 1762 4714 S.
1792 4657 2236 4716 Austremoni'is
2264 4658 2655 4712 Arvernorum
2695 4653 2916 4726 primus
2946 4653 3277 4726 episcopus.
3317 4653 3587 4726 Urbicus.
3624 4653 3792 4726 Lego-

393 4740 505 4798 nus
551 4727 604 4798 S.
640 4725 882 4798 Hildius.
915 4726 971 4798 S.
1005 4723 1380 4798 Nepotianus.
1415 4729 1707 4786 Artomius
1729 4728 1800 4785 de
1833 4731 2116 4787 Treveris.
2151 4726 2547 4798 Venerandus.
2582 4723 3345 4798 Rusticusus.‘N‘aamatiug
3373 4724 3426 4798 S_.
3451 4723 3787 4798 Eparchius.

397 4796 449 4852 8.
477 4797 664 4882 SydﬂoIn
693 4813 778 4882 us.
814 4795 1361 4882 Lugduni"l:atiens.
1395 4799 1448 4853 8.
1488 4799 1880 4882 Aprunculus,
1917 4801 2104 4882 primo
2137 4795 3102 4882 Cinguunisttempore'Chilpechi
3127 4797 3176 4882 ΔΙ.
3212 4795 3623 4882 δεμεμιξνξιέῇμε,
3648 4800 3793 4882 ten}-

397 4865 535 4942 pore
570 4867 841 4942 Clodovei
867 4868 906 4942 l_.
943 4866 1098 4922 Obiit
1129 4873 1198 4942 25
1229 4883 1380 4942 annp
1407 4865 1801 4942 episcopatus,
1835 4865 1932 4940 qui
1961 4874 2022 4942 et
2053 4865 2408 4942 post_obitun
2441 4865 2569 4942 ejus
2594 4865 2741 4942 vixit
2761 4869 2792 4942 4
2814 4865 2998 4942 annis,
3030 4870 3090 4922 et
3113 4865 3471 4942 Apollinaris
3501 4880 3608 4922 sex
3645 4875 3794 4942 men-

395 4933 574 4994 sibus.
609 4938 662 5010 8.
699 4937 1044 5004 Quintianus
1077 4938 1298 5010 primus
1331 4933 1574 5010 But'onze
1603 4933 1916 5010 episcopus
1949 4982 1960 4995 .
1997 4933 2282 4998 S.'Gallus
2313 4933 2956 5010 quifa'lueinguinaria
2987 4933 3260 5010 pOpulum
3311 4950 3480 4992 suum
3531 4933 3793 5010 o_r_atiope

398 5007 678 5082 protexit,
716 5002 960 5082 patruus
981 5002 1164 5082 sancti
1199 5009 1460 5082 Gregorii
1493 5002 1842 5082 Turonensis
1870 5011 2167 5082 episcopi,
2188 5002 2555 5082 temporibus
2574 5002 3519 5082 TheodebertifCautinus1_._ann_o
3547 5002 3796 5082 Theode-

396 5074 794 5157 ivandireg‘is“.
828 5079 883 5157 S_.
917 5080 1218 5157 Genesius,
1256 5074 1839 5157 fecitmonasterium
1875 5074 2192 5157 Magnil'oci,
2227 5074 2598 5157 et_Evodium
2635 5079 2896 5157 praefecit
2921 5079 3212 5157 abbatem.
3241 5074 3799 5157 Felixhcarivaldus

396 5155 466 5206 20
496 5145 722 5220 diebus.
760 5148 813 5204 S.
847 5148 1150 5220 Prejectus
1180 5145 1594 5219 martyrizatus
1615 5155 1704 5220 est
1737 5166 1888 5208 anno
1922 5145 2080 5208 Do'n.
2105 5145 2218 5209 inc.
2254 5151 2376 5208 580.
2403 5164 2552 5206 anno
2571 5145 2732 5220 regni
2757 5148 3064 5220 Chilperici
3089 5152 3156 5204 10
3179 5163 3194 5212 ;
3217 5147 3448 5220 praefuit
3470 5160 3593 5220 non
3615 5145 3798 5220 plenis

397 5219 564 5275 annis
608 5221 694 5292 11.
729 5221 782 5274 8.
819 5215 1035 5292 Avitus,
1055 5220 1308 5292 secundo
1329 5215 1476 5292 anno
1509 5219 1864 5292 Childeberti
1893 5224 2109 5281 Iudeos
2135 5221 2465 5292 convertit;
2501 5215 2734 5292 praefuit
2767 5215 3100 5290 non'plenis
3127 5222 3194 5274 15
3218 5215 3406 5276 annis.
3461 5217 3516 5274 S.
3561 5215 3801 5274 Benitus

399 5295 567 5363 pater
597 5290 726 5363 ejus
755 5290 864 5363 sub
891 5290 1206 5363 Teoderico
1239 5304 1396 5363 rege.
1431 5291 1752 5363 Norbertus
1781 5294 1948 5352 annis
1976 5297 2062 5350 16.
2091 5291 2396 5350 Proculus.

466 5359 487 5394 ⁷
517 5357 759 5442 religata
779 5361 846 5441 in
873 5361 1150 5442 margine
1169 5357 1414 5442 paying
1441 5362 1753 5442 adscripta
1779 5366 1936 5423 sunt.
1966 5364 1988 5398 ⁸
2017 5363 2283 5420 Tiberius
2314 5365 2451 5419 ante
2483 5359 2710 5418 obitum
2761 5371 2928 5417 suum
2965 5362 3018 5417 9.
3063 5372 3259 5418 mense
3309 5357 3650 5432 baptizatus
3678 5359 3736 5414 et
3766 5369 3794 5411 a

399 5431 565 5505 plaga
599 5431 843 5503 siringii
873 5437 1116 5488 curatus
1145 5431 1420 5488 occubuit
1451 5431 1705 5491 addit—2.
1988 5501 2191 5562 NOTE

469 5573 582 5644 (30)
614 5571 883 5630 Fistulae?
