3898 6334
118 293 186 357 25
1357 293 1859 361 CHRONICON.
1892 331 1971 345 —
2001 296 2154 362 LIB.
2199 301 2248 362 Ι.
3428 306 3505 367 26

108 434 221 489 trus
238 426 340 503 (31)
359 426 687 490 descendit
714 432 1104 508 Antiochiam,
1125 436 1184 492 et
1201 448 1303 507 per
1317 433 1408 492 bis
1431 431 1740 508 septenos'
1772 423 1829 489 Α
1860 430 2047 491 brium
2063 430 2655 507 respirarelicuisset,
2670 432 2793 494 sola
2809 432 2892 494 illi
2915 449 3016 495 sua
3041 434 3292 509 vexatio,
3328 450 3399 498 ne
3418 439 3510 499 ta-

125 533 275 575 annos
296 520 712 579 Antiochenam
741 523 1003 581 fundavit
1028 529 1087 581 et
1112 524 1262 580 rexit
1283 524 1625 594 aeoclesiam,
1663 523 1741 580 ita

132 612 182 663 ut
208 610 746 679 cognominarentur
779 613 1025 683 primum
1060 613 1377 670 Antiochiae
1412 612 1742 670 Christiani.

129 696 253 752 Hinc
276 698 526 754 secundo
549 713 697 755 anno
722 699 969 771 Claudii,
994 700 1191 757 Vincio
1214 705 1269 756 et
1288 701 1573 764 Cornelio,
1594 700 1749 757 Asia-

127 783 229 841 tico
247 789 299 840 et
324 784 556 843 Silvano
578 787 941 860 consulibus,
967 790 1201 847 Romam
1229 789 1592 861 venit,etqui
1619 791 1750 860 post

134 871 396 929 Christum
421 880 475 930 et
502 890 606 948 per
627 876 921 933 Christum
947 882 1123 950 caput
1143 884 1233 935 est
1254 879 1525 950 corporis
1554 876 1755 935 aaeele-

126 959 232 1029 siaz,
260 962 524 1020 Romanis
547 965 809 1035 arcibus,
838 966 1113 1023 vexillum
1149 967 1344 1024 intulit
1387 965 1759 1039 praedicatio-

127 1049 204 1105 nis
224 1050 421 1107 divinae
439 1052 535 1123 (cf.
565 1052 918 1127 Gestapont.
945 1058 1159 1127 Rom).
1190 1058 1270 1112 lbi
1300 1057 1534 1114 fundata
1560 1054 1761 1119 mecle,

126 1136 590 1209 sia,evangelium
609 1143 825 1200 Christi
843 1145 1522 1214 Romanisannunciavit,
1540 1149 1595 1200 et
1616 1158 1760 1215 prm—

126 1224 351 1283 dicando
385 1230 985 1303 prmdieationemque
1018 1233 1198 1304 signis
1245 1233 1641 1289 conﬁrmando
1689 1233 1758 1287 25

124 1314 271 1370 annis
294 1315 475 1387 ipsius
489 1320 667 1375 Urbis
684 1326 959 1391 papatum
982 1322 1191 1377 tenuit.
1219 1322 1536 1378 Mirabatur
1560 1322 1757 1389 Roma,

124 1402 255 1471 quod
288 1419 395 1460 non
431 1404 749 1478 didicerat,
787 1409 1065 1464 unitatem
1100 1409 1153 1464 in
1186 1410 1466 1465 Trinitate
1498 1414 1555 1463 et
1577 1407 1759 1463 Trini-

118 1493 278 1544 tatem
295 1491 345 1547 in
367 1494 598 1549 unitate
615 1496 883 1551 venerari
900 1497 1113 1552 debere
1131 1515 1145 1564 ;
1164 1497 1265 1553 sed
1286 1496 1574 1568 frequenti
1594 1496 1760 1550 mira-

112 1577 353 1635 culorum
375 1583 764 1638 attestatione
779 1584 847 1639 ad
867 1583 1129 1640 ultimum
1145 1585 1347 1640 didicit
1370 1585 1555 1642 unicae
1579 1584 1759 1639 Trini-

122 1666 220 1721 tati
250 1669 422 1724 corda
455 1673 518 1725 et
549 1670 703 1726 colla
737 1672 1104 1729 submittere.

1858 522 1932 579 lia
1967 522 2217 581 ulterius
2248 532 2646 597 prmsumcret,
2673 525 3036 583 intellectum
3067 527 3347 585 dedisset.
3390 529 3504 588 Sed

1860 612 1990 684 quia
2027 626 2227 683 magus
2254 614 2398 669 obiit
2430 618 2488 669 et
2518 614 2866 685 dampnatus
2904 614 2960 670 in
3003 615 3292 686 profundo
3341 618 3502 689 putei

1863 699 2076 770 abyssi,
2105 701 2666 772 utNero‘sperabat,
2720 717 2831 757 non
2868 703 3211 765 resurrexit.
3254 704 3506 762 destitu-

1862 789 1986 842 tum
2019 802 2081 842 se
2106 788 2255 844 idem
2287 791 2433 845 Nero
2456 789 2659 846 videns
2686 790 2897 847 solatio
2929 796 3046 847 tam
3083 789 3269 847 ﬁdelis
3312 792 3501 863 amici,

1867 875 2171 946 apostolos
2194 877 2313 940 Dei,
2334 878 2481 934 hunc
2500 880 2696 934 erucis
2721 879 3027 950 supplicio,
3063 878 3224 935 illum
3258 880 3503 951 dampna

1867 962 1949 1018 vit
1973 965 2263 1021 sententia
2287 967 2521 1037 capitali
2545 972 2594 1023 3.
2624 967 2908 1024 Kalendas
2928 967 3083 1038 Julii,
3101 973 3151 1024 5.
3182 968 3342 1038 feria,
3370 968 3504 1026 luna

1868 1055 1955 1121 23,
1992 1053 2063 1108 ab
2095 1053 2204 1109 inc.
2245 1068 2292 1110 a.
2326 1058 2414 1121 72,
2459 1071 2607 1111 anno
2648 1073 2675 1112 a
2718 1057 2983 1128 passione
3014 1061 3101 1125 39,
3146 1057 3504 1129 Vespasiano

1870 1140 2089 1211 septies
2119 1147 2177 1196 et
2206 1142 2331 1197 Tito
2361 1143 2549 1199 sexies
2567 1144 2923 1209 consulibus,
2984 1145 3322 1217 Olympiade
3378 1150 3501 1202 212.

1940 1229 2075 1284 Post
2101 1232 2333 1286 Petrum
2359 1232 2429 1287 ab
2446 1232 2569 1303 ipso
2585 1234 2757 1288 Petro
2781 1238 3160 1290 consecratus
3182 1233 3505 1292 tecclesiam

1871 1318 2181 1384 regendam
2214 1320 2755 1390 suscepitClemens
2784 1321 3094 1391 episcopus
3119 1320 3498 1393 (Gestapont.

1869 1405 2080 1476 Rom),
2111 1412 2169 1462 ut
2194 1408 2314 1478 ipse
2338 1409 2544 1466 beatus
2566 1409 2830 1465 Clemens
2855 1415 3111 1466 testatur
3135 1410 3205 1465 de
3227 1426 3288 1465 se
3312 1410 3365 1465 in
3386 1410 3503 1482 epi-

1870 1493 2018 1549 stola
2046 1497 2262 1551 Jaeob)
2287 1498 2453 1552 fratri
2486 1498 2702 1553 Domini
2738 1498 2929 1567 missa,
2966 1498 3165 1553 dicens
3196 1499 3388 1569 (epist,
3423 1498 3509 1553 in-

1868 1587 2020 1654 terp.
2045 1584 2250 1639 Ruﬁno
2274 1586 2449 1642 Mansi
2476 1603 2511 1655 1,
2537 1588 2664 1657 91):
2703 1587 3073 1655 Clementem,
3110 1586 3321 1658 inquit,
3353 1588 3508 1646 hunc

1867 1671 2033 1729 nobis
2053 1674 2260 1729 ordino
2281 1676 2628 1745 episcopum,
2652 1677 2747 1732 cui
2768 1677 2881 1732 soli
2902 1689 3042 1732 mea
3052 1675 3506 1746 praedicationis

179 1757 584 1813 Destinavcrat
610 1762 804 1816 autem
840 1760 988 1816 idem
1021 1763 1243 1832 primus
1275 1766 1475 1833 pastor
1501 1766 1561 1818 et
1589 1776 1757 1833 apos-
1786 1772 1839 1833 Β
1868 1762 1928 1817 et
1946 1762 2224 1818 doctrinae
2244 1764 2591 1820 cat/cedrum
2614 1766 2804 1833 trado,
2831 1763 3187 1836 guimilziab
3212 1764 3390 1821 initio
3411 1779 3507 1822 us-

120 1844 262 1900 tolus
282 1847 494 1902 Petrus
527 1848 717 1904 totius
746 1849 1071 1905 occidentis
1102 1854 1293 1907 terras
1323 1866 1557 1907 vomere
1588 1851 1753 1907 verbi

119 1933 500 2005 proscindere,
539 1936 760 1993 semina
795 1938 1077 1995 doctrinae
1107 1938 1284 1996 sulcis
1315 1941 1591 1996 mentium
1630 1955 1755 1996 ere-

116 2021 255 2091 dere,
289 2028 348 2080 ut
384 2030 592 2096 posset
626 2025 955 2098 manipulos
987 2028 1214 2097 frugum
1251 2028 1645 2101 centuplicato
1679 2030 1754 2086 fee

115 2123 238 2165 nore
268 2112 321 2167 in
354 2127 488 2169 area
526 2114 754 2169 Domini
791 2114 1079 2171 venientis
1114 2118 1617 2187 reconsignare,et
1651 2117 1753 2173 eli-

112 2213 240 2267 gens
267 2200 423 2259 viros
452 2201 509 2257 in
547 2200 665 2257 ﬁde
699 2203 1000 2273 probatos,
1035 2208 1308 2275 potentes
1356 2204 1410 2260 in
1462 2219 1641 2276 opere
1691 2208 1748 2260 et

116 2302 379 2357 sermone,
413 2290 722 2360 patientes
752 2288 805 2345 in
838 2290 1236 2361 tribulatione,
1292 2292 1645 2363 longanimes
1694 2293 1747 2349 in

118 2391 226 2447 spe,
256 2377 523 2434 eruditos
559 2377 619 2433 in
659 2379 929 2435 omnibus
978 2394 1106 2450 quae
1157 2381 1291 2435 fecit
1346 2381 1614 2437 dominus
1661 2382 1751 2437 Je-

116 2478 219 2534 sus,
250 2466 459 2522 direxit
496 2466 635 2523 urbi
686 2468 1028 2524 Metensium
1082 2474 1346 2525 sanctum
1395 2470 1746 2526 Clementem

114 2552 361 2611 Romanae
406 2555 490 2611 rei
553 2554 809 2626 publieae
863 2557 1183 2628 patritium,
1236 2574 1401 2614 suum
1453 2574 1590 2613 vero
1638 2559 1752 2615 dis-

115 2640 364 2713 cipulum,
404 2649 463 2699 et
520 2649 793 2700 sanctum
847 2645 1223 2716 Mansuetum,
1278 2646 1473 2701 inclita
1527 2648 1752 2703 Scotto-

121 2743 226 2786 rum
257 2732 539 2803 progenie
573 2735 940 2803 generatum,
975 2732 1085 2789 ﬁde
1127 2739 1185 2788 et
1235 2734 1499 2790 doctrina
1553 2735 1754 2806 praeci-

120 2832 289 2887 puum,
323 2820 453 2875 urbi
484 2819 847 2876 Tullensium
881 2820 1050 2891 (Vita
1069 2820 1324 2894 Mans);
1350 2823 1543 2878 Remis
1578 2824 1752 2878 etiam

120 2903 309 2963 direxit
338 2912 585 2965 sanctos
618 2908 840 2965 Sixtum
871 2913 1046 2980 atque
1078 2909 1373 2979 Sinicium,
1420 2910 1754 2967 Catalaunis

121 3001 353 3051 sanctum
382 2996 742 3066 Memmium,
774 2997 1043 3053 Treveris
1063 3013 1314 3069 quoque,
1350 3013 1478 3070 quae
1520 3005 1609 3056 est
1644 3015 1757 3056 me-

1866 1865 1981 1923 gue
2001 1851 2267 1922 adfinem
2292 1866 2474 1909 eomes
2498 1853 2560 1908 in
2580 1853 2850 1909 omnibus
2852 1853 3013 1926 fuit,
3039 1867 3110 1910 ac
3118 1868 3226 1925 per
3238 1853 3509 1911 [iacueri-

1866 1940 2046 1995 tatem
2068 1942 2247 1998 totius
2267 1956 2407 1997 mea
2428 1940 2471 1973 ¹⁰
2498 1942 2756 2013 agitarit.

1936 2028 2074 2098 (Fol.
2100 2027 2229 2098 11’.)
2254 2028 2400 2094 Quid
2425 2033 2617 2084 autem
2640 2034 2838 2085 contra
2866 2029 2975 2087 hoc
3007 2031 3373 2087 sentiendum
3404 2032 3500 2099 sit,

1864 2117 2013 2188 quod
2050 2124 2187 2173 sunt
2210 2118 2469 2173 nonnulli
2498 2120 2594 2189 qui
2616 2123 2902 2174 conantur
2935 2125 3222 2190 astruere,
3251 2124 3377 2192 post
3403 2122 3506 2177 Pe-

1858 2209 2013 2261 trum
2036 2205 2363 2275 suscepisse
2390 2206 2586 2261 Linum
2611 2207 3005 2274 gubernacula
3032 2208 3305 2264 Romanae
3328 2207 3510 2264 eccle-

1861 2292 1961 2349 siae
1993 2297 2050 2346 et
2086 2292 2220 2348 Lino
2254 2293 2474 2347 Clctuzn
2526 2294 2907 2362 successisse,
2956 2293 3275 2349 videamus.
3355 2293 3508 2350 Dicit

1858 2381 2148 2436 Iohannes
2174 2379 2605 2452 papa'scribens
2632 2382 2920 2436 universis
2943 2380 3234 2452 episcopis
3258 2396 3359 2453 per
3382 2381 3508 2439 Gal-

1863 2467 1995 2522 liam
2021 2472 2079 2522 et
2103 2468 2493 2522 Germaniam:
2517 2470 2591 2523 Si
2605 2468 2821 2523 Petrus
2821 2469 3509 2540 princepsapostolorum

1862 2557 2168 2629 adjutores
2186 2557 2304 2613 sibi
2326 2556 2547 2613 ascirit
2574 2558 2786 2612 Linum
2816 2558 2875 2611 et
2902 2557 3150 2626 Cletum,
3177 2572 3293 2614 non
3314 2558 3510 2615 tamen

1849 2646 2146 2718 potestate
2169 2648 2468 2717 ponti/icit
2493 2646 2727 2715 ligandi
2746 2646 2837 2702 vel
2855 2647 3118 2703 solvendi
3140 2661 3407 2704 normam
3424 2649 3510 2705 eis

1864 2734 2140 2799 tradidit,
2174 2736 2279 2792 sed
2302 2736 2623 2792 successori
2652 2749 2755 2791 suo
2801 2734 3109 2805 Clementi,
3155 2737 3263 2807 qui
3316 2736 3511 2793 sedem

1865 2823 2249 2893 apostolicam
2269 2824 2410 2895 post
2436 2838 2566 2879 eum
2613 2824 2670 2879 et
2702 2823 3058 2894 potestatem
3106 2824 3511 2896 pontificalem

1867 2911 2137 2969 tradente
2162 2913 2281 2969 sibi
2312 2913 2477 2969 beato
2508 2912 2685 2969 Petro
2714 2913 2908 2968 tenere
2930 2914 3298 2984 promeruit;
3326 2915 3512 2972 Linus

1866 3000 1927 3057 et
1965 3000 2166 3057 ϐιαίας
2192 3001 2627 3059 ministrabant
2652 3002 2973 3069 exteriora,
2993 3002 3275 3073 princeps
3313 3002 3513 3058 autem

125 3083 343 3154 tropolis
371 3089 427 3141 et
461 3099 581 3141 una
616 3084 689 3140 de
722 3085 1072 3156 primatibus
1102 3086 1417 3143 Galliarum
1450 3092 1510 3144 et
1536 3088 1588 3145 ei
1621 3088 1760 3145 vici-
1791 3122 1841 3186 Ο
1868 3090 2265 3160 apostolorum
2295 3090 2511 3147 Petrus
2559 3089 2726 3146 verba
2772 3090 2832 3146 et
2871 3090 3136 3186 oratio-ni-
3163 3089 3506 3186 insistebat.

123 3184 196 3226 nae
224 3172 468 3230 Coloniae
503 3176 752 3229 sanctos
784 3173 930 3229 misit
959 3174 1330 3245 Eucharium,
1357 3174 1649 3233 Valerium
1675 3181 1761 3233 at-

121 3271 215 3329 que
245 3260 589 3319 Haternum.
627 3260 773 3331 (Fol.
813 3260 926 3333 11.)
959 3263 1095 3319 Cum
1118 3263 1403 3319 hisetalii
1439 3264 1603 3321 multi
1644 3265 1762 3321 fue-

116 3351 253 3417 runt,
283 3349 377 3419 qui
409 3347 823 3406 occidentales
876 3350 1154 3405 tenebras
1207 3350 1328 3405 veri
1390 3350 1533 3407 solis
1581 3351 1762 3408 clare-

121 3440 293 3491 scente
325 3437 490 3494 radio
525 3436 604 3492 ab
635 3436 841 3492 eodem
872 3436 1134 3507 principe
1163 3437 1558 3509 apostolorum
1604 3431 1760 3495 missi

119 3520 486 3595 dispulerunt,
514 3528 580 3580 et
604 3538 813 3580 nomen
840 3525 1075 3595 Christi,
1096 3526 1247 3596 quod
1275 3526 1517 3582 necdum
1546 3526 1598 3581 in
1621 3527 1765 3585 locis

120 3608 220 3666 illis
239 3614 649 3683 splenduerat,
679 3613 792 3669 ﬁde
813 3617 871 3669 et
897 3613 1368 3683 magnanimitate
1387 3615 1637 3686 praediti,
1667 3631 1762 3687 po-

117 3698 236 3769 pulo
264 3701 577 3758 incredulo
613 3700 1105 3773 praedicaverunt.
1140 3703 1268 3771 Ipse
1290 3704 1480 3760 Romae
1516 3705 1757 3761 verbum

114 3786 198 3841 Dei
229 3787 504 3858 docebat,
540 3793 598 3843 et
633 3803 862 3845 murum
891 3788 1258 3845 inﬁdelitatis
1285 3789 1538 3861 impulsu
1574 3806 1761 3848 aevan-

110 3873 231 3945 gelii
261 3878 598 3948 quatiebat,
639 3877 965 3947 turrimque
998 3877 1358 3933 confusionis
1381 3883 1438 3934 et
1463 3879 1758 3937 idolatriae

117 3963 209 4033 piae
223 3965 617 4023 confessionis
630 3968 691 4020 et
716 3964 1089 4021 credulitatis
1111 3965 1422 4035 dejiciebat
1447 3967 1650 4037 ariete,
1678 3968 1756 4024 ibi

114 4064 168 4108 se
196 4067 505 4127 Opponens
536 4059 596 4109 et
645 4053 956 4110 continens
1004 4053 1249 4123 obicem,
1298 4054 1396 4111 ubi
1446 4056 1758 4113 violentior

115 4138 281 4199 hostis
314 4143 697 4211 incubuerat,
734 4141 900 4212 cujus
923 4142 1293 4213 subvertere,
1323 4143 1555 4202 Christo
1586 4143 1753 4216 duce,

114 4227 394 4288 nitebatur
429 4230 827 4301 tyrannidem.

180 4319 255 4374 Ad
282 4321 424 4376 tanti
458 4319 645 4389 igitur
667 4318 932 4390 pastoris
954 4318 1222 4375 solatium
1238 4322 1294 4375 et
1318 4319 1759 4391 praedicationis

119 4414 479 4476 augmentum
514 4406 758 4477 Paulus,
794 4411 922 4477 post
958 4407 1139 4463 multa
1171 4407 1413 4479 viarum,
1449 4408 1668 4467 laboris
1697 4413 1754 4466 et

114 4493 304 4553 inedize
333 4494 626 4568 pericula,
662 4495 895 4551 vinctus
924 4496 1157 4552 Romam
1192 4496 1444 4553 mittitur
1475 4511 1624 4553 anno
1652 4499 1757 4555 Ne-

116 4583 260 4639 ronis
279 4585 525 4642 caesaris
548 4582 833 4652 secundo,
867 4583 959 4639 ab.
986 4583 1098 4640 inc.
1122 4585 1281 4640 Dom.
1306 4589 1394 4655 61,
1419 4600 1449 4640 a
1486 4586 1755 4656 passione

116 4670 192 4736 28,
217 4667 536 4727 indictione
563 4672 615 4739 4,
643 4668 876 4725 Silvano
897 4673 952 4724 et
978 4669 1220 4726 Paulino
1251 4670 1608 4740 consulibus,
1645 4687 1757 4729 non

121 4757 259 4824 quod
281 4758 467 4815 Judaei
493 4762 551 4814 et
577 4755 836 4827 gentiles
856 4758 934 4813 ita
957 4758 1272 4829 voluerint,
1299 4758 1402 4815 sed
1437 4759 1569 4830 quia
1602 4761 1759 4817 Chri-

121 4848 254 4914 stus,
270 4850 333 4901 ut
350 4846 504 4902 alter
518 4850 684 4902 esset
700 4845 869 4901 alteri
896 4846 1128 4916 solatio,
1156 4847 1233 4901 ita
1261 4848 1674 4917 prmordinavit
1701 4853 1757 4904 et

120 4931 302 4990 voluit.
328 4933 702 4992 Histonitrui
729 4933 862 4990 ﬁliis
886 4935 1015 5005 quis
1040 4940 1418 5006 repugnaret,
1456 4935 1585 5006 quis
1611 4938 1762 4994 obsi-

120 5022 287 5076 steret
307 5023 331 5076 ?
352 5023 563 5094 Symon
588 5026 723 5077 erat
746 5020 839 5078 ille
865 5037 1083 5093 magus,
1110 5022 1205 5093 qui
1232 5021 1392 5080 solus
1416 5023 1650 5080 veritati
1675 5040 1763 5082 re-

123 5121 362 5177 pugnare
386 5111 723 5177 videretur,
749 5109 838 5165 cui
863 5110 910 5166 si
939 5115 1067 5183 post
1092 5109 1451 5181 triumphum
1485 5113 1766 5183 apostoli-

118 5208 237 5251 cum
265 5203 325 5254 et
355 5213 475 5256 suae
500 5196 856 5267 dejectionis
877 5198 1230 5255 etinauditae
1249 5199 1540 5269 superbiae
1555 5201 1769 5273 obpro-

1872 3178 1937 3231 Et
1972 3181 2104 3247 post
2135 3192 2315 3248 pauca
2352 3197 2364 3232 :
2416 3181 2625 3235 Linum
2658 3179 2715 3233 et
2750 3178 2982 3235 Cletum
3010 3177 3202 3234 nio/iii
3229 3192 3514 3249 umquam

1874 3266 2125 3336 legimus
2145 3268 2336 3337 egisse
2352 3266 3125 3338 enpontiﬂealiministerio
3141 3267 3510 3338 potestatioe,

1872 3354 1977 3410 sed
2003 3354 2293 3425 quantum
2325 3358 2411 3412 eis
2441 3370 2479 3411 a
2502 3355 2665 3411 beato
2689 3355 2865 3411 Petro
2885 3353 3363 3426 praecipiebatur,
3385 3354 3515 3412 tan-

1874 3442 1997 3498 tum
2028 3442 2302 3513 agebant.

1944 3530 2116 3585 Linus
2148 3530 2344 3599 igitur,
2380 3530 2612 3586 natione
2643 3529 2823 3586 Italus
2854 3529 3106 3599 regionis
3131 3529 3373 3599 Tusciae,
3419 3544 3516 3601 pa-

1874 3621 1963 3673 tre
1995 3617 2302 3687 Erculano,
2337 3618 2642 3674 ordinatus
2673 3634 2703 3674 a
2736 3620 2931 3689 Petro,
2963 3617 3112 3675 sedit
3137 3618 3350 3689 Romae,
3386 3617 3514 3689 ipso

1872 3707 2046 3761 Petro
2078 3706 2329 3776 vivente,
2366 3722 2416 3762 a.
2456 3713 2539 3777 11,
2576 3723 2647 3763 m.
2679 3711 2731 3775 3,
2768 3707 2821 3761 b.
2860 3710 2941 3763 12.
2980 3705 3178 3762 Cletus
3199 3706 3393 3775 etiam,
3420 3720 3519 3763 ua-

1872 3795 2029 3851 tione
2054 3798 2365 3866 Romanus,
2393 3796 2463 3851 de
2487 3797 2726 3864 regione
2749 3796 2888 3851 Vico
2911 3796 3170 3865 Pa‘tricii,
3189 3799 3355 3866 patre
3368 3795 3518 3850 Emi-

1872 3873 2043 3943 liano,
2079 3875 2384 3931 ordinatus
2410 3876 2481 3930 ab
2513 3875 2638 3945 ipso
2671 3877 2866 3943 Petro,
2914 3875 3037 3945 ipso
3077 3874 3309 3929 vivente
3361 3873 3518 3930 sedit

1872 3978 1923 4019 a.
1958 3967 2045 4034 12,
2080 3979 2153 4020 m.
2189 3969 2240 4033 1,
2276 3963 2329 4018 d.
2364 3968 2447 4019 11.
2484 3964 2640 4017 Inter
2664 3960 2888 4017 Clctum
2913 3976 3052 4031 ergo
3076 3968 3133 4017 et
3159 3961 3512 4017 Clementem

1869 4055 2268 4123 conputantur
2301 4051 2425 4107 dies
2455 4054 2525 4105 20
2557 4049 2761 4119 (Gesta
2786 4048 3052 4122 pontif).

1941 4139 2208 4210 Suscepit
2244 4138 2441 4209 igitur,
2478 4142 2538 4193 ut
2572 4138 2792 4194 dictum
2826 4141 2936 4207 est,
2988 4135 3351 4194 sacerdotale
3399 4138 3519 4195 oﬁl-

1869 4229 2022 4284 cium
2056 4227 2319 4284 Clemens
2353 4227 2565 4283 tertius
2596 4242 2624 4283 a
2658 4228 2834 4282 Petro
2864 4241 2931 4282 eo
2979 4224 3229 4296 vivente,
3280 4226 3516 4284 natione

1869 4317 2184 4386 Romanus,
2212 4317 2283 4372 de
2327 4315 2563 4385 regione
2611 4314 2769 4371 Celio
2802 4318 3017 4385 monte,
3073 4320 3238 4386 patre
3279 4315 3512 4372 Fausto.

1872 4405 2031 4462 Sedit
2060 4405 2226 4461 annis
2262 4408 2344 4474 1'1,
2382 4404 2679 4461 mensibus
2726 4409 2778 4473 2,
2827 4404 3033 4461 diebus
3079 4408 3113 4460 2
3160 4401 3202 4435 ¹¹
3244 4435 3314 4444 -
3364 4418 3516 4462 anno

1788 4468 1838 4528 D
1867 4495 2006 4549 Dom
2064 4493 2175 4550 ine.
2211 4498 2298 4563 70,
2332 4468 2557 4565 imperii
2592 4468 2821 4562 quoque
2867 4491 3115 4548 Neronis
3155 4494 3242 4562 11,
3301 4492 3521 4563 Vespa-

1872 4582 2035 4639 siano
2069 4581 2377 4652 quinquies
2407 4585 2464 4636 et
2486 4580 2610 4637 Tito
2633 4579 3220 4650 quaterconsulibus.
3259 4581 3381 4635 Non
3408 4579 3517 4636 fuit

1868 4685 1941 4727 ex
1965 4675 2101 4727 tunc
2123 4676 2182 4726 et
2204 4685 2354 4726 nunc
2378 4668 2430 4724 in
2457 4669 2607 4726 omni
2628 4670 3013 4726 Romanorum
3038 4668 3378 4739 pontiﬁcum
3423 4681 3519 4723 ca-

1871 4759 2125 4829 thalogo,
2162 4758 2258 4828 qui
2293 4757 2348 4813 in
2381 4758 2499 4814 vita
2531 4772 2633 4813 sua
2666 4757 2872 4827 viginti
2908 4758 3161 4827 quinque
3191 4754 3356 4812 annis
3389 4755 3517 4812 fun—

1868 4852 2002 4904 ctus
2017 4846 2347 4902 sacerdotio
2363 4846 2486 4916 ipso
2511 4860 2787 4901 annorum
2814 4859 3052 4900 numero
3066 4843 3272 4914 equipa
3284 4847 3518 4902 raretur

1874 4935 2133 5007 pontiﬁci
2168 4935 2371 5006 primo.
2400 4937 2499 4991 llic
2532 4934 2711 5003 igitur
2738 4934 2944 4988 beatus
2969 4932 3227 5003 pontifex
3250 4932 3409 4988 Petri
3432 4933 3516 4990 in-

1874 5025 2120 5081 stitutus
2151 5023 2451 5093 regimine,
2484 5022 2577 5079 cui
2610 5036 2836 5091 semper
2870 5021 3256 5078 adheseratet
3281 5021 3408 5092 ejus
3430 5021 3516 5079 in-

1876 5111 2149 5168 dividuus
2171 5126 2368 5168 comes
2392 5114 2599 5182 fuerat,
2630 5114 2935 5182 postquam
2958 5110 3223 5180 Symonis
3245 5109 3394 5181 magi
3418 5111 3519 5168 de-

1876 5202 2182 5259 liramenta
2213 5204 2586 5271 cognoverat,
2616 5203 2674 5254 et
2708 5201 3032 5270 spreverat,
3059 5200 3213 5271 quod
3239 5198 3520 5269 magister

1472 5298 1708 5355 VARI/1'3
1751 5300 2148 5357 LECTIONES.

182 5391 202 5425 ’
227 5397 466 5465 septem.
504 5405 665 5452 corr.
700 5392 966 5464 septenos
996 5408 1044 5453 ο.
1124 5397 1169 5433 ιο
1198 5392 1483 5452 doctrinae
1514 5397 1757 5454 excidit.

1901 5399 1941 5434 ιι
1973 5411 2023 5452 a.
2058 5400 2109 5465 9,
2143 5409 2215 5450 m.
2247 5399 2299 5465 2,
2336 5409 2408 5451 m.
2447 5400 2499 5466 2,
2535 5394 2589 5451 d.
2624 5396 2694 5449 10
2723 5393 2789 5449 in
2815 5390 2883 5449 θ.
2910 5392 3074 5465 poni.

1696 5493 1922 5552 NOTAE.

189 5585 295 5660 (31)
326 5588 409 5645 Cf.
437 5589 640 5646 Vitam
670 5585 761 5643 SS.
794 5588 1057 5648 Eucherii
1088 5589 1306 5649 Valerii
1339 5590 1613 5660 Materni;
1645 5593 1788 5651 Acta
1818 5594 1913 5649 SS.
1944 5593 2068 5648 Jan.
2100 5591 2169 5662 II,
2202 5592 2326 5648 918.
