3898 6320
365 287 440 349 27
1317 299 1686 366 HUGONIS
1725 300 2076 368 ABBATIS
2115 303 2797 375 FLAVINIACENSIS
3675 316 3746 376 28

365 437 506 485 suus
527 422 846 502 inceperat,
868 427 1166 491 destinare
1188 429 1412 492 scilicet
1431 434 1558 496 orbi
1582 435 1828 496 occiduo
1861 451 2007 511 prae-
2036 437 2091 500 A
2121 453 2243 500 rem
2274 438 2548 500 instituit.
2584 441 2726 515 (Fol.
2748 439 2878 516 12’.)
2897 444 3017 504 Non
3041 443 3329 517 quodjam
3349 449 3489 507 tunc
3509 444 3750 507 Melden-

369 513 1222 592 dicatoresveritatisidoneos,
1242 523 1627 594 quatinuslux
1642 525 2004 599 praedicatio-

367 601 456 658 nis
499 604 777 674 gentibus
805 608 1166 680 splenderet,
1203 615 1266 668 ut
1298 613 1626 683 perﬁceret,
1662 615 2008 675 omnimodis

367 694 723 764 procurabat
755 696 848 767 (cf.
885 713 972 771 ep.
1007 701 1376 773 Hincmari).
1407 704 1551 775 (Fol.
1592 705 1679 775 12)
1729 705 1871 762 Hinc
1919 711 2008 764 est

367 781 524 868 quod
557 788 823 841 sanctum
853 787 1171 845 Dionisium
1201 789 1510 848 destinavit
1556 793 1866 850 Galliarum
1913 811 2012 868 po-

367 867 538 940 pulis,
601 871 698 940 qui
746 875 1116 944 pradicando
1156 883 1213 934 et
1263 880 1666 950 praedicationi
1717 883 2012 941 miraculis

370 954 540 1014 ﬁdem
555 959 747 1017 dando
763 962 1295 1035 Parisius,Domino
1311 970 1856 1044 ducente,pervenit
1871 973 2003 1044 (32),

371 1047 562 1106 socios
585 1049 636 1104 ei
663 1066 830 1120 quam
850 1053 1050 1124 plures
1069 1057 1354 1129 adhibuit,
1391 1061 1546 1117 viros
1576 1062 1632 1116 in
1657 1062 1782 1132 lege
1815 1063 2008 1120 divina

369 1137 742 1209 exercitatos,
768 1155 983 1210 genere
1009 1145 1254 1215 nobiles,
1281 1161 1546 1204 sermone
1573 1151 1866 1222 facundos,
1897 1151 2008 1210 ﬁde

368 1225 715 1296 praecipuos,
741 1233 801 1284 et
829 1231 1016 1298 gratia
1038 1233 1136 1289 Dei
1164 1233 1384 1305 plenos.
1415 1237 1494 1293 Ex
1519 1237 1606 1294 his
1639 1239 1746 1296 fuit
1772 1245 2008 1298 sanctus

370 1310 677 1371 Sanctinus
701 1317 843 1385 (Vit.
867 1321 1196 1392 Sanctini),
1223 1323 1598 1380 Meldensium
1613 1331 1670 1382 et
1689 1327 2008 1385 Virdunen-

367 1399 517 1456 sium
552 1409 753 1473 pastor
785 1408 1022 1477 primus,
1063 1410 1156 1478 qui
1190 1414 1440 1482 egregiae
1469 1414 1796 1473 nobilitatis
1840 1423 2009 1476 ortus

367 1490 686 1560 natalibus,
721 1509 850 1549 cum
903 1499 1145 1566 praefato
1192 1499 1506 1558 Galliarum
1555 1504 1817 1575 apostolo
1865 1505 2010 1564 ﬁnes

369 1575 538 1647 petiit
571 1579 789 1651 Galliae,
825 1583 1059 1642 futurus
1091 1585 1325 1644 lucerna
1360 1589 1585 1660 fulgens
1637 1592 1688 1647 in
1737 1593 2002 1664 ecclesia,

367 1679 496 1734 quae
531 1681 639 1723 non
671 1670 1070 1728 occultaretur
1101 1675 1311 1745 modio,
1347 1677 1447 1732 sed
1481 1682 1704 1736 luceret
1739 1671 2007 1740 omnibus

2121 544 2216 588 ses
2239 530 2388 589 viam
2410 531 2680 590 veritatis
2703 537 3116 603 agnoscerent,
3141 533 3238 606 qui
3263 549 3460 594 omnes
3481 537 3751 596 teneban-

2120 623 2218 676 tur
2239 620 2465 678 astricti
2489 621 2713 692 laqueis
2736 621 3044 693 idolatriae,
3070 623 3172 680 sed
3191 628 3256 680 ut
3275 637 3378 696 per
3393 619 3619 683 ﬁdelem
3635 641 3751 684 ser-

2121 722 2250 764 vum
2285 723 2449 766 suum
2479 709 2820 780 dignaretur
2851 709 2968 767 illis
3000 711 3276 768 Dominus
3297 712 3528 784 aperire
3551 719 3750 786 portas

2113 793 2382 866 justitize,
2417 811 2560 869 quas
2592 798 2840 868 ingressi
2863 798 3156 856 credendo
3178 799 3366 872 ipsius
3391 800 3748 860 divinitatem

2119 883 2628 956 ethumanitatem,
2648 885 3069 944 confiterentur
3083 887 3458 960 nominiejus,
3479 891 3746 962 quoniam

2122 970 2308 1028 bonus
2357 974 2624 1044 quoniam
2658 973 2713 1030 in
2745 974 3019 1032 saeculum
3049 976 3446 1035 misericordia
3476 980 3619 1050 ejus.

2193 1062 2408 1122 Beatus
2444 1062 2640 1132 itaque
2673 1063 2980 1120 Sanctinus
3014 1067 3253 1134 paratus
3283 1065 3353 1121 ad
3387 1066 3579 1124 omnia
3631 1083 3752 1140 pro-

2120 1149 2440 1208 Salvatoris
2462 1152 2690 1208 nomine
2712 1151 3068 1221 sustinenda,
3098 1167 3201 1209 nec
3227 1154 3751 1226 reformidansgen-

2117 1236 2308 1296 tilium
2340 1240 2653 1296 furentium
2684 1239 2868 1296 minas
2895 1243 2953 1296 et
2977 1241 3242 1310 verbera,
3269 1243 3509 1300 eandem
3553 1245 3751 1302 urbem
3865 1307 3867 1310 ,

2119 1341 2454 1398 aggressus,
2492 1327 2624 1397 quia
2654 1327 2708 1382 in
2739 1327 2977 1384 Domino
3009 1332 3134 1384 erat
3172 1329 3379 1386 ﬁducia
3413 1331 3555 1404 ejus,
3583 1333 3755 1390 insta-

2122 1415 2219 1471 bat
2261 1415 2794 1487 praadicationibus,
2851 1416 3076 1486 rigabat
3124 1423 3346 1476 mentes
3397 1419 3750 1478 audientium

2119 1502 2290 1574 aquis
2319 1501 2390 1558 de
2419 1508 2623 1559 ventre
2649 1502 2692 1536 ¹²
2713 1505 2880 1560 Iesus
2905 1505 3293 1576 manantibus,
3325 1512 3384 1562 et
3416 1507 3500 1563 sic
3532 1507 3753 1566 instans

2120 1595 2430 1662 oportune,
2458 1591 2809 1662 importune,
2838 1591 3080 1648 docebat
3105 1596 3414 1650 eosJovem
3428 1595 3750 1668 despicere,

2120 1678 2451 1748 Saturnum,
2477 1679 2820 1736 Mercurium
2845 1684 2900 1735 et
2926 1681 3252 1752 Neptunum
3275 1686 3329 1738 et
3354 1683 3542 1740 omnia
3565 1683 3756 1741 demo-

373 1755 825 1827 superimposita
870 1762 1238 1819 candelabro.
1287 1767 1542 1822 Tradidi:
1585 1769 1734 1825 enim
1773 1777 2002 1842 patrum
2037 1791 2089 1850 B
2120 1781 2252 1824 num
2276 1782 2386 1824 non
2412 1768 2653 1825 deorum
2678 1774 2953 1841 portenta
2969 1770 3246 1840 abjicerc,
3263 1774 3755 1830 statuasconfrin-

369 1845 640 1900 memoria
658 1861 786 1902 eum
810 1864 982 1906 unum
1001 1851 1176 1906 fuisse
1195 1853 1265 1908 de
1278 1858 1347 1909 72
1361 1855 1684 1928 discipulis,
1701 1866 1758 1915 et
1773 1861 1826 1916 in
1841 1877 2003 1918 omna

367 1929 730 2003 deputatum,
760 1940 819 1991 ut
843 1951 1048 2008 aquam
1082 1939 1344 1997 lavandis
1372 1943 1622 2014 pedibus
1653 1951 1709 2002 et
1743 1950 2007 2007 manibus

367 2016 785 2091 discipulorum
811 2027 1083 2095 preberet
1105 2032 1162 2082 ct
1181 2028 1418 2087 linteum
1437 2038 1672 2103 pararet
1694 2035 2000 2094 Salvatori.

437 2108 680 2166 Sanctus
713 2111 909 2183 itaque
935 2116 1242 2185 Dyonisius
1271 2122 1332 2173 ut
1364 2122 1519 2175 venit
1572 2123 1850 2195 Parisius,
1901 2141 2004 2197 per

364 2193 626 2253 diversas
652 2204 849 2267 partes
867 2217 1006 2258 suos
1031 2203 1242 2260 direxit
1272 2207 1459 2265 socios
1481 2211 1552 2265 ad
1577 2209 1746 2268 dolos
1789 2193 2003 2272 diaboli

369 2283 756 2343 destrucndos
787 2293 842 2343 et
877 2291 1126 2361 p0pulos
1165 2295 1402 2351 Domino
1449 2297 1842 2367 adquirendos
1893 2307 2000 2376 (ep.

366 2372 654 2445 Hirtam).
682 2376 993 2434 Sanctinus
1010 2379 1188 2450 igitur
1211 2383 1341 2452 quia
1367 2386 1743 2455 praeminebat
1760 2372 2006 2461 pruden-

370 2458 445 2512 tia
463 2461 838 2532 ctpudicitia,
857 2480 884 2520 a
916 2467 1537 2540 beatissimoDyonisio
1568 2458 1826 2547 zelectus,
1853 2493 2006 2536 sum-

367 2559 521 2603 mum
543 2551 767 2621 accepit
788 2555 1203 2625 sacerdotium,
1229 2561 1290 2612 et
1311 2566 1688 2618 consecratus
1711 2563 1764 2618 in
1787 2565 2006 2636 episco-

366 2649 525 2706 pum,
559 2636 844 2698 divinitus
875 2644 1256 2701 constituitur
1287 2644 1343 2702 in
1376 2644 1562 2704 lucem
1595 2651 1824 2722 populis
1868 2668 2004 2724 gen-

366 2723 511 2780 tium
543 2725 686 2796 (Vit.
719 2729 1044 2802 Scantini).

442 2813 542 2870 Cui
572 2815 746 2872 etiam
779 2818 850 2874 ad
877 2819 1148 2877 solatium
1184 2821 1401 2882 laboris
1431 2829 1486 2882 et
1522 2826 1691 2884 ofﬁcii
1726 2829 2005 2900 praefatus

369 2901 678 2972 Dyonisius
707 2907 1054 2964 Antoninum
1086 2909 1246 2966 dedit
1279 2912 1466 2970 virum
1501 2920 1766 2972 sanctum
1799 2922 1855 2973 et
1909 2919 2005 2974 bo-

371 3003 523 3060 num,
559 2991 614 3048 in
647 3007 762 3063 quo
792 2995 1115 3054 declaravit
1140 2999 1293 3056 Deus
1325 3000 1528 3070 ingens
1554 3003 1708 3060 beati
1729 3004 1837 3062 viri
1871 3007 2004 3062 San-

2117 1869 2274 1926 gere,
2309 1861 2367 1913 et
2397 1857 2529 1927 quia
2564 1857 2618 1912 in
2651 1857 2738 1914 eis
2770 1873 2881 1914 non
2906 1857 3097 1929 aliqua
3123 1859 3415 1931 divinitas,
3443 1860 3548 1918 sed
3571 1863 3756 1920 omnis

2120 1943 2338 2000 inesset
2377 1945 2606 2003 falsitas
2637 1953 2695 2003 et
2729 1945 3048 2004 ludificatio
3091 1946 3446 2018 demoniaca,
3473 1948 3755 2008 doctrinae

2117 2031 2406 2089 evidentis
2430 2033 2644 2090 indicio
2667 2033 3022 2090 declarabat.
3051 2035 3164 2091 Nec
3179 2039 3674 2108 poterantgentes
3687 2039 3755 2095 ad

2116 2119 2219 2176 hec
2244 2120 2557 2192 quidquam
2580 2121 3004 2192 contradicere,
3030 2139 3160 2180 cum
3185 2124 3756 2184 novitativerborum

2117 2211 2506 2265 attestaretur
2535 2211 2873 2279 magnitudo
2907 2211 3224 2282 signorum,
3259 2217 3318 2268 et
3348 2228 3494 2270 nova
3527 2215 3752 2273 faceret

2117 2295 2212 2364 qui
2244 2310 2392 2352 nova
2424 2297 2792 2368 przedicaret.
2829 2299 2988 2356 Unde
3019 2300 3230 2358 factum
3279 2305 3373 2358 est
3421 2307 3483 2359 ut
3533 2307 3594 2360 et
3648 2303 3757 2376 ipsi

2117 2383 2483 2454 susciperent
2508 2385 2746 2441 verbum
2766 2387 3008 2457 Domini,
3033 2393 3091 2444 et
3115 2395 3406 2460 pastorem
3430 2389 3759 2448 doctorem-

2117 2483 2227 2541 quc
2254 2486 2420 2528 suum
2445 2472 2676 2529 beatum
2698 2475 2906 2544 virum,
2931 2490 3096 2546 quem
3111 2476 3425 2548 aliquando
3441 2481 3760 2552 exprobra-

2117 2557 2296 2628 tione,
2332 2560 2604 2618 irrisione
2635 2567 2696 2618 et
2725 2562 3052 2633 adjectione
3084 2564 3320 2636 dignum
3345 2567 3758 2638 judicaverant

2117 2647 2137 2719 (
2159 2647 2252 2705 Vit
2265 2649 2592 2721 Sanctini),
2620 2666 2770 2708 nunc
2795 2658 3215 2712 venerarentur
3227 2658 3283 2710 et
3299 2655 3664 2728 excolerent,
3682 2657 3760 2730 ip-

2116 2735 2242 2794 sius
2275 2737 2538 2796 manibus
2559 2741 2880 2809 gauderent
2906 2741 3192 2813 baptismo
3215 2743 3371 2800 ablui
3395 2747 3451 2801 et
3475 2745 3760 2803 crismate

2119 2829 2322 2883 sancto
2372 2828 2590 2900 inungi.
2637 2830 3066 2888 Humiliabatur
3128 2829 3382 2890 Gallicus
3428 2835 3760 2893 cothurnus

2118 2913 2458 2972 substratus
2475 2917 2662 2974 sancti
2683 2919 2790 2974 viri
2820 2917 3086 2990 pedibus,
3111 2919 3476 2978 etGallorum
3497 2922 3762 2982 cervico-
3790 2999 3793 3002 _

2119 3001 2267 3058 sitas
2296 3003 2505 3062 divinae
2536 3005 2752 3063 dudum
2785 3007 3057 3064 veritatis
3085 3007 3286 3077 ignara
3305 3007 3376 3066 ad
3403 3010 3764 3083 baptismum

367 3077 509 3132 ctini
540 3080 808 3136 meritum
841 3097 946 3153 per
991 3085 1240 3154 egregiae
1270 3091 1324 3142 et
1373 3087 1627 3148 insolitae
1649 3093 2007 3163 operationis
2037 3113 2088 3178 ρ
2115 3099 2177 3149 et
2205 3093 2626 3152 confessionem
2659 3095 2907 3151 nominis
2937 3095 3150 3152 Christi
3198 3077 3498 3154 humiliata
3551 3099 3764 3157 devote

370 3163 733 3238 miraculum,
763 3173 822 3226 ut
849 3172 1071 3242 patebit
1099 3173 1153 3228 in
1185 3179 1500 3246 posterum.
1543 3179 1613 3234 Et
1644 3179 1775 3250 quia
1809 3181 2009 3240 decre-

368 3257 533 3309 verat
565 3255 716 3311 Deus
754 3257 1064 3316 miriﬁcare
1108 3265 1371 3319 sanctum
1417 3278 1606 3336 suum,
1656 3267 1930 3340 dirigitur
1976 3287 2007 3328 a

371 3338 544 3396 beato
568 3342 840 3414 Dyonisio
865 3346 1175 3405 Carnutum
1199 3365 1328 3407 cum
1361 3352 1606 3424 praefato
1628 3338 1914 3414 sociosrio
1936 3359 2007 3415 ad

371 3425 810 3488 illuminandum
843 3434 1142 3505 populum,
1179 3438 1275 3508 qui
1309 3439 1549 3498 sedebat
1583 3441 1638 3498 in
1657 3445 1919 3502 tenebris
1949 3451 2007 3502 et

371 3516 576 3572 umbra
606 3519 828 3590 mortis,
864 3522 994 3592 quia
1030 3523 1082 3580 ei
1113 3523 1200 3581 sol
1224 3525 1472 3595 justitiw
1494 3545 1603 3586 non
1629 3530 1876 3602 luxerat,
1913 3549 2011 3590 ne-

373 3603 883 3692 quesplenduerat
905 3609 957 3666 ei
981 3611 1079 3668 lux
1103 3613 1388 3672 veritatis.
1417 3615 1542 3682 Quo
1556 3618 1763 3676 beatus
1777 3620 1870 3678 hic
1883 3635 2012 3692 per-

371 3691 628 3764 veniens,
655 3694 887 3754 dolebat
905 3699 1179 3772 populum
1196 3702 1482 3763 idolatriae
1496 3721 1626 3763 esse
1649 3691 1931 3780 deditum,
1951 3713 2009 3767 et

371 3785 631 3839 armatus
661 3783 772 3839 ﬁde
802 3791 1017 3845 sancta;
1031 3789 1353 3862 Trinitatis,
1373 3798 1790 3866 contempnens
1812 3813 2012 3870 super-

365 3882 606 3926 vacuam
639 3876 857 3929 sectam
889 3876 1212 3950 principum
1245 3883 1420 3938 terrae
1451 3887 1509 3938 et
1553 3883 1736 3942 minas
1783 3899 2007 3960 eorum,

368 3957 1137 4027 praedicabatiesumturbis
1162 3967 1614 4028 incredulorum.
1639 3957 2012 4034 Fundebatur

368 4044 709 4134 praedicatio
729 4050 928 4120 juncta
951 4053 1290 4127 virtutibus,
1306 4062 1363 4112 et
1383 4059 1801 4129 praelustratus
1821 4065 2012 4134 gratia

369 4130 562 4189 divina
583 4135 806 4193 feroces
827 4139 1129 4208 gentilium
1151 4147 1374 4200 mentes
1400 4146 1644 4203 salutari
1667 4130 2014 4212 mitescebat

2123 3183 2490 3243 convolabat.
2516 3181 2952 3253 Dejiciebantur
2973 3198 3089 3241 arae
3113 3184 3459 3258 daemonum,
3485 3192 3552 3244 et
3571 3203 3601 3245 a
3617 3204 3767 3246 novo

2119 3271 2454 3344 adoptionis
2486 3269 2700 3342 p0pulo
2727 3271 2996 3328 aacclesia
3026 3272 3372 3344 aediﬁcatur,
3402 3278 3462 3331 et
3509 3290 3543 3333 a
3591 3278 3764 3334 beato
3865 3293 3867 3318 ι

2119 3359 2392 3417 Sanctino
2421 3357 2476 3414 in
2499 3358 2718 3414 honore
2749 3359 2846 3414 Dei
2889 3365 3290 3417 consecratur.

2190 3445 2557 3504 Domicianus
2578 3448 2717 3502 tunc
2732 3445 2974 3502 Romani
2990 3445 3064 3502 im
3072 3447 3470 3518 periitenebat
3485 3451 3761 3524 insignia,

2119 3535 2370 3592 luxuriae
2393 3531 2648 3603 deditus,
2667 3532 2908 3588 avaritia
2927 3533 3153 3605 anxius,
3171 3549 3349 3606 opere
3362 3538 3646 3610 crudelis,
3665 3539 3759 3612 qui

2122 3623 2484 3694 majestatem
2510 3619 2865 3692 imperialem
2889 3621 3061 3678 nimia
3075 3623 3427 3682 crudelitate
3439 3626 3762 3698 polluerat.

2122 3713 2230 3779 Qui
2249 3710 2408 3768 velut
2431 3709 2522 3768 leo
2545 3709 2812 3780 inpastus
2826 3713 3160 3767 sanctorum
3175 3713 3516 3783 sanguinem
3530 3715 3767 3786 sitiens,

2123 3799 2431 3858 secundam
2465 3801 2595 3870 post
2623 3799 2906 3854 Neronem
2939 3797 2995 3854 in
3040 3799 3401 3858 Christianos
3445 3817 3772 3877 persequu-

2125 3888 2334 3946 tionem
2367 3887 2646 3944 excitavit
2678 3885 2799 3957 (fol.
2837 3886 2946 3958 13),
2977 3888 3034 3942 et
3065 3901 3167 3959 per
3201 3892 3267 3944 15
3299 3901 3504 3960 annos,
3551 3893 3774 3964 quibus

2123 3979 2441 4034 Romanum
2473 3973 2780 4046 imperium
2813 3973 3073 4030 indebite
3094 3975 3302 4046 tenuit,
3328 3975 3409 4034 ita
3434 3991 3558 4035 rem
3583 3979 3775 4052 publi-

2123 4080 2248 4122 cam
2277 4063 2526 4133 attrivit,
2563 4065 2622 4118 ut
2657 4059 2852 4118 nullus
2882 4061 2983 4118 illo
3011 4061 3308 4120 crudelior
3354 4064 3410 4120 in
3455 4068 3616 4125 omni
3669 4070 3776 4126 Ro-

2124 4167 2421 4210 manorum
2445 4152 2860 4223 imperatorum
2883 4149 3216 4208 inveniatur
3229 4166 3492 4210 numero.
3513 4157 3605 4213 Ad
3621 4173 3779 4215 com-

373 4217 659 4278 doctrina.
694 4223 1043 4296 Factumque
1072 4232 1178 4299 est,
1215 4239 1568 4304 cooperante
1588 4235 1640 4292 ei
1674 4237 1866 4296 divina
1897 4241 2016 4299 cle-
2043 4253 2095 4314 ι)
2125 4242 2483 4314 probandam
2506 4252 2642 4310 erga
2667 4237 2904 4295 deorum
2929 4237 3220 4296 culturam
3234 4255 3396 4298 suam
3413 4243 3774 4316 sacrilegam

376 4309 611 4381 mentia,
635 4314 694 4366 ut
711 4312 1099 4372 Carnotenses
1122 4317 1271 4375 viam
1290 4321 1512 4378 Domini
1536 4333 1938 4400 agnoscerent,
1955 4334 2015 4387 et

373 4395 729 4469 lenejugum
765 4401 984 4458 Domini
1015 4405 1297 4476 subjectis
1342 4409 1708 4469 voluntatum
1759 4395 2017 4476 humeris

375 4483 530 4572 ferre
558 4499 668 4542 non
700 4486 1117 4548 detrectarent.
1153 4493 1316 4560 Quod
1352 4497 1558 4555 beatus
1602 4501 1916 4572 Dyonisius
1961 4521 2018 4562 a-

377 4571 897 4648 nimadvertens,et
911 4580 1159 4648 gratiam
1175 4583 1416 4641 virtutis
1429 4585 1994 4650 divinaecoliaudans

374 4658 682 4734 ipsumque
713 4663 1021 4736 plurimum
1057 4669 1113 4726 in
1149 4685 1326 4742 opere
1357 4673 1797 4745 praedicationis
1825 4657 2018 4740 valere

370 4749 761 4823 perpendens,
787 4751 1165 4814 Meldensium
1189 4758 1418 4818 civibus
1433 4766 1728 4834 pastorem
1749 4768 1808 4822 et
1823 4766 2023 4826 docto-

2127 4329 2491 4388 devotionem
2513 4332 2563 4382 :5.
2591 4341 2740 4383 anno
2764 4325 2925 4396 regni
2941 4327 3321 4398 suitemplum
3336 4329 3777 4402 sinelignorum

2127 4417 2506 4475 ammixlione
2536 4415 2892 4486 construxit,
2920 4416 3074 4488 quod
3097 4417 3397 4475 Pantheon
3419 4420 3774 4492 appellavit.
3866 4489 3867 4492 η

2127 4508 2303 4563 Tanta
2337 4504 2530 4561 elatus
2554 4509 2645 4560 est
2678 4503 2974 4576 superbia,
3011 4507 3072 4562 ut
3105 4503 3275 4562 deum
3299 4519 3362 4563 se
3391 4510 3452 4562 et
3469 4507 3781 4568 dominum

2129 4591 2414 4666 appellari
2441 4591 2707 4663 jusserit.
2740 4591 2841 4648 Hic
2865 4590 3108 4649 audiens
3127 4591 3236 4666 (ep.
3264 4593 3537 4662 Hincm.)
3567 4597 3782 4654 famam

2130 4681 2287 4740 beati
2319 4679 2568 4752 Dyonisii
2604 4679 2659 4736 in
2691 4679 3066 4737 destruendis
3097 4679 3272 4738 idolis
3301 4686 3362 4738 et
3411 4683 3659 4755 populis
3710 4683 3784 4743 ad

2133 4769 2427 4828 Christum
2457 4766 2889 4838 convertendis,
2925 4766 3181 4842 lyctores
3215 4769 3270 4825 in
3322 4768 3542 4830 Gallias
3596 4772 3782 4842 misit,

1739 4861 1974 4921 vitam:
2015 4840 2415 4924 LECTIONES.

373 4938 415 4972 ¹²
445 4942 536 5000 ita
565 4957 622 5014 ιι,
655 4951 845 5003 mente
871 4947 1086 5006 Labbe.

1958 5031 2177 5090 ΝΟΤιΕ.

445 5127 571 5218 (_32_)_
583 5129 946 5218 iterationis
969 5147 1240 5218 magnam
1258 5135 1482 5218 partem
1507 5139 1620 5218 sibi
1645 5139 1924 5199 delibavit
1948 5159 2022 5202 ex
2125 5144 2634 5218 sm'iptafuerant

2701 5157 2804 5201 me
2829 5145 3024 5202 deleta
3043 5145 3116 5202 de
3131 5145 3263 5202 vita
3281 5146 3342 5203 et
3357 5145 3605 5208 actibus
3625 5150 3791 5210 beati

445 5159 558 5198 και)
583 5159 946 5209 “auat-mus
969 5159 1231 5203 magnam
1258 5159 1482 5208 partem
1507 5159 1620 5195 SlDl
1645 5159 1924 5199 uellDaVIt
1948 5159 2022 5202 ex
2125 5159 2804 5272 smptajmanq‘pmc
2829 5159 3116 5226 nemeae
3131 5159 3263 5202 vita
3281 5159 3342 5203 et
3357 5159 3605 5230 actions
3625 5159 3789 5210 acati

375 5197 669 5288 liipgﬂari
686 5201 950 5288 epistola
979 5204 1048 5288 ald
1073 5206 1874 5288 Karolum‘imperatorema
1907 5219 2011 5288 816
2120 5215 2408 5288 θαησιίηρ
2435 5228 2676 5288 reperi.
2713 5215 2936 5288 Revera
2969 5217 3337 5288 llinjcmarum
3367 5217 3520 5275 tales
3542 5219 3789 5280 litteras

371 5266 767 5357 vadata,
785 5273 1161 5357 quae'iptegra
1185 5281 1380 5333 exstat
1405 5266 1474 5357 inf
1488 5281 1647 5357 actis
1668 5266 1761 5338 SS.
1789 5266 2006 5357 Οἷιξνξ

371 5341 492 5428 ξςβϐ.
511 5339 570 5428 in
585 5327 2008 5428 epistolamHinem-awrlis‘recepit-i'ita'm'qua’mdain

372 5407 650 5494 §anctini,
685 5425 854 5482 quam
880 5413 1002 5494 ipse
1027 5415 1260 5494 juvenis
1292 5407 2009 5494 descripseratkeﬁquater;

372 5477 850 5567 niunc‘ulianuos
885 5477 1330 5567 wan'delmarus
1361 5477 1543 5567 abbas
1586 5477 2000 5567 S._Sanctini.—..

398 5562 439 5606 η
471 5549 591 5608 loco
619 5549 738 5611 sibi
765 5555 1071 5613 commisso
1096 5557 1274 5616 valde
1293 5559 1576 5620 contritas
1605 5563 1666 5621 et
1686 5549 1820 5636 qua;
1839 5549 1909 5623 in
1922 5549 2007 5625 iis

2122 5287 2192 5360 ad
2226 5285 3120 5360 Karolum’jcripsissedisertis
3153 5287 3350 5360 verbis
3381 5289 3604 5360 probat
3655 5293 3784 5350 Flo-

2121 5357 2378 5432 doardus
2405 5357 2638 5432 injiist.
2661 5357 2828 5432 '_Re_m.
2852 5357 2944 5432 lli,
2975 5361 3054 5432 18_
3068 5375 3083 5424 ;
3107 5371 3220 5413 non
3239 5357 3575 5432 audiendus
3602 5361 3791 5432 igitur

2117 5433 2209 5506 est
2231 5425 2450 5483 Calmet
2473 5426 2614 5482 Hist.
2638 5425 3008 5506 denLorraine
3030 5427 3071 5498 Ι,
3097 5444 3153 5500 p.
3179 5433 3266 5500 32,
3292 5429 3389 5500 qui
3420 5442 3526 5487 eas
3564 5425 3787 5506 su'ppo~

2116 5498 2264 5554 sitas
2294 5510 2428 5554 esse
2457 5501 2676 5554 censet.
2709 5497 2770 5553 Κ.
