3898 6328
149 340 213 399 '2‘.)
1363 333 1869 401 CHRONICON.
1900 371 1979 382 —
2008 333 2163 399 LIB.
2212 338 2256 399 ι.
3434 334 3511 400 30

152 468 234 540 qui
257 481 371 526 eum
404 468 701 528 inventum
724 474 787 527 et
821 472 1295 544 comprehensum
1328 472 1428 528 aut
1461 468 1633 527 idolis
1674 484 1760 527 sa-
1788 469 1844 530 A
1872 469 2309 529 Brittannicam.
2343 468 2525 529 Gallia
2560 485 2698 529 vero
2729 466 3149 542 Lugdunensis,
3184 466 3359 531 ducta
3408 484 3513 547 per

153 557 381 615 criﬁcare
410 566 710 629 cogerent,
748 566 847 617 aut
883 560 1121 619 diversis
1152 561 1455 634 suppliciis
1484 561 1758 616 affectum

150 647 469 703 occiderent.
498 648 657 715 Quos
680 649 780 705 ubi
802 651 1006 706 beatus
1024 651 1332 720 Dyomsius
1358 650 1501 705 fines
1517 648 1761 704 Parisio-

151 751 254 791 rum
274 737 737 807 appropinquare
761 741 1064 811 comperit,
1090 741 1421 797 Sanctinum
1447 744 1502 793 et
1523 737 1760 793 Antoni-

148 840 259 879 num
289 826 352 881 ad
383 839 445 881 se
467 827 747 882 accersiri
783 829 1072 884 mandavit
1106 830 1251 899 (Vit.
1297 827 1759 897 Sanctim’),qui-

146 913 237 967 bus
263 912 691 981 praedicationis
714 916 956 972 tradens
978 918 1247 986 officium,
1274 917 1588 972 ammonuit
1616 919 1674 970 ut
1704 915 1757 970 in

145 1000 237 1054 lide
263 1000 399 1056 firmi
440 1004 855 1075 persisterent,
900 1011 956 1059 et
1015 1010 1073 1061 ut
1131 1006 1471 1075 quantotius
1520 1007 1756 1060 Romam

147 1094 491 1159 properantes
526 1107 556 1146 a
591 1093 847 1163 praesule
881 1095 1039 1149 sedis
1092 1094 1434 1165 apostolicze
1484 1108 1759 1163 COOpera-

145 1182 278 1232 tores
306 1178 460 1234 verbi
494 1184 556 1235 et
588 1182 863 1237 doctores
896 1187 1263 1254 expeterent,
1300 1183 1431 1253 quia
1468 1183 1521 1237 in
1568 1196 1756 1236 messe

143 1264 295 1319 multa
328 1267 567 1322 sationis
591 1269 901 1326 Dominicze
935 1271 1190 1341 Operarii
1229 1271 1503 1343 perpauci
1536 1273 1753 1336 essent,

143 1352 222 1420 qui
246 1366 446 1409 sentem
470 1356 637 1410 verbi
662 1358 846 1413 sulcis
869 1360 1144 1415 mentium
1163 1361 1493 1418 crederent,
1525 1372 1761 1428 pl‘:BSCI'—

140 1439 226 1493 tim
255 1456 374 1495 cum
405 1447 459 1496 et
494 1443 753 1515 ipsejam
790 1447 856 1500 ad
890 1447 1099 1515 gaudia
1134 1448 1350 1501 Domini
1395 1447 1480 1503 sui
1527 1445 1761 1499 festina-

141 1531 233 1597 ret,
266 1533 315 1583 et
351 1532 677 1587 mercedem
711 1534 926 1589 laboris
967 1540 1021 1590 et
1075 1537 1271 1590 oneris
1311 1551 1338 1591 a
1380 1536 1471 1607 pio
1524 1534 1759 1589 Domino

142 1616 235 1670 sibi
266 1618 382 1671 dari
418 1625 800 1691 prmoptaret.

201 1706 602 1764 Consummato
636 1711 819 1779 igitur
853 1728 955 1782 per
980 1713 1239 1783 martyrii
1289 1712 1532 1784 palmam
1590 1714 1759 1767 beato

1873 559 2104 627 longum
2138 566 2194 616 et
2232 577 2332 632 per
2365 566 2676 630 augustum
2721 562 2887 629 ﬂexa,
2932 561 3336 632 Aquitanicam
3379 575 3512 633 pro-

1872 649 2118 703 vinciam
2154 650 2522 721 scmicingit;
2559 650 2730 707 habet
2763 649 2806 681 "
2839 651 2911 705 ab
2942 649 3167 706 oriente
3201 648 3509 719 Belgicam,

1871 751 1900 791 a
1932 737 2172 792 meridie
2206 742 2427 809 partem
2464 738 2776 809 provinciae
2798 738 3210 805 Narbonensis,
3237 752 3347 807 qua
3373 740 3511 792 Are-

1872 824 1956 879 las
1982 825 2092 880 sita
2118 832 2225 893 est,
2250 832 2305 881 et
2335 842 2489 882 mare
2514 827 2729 883 Gallico
2747 830 2803 881 et
2826 826 3084 881 Rhodani
3121 825 3332 882 ﬂumen
3367 826 3514 882 acci-

1871 912 2047 983 pitur.
2079 916 2468 971 Narbonensis
2493 915 2785 987 provincia
2809 914 2855 948 ²⁸
2878 915 3048 969 habet
3076 915 3149 971 ab
3172 914 3397 971 oriente
3422 913 3516 970 Al-

1871 1016 1972 1072 pes
2008 1003 2221 1071 Cotias,
2250 1006 2321 1059 ab
2340 1005 2646 1059 occidente
2670 1004 3038 1075 llyspaniam,
3066 1018 3094 1057 a
3121 1003 3303 1060 circio
3339 1002 3513 1073 Aqui-

1868 1098 2103 1165 taniam,
2141 1114 2167 1153 a
2205 1101 2625 1170 septemtrione
2651 1100 3113 1169 Lugdunensem,
3146 1100 3217 1155 ab
3243 1099 3513 1169 aquilone

1871 1185 2109 1242 Galliam
2144 1189 2428 1257 Belgicam
2450 1190 2513 1259 ”,
2540 1205 2567 1245 a
2596 1190 2833 1244 meridie
2859 1203 3013 1244 mare
3028 1187 3328 1257 Gallicum,
3349 1187 3504 1258 quod

1870 1278 1959 1329 est
1996 1275 2145 1331 inter
2180 1277 2497 1334 Sardiniam
2532 1282 2589 1332 et
2624 1278 2847 1333 insulas
2870 1277 3162 1332 Baleares.
3202 1275 3513 1346 Aquitania

1872 1362 2043 1418 habet
2070 1381 2097 1419 a
2125 1366 2302 1421 circio
2318 1382 2631 1422 oeceanum
2661 1368 2752 1436 qui
2780 1366 3160 1435 Aquitanicus
3184 1364 3349 1420 sinus
3373 1363 3510 1419 dici-

1870 1455 1968 1505 tur
1994 1454 2100 1513 :ob
2122 1469 2335 1509 occasu
2366 1455 2689 1525 Hispanias,
2715 1470 2743 1510 a
2769 1452 3187 1524 septemtrione
3210 1457 3264 1507 et
3283 1453 3512 1507 oriente

1872 1541 2308 1607 Lugdunensem
2333 1543 2395 1611 ’⁷,
2424 1545 2493 1599 ab
2515 1559 2656 1599 euro
2687 1548 2743 1599 et
2786 1543 3026 1598 meridie
3069 1542 3507 1597 Narbonensem

1877 1630 2225 1699 provinciam
2252 1633 2554 1702 contingit.
2585 1633 2885 1688 Provincia
2911 1636 3103 1687 autem
3123 1630 3289 1699 juxta
3305 1644 3512 1701 papam

1872 1716 2162 1785 Pelagium
2187 1725 2345 1775 certa
2368 1725 2454 1775 est
2480 1737 2607 1791 quae
2632 1723 2805 1777 habet
2828 1721 3027 1775 decem
3052 1719 3141 1775 vel
3169 1717 3215 1751 ’⁸
3245 1718 3513 1775 undecim

138 1794 400 1864 Dyonisio,
426 1811 478 1851 a.
515 1799 590 1852 ab
616 1797 725 1854 inc.
763 1800 921 1857 Dom.
954 1805 1043 1869 97,
1078 1817 1105 1856 a
1144 1803 1412 1872 passione
1439 1808 1628 1858 autem
1670 1804 1756 1869 64,
1792 1823 1843 1882 B
1873 1806 2145 1862 civitates
2170 1812 2227 1861 et
2254 1824 2425 1864 unum
2452 1825 2663 1879 regem,
2690 1815 2745 1865 et
2768 1809 3011 1864 totidem
3038 1808 3288 1863 minores
3322 1811 3515 1877 potes-

138 1882 305 1937 ;etatis
331 1889 521 1941 autem
554 1888 685 1955 ejus
717 1904 866 1943 anno
897 1891 1137 1945 circiter
1167 1896 1252 1955 90,
1305 1892 1529 1963 imperii
1578 1890 1762 1946 Domi-

138 1969 266 2024 ciani
294 1974 530 2030 caesaris
553 1976 864 2046 ingruente
896 1993 1044 2033 anno
1086 1981 1143 2033 16
1173 1980 1279 2051 (e1).
1319 1980 1601 2049 Hincm.)
1630 1980 1763 2034 San-

138 2059 374 2115 ctinuset
396 2064 726 2121 Antoninus
751 2069 1059 2139 praeceptis
1084 2070 1342 2139 magistri
1360 2072 1765 2142 obtemperan-

137 2152 229 2211 tes,
262 2162 383 2205 cum
417 2155 899 2223 persequutionis
932 2158 1185 2227 procella
1222 2158 1539 2214 detonante
1576 2158 1765 2230 predi-

138 2236 301 2292 cando
330 2240 398 2293 de.
434 2240 564 2297 loco
592 2244 662 2297 ad
689 2243 878 2300 locum
905 2252 1256 2316 cogerentur
1276 2249 1569 2315 secedere,
1596 2264 1765 2302 vene-

140 2331 256 2379 runt
284 2326 336 2381 in
370 2327 510 2385 lines
543 2330 749 2388 Galliae
786 2333 1049 2405 Belgicae,
1084 2341 1139 2391 et
1175 2337 1446 2407 praeduce
1464 2336 1648 2406 gratia
1684 2336 1766 2391 di-

143 2412 269 2479 vina,
304 2431 678 2489 quocumque
730 2423 1060 2487 veniebant,
1116 2425 1328 2481 Christi
1374 2425 1765 2496 loquebantur

144 2506 421 2573 magnalia.
460 2508 697 2576 Belgica
723 2509 766 2543 ³³
796 2517 988 2567 autem
1042 2513 1219 2568 Gallia
1268 2530 1400 2585 pars
1440 2520 1525 2571 est
1570 2515 1765 2571 Gallizc

141 2591 242 2657 (fol.
276 2598 363 2649 12⁸ι
392 2597 411 2665 )
438 2597 604 2653 dicta
639 2614 667 2652 a
695 2599 934 2655 civitate
968 2618 1094 2671 quae
1129 2602 1316 2671 Belgis
1358 2602 1593 2673 dicitur,
1639 2619 1766 2673 quac

143 2685 219 2734 est
244 2682 501 2741 Treveris
526 2687 647 2757 (33)
675 2687 780 2758 [ΕΓ.
811 2689 1036 2745 Bicher.
1063 2692 1106 2759 Ι,
1134 2690 1204 2760 1].
1234 2691 1415 2746 Gallia
1440 2707 1770 2747 veroacan-

146 2768 266 2825 dore
298 2773 493 2843 populi
530 2775 831 2845 appellata
856 2784 967 2853 est,
1001 2779 1128 2847 gala
1162 2779 1203 2811 υ
1231 2781 1380 2835 enim
1425 2780 1511 2835 lac
1554 2781 1769 2837 dicitur

149 2855 294 2925 (Isid.
319 2862 569 2932 ET.X[V,
600 2866 649 2922 4,
668 2864 779 2934 25].
808 2866 1031 2922 Montes
1051 2868 1199 2922 enim
1225 2872 1282 2923 et
1326 2868 1484 2937 rigor
1525 2867 1656 2923 cceli
1700 2869 1770 2924 ab

148 2958 200 3000 ea
223 2954 375 3017 parte
398 2950 545 3005 solis
580 2952 851 3007 ardorem
884 2954 1221 3011 excludunt.
1258 2959 1413 3011 llanc
1446 2956 1516 3011 ab
1548 2956 1771 3011 oriente

150 3032 348 3104 Alpium
377 3038 514 3108 juga
546 3043 816 3107 tuentur,
853 3042 924 3096 ab
973 3058 1187 3099 occasu
1220 3045 1485 3101 Oceanus
1527 3044 1769 3101 includit

136 3114 183 3153 “
204 3138 228 3177 a
252 3126 481 3183 meridie
498 3133 842 3200 preterupta
859 3131 1139 3201 Pyrenaei,
1159 3147 1187 3187 a
1205 3134 1620 3204 septemtrione
1636 3135 1775 3189 Bhe-

149 3210 193 3263 ni
215 3212 415 3271 ﬂuenta
446 3221 504 3271 et
542 3217 1072 3289 Germania.Cujus
1096 3221 1334 3277 inicium
1362 3222 1611 3292 Belgica,
1646 3223 1775 3278 ﬂnis

148 3313 267 3357 vero
287 3307 372 3359 est
397 3305 737 3375 Aquitania.
766 3308 861 3362 Est
888 3306 932 3339 “
954 3313 1145 3365 autem
1168 3310 1327 3379 regio
1348 3309 1517 3380 gleba
1533 3312 1697 3367 uberi
1717 3318 1776 3367 et

150 3389 401 3456 pabulosa
432 3398 493 3449 et
537 3394 610 3449 ad
658 3410 825 3451 usum
878 3396 1253 3454 animantium
1297 3404 1452 3469 apta,
1488 3404 1547 3455 ut
1585 3400 1773 3456 l‘crunt

149 3478 229 3545 qui
251 3479 390 3537 situs
414 3486 713 3539 terrarum
739 3484 1201 3556 descripserunt,
1227 3487 1557 3545 ﬂuminibus
1578 3491 1633 3542 et
1661 3490 1779 3545 fou-

148 3564 287 3623 tibus
309 3568 548 3641 irrigua,
580 3573 817 3642 perfusa
844 3571 884 3604 ¹⁷
910 3572 1138 3631 duobus
1162 3575 1384 3644 magnis
1408 3576 1599 3633 ﬂuviis
1633 3578 1777 3633 Rhe-

150 3666 210 3709 no
227 3659 281 3711 et
310 3657 609 3715 Rhodano.
648 3660 939 3732 Cisalpina
972 3667 1164 3718 autem
1200 3662 1378 3718 Gallia
1411 3668 1497 3719 est
1539 3664 1692 3720 circa
1734 3662 1777 3697 ¹⁸

149 3744 321 3817 Alpes,
356 3750 729 3821 transalpina
764 3756 929 3807 trans
962 3752 1136 3825 Alpes
1164 3758 1368 3809 contra
1409 3755 1776 3825 septemtrio-

147 3846 277 3905 nem,
310 3837 535 3893 Rhaetia
568 3836 612 3871 ¹⁹
638 3839 808 3908 juxta
841 3841 1101 3897 Rhenum
1146 3842 1247 3912 )ib.
1300 3843 1409 3914 26).
1464 3843 1772 3913 Aquitania

149 3928 317 3980 autem
350 3927 419 3981 ab
464 3927 730 3998 obliquis
771 3930 937 4000 aquis
978 3931 1165 4000 Ligeri
1208 3931 1475 4001 ﬂuminis,
1515 3933 1610 4002 qui
1646 3946 1771 3987 eam

147 4024 272 4080 pene
303 4013 355 4069 in
387 4015 592 4071 orbem
622 4016 828 4087 cingit,
872 4022 958 4074 est.
1008 4018 1294 4090 appellata
1347 4021 1460 4090 (34)
1510 4020 1610 4090 (ib.
1658 4021 1770 4091 27).

150 4096 322 4155 Gallos
353 4101 555 4173 itaque
587 4110 800 4159 natura
833 4105 1055 4162 feroces
1077 4111 1133 4161 et
1165 4106 1211 4138 ²⁰
1232 4107 1490 4163 acriores
1523 4123 1651 4163 esse
1692 4108 1773 4163 in-

148 4188 296 4254 genio
318 4196 526 4247 natura
560 4191 861 4248 climatum
898 4194 1054 4264 facit,
1086 4194 1345 4252 Etblcus
1376 4196 1551 4252 situm
1575 4196 1772 4254 Gallia)

151 4273 468 4336 describens
520 4285 777 4349 quatuor
827 4280 953 4350 ejus
997 4282 1205 4338 asserit
1258 4299 1389 4339 esse
1446 4285 1773 4355 provincias

152 4363 462 4439 [.Ermcus],
500 4368 743 4425 Galliam
782 4370 1066 4440 Belgicam
1091 4376 1147 4426 et
1175 4371 1413 4428 Galliam
1436 4373 1775 4443 Lugdunen—

150 4466 271 4523 sem,
304 4455 744 4511 Narbonensem
782 4472 1010 4528 quoque
1043 4459 1399 4530 provinciam
1432 4463 1489 4516 et
1540 4461 1776 4531 Aquita-

1872 1896 2028 1947 tates
2054 1896 2159 1949 sub
2180 1910 2259 1961 se,
2288 1902 2342 1951 et
2372 1912 2544 1952 unum
2576 1897 3112 1968 metrOpolitanum,
3146 1896 3202 1950 et
3237 1894 3517 1963 sull‘raga-

1876 1996 2014 2036 neos
2035 1982 2230 2039 decem
2258 1985 2345 2040 vel
2374 1987 2635 2041 undecim
2659 1987 2966 2057 epiSCOpos
3003 1985 3259 2055 judices;
3283 1984 3352 2039 ad
3378 1997 3516 2053 quo-

1876 2085 1998 2125 rum
2019 2070 2297 2139 judicium
2321 2090 2521 2129 omnes
2542 2075 2947 2144 episcoporum
2973 2080 3030 2128 et
3054 2074 3428 2128 sacerdotum
3447 2085 3514 2126 ac

1877 2161 2177 2217 civitatum
2211 2178 2399 2219 causa;
2455 2166 2797 2218 referantur.
2870 2165 3003 2218 Post
3056 2160 3513 2218 destructionem

1878 2264 2106 2320 quoque
2140 2250 2529 2306 Wandalicam
2565 2266 2691 2321 quas
2727 2252 2843 2305 l‘ere
2876 2255 3062 2305 totum
3112 2248 3515 2321 pessumdedit

1876 2338 2199 2393 occidentis
2220 2344 2278 2393 et
2301 2340 2543 2394 orientis
2560 2339 2883 2409 imperium,
2903 2340 3011 2393 Leo
3029 2352 3169 2409 papa
3188 2336 3517 2407 provincias

1877 2427 2199 2483 distribuit.
2224 2430 2394 2501 Juxta
2416 2428 2721 2482 modernos
2744 2441 2879 2482 vero
2897 2426 3189 2482 Gallorum
3209 2424 3514 2497 provincia}

1878 2521 2011 2571 sunt
2056 2522 2135 2571 t7.
2183 2516 2370 2571 Prima
2415 2515 2585 2571 sedes
2625 2514 2937 2571 Galliarum
2982 2513 3383 2585 Lugdunensis
3421 2516 3513 2568 est

1876 2620 2005 2659 cum
2057 2605 2248 2659 tribus
2313 2605 2434 2661 suis
2480 2604 2813 2675 provinciis,
2862 2604 2917 2673 2)
2968 2602 3400 2671 Rotomagensi,
3463 2602 3517 2669 3)

1879 2691 2199 2746 Turonensi
2233 2697 2289 2745 et
2324 2694 2374 2761 4)
2411 2690 2747 2757 Senonensi,
2798 2694 2849 2761 5)
2891 2689 3115 2759 Belgica
3166 2688 3347 2760 prima
3391 2702 3518 2758 qua:

1880 2784 1967 2833 est
1992 2779 2262 2843 Treviris,
2288 2779 2342 2847 6)
2370 2779 2594 2847 Belgica
2622 2779 2896 2848 secunda,
2928 2794 3054 2848 quae
3077 2781 3164 2833 est
3190 2776 3444 2846 Rbemis,
3464 2775 3521 2845 ’7)

1883 2867 2181 2922 Germania
2237 2867 2439 2937 prima,
2496 2868 2935 2937 Magontiacum,
2984 2867 3039 2937 8)
3090 2864 3392 2921 Germania
3434 2877 3523 2919 se-

1882 2954 2089 3025 cunda,
2122 2954 2378 3021 Colonia,
2414 2956 2467 3026 9)
2501 2956 2738 3011 Maxima
2774 2960 3187 3027 Sequanorum,
3219 2951 3517 3020 Vesontio,

1886 3044 1972 3114 10)
2005 3043 2179 3115 Alpes
2212 3045 2401 3099 Grataa
2430 3043 2494 3114 ’9,
2526 3045 2886 3114 Darentasia,
2924 3043 3007 3113 11)
3040 3041 3381 3097 Viennensis
3432 3041 3520 3109 12)

1886 3132 2277 3188 Narbonensis
2341 3133 2544 3203 prima,
2612 3133 2697 3203 13)
2768 3131 3162 3188 Narbonensis
3244 3127 3520 3197 secunda,

1842 3211 1855 3233 ‘
1889 3220 2203 3291 Aquensis,
2228 3222 2313 3290 14)
2336 3221 2641 3292 Aquitania
2667 3222 2871 3293 prima,
2895 3219 3205 3289 Bituriges,
3232 3218 3320 3289 15)
3352 3216 3526 3287 Aqui-

1890 3309 2045 3364 tania
2098 3310 2376 3378 secunda,
2432 3309 2772 3379 Burdcgala,
2836 3313 2898 3365 16
2962 3309 3139 3381 Alpes
3204 3306 3520 3375 Maritimze,

1889 3397 2279 3467 Ebredunum,
2316 3404 2379 3454 17
2430 3401 2643 3454 Novem
2694 3398 3008 3470 Populana,
3056 3396 3234 3454 Anxia
3284 3395 3526 3467 (notitia

1883 3485 2091 3556 prec.)
2112 3486 2182 3541 La
2217 3486 2508 3558 provincia
2536 3486 2713 3557 igitur
2738 3486 2983 3557 Belgica:
3008 3485 3208 3558 prima:
3233 3484 3374 3541 urbs
3396 3486 3521 3539 erat

1890 3572 2075 3644 posita
2109 3573 2163 3629 in
2197 3574 2447 3630 conﬁnio
2471 3575 2756 3631 Neustrim
2778 3578 2834 3630 et
2862 3573 3185 3631 Austrasim
3208 3572 3525 3629 Virdunum

1889 3662 2136 3732 nomine,
2174 3677 2342 3733 quam
2372 3663 2594 3733 antiqui
2618 3670 2677 3719 et
2700 3663 2872 3719 etiam
2898 3662 3160 3718 moderni
3183 3662 3383 3718 urbem
3405 3658 3529 3715 Cla-

1887 3766 2089 3807 vorum
2125 3757 2561 3807 consueverunt
2592 3751 2910 3823 appellare.
2954 3749 3410 3821 Ethymologiam
3435 3763 3534 3803 au-

1888 3845 2003 3893 tem
2036 3839 2283 3895 nominis
2314 3839 2483 3908 hujus
2518 3841 2669 3909 quod
2701 3842 2789 3895 est
2832 3840 2973 3894 urbs
3023 3838 3351 3905 Clavorum,
3406 3836 3530 3906 ipsa

1888 3927 2054 3983 nobis
2077 3942 2203 3996 quae
2228 3926 2349 3981 sola
2371 3926 2801 3995 praatcritarum
2825 3940 3020 3981 rerum
3036 3926 3207 3981 habet
3226 3923 3531 3980 scientiam

1887 4015 2140 4084 signavit
2163 4014 2502 4084 antiquitas,
2527 4013 2680 4085 quod
2708 4012 2930 4069 scilicet
2956 4014 3030 4069 ob
3054 4013 3109 4069 id
3134 4012 3211 4067 ita
3238 4012 3311 4067 sit
3336 4009 3537 4081 appel-

1892 4104 2031 4173 lata,
2065 4103 2217 4174 quod
2237 4119 2265 4159 a
2289 4102 2579 4174 lapidibus
2598 4102 2982 4175 praemaximis
3008 4102 3161 4159 ferro
3179 4099 3534 4173 plumboque

1883 4192 2203 4263 compactis
2224 4197 2283 4247 et
2306 4192 2594 4249 consertis
2616 4191 2832 4262 ingenti
2870 4206 3012 4248 cura
3050 4188 3407 4248 etstudiosit
3440 4201 3538 4242 ex-

1888 4285 2097 4337 tructa.
2136 4282 2250 4337 Cur
2280 4287 2472 4337 autem
2504 4286 2710 4337 vocata
2736 4280 2807 4337 sit
2828 4280 3222 4350 Verodunum,
3251 4294 3383 4336 cum
3414 4278 3515 4336 diu

1886 4370 2007 4425 tius
2043 4369 2097 4425 in
2123 4370 2437 4441 scripturis
2462 4369 2878 4440 quesissemus,
2910 4370 3020 4426 hoc
3042 4369 3226 4426 solum
3250 4367 3418 4424 nobis
3440 4382 3535 4424 oc-

1888 4473 2127 4515 currere
2149 4458 2358 4529 potuit.
2386 4458 2537 4528 quod
2557 4474 2685 4514 cum
2710 4458 3001 4515 delectum
3021 4457 3263 4514 militem
3288 4471 3391 4528 per
3414 4455 3539 4512 Gal-

152 4540 302 4597 uiam.
336 4545 404 4599 Et
437 4544 684 4600 Galliam
712 4545 945 4615 quidem
972 4528 1256 4618 Belgicam
1283 4548 1425 4605 dicit
1447 4550 1518 4604 ab
1550 4528 1775 4606 oriente
1806 4528 1857 4586 D
1890 4547 1999 4605 lias
2017 4528 2206 4604 Julius
2224 4551 2443 4617 ageret,
2468 4546 2713 4604 Verolus
2729 4548 2960 4618 quidam
2978 4546 3314 4617 praedictam
3330 4546 3534 4601 urbem

152 4626 344 4687 habere
377 4632 620 4688 limitem
654 4634 839 4689 Rheni
880 4635 1133 4693 ﬂuminis
1156 4636 1275 4693 et“
1298 4638 1678 4708 Germaniam,
1705 4640 1777 4695 ab

151 4730 275 4774 euro
302 4721 480 4791 Alpes
514 4721 808 4778 Penninas
833 4722 898 4794 ”,
927 4740 954 4779 a
985 4726 1227 4783 meridie
1258 4728 1615 4798 provmciam
1639 4730 1777 4783 Nar-

153 4805 473 4879 bonensem,
510 4810 583 4865 ab
616 4825 834 4866 occasu
880 4811 1338 4882 Lugdunensem,
1386 4829 1414 4869 a
1461 4815 1643 4871 circio
1683 4830 1777 4871 oc-

154 4910 372 4953 ceanum
408 4898 864 4969 Brittannicum,
903 4914 931 4956 a
978 4899 1023 4933 ’³
1068 4903 1488 4974 septemtrione
1531 4902 1774 4960 insulam

1890 4639 2282 4708 obpugnatam
2317 4635 2372 4690 in
2404 4635 2569 4691 fedus
2602 4635 2846 4707 recepit,
2879 4650 2909 4691 a
2936 4650 3048 4706 quo
3069 4641 3129 4690 et
3151 4648 3355 4689 nomen
3380 4647 3538 4690 sum-

1893 4725 2028 4798 psit,
2068 4729 2129 4781 ut
2163 4727 2474 4780 vocaretur
2498 4723 2865 4779 Verodunum
2899 4722 3068 4794 quasi
3092 4719 3533 4791 Verolidunum,

1890 4816 2046 4871 sicut
2073 4817 2130 4869 et
2165 4813 2235 4869 ab
2268 4815 2532 4881 Augusto
2560 4812 2717 4868 Edua
2751 4816 2954 4867 vocata
3019 4815 3111 4867 est
3161 4810 3538 4879 Augustodu-

1888 4917 2043 4959 num.
2070 4902 2280 4957 Postea
2304 4913 2441 4955 vero
2462 4913 2493 4956 0
2517 4898 2711 4955 littera
2741 4901 2962 4955 mutata
2985 4897 3039 4952 in
3063 4910 3110 4966 θ,
3138 4896 3292 4955 dicta
3314 4899 3402 4953 est
3434 4896 3542 4954 Ve-

1496 5026 1732 5083 VARle
1773 5027 2067 5085 LECTION
2072 5026 2172 5081 ES.

214 5113 253 5197 ‘f
282 5116 418 5197 Belg
433 5117 575 5197 qun
603 5115 865 5197 ᾴειειξιθη
892 5118 956 5197 ip}
985 5123 1215 5197 codice:
1241 5124 1283 5158 1‘
1304 5126 1440 5197 jam
1468 5124 1740 5197 deletam.
1780 5122 2166 5197 f‘incluqu
2192 5122 2463 5197 (teletam.
2509 5121 2681 5197 “Bst
2710 5124 2903 5197 autem
2934 5133 3037 5197 reg
3066 5120 3278 5178 deleta.
3296 5119 3535 5197 _"_pert‘.

153 5183 412 5263 deletqu
435 5183 467 5263 '_
489 5186 533 5263 ‘f
562 5186 715 5263 citra
747 5188 829 5263 Is.
863 5259 873 5263 _
908 5189 951 5223 ι’
981 5193 1142 5251 rbaet
1175 5183 1449 5252 deletum.
1530 5196 1576 5228 ’°
1601 5201 1662 5253 et
1693 5195 1905 5253 deleta.
1983 5183 2331 5263 1“'dcletum.
2409 5192 2454 5225 ¹²
2484 5192 2691 5250 addito
2716 5193 2757 5247 A
2791 5183 3123 5263 Appeninas
3150 5183 3405 5263 οωοφὶαἰὶ
3429 5206 3539 5249 au-

153 5256 279 5340 ςροτ,
355 5255 401 5288 ²³
429 5257 707 5315 deletum.
789 5258 832 5291 ²⁴
859 5259 913 5316 h.
951 5263 1220 5323 deletum.
1304 5267 1346 5300 ’⁵
1380 5283 1483 5340 pro
1515 5267 1787 5324 deletum.
1866 5265 1910 5299 ²⁶
1938 5265 2213 5322 deletum.
2290 5262 2334 5296 ’7
2364 5264 2404 5318 L
2439 5263 2711 5321 deletam.
2792 5255 2959 5319 "'vel
2987 5263 3259 5322 deletum.
3304 5255 3383 5296 ⁷²⁹
3409 5263 3452 5320 i.
3484 5275 3534 5319 θ.

156 5325 346 5382 Graiae.

1736 5434 1956 5490 NOT.E.

222 5542 330 5615 (33)
352 5559 409 5615 ᾳ.
433 5538 564 5603 e,T.
593 5550 805 5608 desunt
840 5547 895 5603 in
927 5549 1165 5609 Isidoro.

226 5618 331 5687 (35)
364 5618 497 5684 Quae
528 5626 627 5681 hic
649 5628 708 5680 et
742 5617 885 5677 infra
918 5620 986 5677 de
1017 5621 1326 5695 Aquitania
1369 5620 1643 5691 leguntur
1694 5621 1787 5679 iis-

1796 5552 1811 5575 λ
1896 5548 2037 5623 d_em_
2059 5546 2256 5623 verbis
2290 5543 2443 5623 apud
2467 5544 2808 5623 Herigerum
2840 5546 2980 5602 Gest
3042 5558 3173 5623 epp.
3228 5542 3398 5599 Leod.
3450 5543 3535 5599 41.

1896 5620 1963 5676 Μ.
2001 5619 2062 5673 G.
2100 5619 2193 5674 SS.
2230 5615 2622 5673 inveniuntur.
2658 5617 2721 5673 Κ.
