3898 6322
369 299 436 361 81

1326 300 1696 367 HUGONIS
1736 297 2087 364 ABBATIS
2129 296 2806 363 FLAVINIACENSIS

3676 309 3745 369 32

370 428 680 504 redunum,
709 436 775 491 ut
798 435 1050 493 testatur
1072 433 1426 493 Fortunatus
1449 435 1582 509 (3:5).
1602 432 2010 494 Modernivero
2040 431 2096 492 A
2128 428 2330 489 flcatas
2363 431 2655 504 quondam
2679 437 2737 489 et
2773 431 2896 489 suis
2927 432 3290 506 temporibus
3337 433 3560 496 dirutas
3597 452 3748 513 repa-

371 534 404 576 a
431 521 822 579 viridantibus
845 523 1050 594 pratis,
1075 522 1166 581 vel
1189 523 1342 595 quod
1369 524 1534 596 quasi
1559 539 1788 597 semper
1802 523 2007 595 vireat,

374 608 578 666 dicunt
609 625 735 666 eam
768 611 1111 682 Virdunum,
1146 613 1306 684 quasi
1338 613 1523 669 viride
1554 613 1790 670 dunum.
1835 611 2014 671 Has”

373 703 568 754 autem
599 714 802 757 omnes
828 701 1227 770 conjectiones
1265 703 1526 759 )Etbicus
1581 703 1635 758 in
1683 715 2014 772 cosmogra-

375 787 508 860 pliia
540 788 879 859 excludens,
914 789 968 845 in
1002 791 1307 847 ltincrario
1340 793 1535 849 mundi
1565 797 1736 848 vocat
1757 806 1890 847 eam
1923 791 2014 846 Vi-

380 875 694 948 rodunum,
745 879 820 934 ob
865 879 1118 935 virorum
1168 880 1400 936 fortium
1451 880 1792 937 industriam
1843 879 2012 950 longe

378 961 613 1034 lateque
645 964 1020 1022 celebratam.
1054 967 1212 1024 Situs
1237 969 1398 1024 urbis
1432 967 1616 1038 ipsius
1645 968 1765 1039 ipsa
1798 967 1888 1024 sui
1919 981 2014 1038 po-

382 1053 599 1110 sitione
631 1055 1017 1128 delectabilis,
1051 1072 1218 1128 quam
1249 1058 1596 1130 praiterlluit
1627 1059 1776 1114 Mosa
1808 1057 2017 1114 ﬂuvius

379 1141 502 1213 ipsa
538 1143 624 1199 sui
661 1145 972 1202 fertilitate
999 1149 1058 1202 et
1082 1146 1454 1203 viridantium
1484 1150 1777 1218 pratorum
1809 1147 2019 1216 grami-

381 1244 486 1286 nea
524 1230 772 1301 planicie
800 1233 1613 1305 jocundus(l’z’t.Sanctini).
1656 1236 1807 1291 Gens
1856 1234 2019 1291 urbis

386 1317 574 1389 ipsius
603 1321 804 1390 effera,
829 1321 1012 1378 cultui
1047 1324 1351 1379 demouum
1393 1323 1609 1392 dedita,
1649 1323 1832 1380 totius
1877 1323 2022 1380 veri‘

385 1407 530 1463 tatis
563 1408 784 1477 ignara.
819 1410 1025 1466 Nullus
1054 1410 1121 1467 ad
1153 1425 1273 1466 eam
1308 1411 1573 1466 veritatis
1622 1427 1810 1482 praeco
1854 1427 2022 1469 vene-

382 1501 494 1565 rat,
544 1511 674 1552 cum
718 1499 895 1554 urbes
946 1500 1001 1554 in
1047 1500 1298 1556 circuitu
1347 1499 1568 1570 positas
1627 1500 1856 1558 divinus
1904 1502 2020 1571 jam

385 1583 666 1654 Splendor
698 1587 1038 1644 irradiasset
1069 1587 1310 1659 (fol.13).

452 1673 536 1728 Ad
571 1674 716 1730 hanc
749 1691 890 1744 ergo
925 1677 1124 1732 urbem
1163 1693 1290 1732 cum
1328 1677 1488 1733 socio
1523 1677 1870 1748 perveniens
1890 1679 2021 1733 bea-

2125 526 2424 590 raverunt,
2462 524 2660 578 sedem
2694 522 2865 578 habet
2892 521 3291 594 requietionis.
3325 523 3486 591 Quod
3509 526 3748 598 qualiter

2123 607 2195 664 de
2225 608 2349 680 ipso
2371 608 2496 680 ejus
2520 609 2922 667 sacratissimo
2943 625 3191 682 corpore
3213 610 3514 684 acciderit,
3536 629 3663 672 cum
3675 616 3751 672 vi-

2121 693 2332 753 delicet
2380 697 2603 769 proprii
2652 696 2868 754 laboris
2913 697 2968 753 in
3005 699 3163 768 {urbe
3209 697 3482 757 Meldensi
3526 715 3747 761 cursum

2119 785 2634 856 consummaverit,
2669 800 2918 858 sequens
2941 801 3130 844 sermo
3161 801 3269 844 suo
3301 785 3358 844 in
3409 785 3536 847 loco
3572 788 3750 848 decla-

2123 872 2294 928 rabit.

2196 961 2411 1018 Beatus
2442 959 2638 1032 itaque
2663 962 2972 1020 Sanctinus
2993 962 3196 1020 videns
3211 963 3485 1036 populum
3504 965 3753 1024 civitatis

2127 1047 2370 1106 multum
2397 1050 2500 1105 sed
2525 1049 2812 1108 idolatriae
2835 1065 3036 1108 errore
3059 1055 3341 1110 caecatum
3367 1052 3489 1124 (fol.
3511 1053 3618 1127 14),
3636 1069 3754 1128 pre-

2128 1135 2330 1194 videns
2361 1137 2534 1194 etiam
2568 1138 2624 1194 in
2655 1139 2863 1210 spiritu
2898 1139 3114 1197 ostium
3147 1156 3413 1212 magnum
3445 1148 3506 1200 et
3527 1143 3754 1202 evidens

2130 1225 2240 1282 sibi
2273 1231 2538 1298 apertum
2571 1227 2626 1282 in
2648 1228 2910 1299 Domino,
2942 1229 3290 1286 deliberavit
3322 1244 3452 1288 cum
3483 1231 3640 1289 socio
3661 1231 3755 1288 ali-

2132 1315 2472 1385 quantulum
2497 1316 2774 1372 remorari
2800 1316 2853 1372 in
2873 1317 2996 1374 loco
3013 1317 3157 1390 ipso.
3185 1319 3304 1375 Non
3319 1322 3445 1374 erat
3461 1319 3756 1379 hoctrans—

2129 1405 2293 1473 gredi
2321 1412 2607 1476 praecepta
2633 1405 2918 1476 magistri,
2953 1407 3000 1462 si
3034 1412 3092 1463 et
3126 1407 3268 1464 istos
3300 1407 3660 1481 lucrifacere,
3701 1414 3754 1467 et

2133 1493 2400 1548 mandata
2445 1493 2707 1562 magistri
2759 1495 2845 1550 sui
2902 1494 3154 1551 ﬁdeliter
3201 1502 3394 1566 posset
3428 1497 3753 1570 adimplere.

2132 1581 2360 1635 Ponens
2386 1595 2526 1650 ergo
2555 1595 2713 1651 spem
2745 1596 2906 1636 suam
2932 1581 2988 1636 in
3012 1583 3270 1652 Domino,
3306 1587 3364 1639 et
3397 1597 3460 1641 se
3492 1583 3574 1640 illi
3619 1599 3760 1642 com-

2134 1669 2391 1738 mittens,
2425 1669 2602 1725 corde
2632 1669 2890 1725 contrito
2938 1675 2998 1726 et
3043 1670 3346 1727 humiliato
3398 1672 3759 1745 progreditur

374 1763 474 1816 tus
506 1763 816 1819 Sanctinus
840 1764 936 1834 (cf.
961 1765 1200 1821 Bertar.
1225 1781 1273 1820 c.
1301 1765 1374 1835 ‘2),
1402 1770 1460 1819 et
1485 1765 1684 1820 videns
1707 1780 1906 1821 omnes
1934 1765 2015 1820 in-
2051 1783 2104 1846 Β
2133 1756 2204 1812 ad
2239 1773 2281 1828 P‘

2197 1757 2204 1810 ι
2239 1756 2534 1828 populum,
2572 1757 2814 1828 replicat
2843 1759 2980 1815 Jcsu
3015 1758 3227 1816 Christi
3249 1761 3649 1831 :evangelium.
3673 1761 3761 1817 Mi-

368 1847 704 1906 liabitantes
757 1851 1044 1908 idolatriae
1075 1853 1308 1909 deditos
1337 1858 1394 1908 et
1447 1855 1667 1924 absque
1703 1855 1814 1909 Deo
1855 1869 2014 1924 vero,

370 1937 524 1992 humi
588 1943 919 2009 prostratus
968 1942 1321 2011 precabatur
1382 1942 1566 1997 Deum
1624 1942 1908 1998 attentius
1957 1947 2019 1998 ut

380 2024 597 2095 populo
620 2026 844 2081 sedenti
878 2027 931 2082 in
968 2028 1202 2096 regione
1228 2030 1447 2085 umbrae
1479 2029 1682 2085 mortis
1709 2029 1903 2086 lumen
1933 2045 2022 2087 os-

378 2113 649 2168 tenderet
682 2115 970 2172 veritatis.
999 2117 1042 2170 0
1065 2117 1253 2172 oratio
1285 2118 1399 2172 Deo
1428 2121 1594 2187 grata
1627 2122 1686 2173 et
1717 2119 2017 2190 speciosa!

379 2201 676 2270 spceciosa
711 2203 964 2273 inquam,
1003 2205 1150 2260 facta
1183 2209 1350 2260 estet
1382 2205 1580 2261 suavis
1611 2206 1665 2260 in
1701 2213 2018 2276 conspectu

367 2286 573 2356 gloriae
597 2291 803 2344 summi
827 2292 950 2346 Dei.
977 2295 1090 2347 Hec
1118 2294 1399 2348 subvecta
1421 2294 1672 2358 geminis
1692 2295 1819 2364 alis,
1845 2294 2021 2351 dilec-

377 2375 563 2432 tionis
597 2377 694 2432 Dei
719 2377 992 2434 videlicet
1026 2387 1084 2434 et
1119 2380 1386 2450 proximi,
1415 2381 1598 2436 libero
1631 2381 2020 2438 volatu-celos

369 2464 542 2534 petiit
566 2470 622 2520 et
649 2466 702 2520 in
735 2473 1050 2538 conspectu
1073 2467 1481 2539 Redemptoris
1508 2471 1652 2526 facta
1683 2475 1773 2527 est
1799 2475 1858 2527 ut
1882 2471 2020 2528 thus

370 2553 503 2607 miri
539 2553 756 2610 odoris.
796 2557 876 2610 Au
913 2572 1020 2609 non
1061 2558 1204 2611 faita
1237 2563 1328 2612 est
1376 2558 1565 2614 fumus
1617 2560 1746 2614 boni
1797 2560 2017 2631 odoris,

367 2653 501 2696 cum
535 2641 605 2698 de
630 2657 810 2712 manu
843 2644 1036 2713 angeli
1072 2645 1325 2700 tcncutis
1357 2646 1718 2704 thuribulum
1743 2649 2018 2705 ascendat

373 2726 569 2787 fumus
599 2735 944 2801 aromatum,
981 2747 1108 2804 quae
1142 2738 1278 2790 sunt
1310 2735 1607 2791 orationes
1644 2739 2022 2793 sanctorum?

365 2819 424 2872 et
459 2817 514 2872 in
549 2819 882 2890 Apocalipsi
923 2821 1134 2892 viginti
1187 2828 1438 2893 quatuor
1475 2823 1741 2882 seniores
1771 2830 1930 2882 stant
1963 2826 2020 2882 in

367 2912 688 2976 conspectu
724 2907 952 2979 throni,
989 2914 1256 2966 tenentes
1298 2910 1522 2982 phialas
1554 2927 1763 2968 aureas
1822 2912 2020 2984 plenas

363 2992 906 3066 odoramcntorum,
951 3013 1079 3068 quae
1130 3003 1268 3054 sunt
1316 2999 1612 3055 orationes
1647 2988 2022 3058 sanctorum?

375 3081 484 3138 Sed
513 3081 628 3152 jam
665 3085 956 3141 orationis
985 3085 1156 3154 hujus
1189 3087 1415 3142 fructus
1449 3087 1768 3144 videamus.

2051 3133 2098 3194 C

2133 1849 2338 1900 rantur
2370 1844 2425 1900 in
2458 1859 2526 1900 eo
2556 1844 2841 1901 vilitatem
2873 1846 3126 1917 habitus,
3161 1847 3504 1917 dignitatem
3547 1847 3758 1918 vultus,

2133 1933 2416 1990 sermonis
2449 1933 2794 2004 facundiam,
2831 1933 3243 1992 miraculorum
3285 1935 3596 1994 eﬂlcatiam
3621 1954 3636 2004 ;
3663 1951 3762 1995 nec

2130 2025 2324 2077 tamen
2373 2025 2616 2093 possunt
2669 2022 2890 2092 aulire,
2942 2023 3095 2094 quod
3144 2024 3394 2081 debeant
3467 2025 3762 2084 demonum

2129 2109 2328 2168 cultus
2387 2110 2660 2182 abjicere,
2716 2111 2932 2180 figuras
2969 2111 3206 2168 deorum
3258 2127 3492 2170 suorum
3540 2127 3760 2184 aureas,

2135 2204 2466 2269 argenteas,
2485 2213 2860 2270 marmoreas,
2875 2214 3123 2270 gypseas
3134 2204 3192 2256 et
3212 2199 3438 2269 ligneas
3451 2201 3767 2273 confringe-

2133 2303 2214 2356 re,
2251 2292 2309 2342 et
2343 2302 2476 2344 aras
2505 2289 2872 2344 subvertere.
2925 2286 3066 2354 Quis
3118 2289 3336 2345 referat
3384 2287 3656 2361 quotiens
3698 2291 3764 2346 ab

2135 2375 2254 2431 illis
2309 2391 2500 2444 ccsus,
2537 2376 2808 2445 quotiens
2840 2376 3152 2446 injuriatus
3179 2377 3250 2432 ab
3284 2379 3428 2433 urbe.
3461 2379 3766 2442 semivivus

2131 2463 2430 2536 projectus
2461 2463 2582 2520 sit?
2613 2463 2778 2520 Solus
2811 2463 2918 2520 hoc
2951 2464 3112 2520 novit
3163 2465 3468 2536 inspector
3517 2466 3766 2524 interno-

2131 2567 2280 2623 rum,
2307 2552 2422 2623 qui,
2459 2553 2590 2624 quia
2626 2552 2734 2610 fuit
2765 2553 2934 2610 testis
2966 2567 3241 2625 penarum
3266 2559 3328 2610 et
3352 2554 3637 2626 laborum,
3665 2555 3770 2612 fac-

2130 2647 2226 2698 tus
2248 2645 2334 2697 est
2363 2639 2564 2697 militis
2589 2640 2674 2697 sui
2701 2640 2831 2712 pius
2850 2647 3256 2698 remunerator
3277 2646 3340 2698 et
3362 2641 3610 2714 largitor
3630 2657 3768 2716 prae.

2132 2730 2396 2786 miorum.
2434 2731 2774 2799 Augebatur
2810 2735 3003 2786 tamen
3055 2743 3336 2788 numerus
3385 2732 3764 2802 credentium,

2129 2823 2187 2874 et
2221 2818 2291 2874 de
2321 2817 2413 2874 die
2447 2817 2499 2873 in
2525 2817 2677 2873 diem
2711 2817 2936 2873 meritis
2959 2832 3262 2875 servorum
3306 2835 3545 2878 suorum
3587 2818 3768 2878 multi-

2131 2907 2461 2978 plicabatur
2491 2905 2753 2963 acclesia
2789 2905 3254 2976 ﬁdelium,error
3299 2909 3612 2978 gentilium
3647 2908 3769 2967 des-

2127 2995 2460 3065 truebatur,
2490 2998 2546 3049 et
2573 2994 2716 3051 fides
2747 2999 2945 3052 sancta
2973 2995 3186 3066 ubique
3206 2994 3559 3069 docebatur,
3588 2996 3768 3069 gratia

2083 3136 2096 3156 ,
2131 3082 2402 3154 baptismi
2418 3082 2946 3152 condonabatur,et
2962 3083 3015 3138 in
3038 3082 3352 3141 credentes
3375 3085 3629 3158 Spiritus
3651 3099 3775 3143 sau-

441 3171 562 3226 Jam
598 3171 671 3226 ab
702 3173 968 3228 oratione
1001 3180 1247 3243 uterque
1297 3180 1652 3246 surrexerat,
1703 3193 1832 3233 cum
1884 3192 2018 3235 ecce
2051 3169 2098 3194 υ
2129 3171 2210 3226 cti
2238 3170 2549 3227 carismata
2587 3169 3146 3244 multiplicabantur.
3181 3171 3343 3228 Felix
3367 3173 3622 3232 acclesia
3654 3179 3772 3231 tan-

368 3256 570 3312 vident
608 3257 663 3312 in
701 3273 810 3314 una
845 3261 1073 3322 arbore.
1110 3276 1238 3330 quae
1271 3262 1446 3319 ramis
1474 3277 1653 3335 opaca
1705 3269 1762 3320 et
1823 3263 2020 3321 altitu-

369 3345 504 3401 dine
540 3360 805 3416 procera,
843 3347 945 3402 sed
979 3347 1238 3405 cultibus
1257 3349 1578 3407 daemonum
1601 3356 1726 3407 erat
1754 3353 2017 3424 profana-

370 3436 453 3500 ta,
491 3433 626 3502 quia
661 3433 937 3490 videlicet
968 3435 1044 3490 ibi
1095 3436 1347 3506 gentiles
1397 3439 1678 3495 rusticani
1719 3441 1930 3498 Faunis
1958 3442 2017 3497 et

378 3519 602 3590 Satyris
632 3527 763 3577 vota
798 3521 1100 3580 solvebant
1133 3529 1192 3579 ct
1243 3539 1404 3581 sacra
1441 3527 1838 3598 celebrabant,
1893 3533 2018 3585 tres

373 3608 718 3664 consedisse
753 3611 1072 3682 columbas,
1110 3613 1510 3682 significantes
1551 3615 1750 3686 utique
1808 3616 2018 3673 divinae

379 3709 514 3750 esse
544 3694 866 3754 voluntatis
897 3697 1023 3770 ipso
1056 3699 1110 3754 in
1147 3699 1276 3756 loco
1305 3701 1518 3758 trinum
1551 3707 1608 3757 et
1643 3717 1815 3758 unum
1839 3704 2016 3759 Deum

378 3782 709 3854 praedicari.
762 3786 841 3841 De
898 3787 993 3842 Dei
1047 3801 1189 3857 ergo
1239 3788 1327 3843 flsi
1373 3790 1793 3860 misericordia,
1851 3789 2020 3860 cujus

372 3873 538 3926 tanta
573 3870 627 3926 in
663 3872 893 3930 futuros
925 3875 1256 3948 adeptionis
1287 3875 1439 3933 filios
1478 3877 1873 3948 praevidebant
1925 3881 2020 3937 be-

380 3958 606 4029 neficia,
643 3959 750 4031 ipsi
785 3961 990 4018 intimo
1019 3964 1215 4020 cordis
1247 3964 1458 4022 affectu
1491 3963 1862 4023 multimodas
1889 3983 2019 4038 ege-

371 4051 511 4102 runt
543 4048 788 4118 gratias,
813 4053 871 4104 et
898 4054 957 4106 ut
992 4051 1049 4106 in
1081 4052 1268 4108 servis
1294 4052 1417 4109 suis
1437 4051 1870 4122 gloriﬁcaretur
1890 4070 2019 4128 pre-

361 4146 430 4188 ce
464 4135 780 4204 poscebant
810 4134 1148 4192 humillima.

445 4221 628 4278 Locus
665 4221 866 4292 igitur,
893 4214 948 4278 in
983 4238 1096 4294 quo
1127 4224 1197 4280 ad
1221 4225 1397 4281 Deum
1432 4228 1728 4299 praemissa
1754 4229 1860 4287 fuit
1890 4246 2018 4288 ora-

363 4307 466 4377 tio,
503 4323 666 4364 mons
691 4312 821 4364 erat
844 4309 996 4366 situs
1025 4311 1096 4366 ad
1121 4314 1656 4384 septemtrionalem
1681 4317 1904 4389 plagam
1929 4331 2018 4377 ur'

368 4395 482 4464 bis,
517 4395 612 4465 qui
645 4396 700 4451 in
728 4411 834 4453 suo
862 4399 1160 4456 cacumine
1191 4415 1263 4456 ex
1291 4406 1430 4458 tunc
1465 4408 1654 4473 gestat
1687 4406 2012 4464 aecclesiam

2130 3258 2174 3313 ti
2209 3258 2462 3329 pastoris
2485 3257 2766 3328 regimine
2799 3259 2966 3328 digna
2996 3276 3012 3326 ;
3045 3257 3462 3318 illustrabatur
3483 3262 3636 3319 enim
3681 3261 3772 3318 mi-

2129 3345 2346 3403 raculis
2376 3350 2551 3416 atque
2583 3345 2886 3402 doctrinis.
2926 3345 3204 3402 Omnibus
3234 3347 3429 3404 omnia
3458 3349 3648 3407 factus
3668 3353 3770 3419 est,

2133 3439 2364 3490 utomn.
2387 3449 2414 3490 s
2441 3433 2813 3489 lucrifaceret
2881 3433 2984 3500 Qui
3015 3433 3124 3489 etsi
3157 3433 3476 3504 injuriatus
3504 3442 3592 3495 est
3646 3437 3772 3495 dum

2130 3521 2480 3594 praedicaret
2515 3521 2832 3590 Christum,
2864 3519 3117 3578 libenter
3149 3521 3447 3580 tolerabat
3479 3524 3642 3582 illata
3673 3523 3772 3584 sibi

2127 3613 2440 3679 tormenta,
2467 3609 2781 3680 obpropria
2797 3613 2852 3664 et
2881 3608 3190 3665 irrisiones
3205 3609 3519 3683 malorum,
3548 3617 3612 3669 ut
3635 3625 3774 3684 quos

2129 3700 2587 3770 persequutores
2619 3697 2976 3768 patiebatur,
3007 3697 3158 3754 tllios
3183 3697 3430 3771 faceret,
3455 3703 3514 3758 et
3541 3699 3774 3756 Domino

2129 3785 2402 3840 redderet
2435 3784 2675 3855 animas,
2704 3799 2849 3856 quas
2871 3785 3138 3843 diabolus
3162 3787 3493 3846 conabatur
3525 3789 3769 3846 auferre.

2199 3873 2588 3944 Cumquejam
2613 3872 2713 3928 Dei
2753 3873 3096 3944 disponente
3135 3873 3451 3933 clementia
3487 3876 3689 3950 plures
3709 3890 3776 3934 ex

2127 3961 2237 4032 bis,
2271 3961 2369 4032 qui
2427 3960 2740 4032 aliquando
2775 3961 3003 4018 fuerant
3035 3976 3175 4019 vasa
3214 3961 3319 4020 irae
3354 3963 3412 4020 in
3450 3964 3770 4036 interitum,

2128 4049 2483 4106 tlerentvasa
2501 4048 2919 4106 misericordiae
2934 4064 3036 4122 per
3054 4049 3329 4123 baptismi
3345 4059 3774 4111 sacramentum

2125 4138 2332 4196 videns
2359 4136 2678 4196 aecelesiam
2715 4136 2970 4194 fidelium
2992 4137 3047 4194 in
3078 4152 3148 4195 eo
3181 4153 3334 4209 esse,
3375 4145 3438 4198 ut
3491 4142 3775 4214 proficere

2121 4226 2238 4298 jam
2267 4227 2389 4300 ipsa
2416 4241 2516 4299 per
2539 4226 2743 4283 semeti
2754 4239 2913 4298 psam
2938 4231 3162 4298 posset,
3185 4231 3244 4283 et
3269 4227 3492 4288 timens
3516 4245 3590 4288 ne
3615 4229 3774 4288 siali-

2129 4321 2347 4388 quanto
2373 4315 2596 4372 diutius
2619 4314 2694 4371 ibi
2741 4319 3155 4387 remoraretur,
3202 4315 3488 4386 injunctae
3511 4319 3628 4378 sibi
3650 4321 3779 4378 obe-

2127 4405 2364 4462 dientize
2419 4403 2637 4474 legatio
2677 4407 3413 4475 eassaretur,confortatis
3439 4408 3499 4466 in
3540 4410 3776 4468 Domino

363 4481 772 4556 apostolorum
807 4485 963 4541 Petri
998 4490 1055 4542 et
1085 4487 1248 4544 Pauli
1283 4491 1508 4548 nomine
1547 4497 1604 4548 et
1659 4495 1882 4552 meritis
1938 4499 2012 4554 ab
2041 4481 2094 4542 Ι)
2128 4492 2684 4560 fratribus,etsuum
2704 4491 2956 4548 reditum
2972 4493 3260 4551 maturius
3277 4496 3780 4566 promittensatl‘u-

367 4572 496 4644 ipso
528 4571 656 4629 viro
687 4573 786 4629 Dei
820 4574 1164 4633 dedicatam.
1192 4577 1330 4644 Quae
1353 4582 1722 4639 consecratio
1749 4583 1896 4640 facta
1919 4591 2008 4642 est

360 4674 513 4718 anno
573 4660 860 4719 incarnati
904 4665 1074 4720 Verbi
1121 4669 1208 4736 98,
1252 4665 1525 4724 videlicet
1566 4671 1656 4725 13°
1692 4673 2008 4730 Domiciani

361 4748 602 4806 ca-saris
633 4764 805 4818 anno,
840 4752 1080 4822 Trajano
1109 4754 1330 4825 septies
1367 4760 1424 4811 et
1471 4757 1713 4815 Maximo
1757 4759 2010 4816 consuli-

345 4836 490 4892 .bus.
529 4837 588 4892 ln
614 4853 725 4909 qua
757 4839 931 4895 etiam
964 4841 1176 4898 atrium
1218 4843 1534 4914 benedixit,
1568 4848 1626 4900 et
1657 4845 2006 4904 cimiterium

366 4923 754 4982 Virdunensis
779 4927 1059 4984 aecclesiaa
1081 4944 1212 4986 esse
1233 4931 1560 5001 constituit,
1586 4932 1683 4988 ubi
1708 4932 1829 5004 ipse
1851 4935 2008 4991 dom-

361 5027 477 5070 nus
504 5027 636 5069 cum
667 5017 1109 5074 successoribus
1141 5019 1259 5075 suis
1284 5019 1632 5091 praesulibus
1653 5023 1889 5093 sanctis,
1911 5039 2009 5080 ex-

359 5099 555 5170 ceptis
577 5099 686 5170 bis,
721 5102 818 5172 qui
851 5103 958 5160 sibi
990 5105 1216 5164 dicatas
1247 5107 1528 5163 ecclesias
1559 5109 1847 5179 corporali
1879 5111 2007 5168 illu-

363 5190 559 5243 strant
587 5191 918 5262 praesentia,
942 5193 1033 5250 vel
1059 5195 1154 5265 qui
1180 5194 1745 5267 easmdiﬂcaverunt,
1763 5203 1861 5254 aut
1877 5199 2007 5255 aedi-

2129 4586 2348 4650 turum,
2372 4579 2706 4636 valedicens
2729 4579 2836 4649 eis,
2863 4586 2920 4636 et
2949 4581 3366 4640 commendans
3389 4599 3497 4642 eos
3519 4585 3776 4654 Domino,

2123 4667 2241 4725 illis
2262 4683 2392 4724 eum
2418 4668 2906 4740 persequentibus
2929 4683 3060 4726 cum
3085 4669 3361 4742 lacrimis,
3388 4674 3635 4733 Romam
3653 4689 3780 4748 pro-

2123 4758 2312 4813 fectus
2343 4759 2436 4811 est
2459 4756 2674 4828 (Epist.
2759 4757 3102 4815 Hinemari.
3184 4759 3329 4831 (Fol.
3380 4763 3493 4818 14..
3527 4762 3644 4835 )Et
3689 4775 3781 4821 ve-

2121 4843 2350 4902 nientes
2379 4844 2435 4900 in
2469 4843 3048 4915 ltaliam,Antoninus
3067 4845 3254 4903 valida
3276 4847 3444 4906 febre
3463 4855 3782 4924 correptus

2119 4937 2228 5004 est,
2255 4932 2501 5002 in‘cujus
2521 4933 2824 5004 obsequiis
2850 4935 3058 4992 beatus
3079 4935 3395 4993 Sanctinus
3422 4953 3532 5009 per
3556 4939 3781 5011 aliquot

2118 5022 2244 5078 dies
2265 5021 2626 5087 immoratus;
2652 5020 2898 5078 consilio
2921 5027 2982 5078 et
3001 5038 3288 5082 consensu
3311 5024 3588 5094 ejusdem
3629 5025 3778 5085 beati

2118 5109 2389 5166 Antonini
2415 5123 2486 5166 ne
2502 5109 2820 5181 praeceptio
2845 5111 2998 5166 beati
3013 5111 3270 5183 Dyonisii
3295 5125 3678 5188 quacumque
3692 5132 3781 5172 oc-

2113 5198 2346 5256 casione
2374 5196 2779 5270 impediretur,
2815 5212 3097 5270 peragere
3120 5203 3359 5271 ceptum
3405 5201 3534 5260 iter
3589 5205 3784 5278 dispo-

1720 5329 1956 5386 VARLE
2000 5331 2084 5390 LE
2094 5329 2292 5388 CTION
2297 5331 2396 5386 ES.

423 5415 470 5450 ³ο
515 5417 694 5475 Has-
723 5419 1080 5478 celebratam
1102 5425 1153 5478 2.

1946 5497 2172 5559 NOTAE.

355 5555 470 5630 (ss)
501 5556 582 5617 lib
610 5559 702 5616 IlI.
735 5575 786 5618 ο.
821 5565 909 5618 29.
