3898 6330
162 329 226 390 33
1092 330 1457 396 HUGONIS
1500 328 1849 394 ABBATIS
1894 329 2570 397 FLAVINIACENSIS
3459 332 3531 398 34

163 463 280 518 suit.
304 462 365 517 Et
398 461 763 519 sufficienter
791 463 1017 519 exeniis
1037 468 1095 520 et
1117 464 1595 522 honestislinteis
1618 462 1771 535 prin-
1800 462 1856 521 A
1887 461 1991 520 hoc
2015 463 2070 519 in
2093 464 2221 520 loco
2254 465 2606 537 scriptorum
2638 468 3336 539 dissonantiam,virtutis
3365 471 3537 541 hujus

164 549 260 621 cipi
289 548 484 605 domus
507 550 833 622 derelictis,
872 552 1038 624 petiit
1071 557 1128 607 et
1161 569 1267 623 per
1301 555 1473 609 Deum
1513 554 1772 609 obtesta-

162 644 244 692 tus
271 642 350 693 est
384 642 464 706 ut,
500 638 546 694 si
573 638 902 695 Antoninus
932 641 1389 711 convalesceret,
1439 640 1647 696 exinde
1691 639 1772 695 illi

160 726 671 782 habundantissime
703 729 1088 800 ministraret,
1120 730 1169 785 si
1200 744 1341 785 vero
1372 729 1488 785 vita
1540 729 1777 784 decede-

161 819 255 884 ret,
286 813 688 871 honestissime
722 816 1003 888 sepeliret
1033 837 1044 871 :
1078 822 1138 873 et
1175 818 1260 874 sic
1308 817 1442 886 iter,
1491 818 1644 887 quod
1686 831 1777 871 ee-

160 908 323 973 perat,
350 918 627 973 peragere
655 904 901 960 studuit.

220 991 279 1045 Et
304 1006 427 1047 cum
451 991 571 1062 jam
606 992 915 1049 Sanctinus
946 993 1091 1049 fines
1121 996 1508 1049 Romanorum
1532 993 1775 1062 contigit

166 1078 421 1133 Antonius
453 1079 572 1134 vita
609 1080 884 1137 decessit.
921 1080 1100 1147 Quem
1138 1082 1408 1153 princeps
1430 1082 1658 1149 domus,
1694 1096 1779 1135 re-

160 1165 318 1221 tentis
347 1167 615 1223 cmnibns
645 1183 775 1238 qua
807 1168 917 1224 sibi
950 1170 1355 1225 commendata
1381 1170 1439 1225 in
1459 1169 1587 1238 ejus
1611 1171 1780 1225 obse-

157 1252 289 1322 quiis
316 1255 542 1310 fuerant
576 1256 833 1312 catabuli
868 1258 957 1313 sui
991 1258 1046 1312 in
1074 1274 1192 1329 quo
1221 1257 1487 1314 animalia
1538 1257 1663 1327 ejus
1698 1257 1781 1326 ja-

160 1340 349 1397 cebant
382 1357 521 1399 axes
553 1343 792 1415 levavit,
823 1350 879 1401 et
906 1347 960 1401 in
1011 1347 1221 1402 fossam
1271 1347 1367 1402 ubi
1411 1352 1672 1402 stercora
1722 1351 1780 1401 et

158 1429 317 1486 urina
339 1430 672 1487 animalium
696 1432 1029 1489 deﬂuebant
1052 1449 1183 1489 eum
1211 1434 1477 1506 projecit,
1513 1438 1567 1488 et
1613 1434 1782 1489 desu-

154 1530 245 1588 per
281 1532 412 1574 axes
468 1521 717 1576 remisit.
766 1522 902 1588 Qua
958 1522 1151 1577 omnia
1208 1523 1416 1579 beatus
1475 1522 1782 1578 Sanctinus

152 1622 264 1663 cum
283 1609 393 1679 jam
428 1610 714 1667 intrasset
747 1611 890 1669 fines
923 1614 1333 1683 Romanorum,
1374 1629 1474 1685 per
1504 1614 1779 1684 Spiritum

155 1701 390 1752 sanctum
424 1700 726 1770 cognovit,
762 1705 981 1757 etcum
1025 1716 1227 1771 magna
1278 1701 1649 1758 festinatione
1697 1716 1783 1756 re-

152 1798 332 1841 versus
360 1787 428 1842 ad
465 1787 701 1843 domum
729 1788 782 1843 in
817 1804 926 1859 qua
971 1790 1320 1846 Antoninum
1365 1790 1653 1860 jacentem
1699 1789 1783 1844 di-
1811 1816 1864 1875 Β

151 1871 386 1942 miserat,
416 1874 564 1930 flens
595 1880 655 1931 et
690 1876 896 1933 dolens
927 1878 1193 1949 pervenit
1223 1882 1279 1934 et
1318 1878 1639 1949 principem
1684 1877 1782 1932 do-

151 1974 261 2016 mus
288 1960 673 2032 interogavit:
713 1963 822 2022 Ubi
844 1965 947 2035 est,
976 1965 1268 2037 inquiens;
1298 1966 1630 2023 Antoninus
1645 1965 1784 2039 fra-

150 2054 393 2107 termeus
413 2050 824 2110 karissimus?
853 2054 907 2109 Is
938 2058 1129 2109 autem
1174 2053 1324 2110 ﬂetis
1364 2054 1679 2123 gemitibus
1717 2071 1781 2112 ac

149 2137 394 2208 suspiriis
442 2138 721 2196 simulata
771 2141 1068 2197 mestitia:
1118 2139 1393 2199 Mortuus
1414 2142 1519 2211 est,
1555 2142 1777 2211 inquit:

147 2239 306 2295 quem
335 2227 404 2283 de
419 2227 579 2284 mihi
601 2243 642 2285 a
665 2229 721 2285 te
735 2230 1061 2287 commissis
1077 2229 1492 2287 honestissime
1511 2231 1776 2301 sepelivi.

154 2314 239 2369 Cni
271 2316 620 2373 Sanctinus:
654 2317 956 2388 Mentiris,
996 2318 1074 2374 ait
1091 2319 1199 2389 ﬁli
1220 2319 1485 2389 diaboli;
1525 2321 1593 2376 in
1637 2320 1783 2376 ster-

148 2403 451 2471 quilinium
459 2408 792 2478 projecisti
813 2422 944 2464 eum
958 2408 1155 2463 cirum
1166 2409 1437 2464 sanctum
1454 2409 1513 2463 et
1521 2408 1775 2478 justam.

151 2490 221 2546 Et
235 2504 381 2550 nunc
406 2496 547 2551 teni
580 2509 807 2551 mecum
828 2495 912 2552 ad
937 2495 1207 2553 catabuli
1239 2496 1445 2564 locum,
1496 2497 1562 2552 in
1608 2510 1782 2566 quem

140 2570 425 2649 proiecisti
456 2597 616 2640 eum.
644 2584 699 2639 Is
728 2588 919 2640 autem
954 2584 1162 2639 timore
1187 2582 1513 2655 perculsus,
1548 2599 1661 2640 non
1688 2588 1777 2639 est

152 2682 306 2724 ausus
326 2671 498 2726 reniti
525 2672 672 2742 quin
704 2687 835 2728 cum
866 2687 934 2728 eo
956 2672 1183 2728 veniret
1208 2672 1278 2726 ad
1311 2671 1496 2728 locum
1529 2672 1625 2727 ubi
1647 2687 1777 2727 eum

154 2756 469 2825 proiecerat.
506 2762 584 2815 Et
619 2759 883 2817 levantes
916 2761 1048 2816 inde
1088 2774 1247 2831 axes,
1291 2760 1601 2816 Sanctinus
1647 2775 1779 2817 cum

153 2841 380 2903 lacrimis
420 2863 573 2906 voce
625 2863 829 2919 magna
881 2849 1151 2905 clamavit
1213 2848 1443 2905 dicens:
1490 2849 1783 2905 Antonino

155 2931 339 3004 frater,
374 2937 441 2993 in
463 2939 709 2995 nomine
740 2938 966 2994 domini
986 2939 1178 2995 nostri
1224 2938 1369 2994 Jesu
1416 2936 1648 2994 Christi
1665 2949 1779 3008 pro

153 3022 299 3089 cujus
324 3026 567 3081 nomine
592 3026 650 3081 et
676 3039 874 3082 amore
876 3039 1102 3097 passus
1123 3026 1213 3083 est
1221 3026 1527 3097 gloriosus
1545 3026 1782 3096 martyr

150 3108 468 3182 Dyonz’sius,
496 3127 707 3185 surge,
750 3114 810 3169 et
842 3115 1237 3186 perﬁciamus
1284 3114 1474 3171 simul
1515 3113 1780 3169 obedien-

153 3196 279 3252 tiam
306 3214 484 3270 quam
548 3202 742 3258 isdem
774 3204 1078 3273 gloriosus
1117 3203 1332 3273 pastor
1382 3203 1444 3258 et
1490 3202 1780 3272 magister

151 3286 324 3344 noster
348 3291 746 3346 communiter
765 3288 937 3347 nobis
957 3291 1252 3362 praecepit.
1285 3291 1353 3345 Et
1387 3289 1580 3345 statim
1606 3291 1782 3345 Anto-

157 3372 304 3431 ninus
333 3383 602 3435 stercore
644 3379 963 3435 obvolutus
1009 3378 1289 3436 surrexit.
1333 3377 1512 3444 Quem
1574 3378 1781 3433 beatus

156 3459 437 3521 Sanctinus
466 3467 545 3522 de
580 3466 838 3522 catabuli
875 3467 1029 3522 fossa
1062 3466 1345 3535 extraxit,
1378 3470 1439 3520 et
1460 3464 1781 3533 diligentis-

156 3548 279 3605 sime
307 3552 465 3624 lavit,
503 3560 571 3610 et
600 3553 833 3610 mundis
865 3569 931 3610 ac
960 3555 1223 3611 honestis
1256 3554 1518 3611 vestibus
1567 3553 1775 3610 induit.

154 3637 335 3711 Sicque
362 3643 683 3700 offerentes
713 3644 952 3699 Domino
984 3644 1335 3700 sacrificium
1387 3643 1595 3713 laudis,
1649 3659 1778 3699 cum

151 3729 255 3782 tota
277 3732 484 3787 mentis
507 3732 837 3788 intentione
861 3737 924 3787 et
944 3731 1311 3788 lacrimarum
1332 3731 1778 3802 compunctione

150 3817 500 3878 eucharistia
518 3821 791 3891 corporis
813 3819 1191 3889 etsanguinis
1209 3820 1421 3874 Christi
1443 3820 1776 3891 participati

152 3909 285 3961 sunt.
306 3908 371 3962 Et
394 3909 762 3981 accipientes
784 3908 978 3965 cibum
1001 3909 1317 3964 eonfortati
1358 3913 1512 3964 sunt.
1561 3909 1628 3963 Et
1666 3908 1779 3963 iter

153 3998 379 4063 captum
410 3997 855 4067 aggredientes,
892 3998 1128 4053 Romam
1163 3997 1481 4053 auxiliante
1538 3996 1778 4051 Domino

155 4091 547 4148 pervenerunt.
572 4085 714 4157 (Fol.
741 4085 856 4156 15.)
878 4087 1118 4155 Jamque
1140 4086 1310 4141 beato
1327 4084 1619 4141 Clemente
1634 4100 1779 4140 mar-

154 4170 286 4236 tyrio
314 4178 624 4242 coronato,
660 4174 715 4228 in
748 4173 951 4229 eadem
984 4173 1124 4230 sede
1178 4177 1312 4244 post
1355 4170 1695 4228 Anacletum
1734 4170 1778 4205 '1

151 4265 391 4324 quartum
456 4277 489 4318 a
547 4261 721 4317 beato
761 4263 936 4317 Petro
993 4262 1319 4317 Evaristum
1372 4264 1777 4316 consecratum

152 4348 459 4412 pontificem
496 4350 870 4419 invenerunt,
906 4348 999 4406 cui
1030 4364 1133 4421 per
1162 4348 1372 4418 omnia,
1398 4347 1775 4403 sicutbeatus

148 4429 428 4502 Dyonisins
456 4436 744 4509 jusserat,
776 4442 944 4494 actus
976 4442 1033 4493 et
1066 4436 1327 4508 martyrii
1356 4435 1482 4507 ejus
1511 4435 1774 4493 ordinem

150 4534 441 4582 narraveru
452 4530 534 4581 nt.
1092 4570 1103 4577 .

208 4610 356 4669 Libet
388 4613 490 4670 hic
518 4613 954 4684 aliquantisper
985 4613 1282 4671 immorari
1331 4613 1595 4685 partibus
1642 4628 1776 4684 pru-

149 4695 354 4772 dentize,
390 4718 567 4775 quam
603 4709 805 4776 patres
851 4701 1035 4759 nostri
1086 4707 1143 4757 et
1197 4701 1491 4773 pracipue
1534 4698 1773 4755 moralis

149 4782 332 4845 doctor
364 4793 714 4849 Ambrosius
746 4791 1030 4848 definiunt
1064 4790 1287 4847 versari
1322 4789 1377 4844 in
1406 4788 1529 4844 veri
1577 4787 1774 4857 cogni-

151 4874 302 4948 tione,
332 4887 391 4937 et
419 4881 689 4938 scientia
720 4879 1004 4952 plenioris
1029 4878 1411 4949 cupiditatem
1445 4875 1766 4932 infundere.

148 4961 438 5026 Prudentia
489 4970 727 5042 quidem
780 4974 875 5024 est
921 4969 1097 5024 Deum
1143 4967 1295 5023 scire
1342 4966 1519 5021 Deum
1564 4963 1772 5019 timere

147 5051 415 5128 Deumque
447 5058 778 5129 requirere.
805 5058 939 5113 Hac
965 5061 1054 5113 est
1076 5054 1197 5111 veri
1221 5053 1501 5123 cognitio.
1528 5050 1769 5107 Accedit

146 5143 199 5195 et
214 5145 466 5205 scientia
488 5146 779 5219 plenioris
798 5143 1113 5217 cupiditas,
1138 5143 1306 5213 cujus
1330 5147 1423 5198 est
1456 5138 1769 5196 trimodum

146 5227 523 5304 intelligentia
545 5248 751 5305 genus,
787 5236 849 5290 ut
875 5233 923 5289 si
958 5232 1014 5287 in
1038 5231 1214 5288 dictis
1239 5230 1522 5300 majorum
1546 5226 1767 5296 aliquid

145 5314 479 5379 diversitatis
511 5321 831 5392 inveneris,
858 5320 915 5377 in
949 5319 1072 5377 veri
1100 5316 1553 5388 investigatione
1576 5330 1769 5373 verse-

143 5402 229 5475 ris,
252 5410 313 5463 ut
334 5409 407 5465 sit
430 5410 535 5466 tibi
560 5409 617 5465 in
642 5408 734 5465 his
757 5406 1018 5466 discendi
1042 5410 1100 5463 et
1120 5404 1385 5463 imitandi
1410 5402 1763 5474 reverentia,

143 5505 240 5549 non
274 5495 603 5570 disputandi
649 5496 885 5555 astutia.
939 5496 1058 5553 Nos
1097 5495 1277 5567 igitur
1317 5489 1766 5550 considerantes

1810 3159 1859 3221 C

1805 4401 1857 4461 D

1886 565 2076 607 arcem
2122 558 2442 622 teneamus,
2487 561 2545 609 et
2597 570 2707 611 non
2766 558 2982 612 nostris
3006 557 3090 613 fisi
3140 557 3382 627 viribus,
3433 559 3533 614 sed

1885 638 2194 709 scriptura
2222 656 2404 697 sacra
2438 641 2566 696 fulti
2599 643 3068 712 auctoritatibus,
3095 643 3186 698 cui
3212 645 3430 700 veritas
3456 646 3533 699 fa-

1885 732 2038 796 veat,
2077 728 2310 784 Christo
2333 731 2449 784 Deo
2484 729 2773 800 praduce,
2800 730 3120 787 videamus.
3169 732 3436 801 Legimus
3479 732 3533 787 in

1885 816 2089 885 gestis,
2121 817 2409 873 invenisse
2436 820 2665 873 beatum
2691 820 3023 875 Sanctinnm
3052 821 3105 874 in
3131 821 3268 876 sede
3293 822 3529 877 Romani

1892 903 2285 973 pontiﬁcatus,
2301 921 2429 961 cum
2446 907 2698 962 venisset
2716 908 2947 963 Romam
2967 924 3035 964 ex
3056 912 3351 979 pracepto
3378 910 3531 964 beati

1890 991 2159 1059 Dyonisii,
2215 1007 2418 1064 papam
2466 993 2826 1061 Anaeletnm,
2880 996 3114 1052 natione
3165 997 3409 1052 Grecum
3462 998 3532 1053 (le

1892 1076 2149 1134 Athenis.
2185 1080 2277 1134 cui
2306 1087 2472 1136 actus
2503 1086 2561 1135 et
2594 1081 2851 1151 martyrii
2886 1083 3012 1152 ejus
3035 1088 3201 1153 gesta
3234 1083 3522 1140 retulerit.

1890 1164 2052 1230 Quod
2087 1180 2254 1235 quam
2287 1167 2364 1222 sit
2396 1168 2707 1223 absurdem
2739 1168 2906 1224 facile
2939 1170 3289 1240 advertitur,
3324 1171 3373 1226 si
3426 1173 3535 1229 Ro-

1892 1266 2187 1309 manorum
2220 1255 2552 1325 pontificum
2582 1257 2879 1312 successio
2921 1262 2979 1313 et
3028 1258 3289 1329 martyrii
3350 1258 3532 1331 ipsius

1895 1341 2048 1395 beati
2078 1343 2332 1411 Dyonisii
2361 1344 2642 1399 terminus
2671 1344 3015 1415 inspiciatur
3048 1361 3150 1417 per
3185 1346 3533 1402 indictionos

1891 1434 1948 1483 et
1974 1443 2171 1485 annos.
2200 1432 2421 1485 Prefuit
2445 1431 2594 1486 enim
2614 1433 2779 1502 juxta
2807 1433 2974 1488 fidem
2991 1434 3383 1503 hystoriarum
3402 1435 3534 1490 bea-

1893 1521 1991 1572 tus
2017 1519 2228 1572 Petrus
2264 1519 2391 1574 urbi
2422 1521 2689 1576 Romana
2722 1535 2771 1575 a.
2806 1525 2893 1589 2:5,
2929 1536 3000 1575 m.
3035 1525 3088 1591 2,
3119 1521 3174 1577 d.
3205 1527 3258 1591 8,
3314 1521 3368 1576 in
3410 1522 3533 1592 qui-

1895 1604 2023 1672 bus,
2050 1610 2113 1661 ut
2137 1607 2408 1675 superius
2435 1607 2678 1663 relatum
2702 1614 2792 1665 est
2816 1610 2922 1664 sub
2943 1624 3013 1665 eo
3038 1610 3183 1664 rexit
3209 1610 3531 1666 acclesiam

1896 1692 2085 1761 Linus,
2118 1695 2283 1749 annis
2316 1699 2398 1765 11,
2443 1696 2737 1753 mensibus
2776 1702 2827 1767 3,
2881 1698 3088 1753 diebus
3132 1702 3216 1753 12.
3272 1697 3429 1753 Obiit
3477 1704 3527 1754 9.

1897 1779 2132 1836 Kalend.
2172 1782 2463 1838 Octobris.
2487 1785 2587 1839 Cui
2621 1799 2750 1840 mox
2784 1786 3072 1841 successit
3102 1786 3320 1856 Cletns,
3344 1790 3405 1842 et
3422 1788 3533 1842 sub

1893 1870 2068 1924 Petro
2103 1870 2249 1925 rexit
2275 1870 2595 1927 acclesiam
2626 1873 2793 1928 annis
2813 1878 2880 1929 12
2902 1888 3098 1930 mense
3122 1879 3171 1943 1,
3195 1874 3402 1930 diebus
3443 1879 3529 1944 11,

1894 1956 2050 2011 Obiit
2083 1961 2133 2013 6.
2170 1958 2290 2014 Kal.
2327 1959 2430 2014 Mai
2456 1958 2660 2029 (Gesta
2678 1962 2830 2031 pont
2857 1962 3048 2030 Rom.)
3078 1963 3224 2017 Ecce
3248 1963 3361 2033 jam
3398 1977 3532 2033 pou--

1891 2044 2152 2101 tifieatns
2174 2046 2331 2101 Petri
2358 2060 2542 2102 annus
2565 2051 2651 2115 23,
2680 2060 2910 2103 menses
2932 2051 2964 2102 4
2985 2054 3045 2103 et
3067 2049 3291 2104 dies23.
3311 2049 3532 2115 Quibus

1893 2132 2099 2189 diebus
2130 2133 2179 2188 si
2209 2134 2602 2204 adjungantur
2628 2136 2764 2191 item
2793 2135 2919 2191 dies
2939 2140 3024 2201 20,
3053 2137 3149 2205 qui
3172 2137 3532 2194 interserun-

1894 2223 1991 2276 tur
2024 2226 2148 2293 post
2182 2221 2401 2278 obitum
2433 2223 2579 2278 Cleti
2613 2228 2746 2279 ante
2769 2224 3193 2280 ordinationem
3219 2225 3531 2282 Clementis

1894 2310 2036 2366 fiunt
2071 2313 2156 2381 43,
2196 2311 2229 2366 i.
2263 2326 2312 2366 e.
2346 2312 2560 2367 mensis
2590 2318 2650 2367 et
2691 2312 2814 2367 dies
2864 2316 2948 2382 13,
3010 2327 3269 2382 quorum.
3304 2313 3529 2369 dierum

1891 2396 2099 2454 ultimo
2131 2398 2223 2454 die
2255 2405 2635 2455 consecratus
2664 2403 2755 2454 est
2786 2400 3049 2455 Clemens
3078 2413 3107 2455 a
3136 2401 3330 2455 Petro.
3367 2400 3531 2466 Quod

1892 2492 2082 2541 autem
2108 2486 2245 2541 alibi
2271 2487 2552 2542 scribitur
2593 2488 2856 2542 Clemens
2892 2487 3040 2542 idem
3082 2488 3300 2543 rexisse
3330 2488 3533 2544 accie-

1892 2573 2322 2644 siamlannis11,
2356 2574 2661 2645 alibijvero
2693 2575 2859 2630 annis
2890 2580 2940 2645 9,
2977 2575 3269 2631 mensibus
3307 2582 3359 2646 2,
3414 2576 3533 2632 die-

1893 2662 2000 2717 bus
2025 2667 2078 2730 2,
2106 2667 2414 2733 utrumque
2437 2678 2636 2718 verum
2661 2677 2794 2718 esse
2816 2678 2926 2719 non
2952 2664 3287 2734 ambigitur,
3324 2665 3455 2734 quia
3470 2669 3529 2720 et

1891 2751 1999 2806 sub
2028 2752 2200 2805 Petro
2230 2751 2382 2806 sedit
2410 2766 2559 2807 anno
2590 2757 2640 2819 1,
2677 2751 2972 2808 mensibus
3000 2755 3054 2821 8,
3077 2752 3282 2808 diebus
3308 2757 3394 2822 26,
3417 2768 3530 2823 quo

1892 2839 2276 2895 numeroanni
2306 2840 2375 2894 23$
2408 2839 2757 2909 prasnlatus
2790 2840 2946 2895 Petri
3001 2854 3128 2895 cum
3155 2840 3530 2895 mensibnsct

1893 2928 2103 2983 diebus
2136 2927 2494 2996 colliguntur
2522 2928 2711 2983 exacti
2735 2947 2749 2995 ;
2771 2932 2827 2983 et
2857 2934 2986 2999 post
3010 2928 3165 2983 Petri
3189 2929 3410 2983 obitum
3432 2943 3531 2984 an-

1890 3018 1982 3073 nis
2004 3022 2055 3086 9,
2085 3018 2381 3073 mensibus
2404 3022 2455 3087 2,
2481 3019 2687 3075 diebus
2702 3024 2755 3074 2.
2773 3018 2913 3089 (Fol.
2936 3019 3022 3088 15)
3036 3017 3529 3075 SeditAnacletus

1892 3106 2059 3162 annis
2093 3108 2159 3160 14
2190 3106 2488 3161 mensibus
2524 3111 2589 3161 10
2618 3107 2823 3162 diebus
2851 3112 2902 3161 7.
2939 3106 3093 3161 Obiit
3119 3110 3167 3161 3.
3203 3105 3336 3161 Idus
3365 3107 3525 3178 Julii,

1892 3198 1947 3250 et
1984 3195 2241 3249 cessavit
2272 3195 2645 3265 episcopatus
2695 3193 2897 3250 diebus
2946 3196 3029 3249 14.
3090 3194 3248 3249 Sedit
3298 3208 3527 3265 quoque

1891 3282 2200 3339 Euaristus
2228 3283 2392 3338 annis
2422 3287 2473 3353 9,
2502 3297 2727 3338 menses
2756 3288 2809 3352 7,
2845 3282 2970 3338 dies
2992 3286 3062 3349 2;
3094 3283 3270 3353 igitur
3299 3282 3529 3353 quando

1891 3371 2103 3427 Petrus
2123 3372 2396 3427 occubuit
2419 3386 2603 3427 annus
2642 3377 2769 3427 erat
2808 3373 2967 3427 Dom.
3004 3371 3221 3427 incarn.
3256 3372 3532 3442 72⁸³,ᾳυί-

1892 3460 2208 3530 busjuncti
2239 3465 2272 3516 9
2306 3460 2471 3514 annis
2523 3459 2834 3515 Clementis
2866 3460 3081 3516 faciunt
3125 3465 3211 3517 81.
3246 3460 3345 3515 His
3394 3474 3531 3531 quo-

1892 3561 2004 3616 que
2033 3546 2215 3603 additi
2252 3546 2511 3603 Anacleti
2543 3548 2671 3602 anni
2709 3550 2777 3602 14
2806 3546 2946 3603 ﬁunt
2979 3551 3065 3616 95,
3098 3547 3348 3603 Euaristi
3391 3562 3532 3617 quo-

1892 3649 2002 3705 que
2035 3635 2234 3691 Ofiunt
2276 3638 2397 3691 104.
2449 3636 2687 3692 Duobus
2735 3649 2876 3704 ergo
2926 3635 3223 3691 mensibus
3270 3635 3429 3690 Petri
3470 3641 3531 3693 et

1890 3724 2099 3779 diebus
2129 3730 2161 3780 8
2189 3725 2372 3780 additi
2404 3729 2437 3780 2
2469 3739 2695 3780 menses
2731 3723 3046 3779 Clementis
3069 3722 3271 3779 etdies
3292 3727 3344 3793 2,
3377 3737 3530 3779 men-

1891 3826 1986 3868 ses
2015 3813 2191 3867 etiam
2227 3812 2485 3868 Anaeleti
2522 3818 2588 3867 10
2615 3817 2673 3866 et
2706 3813 2829 3866 dies
2857 3816 2910 3881 7,
2946 3811 3071 3866 dies
3105 3826 3334 3881 quoque
3358 3812 3529 3868 14in-

1891 3905 1982 3955 ter
2009 3901 2345 3955 Anacletum
2379 3906 2435 3953 et
2480 3899 2832 3966 Euaristum,
2885 3899 3098 3967 quibus
3151 3898 3527 3968 episcopatus

1889 3988 2161 4057 cessavit,
2194 4002 2298 4043 nec
2330 4001 2441 4041 non
2474 3992 2532 4041 et
2564 3985 2816 4040 Euaristi
2848 3998 3074 4040 menses
3101 3990 3155 4053 7,
3206 3984 3330 4039 dies
3365 3990 3400 4041 2
3449 3987 3529 4042 fa-

1889 4076 2072 4145 ciunt,
2106 4090 2336 4131 menses
2364 4078 2428 4129 19
2453 4078 2513 4129 et
2544 4074 2669 4129 dies
2690 4077 2777 4142 33,
2803 4079 2863 4128 et
2890 4087 3074 4129 annus
3099 4072 3190 4129 hic
3223 4072 3523 4146 inseritur,

1889 4168 1948 4220 et
1978 4165 2060 4220 sic
2094 4164 2238 4219 fiunt
2270 4163 2400 4219 anni
2433 4168 2553 4231 105,
2587 4175 2816 4217 menses
2846 4165 2897 4231 9,
2933 4160 3058 4216 dies
3102 4164 3169 4216 33
3219 4173 3404 4231 usque
3450 4160 3523 4217 ad

1886 4254 2109 4310 obitum
2142 4252 2414 4319 Euaristi,
2447 4252 2544 4322 qui
2576 4255 2664 4307 cst
2693 4252 2743 4304 6.
2781 4249 2902 4306 Kal.
2933 4250 3206 4305 Novemb.
3257 4248 3524 4307 Secundo

1888 4346 2080 4398 autem
2113 4342 2364 4397 Euaristi
2386 4355 2533 4397 anno
2556 4345 2796 4396 sanctus
2816 4337 3122 4409 Dyonisins
3166 4352 3370 4411 passus
3401 4342 3518 4409 est,

1885 4435 1945 4486 et
1978 4434 2146 4486 sexto
2176 4430 2249 4485 ab
2277 4428 2403 4497 ejus
2434 4428 2701 4499 passione
2733 4442 2882 4483 anno
2920 4430 3159 4483 sanctus
3210 4425 3524 4484 Sanctinus

1884 4521 2120 4576 Romam
2153 4518 2333 4588 venit,
2368 4518 2463 4589 qui
2496 4520 2622 4573 erat
2652 4517 2724 4572 ab
2756 4516 2866 4572 inc.
2900 4517 3058 4571 Dom.
3097 4519 3216 4572 103.
3250 4516 3372 4570 Jam
3429 4528 3526 4571 er-

1883 4623 1958 4677 go
1991 4607 2306 4664 Anacletus
2339 4607 2587 4675 obierat,
2616 4604 2732 4674 jam
2764 4604 2938 4659 etiam
2973 4602 3361 4658 Euaristusei
3389 4616 3520 4658 suc-

1883 4700 2160 4752 cesserat.
2197 4694 2493 4761 Quomodo
2523 4707 2662 4762 crgo
2692 4691 2911 4747 invenit
2938 4705 3089 4759 eum,
3125 4688 3521 4759 quijamobie-

1884 4784 2009 4839 rat?
2039 4785 2245 4840 Restat
2277 4783 2475 4853 igitur,
2508 4787 2577 4861 ut.
2604 4780 2782 4852 priori
2813 4778 3119 4835 sententia
3171 4774 3314 4831 fides
3359 4775 3521 4831 adhi-

1884 4873 2110 4943 beatur,
2174 4887 2301 4942 qua
2354 4870 2603 4927 veritate
2671 4866 2937 4935 subnixa,
3010 4878 3120 4919 non
3189 4862 3516 4937 dubitatur,

1883 4962 2033 5033 quod
2065 4976 2195 5018 cum
2229 4961 2307 5017 ita
2339 4974 2468 5017 esse
2496 4970 2792 5015 sacrarum
2838 4953 3259 5024 scripturarum
3314 4948 3522 5009 docea-

1883 5064 2011 5105 mur
2044 5047 2415 5118 auctoritate,
2452 5043 2775 5118 prudentia
2805 5039 3024 5097 virtute
3041 5037 3317 5095 munitiet
3334 5036 3521 5094 scien-

1880 5137 1979 5194 tia
2028 5135 2305 5208 plenioris
2335 5133 2663 5191 doctrinam
2696 5127 2911 5199 nancti,
2942 5130 3244 5184 teneamus
3289 5139 3513 5197 verum,

1882 5222 2035 5293 quod
2067 5237 2175 5279 nos
2206 5221 2424 5292 docuit,
2457 5220 2527 5276 ad
2564 5217 2719 5290 quod
2750 5212 3221 5284 investigandum
3253 5212 3380 5283 ipsa
3411 5226 3519 5270 nos

1879 5310 2164 5367 virtutum
2193 5306 2598 5381 principalium
2630 5305 2816 5377 prima
2856 5301 3131 5360 animavit
3180 5298 3510 5372 prudentia.

1878 5398 2063 5470 Igitur
2147 5396 2453 5454 redeamus
2518 5392 2590 5449 ad
2657 5391 2983 5465 superiora,
3052 5393 3113 5445 et
3197 5386 3331 5458 quia
3417 5399 3517 5442 an-

1878 5501 2012 5544 num
2060 5500 2173 5558 quo
2223 5480 2542 5543 secundum
2602 5478 2774 5537 fidem
2822 5476 3213 5549 hystoriarum
3274 5473 3512 5529 Romam

1492 5587 1728 5643 VARIE
1765 5583 2166 5677 LECTIONES.

204 5661 296 5734 “q.
319 5679 369 5721 a.
397 5667 447 5723 b.
478 5668 545 5735 Ρ.
580 5667 641 5722 Ε.
670 5667 740 5724 in
759 5665 1039 5725 lacerato
1075 5669 1126 5722 2.
