3898 6324
366 286 448 357 35

1649 289 2148 359 CHRONICON.
2188 332 2256 342 —
2293 291 2444 356 LIB.
2494 288 2540 355 Ῑ.
3700 289 3770 349 36

385 429 602 487 venerii
633 434 920 499 tenemus,
948 442 1117 501 quem
1140 426 1317 485 etiam
1335 428 1474 485 sede
1506 429 1683 485 Roma
1711 429 2018 497 invenerit,
2053 428 2108 489 Α
2137 442 2298 500 spem
2327 432 2531 498 pastor
2561 425 2816 495 eligitur,
2849 437 2880 472 ρ
2901 427 2924 478 ⁸.
2957 428 3017 480 ut
3039 423 3122 479 eis
3143 437 3394 495 praeesse
3419 421 3770 492 dignaretur,

385 525 450 576 ut
479 533 622 590 pace
652 518 904 574 omnium
937 517 1263 588 loquamur,
1301 517 1502 588 paucis
1533 517 1928 589 expediamus.

457 609 672 663 Beatus
703 605 1012 662 Sanctinus
1042 604 1212 676 (Vita
1241 605 1548 676 Sanctini)
1599 606 1733 661 dum
1783 619 2026 676 occupa-

386 693 543 749 tione
577 693 805 748 itineris
833 698 892 748 et
924 691 1342 762 praedicatione
1373 691 1751 748 Virdunensis
1783 691 2026 748 novellae

388 781 768 853 plantatiouis
797 786 854 836 et
887 780 1222 836 inﬁrmitate
1259 779 1400 836 socii
1455 780 1542 836 sui
1599 780 2023 849 retardaretur,

389 869 721 925 Euaristum
751 881 955 939 papam
987 873 1019 924 9
1047 867 1110 934 ³³,
1137 869 1253 938 jam
1288 883 1437 924 anno
1479 868 1919 939 pontiﬁcantem
1947 867 2030 921 in-

387 957 568 1027 venit,
604 971 634 1013 a
665 972 780 1027 quo
811 957 987 1013 etiam
1019 971 1150 1012 cum
1194 956 1394 1012 debito
1446 957 1667 1012 honore
1715 961 2030 1026 susceptus

389 1052 450 1103 et
481 1046 610 1102 loco
638 1046 899 1102 maxima
931 1045 1332 1100 venerationis
1364 1045 1621 1114 habitus,
1656 1044 1929 1116 replicuit
1953 1043 2031 1099 la-

394 1135 556 1192 boris
584 1135 865 1205 assumpti
894 1149 1125 1190 causam
1160 1133 1419 1203 magistri
1455 1134 1544 1190 sui
1581 1133 1732 1188 beati
1777 1132 2029 1203 Dyonisii

390 1238 520 1280 esse
559 1222 971 1285 obedientiam,
1010 1223 1062 1277 in
1102 1222 1601 1278 consummatione
1647 1237 1859 1278 cursus
1907 1220 2033 1288 ejus

396 1311 746 1368 Gallicanam
779 1310 1103 1366 :ecclesiam
1137 1325 1398 1378 magnam
1430 1311 1550 1380 pati
1585 1311 2029 1380 praedicatorum

395 1399 715 1471 penuriam,
751 1413 814 1454 se
845 1399 919 1453 ob
969 1398 1072 1454 hoc
1126 1398 1330 1454 missos
1376 1398 1702 1465 advenisse,
1753 1403 1812 1452 ut
1867 1397 2033 1453 verbi

395 1489 694 1544 ministros
723 1487 952 1558 aliquos
983 1487 1242 1542 mitteret
1283 1487 1585 1543 aecclesize.
1642 1489 1771 1541 Haec
1829 1485 2035 1556 magis-

396 1584 550 1634 trum
583 1576 786 1633 ultima
817 1575 926 1632 sibi
957 1575 1190 1632 dedisse
1225 1575 1516 1644 mandata,
1563 1580 1623 1630 ut
1677 1589 2036 1630 consumma-

398 1665 574 1721 tionis
607 1679 728 1720 sure
760 1665 1012 1720 Romano
1045 1663 1299 1730 pontiﬁci
1335 1663 1726 1718 innotesceret
1749 1662 2031 1730 ordinem,

2141 523 2438 585 magnates
2471 515 2686 586 quique
2717 519 2776 568 et
2809 513 3015 582 vulgus
3049 513 3440 583 promiscuum
3473 515 3674 579 rogant
3719 517 3773 566 et

2141 606 2478 676 impetrant.
2513 603 2734 658 Gaudet
2767 607 2932 674 pater
2977 601 3047 656 de
3095 614 3334 656 numero
3383 599 3774 669 ceutuplicato

2143 692 2436 760 ﬁliorum,
2471 691 2690 746 letatur
2735 690 2788 744 in
2846 688 3154 744 devotione
3217 688 3451 755 civium,
3513 691 3571 741 et
3633 687 3776 756 quod

2144 784 2459 852 rogabatur
2503 780 2741 852 implere
2789 795 2898 835 non
2947 783 3226 834 moratur.
3274 779 3634 848 Preparatur
3679 791 3779 830 aee-

2139 871 2313 927 clesia
2349 867 2762 938 regenerandis
2804 867 2969 922 novis
3019 865 3274 920 ﬁdelium
3320 865 3571 936 populis,
3621 879 3769 932 rege-

2143 963 2422 1014 nerantur
2453 957 2652 1028 plures
2685 955 2947 1010 manibus
2981 954 3168 1009 sancti
3195 953 3480 1009 antistitis
3504 951 3772 1008 lavachro

2144 1047 2404 1104 salutari.
2443 1048 2834 1101 Destruuntur
2865 1043 3077 1113 templa
3111 1042 3416 1098 demonum
3442 1047 3498 1097 et
3518 1040 3774 1110 delubra,

2144 1135 2497 1205 dejiciuntur
2538 1133 2712 1201 idola,
2759 1139 2819 1188 et
2870 1133 3001 1203 quia
3049 1131 3229 1202 prima
3275 1145 3384 1186 non
3431 1130 3773 1192 sufﬁciebat,

2145 1239 2290 1280 nova
2319 1224 2626 1278 ediﬁcatur
2655 1222 2917 1278 azcclesia
2954 1221 3092 1275 mira
3127 1219 3338 1276 civium
3371 1219 3681 1274 devotione
3725 1224 3776 1274 et

2147 1312 2427 1368 industria
2452 1325 2562 1382 qua
2603 1311 2929 1367 accelerata
2978 1313 3382 1380 praeparantur
3427 1307 3776 1362 dedicationi

2146 1399 2495 1466 necessaria,
2527 1403 2584 1454 et
2619 1415 2647 1454 a
2681 1401 2850 1454 beato
2884 1397 3157 1468 pontiﬁce
3191 1397 3249 1450 in
3281 1397 3497 1451 honore
3541 1395 3642 1450 Dei
3694 1410 3780 1463 ge-

2146 1488 2376 1543 nitricis
2405 1492 2462 1542 et
2495 1486 2749 1554 Virginis
2777 1490 3160 1542 consecratus
3187 1499 3235 1539 a.
3277 1485 3436 1538 Dom.
3496 1484 3606 1539 inc.
3666 1485 3776 1551 104,

2149 1573 2244 1642 qui
2269 1578 2394 1628 erat
2425 1589 2452 1628 a
2478 1573 2742 1644 passione
2779 1572 2931 1626 beati
2965 1572 3218 1640 Dyonisii
3248 1576 3302 1639 7,
3347 1569 3509 1626 Gallo
3558 1573 3616 1625 et
3660 1570 3782 1624 Bra-

2149 1663 2260 1718 dua
2293 1660 3010 1731 consulibus,-Olimpiade
3038 1666 3162 1730 220,
3196 1666 3256 1716 et
3297 1664 3483 1715 mater
3524 1659 3780 1715 :ecclesia

394 1757 452 1810 et
483 1759 543 1810 ut
579 1753 723 1824 ipse,
755 1753 923 1822 cujus
961 1757 1091 1807 erat
1137 1751 1402 1808 ecclesiis
1452 1751 1782 1822 providere,
1835 1764 2037 1820 opera-
2066 1771 2120 1830 Β
2152 1751 2208 1806 in
2238 1767 2347 1822 qua
2379 1751 2450 1807 sit
2481 1751 2652 1806 sedes
2681 1749 3036 1822 episcopalis
3066 1749 3468 1804 constituitur.
3541 1764 3546 1770 ·

397 1842 516 1898 rios
555 1841 834 1909 dirigeret
885 1841 953 1896 ad
1003 1839 1379 1896 excolendam
1433 1838 1744 1895 Dominicm
1791 1838 2038 1893 sationis

395 1928 834 1999 agriculturam.
870 1927 1028 1983 Unde
1061 1941 1190 1983 cum
1227 1927 1436 1982 beatus
1479 1927 1739 1998 pontifex
1787 1925 2042 1994 gratula-

396 2021 560 2072 retur
592 2017 647 2070 in
681 2015 916 2070 Domino
947 2020 1004 2070 et
1039 2015 1111 2070 ad
1163 2015 1382 2083 agenda
1440 2031 1566 2085 qua:
1624 2016 1936 2086 petebatur
1980 2029 2040 2068 se

393 2119 567 2176 supra
621 2119 684 2159 se
742 2104 896 2160 votis
950 2103 1222 2158 omnibus
1286 2103 1653 2171 extenderet,
1707 2115 2042 2171 moramque

396 2192 452 2247 in
487 2191 748 2247 faciendo
784 2191 902 2262 pati
936 2191 1214 2259 nesciret,
1249 2190 1512 2246 decrevit
1544 2196 1736 2245 tamen
1779 2195 2041 2245 sanctum

396 2279 584 2335 virum
616 2279 953 2349 aliquandiu
985 2293 1180 2334 secum
1212 2278 1468 2332 retinere
1489 2278 1558 2332 ad
1585 2277 2042 2333 consolationem

399 2367 490 2423 sui
543 2371 600 2421 et
649 2366 1067 2422 recreationem
1118 2365 1336 2421 laboris
1383 2370 1443 2420 et
1497 2365 1748 2420 itineris.
1813 2368 1880 2420 At
1924 2365 2045 2435 ipse

407 2454 611 2527 paucis
643 2454 852 2510 diebus
899 2454 1049 2524 apud
1104 2468 1233 2508 eum
1284 2458 1632 2522 remoratus,
1685 2453 1836 2508 inter
1879 2459 2045 2522 grata

403 2547 618 2599 mutua;
658 2541 1150 2598 confabulationis
1201 2540 1502 2610 solamina,
1568 2540 1704 2610 quid
1735 2541 1908 2596 etiam
1943 2554 2046 2610 per

401 2645 506 2687 eos
538 2630 734 2686 divina
775 2629 963 2700 egerit
1002 2629 1212 2699 gratia,
1245 2634 1304 2684 et
1337 2628 1626 2699 quomodo
1667 2628 1892 2684 novella
1926 2628 2048 2682 Vir-

402 2719 681 2776 dunensis
704 2719 1079 2775 fructiﬁcaret
1100 2717 1386 2786 aecclesia,
1417 2717 1712 2773 humiliter
1728 2717 2042 2772 referebat.

404 2810 566 2865 Unde
617 2808 714 2863 ille
763 2811 880 2863 Deo
931 2823 1001 2862 ex
1053 2807 1255 2862 intimo
1305 2807 1503 2862 cordis
1551 2806 1762 2862 affectu
1824 2806 2048 2874 gratias

404 2913 604 2968 agens,
640 2897 832 2954 socios
861 2897 912 2952 ei
943 2901 999 2952 et
1042 2901 1462 2967 cooperatores
1511 2895 1671 2950 verbi
1723 2900 1845 2949 tres
1891 2893 2048 2950 viros

409 2985 1091 3063 probataalauctoritatis
1137 2985 1318 3051 dedit,
1368 2998 1612 3053 quorum
1661 2983 1888 3037 nomina
1939 2982 2048 3038 etsi

402 3089 513 3131 non
546 3075 828 3130 habemus
860 3074 915 3128 in
961 3072 1222 3142 scriptis,
1271 3071 1403 3140 quia
1464 3075 1654 3126 tamen
1709 3070 1868 3124 missi
1915 3074 2051 3125 sunt

403 3177 514 3218 non
547 3166 798 3217 tacetur.
831 3159 1105 3214 Novimus
1139 3163 1330 3213 tamen
1360 3159 1589 3213 beatum
1616 3159 1865 3214 Maurum
1893 3172 2052 3227 pres-

405 3253 696 3322 byterum,
727 3249 823 3318 qui
854 3249 906 3302 ei
937 3247 1225 3303 successit
1251 3247 1304 3300 in
1327 3246 1708 3317 pontiﬁcatus
1730 3246 1951 3313 ordine,
1981 3261 2051 3300 ex

401 3354 602 3397 eorum
635 3337 882 3406 collegio
911 3342 970 3392 et
1005 3351 1246 3391 numero
1281 3335 1475 3392 fuisse.

476 3430 701 3484 Interea
735 3425 998 3482 aeeelesia
1035 3423 1314 3492 ﬁdelium,
1349 3439 1476 3494 qua
1513 3429 1642 3479 erat
1665 3422 1819 3494 apud
1853 3423 2057 3477 Virdu-

402 3531 560 3586 num,
585 3515 890 3572 crescebat
919 3518 976 3568 et
996 3513 1448 3568 confortabatur
1471 3518 1530 3567 et
1550 3513 1849 3568 doctorem
1888 3526 2053 3566 suum

406 3605 637 3663 devotis
656 3608 714 3658 et
732 3602 852 3673 ipsa
880 3600 1186 3657 devotione
1210 3601 1513 3671 suspensis
1535 3600 1740 3655 animis
1757 3599 2055 3670 praestola-

407 3694 598 3750 batur.
628 3693 750 3746 Jam
780 3690 851 3745 ad
883 3703 985 3745 eos
1021 3690 1166 3744 fama
1197 3689 1268 3744 de
1300 3688 1753 3744 resuscitatione
1796 3689 2050 3744 defuncti

401 3786 770 3853 pervenerat,
805 3793 932 3849 quae
967 3791 1060 3834 res
1089 3793 1190 3833 eos
1224 3778 1280 3832 in
1314 3777 1426 3833 ﬁde
1459 3777 1557 3832 Dei
1591 3782 1647 3832 et
1689 3791 1885 3832 amore
1939 3792 2054 3832 ma-

402 3869 574 3942 gistri
603 3867 1004 3924 vehementius
1033 3865 1401 3922 accenderat.
1435 3866 1574 3921 Pius
1607 3880 1836 3935 quoque
1861 3869 2048 3936 pater,

405 3957 538 4015 dum
569 3961 993 4012 rememoratur
1025 3969 1340 4026 suspensos
1364 3955 1432 4010 ad
1459 3970 1623 4010 suum
1643 3954 2051 4010 reditumﬁlio-

403 4060 531 4104 rum
563 4045 804 4114 animos,
838 4043 1212 4099 Meldensium
1243 4043 1471 4098 scilicet
1517 4048 1577 4096 et
1599 4042 2046 4098 Virdunensium

400 4148 578 4190 —sex
603 4132 754 4187 enim
778 4131 908 4186 anui
928 4130 1043 4198 jam
1071 4144 1216 4199 pene
1250 4129 1469 4184 evoluti
1511 4134 1679 4184 erant
1715 4143 1743 4184 a
1779 4129 2049 4199 passione

405 4219 558 4278 beati
573 4219 903 4289 Dyonisiiet
929 4221 1132 4273 sextus
1149 4217 1270 4287 ipse
1289 4230 1474 4271 annus
1499 4216 1870 4287 pontiﬁcatus
1894 4217 2045 4273 beati

401 4307 659 4366 Euaristi
693 4305 802 4362 fuit
831 4310 1075 4361 octavus
1092 4335 1180 4374 —,
1204 4303 1611 4359 benedictione
1653 4305 1947 4375 postulata
1989 4309 2046 4361 et

404 4399 648 4467 accepta
669 4393 793 4466 (fol.
824 4394 933 4464 16),
959 4393 1186 4450 Meldim
1215 4392 1406 4448 redire
1422 4391 1730 4448 deliberat.
1751 4395 1830 4448 Ne
1856 4399 2046 4450 tamen

2083 3115 2132 3177 C

2222 1840 2319 1895 llis
2358 1839 2610 1909 expletis
2659 1839 2879 1910 plebem
2927 1844 3119 1893 monet
3176 1843 3236 1892 et
3281 1836 3629 1905 diligentius
3677 1837 3782 1890 ins-

2152 1927 2298 1983 truit
2337 1927 2702 1983 documentis
2765 1926 3143 1994 salutaribus,
3200 1925 3436 1980 ﬁrmans
3483 1939 3583 1980 eos
3629 1926 3785 1979 bene-

2153 2015 2532 2084 dictionibus,
2567 2020 2627 2069 et
2659 2015 2745 2069 sic
2779 2014 3003 2068 Meldim
3038 2013 3406 2082 regreditur;
3449 2013 3543 2069 ubi
3588 2011 3786 2083 praedi-

2153 2103 2370 2160 cationi
2403 2108 2461 2158 et
2493 2103 2714 2158 sanctis
2743 2103 3020 2173 operibus
3051 2102 3328 2157 insistens
3371 2103 3562 2172 (epist.
3611 2101 3785 2156 Him-

2150 2192 2360 2260 πιανέ),
2393 2205 2522 2246 cum
2555 2191 2925 2259 cognovisset
2958 2190 3257 2245 imminere
3289 2189 3438 2244 diem
3471 2189 3790 2244 vocationis

2156 2296 2296 2348 sum,
2332 2280 2562 2335 litteras
2591 2279 2982 2335 exortatorias
3016 2286 3076 2333 et
3117 2277 3540 2333 eonsolatorias
3580 2277 3785 2333 direxit

2158 2367 2292 2422 ﬁliis
2359 2366 2740 2422 Virdunensis
2803 2366 3083 2422 mcelesize
3133 2367 3304 2436 (Vita
3353 2367 3683 2436 Sanctini),
3741 2365 3788 2418 in

2159 2455 2388 2525 quibus,
2425 2455 2558 2523 quia
2593 2469 2772 2525 prope
2801 2459 2959 2509 esset
2996 2453 3224 2510 vocatio
3257 2453 3382 2523 ejus
3413 2458 3468 2509 et
3503 2453 3658 2523 quod
3689 2468 3792 2508 am-

2159 2543 2312 2614 plius
2342 2542 2541 2597 faciem
2577 2541 2703 2610 ejus
2730 2557 2841 2596 non
2875 2548 3074 2597 essent
3106 2542 3284 2598 visuri
3314 2543 3610 2613 praedixit,
3651 2547 3709 2597 et
3738 2547 3794 2595 ut

2161 2633 2416 2686 Maurum
2449 2632 2855 2700 presbyterum
2885 2631 3072 2686 virum
3107 2631 3159 2684 in
3205 2629 3314 2686 ﬁde
3353 2630 3705 2686 catholicum
3745 2636 3792 2684 et

2161 2719 2583 2786 doctissimum,
2621 2718 2728 2774 sibi
2761 2718 3476 2788 successoreimeligerent
3499 2719 3722 2775 monuit
3742 2723 3792 2772 et

2162 2807 2460 2878 praecepit.
2504 2805 2591 2860 Illi
2626 2807 2811 2877 primo
2844 2808 2970 2862 viso
3005 2808 3213 2862 nuneio
3245 2823 3374 2862 cum
3411 2807 3632 2864 litteris
3672 2822 3797 2877 gau-

2161 2897 2396 2962 debant,
2431 2901 2490 2950 et
2523 2893 2979 2950 consolabantur
3012 2911 3073 2950 se
3106 2901 3304 2951 mutuo
3340 2896 3395 2950 in
3421 2900 3690 2967 respectu
3711 2908 3796 2966 pa-

2162 2989 2349 3039 terno.
2409 2983 2512 3038 Ubi
2554 2998 2693 3039 vero
2746 2984 2815 3039 de
2858 2984 3110 3054 pastoris
3171 2983 3526 3039 resolutione
3576 2989 3640 3040 et
3705 2997 3794 3039 sua

2163 3071 2548 3127 destitutione
2580 3074 2726 3128 facta
2761 3078 2848 3128 est
2899 3073 3134 3141 mentio,
3179 3073 3238 3128 ﬁt
3275 3075 3472 3128 statim
3501 3073 3725 3130 clamor
3746 3076 3792 3126 et

2164 3161 2360 3217 luctus
2391 3160 2664 3216 omnium.
2703 3163 2820 3218 Vox
2849 3167 2972 3217 erat
3008 3178 3115 3218 una
3151 3163 3491 3218 dolentium.
3521 3161 3794 3218 Dolebant

2165 3249 2314 3302 enim
2344 3248 2478 3317 quia
2501 3249 2846 3305 amittebant
2865 3257 3085 3320 patrem
3105 3251 3490 3319 karissimum,
3511 3256 3794 3322 pastorem

2167 3335 2552 3402 mitissimum,
2590 3343 2646 3391 et
2704 3337 2757 3392 vi
2783 3338 3004 3393 doloris
3033 3338 3235 3394 attrita
3275 3343 3332 3394 et
3358 3340 3645 3409 depressa
3688 3335 3797 3392 acie

2167 3425 2378 3479 mentis
2417 3425 2676 3493 cogitare
2709 3427 2801 3481 vix
2836 3431 3124 3496 poterant,
3160 3429 3289 3496 quia
3320 3443 3478 3482 mors
3509 3428 3560 3482 ei
3605 3427 3696 3482 via
3736 3421 3794 3478 ad

2165 3511 2434 3580 patriam,
2470 3513 2566 3568 ubi
2601 3513 2732 3567 ﬁnis
2764 3513 3025 3569 laborum
3075 3519 3131 3568 et
3183 3514 3494 3570 retributio
3547 3513 3798 3585 praemio-

2166 3615 2289 3654 rum
2323 3605 2712 3656 :eternorum:
2752 3603 2900 3657 unde
2942 3603 3028 3658 eis
3070 3607 3230 3658 tanto
3282 3603 3489 3659 melius
3525 3599 3794 3674 opitulari

2166 3693 2221 3742 et
2259 3688 2570 3744 subvenire
2600 3689 2844 3759 valeret,
2881 3697 3096 3760 quanto
3125 3690 3374 3747 vicinius
3401 3693 3538 3762 Deo,
3564 3691 3663 3748 cui
3691 3702 3796 3746 ser-

2163 3776 2368 3846 vierat,
2405 3776 2457 3830 in
2492 3791 2604 3846 quo
2645 3783 3004 3849 speraverat,
3051 3793 3218 3849 quem
3249 3781 3556 3836 confessus
3590 3781 3794 3843 fuerat,

2164 3864 2437 3934 deposito
2467 3867 2733 3936 corporis
2761 3881 2960 3935 onere,
2992 3867 3322 3924 adhereret.
3359 3868 3528 3924 Fides
3568 3867 3794 3940 quidem

2164 3952 2302 4006 ﬁere
2338 3954 2706 4024 prohibebat,
2751 3955 2852 4010 sed
2884 3955 3161 4023 gemitum
3201 3957 3594 4026 extorquebat
3639 3956 3797 4012 affec-

2161 4045 2278 4096 tus.
2320 4041 2441 4097 Illic
2475 4057 2616 4110 ergo
2650 4043 2877 4112 positus
2907 4060 3014 4100 nos
3043 4045 3394 4101 humillimos
3425 4060 3638 4102 servos
3669 4058 3796 4101 suos

2162 4127 2253 4184 hic
2288 4135 2527 4186 orantes
2555 4131 2849 4200 exaudiat,
2882 4133 3204 4188 aecclcsiam
3242 4134 3392 4189 inter
3442 4135 3646 4192 mundi
3686 4139 3798 4190 tur—

2163 4217 2327 4273 bines
2359 4218 2736 4275 ﬂuctuantem
2769 4220 2878 4276 sibi
2911 4222 3298 4293 commissam,
3333 4238 3437 4280 suo
3478 4222 3684 4281 labore
3732 4221 3793 4278 ad

2162 4305 2218 4360 id
2253 4306 2404 4376 quod
2438 4311 2532 4362 est
2562 4314 2898 4378 provectam
2933 4309 3052 4380 (fol.
3093 4311 3200 4381 16),
3237 4315 3402 4381 regat
3431 4315 3791 4383 etprotegat,

2163 4392 2527 4464 ﬁliorumque
2561 4411 2766 4466 preces
2793 4401 2853 4453 et
2885 4397 3154 4454 lacrimas
3185 4400 3280 4455 Dei
3314 4400 3501 4470 patris
3547 4401 3792 4458 omnium

405 4497 588 4542 novos
617 4481 950 4554 adoptionis
975 4481 1125 4537 ﬁlios
1149 4495 1295 4552 quos
1316 4480 1543 4537 Christo
1567 4495 1668 4552 per
1690 4495 1896 4551 aquam
1912 4483 2048 4552 bap-
2077 4469 2131 4529 D
2161 4483 2502 4552 conspectui
2532 4483 2756 4541 offerat.

406 4571 662 4629 tismatis
691 4570 934 4626 Virduni
967 4573 1416 4640 regeneraverat
1467 4568 1796 4624 invisitatos
1840 4575 2049 4640 praete-

402 4659 681 4731 riret,illo
703 4657 1044 4730 quantotius
1067 4658 1179 4714 iter
1209 4657 1592 4723 accelerat,ut
1624 4657 1936 4714 relictisibi
1961 4673 2049 4714 so-

401 4749 532 4820 ciis,
567 4762 714 4819 quos
744 4747 816 4802 ab
853 4746 1177 4818 apostolica
1209 4745 1350 4801 sede
1383 4749 1750 4816 perceperat,
1784 4745 2050 4816 ipseMel-

402 4835 521 4892 dim
547 4837 787 4906 rediret,
821 4839 882 4890 et
911 4848 1050 4891 suas
1081 4849 1240 4904 oves,
1278 4833 1490 4904 quibus
1511 4837 1712 4904 pastor
1753 4837 1812 4888 et
1852 4839 2050 4889 rector

402 4921 714 4980 institutus
735 4924 943 4992 fuerat,
970 4927 1222 4992 regeret.
1247 4922 1502 4990 Cumque
1523 4919 1763 4976 Virduni
1787 4919 2052 4977 advenis-

401 5015 516 5081 set,
542 5024 574 5068 a
605 5011 886 5067 fratribus
914 5013 1120 5067 devote
1150 5009 1494 5080 suscipitur,
1535 5023 1564 5063 a
1586 5007 1813 5064 civibus
1845 5013 2048 5065 contra

2232 4570 2469 4640 Legitur
2498 4586 2636 4628 sane
2680 4573 2734 4630 in
2777 4575 3207 4646 antiquioribus
3245 4577 3373 4646 ejus
3418 4578 3606 4646 gestis
3664 4576 3791 4650 (36),

2162 4659 2314 4728 quod
2349 4674 2478 4715 cum
2513 4659 2714 4718 Meldis
2739 4661 3006 4734 redisset,
3043 4668 3346 4734 tyrannum
3381 4665 3792 4737 increpaverit,

2162 4747 2315 4816 quod
2350 4761 2444 4803 res
2474 4747 2742 4806 ecclesiae
2772 4751 3130 4822 diripuisset,
3165 4756 3221 4807 et
3267 4753 3344 4809 ob
3403 4753 3459 4808 id
3503 4753 3669 4811 illum
3718 4753 3793 4809 ira

2162 4835 2449 4907 praecipiti
2474 4837 2780 4910 fervidum,
2805 4839 3001 4909 gladio
3025 4840 3334 4898 adauctum
3360 4841 3596 4898 beatum
3610 4843 3793 4899 virum

2163 4922 2296 4978 vitae
2329 4925 2726 4982 transmissise
2749 4933 3068 4998 perpetuae.
3096 4934 3352 5000 Apparet
3375 4929 3553 4986 etiam
3577 4928 3794 4986 nuncin

2164 5009 2290 5082 ipso
2317 5011 2424 5066 viri
2461 5013 2781 5070 beatissimi
2809 5015 3023 5087 capite,
3057 5017 3208 5074 sicut
3242 5016 3489 5074 relatum
3504 5019 3686 5074 estab
3707 5016 3794 5072 his

1758 5103 1996 5160 VARLE
2036 5105 2434 5164 LECTIONES.

470 5177 518 5214 ³³
561 5179 630 5236 1x
655 5177 773 5250 jam
804 5191 954 5236 anno
982 5179 1052 5237 in
1082 5179 1201 5238 loco
1226 5191 1365 5239 raso

471 5348 588 5421 (36)
621 5345 864 5421 Qalmet,
886 5346 1058 5421 βω.
1089 5346 1458 5421 damni?“
1484 5344 1608 5421 l,_p,
1639 5343 1812 5421 3_2f_in
1855 5358 2049 5421 mona-

398 5415 589 5495 sterio
617 5418 672 5474 S.
688 5415 899 5495 _Vitoni
939 5417 1125 5495 Vitam
1149 5415 1410 5495 Sanctini
1423 5415 1564 5495 post
1582 5429 1633 5471 a.
1657 5419 1762 5472 952
1791 5416 2049 5495 conscri-

400 5494 562 5563 ptam
589 5501 659 5563 _se
688 5486 1189 5563 legisgetestatur
1217 5485 1509 5563 inAcodiee
1546 5499 1799 5563 suae..er
1827 5485 2050 5563 _insc_r_i-

402 5555 506 5633 inp
535 5577 549 5614 :
571 5555 826 5633 Im:in
834 5559 967 5633 Vita
979 5560 1055 5633 ες.
1075 5555 1872 5633 εςαποιὶπιρνᾴῃιὲρρηίζζίσίς
1880 5556 2049 5633 vrbis

403 5569 506 5632 pto
535 5577 549 5614 :
571 5569 807 5633 ιποίμι
837 5569 967 5617 γεω
985 5569 1055 5617 δ’.
1075 5569 1872 5687 mamma-imponam:
1880 5569 2049 5640 eam

403 5627 743 5702 alarm.
775 5626 1258 5704 Paciﬁci-imm
1273 5639 1355 5687 ca
1445 5625 1525 5686 tis
1556 5625 1822 5690 νόστοι-ιω
1840 5626 2050 5688 mm-

1986 5246 2206 5305 NOTE.

2144 5347 2356 5474 ﬁlium,
2390 5354 2502 5430 etc.
2541 5350 2687 5432 Quin
2717 5351 2861 5432 hanc
2893 5352 3078 5408 Vitam
3111 5351 3274 5423 Hugo
3303 5357 3436 5435 ante
3467 5353 3672 5411 oculos
3703 5353 3793 5433 ha-

2203 5426 2373 5474 uerlt.
2420 5435 2518 5474 le
2545 5421 2801 5474 dubitari
2849 5435 3019 5474 posse
3056 5425 3270 5474 probat
3304 5439 3489 5474 manus
3536 5430 3793 5474 narratio

2203 5421 2396 5500 ueri_t_,_
2420 5421 2518 5476 vix
2545 5421 2801 5500 dubitari
2848 5435 3019 5500 posse
3053 5421 3270 5500 probat
3304 5423 3514 5500 ξρεξξιιε,Δ
3536 5423 3793 5500 narratio

2157 5504 2287 5562 cum
2311 5489 2457 5546 Vitae
2477 5489 3022 5562 compendio,'quod
3045 5489 3261 5550 Gallice
3285 5489 3444 5550 dedit
3475 5493 3790 5562 Calmetus,

2157 5559 2388 5634 collata,
2425 5563 2497 5616 At
2527 5559 2642 5634 non
2672 5561 2796 5634 haec
2828 5559 3039 5634 'G'esta,
3086 5564 3188 5620 sed
3229 5563 3324 5621 illa
3369 5567 3442 5622 ab
3485 5559 3794 5623 Hincmaro

2156 5630 2491 5706 conscripta
2523 5631 2854 5708 antiquiora
2885 5630 3082 5696 fuisse.
3115 5647 3284 5700 nemo
3312 5649 3424 5700 non
3455 5635 3615 5698 videt
