3898 6332
156 280 222 353 3'7
1400 297 1901 365 CHRONICON.
1934 339 2013 351 —
2042 292 2196 369 LIB.
2244 306 2290 370 Ι.
3418 330 3495 391 33

154 425 239 497 qui
270 427 553 487 viderunt.
589 434 643 488 et
677 447 814 489 ossa
847 431 973 504 ejus
999 433 1359 491 sanctissima
1388 438 1790 496 contrectave-
1817 434 1873 495 A
1904 451 2069 495 annis
2102 439 2252 497 intra
2283 450 2448 516 septa
2478 449 2732 519 sepulcri
2765 452 3076 513 thesaurus
3112 459 3353 519 celestis
3387 463 3532 520 deli«

157 520 291 583 runt,
322 519 508 575 sectio
535 519 716 590 gladii
745 523 1062 580 materialis
1088 525 1183 594 ita,
1216 528 1280 581 ut
1306 524 1487 581 media
1512 539 1649 596 pars
1697 538 1790 581 ca-

155 605 294 676 pitis,
326 607 443 678 ipsa
475 608 753 667 videlicet
789 627 924 684 pars
955 614 1234 684 anterior,
1302 615 1357 670 in
1409 628 1521 685 qua
1577 612 1786 684 posita;

150 698 269 749 sunt
290 695 557 754 fenestrae
581 698 908 772 oculorum,
935 717 1043 757 non
1078 701 1365 759 habeatur
1404 716 1535 759 cum
1554 700 1783 772 reliquo

151 795 394 854 corpore,
428 790 488 841 et
520 788 687 857 quasi
717 787 915 858 gladio
947 796 1108 847 secta
1162 794 1220 846 et
1282 790 1469 847 divisa
1512 789 1781 846 videatur

153 884 271 939 pars
300 874 596 943 posterior
624 876 695 933 ab
729 878 1047 934 anteriore.
1085 878 1349 944 Qualiter
1380 893 1519 947 ergo
1550 893 1778 934 servum

151 972 300 1014 suum
329 960 481 1017 Deus
511 962 586 1018 ad
621 978 681 1020 se
715 966 1074 1036 evocaverit,
1124 966 1246 1039 ipse
1285 967 1445 1023 novit
1491 966 1586 1037 qui
1649 980 1777 1021 eum

152 1047 430 1118 praeelegit
463 1056 606 1107 ante
638 1052 942 1109 saecularia
974 1059 1279 1125 tempora;
1323 1070 1425 1110 nos
1463 1053 1774 1119 credimus,

152 1134 268 1205 quia
298 1137 405 1192 etsi
436 1139 570 1209 ejus
601 1141 849 1197 animam
881 1141 1111 1212 gladius
1159 1143 1606 1214 perscquutoris
1664 1157 1775 1197 non

149 1224 390 1293 abstulit,
427 1227 681 1297 palmam
714 1231 910 1285 tamen
944 1231 1209 1301 martyrii
1244 1246 1354 1287 non
1384 1231 1600 1300 amisit,
1644 1232 1775 1301 quia

149 1314 296 1368 totus
308 1313 439 1370 vitae
452 1315 583 1385 ejus
596 1331 885 1374 excursus
894 1319 1050 1389 jugis
1068 1319 1316 1391 iuitjcum
1336 1319 1594 1391 principe
1620 1335 1781 1373 mun-

146 1400 195 1453 di
248 1402 551 1461 conﬁctus.

210 1490 416 1547 Ascivit
449 1498 650 1549 autem
684 1495 795 1551 sibi
830 1496 1105 1552 Dominus
1132 1511 1283 1551 nunc
1317 1500 1582 1551 sanetum
1643 1510 1779 1567 pon-

144 1575 339 1634 tiﬁcem
364 1583 495 1650 post
519 1582 701 1639 multa
728 1582 992 1641 laborum
1016 1584 1295 1656 pericula,
1318 1588 1445 1655 post
1476 1584 1773 1640 innumera

146 1666 410 1723 bonorum
433 1684 682 1741 operum
706 1673 1010 1743 exercitia,
1037 1673 1092 1727 in
1112 1674 1257 1729 urbe
1280 1673 1579 1742 Meldensi,
1608 1673 1772 1727 5Kal.

145 1752 421 1827 Octobris,
458 1765 749 1828 regnante
777 1761 955 1817 terris
986 1762 1251 1833 principe
1294 1761 1558 1831 Trajano.

207 1842 362 1909 Quod
384 1846 430 1901 si
452 1848 762 1904 studiosus
783 1847 972 1905 lector
995 1848 1226 1921 plenius
1255 1850 1418 1921 cupit
1449 1849 1771 1919 addiscere,

145 1929 418 2005 advertat,
456 1936 596 2005 quia
628 1942 722 1991 13°
755 1952 905 1992 anno
941 1938 1166 2009 imperii
1198 1938 1463 2007 Neronis,
1485 1951 1599 2007 quo
1627 1952 1775 1993 anno

146 2020 339 2077 Petrus
360 2031 416 2078 et
442 2024 668 2080 Paulus
684 2023 947 2094 gloriose
968 2027 1393 2094 occubuerunt,
1421 2024 1516 2096 qui
1540 2030 1665 2081 erat
1681 2040 1777 2081 an-

146 2123 242 2164 nus
269 2110 340 2165 ab
371 2111 484 2166 inc.
521 2113 687 2167 Dom.
720 2118 808 2183 72,
845 2113 1236 2185 Vespasianus
1268 2128 1296 2169 a
1331 2115 1550 2169 Nerone
1584 2113 1639 2167 in
1684 2114 1778 2168 Ju-

146 2198 294 2255 deam
319 2214 448 2255 cum
473 2201 749 2258 exercitu
775 2202 989 2259 missus
1010 2207 1121 2259 est.
1144 2204 1367 2259 Mortuo
1385 2206 1578 2259 autem
1603 2203 1778 2257 Nero-

146 2299 206 2339 ne
228 2300 371 2341 anno
388 2288 670 2358 sequenti
697 2294 1006 2359 antequam
1033 2289 1423 2361 Vespasianus
1440 2291 1675 2347 Romam
1693 2301 1779 2343 re-

148 2371 304 2443 diret,
337 2374 538 2446 Galba,
576 2375 733 2431 Otho
763 2381 822 2431 et
848 2375 1119 2433 Vitellius
1150 2380 1540 2447 regnaverunt
1568 2389 1718 2432 anno
1748 2380 1770 2429 1

147 2463 195 2513 et
227 2461 518 2519 mensibus
549 2467 603 2518 6.
639 2463 1038 2534 VeSpasianus
1070 2464 1382 2536 ergoapud
1404 2464 1646 2521 Judeam
1680 2463 1781 2517 im-

150 2563 364 2626 perator
375 2559 720 2631 appellatus
734 2566 846 2631 est,
863 2562 958 2631 qui
973 2566 1029 2617 et
1056 2560 1402 2633 Capitolium
1416 2560 1730 2617 aediﬁcavit
1764 2578 1778 2627 ;

146 2644 631 2716 "cujussecundo
644 2663 796 2705 anno
815 2649 1128 2707 Judeorum
1152 2664 1391 2719 regnum
1422 2649 1645 2705 ﬁnitum
1669 2653 1777 2719 est,

150 2758 306 2813 quum
337 2760 367 2801 a
397 2746 593 2817 prima
645 2745 1034 2804 aediﬁcatione
1079 2747 1278 2818 templi
1321 2746 1429 2803 sub
1480 2746 1782 2802 Salamone

153 2846 314 2901 usque
336 2833 407 2888 ad
433 2834 706 2890 ultimam
730 2834 857 2904 ejus
874 2835 1097 2892 ruinam
1121 2836 1232 2892 sub
1264 2835 1392 2906 ipso
1421 2834 1782 2906 Vespasiano

153 2926 644 3007 colliganturanpi
666 2934 819 2988 1202.
842 2932 1128 3004 [Rasum]
1147 2932 1430 3001 Regnavit
1457 2931 1784 3022 igiturVes:

153 3017 401 3085 pasianus
423 3036 474 3076 a.
502 3026 564 3091 9,
593 3037 665 3076 m.
700 3026 782 3089 11,
808 3022 863 3077 d.
891 3025 976 3075 22.
1002 3022 1101 3076 His
1152 3026 1207 3075 11
1248 3021 1545 3076 mensibus
1595 3017 1779 3076 additi

1905 527 2033 583 tuit.
2069 530 2387 589 Novissime
2415 534 2605 593 divina
2640 539 2996 599 revelatione
3028 552 3322 616 repertum
3341 556 3397 606 et
3417 554 3533 609 ele-

1898 621 2093 711 vatum
2129 618 2270 675 mira
2300 622 2660 681 exultatione
2682 628 2893 685 civium
2916 636 2973 686 et
2996 634 3410 695 confluentium
3436 657 3531 711 ρυ-

1897 701 2183 798 pulcrum,
2217 710 2668 771 sacratissimum
2701 731 2917 789 corpus
2952 718 3077 789 ejus
3121 723 3189 778 ad
3211 701 3535 798 propician-

1895 788 2027 879 dum
2058 794 2232 850 Deum
2264 797 2494 856 miseris
2527 788 2872 861 mortalibus
2902 788 3077 879 super
3104 788 3363 869 alta-rein
3386 816 3534 872 cele-

1894 878 1971 972 sti
2002 881 2418 972 propiciatorio
2449 889 2521 944 ab
2551 892 2847 962 episcopis
2865 878 3177 954 honoriﬁce
3211 902 3529 972 repositum

1892 971 2003 1034 est,
2040 968 2136 1023 ubi
2170 985 2272 1041 per
2294 977 2732 1035 succedentium
2780 994 3062 1039 annorum
3111 968 3405 1044 volumina
3459 991 3531 1045 ab

1891 1056 2339 1147 excubitoribus
2381 1062 2690 1133 diligenter
2730 1076 3024 1127 servatum
3064 1077 3120 1129 ct
3179 1075 3519 1147 honoriﬁce,

1893 1146 2215 1234 permansit
2248 1163 2431 1219 usque
2460 1153 2530 1207 ad
2554 1159 2814 1226 tempora
2839 1157 3108 1215 Ludovici
3133 1161 3527 1234 imperatoris,

1892 1231 2104 1289 Lotarii
2139 1250 2303 1305 {eque
2339 1237 2707 1310 imperatoris
2740 1243 2861 1315 filii,
2901 1248 3019 1303 Deo
3059 1231 3321 1306 sanctum
3360 1231 3525 1308 suum

1893 1320 2238 1378 miriﬁcante
2298 1326 2483 1395 signis
2530 1333 2587 1383 et
2640 1332 2919 1401 prodigiis
2984 1334 3524 1395 innumerabilibus.

1892 1407 2029 1463 Post
2061 1408 2185 1481 hec,
2223 1414 2354 1482 quia
2390 1415 2473 1470 sic
2507 1417 2656 1473 Deus
2689 1418 2890 1487 voluit,
2927 1422 3277 1479 translatum
3318 1431 3428 1495 est,
3469 1431 3530 1481 et

1891 1495 2131 1553 Virduni
2191 1502 2245 1555 in
2288 1502 2549 1561 {ecclesia
2606 1508 2790 1563 sancti
2850 1510 3000 1580 petri
3061 1510 3334 1585 locatum,
3373 1519 3434 1570 et
3473 1515 3527 1570 in

1892 1587 2104 1643 scrinio
2136 1597 2413 1660 argenteo
2449 1596 2834 1667 reconditum,
2885 1599 2982 1654 ubi
3016 1601 3241 1658 meritis
3299 1602 3426 1673 ejus
3463 1610 3522 1660 et

1891 1677 2165 1748 precibus
2195 1681 2517 1737 exuberant
2555 1683 2832 1741 beneﬁcia
2865 1686 3058 1744 divina
3101 1703 3287 1760 usque
3332 1691 3388 1747 in
3431 1693 3530 1750 ho-

1803 1776 1863 1839 B
1891 1764 2156 1821 diernum
2190 1767 2361 1838 diem,
2395 1776 2697 1840 prestante
2737 1775 2871 1831 Jesu
2916 1776 3130 1833 Christi
3179 1780 3388 1851 gratia,
3436 1783 3530 1839 cui

1887 1859 1980 1909 est
2012 1854 2196 1911 honor
2227 1861 2285 1910 et
2312 1856 2497 1925 gloria
2532 1858 2585 1913 in
2617 1860 2828 1916 saecula
2856 1863 3202 1923 saeculorum
3236 1881 3419 1924 amen.

1957 1942 2128 1997 Rexit
2184 1947 2376 1999 autem
2435 1949 2561 2014 post
2619 1961 2748 2001 eum
2800 1949 3148 2007 Meldensem
3200 1954 3525 2011 ecclesiam

1890 2031 2096 2086 beatus
2127 2032 2452 2088 Antoninus
2495 2035 2659 2089 annis
2705 2036 2921 2107 multis,
2973 2044 3033 2093 et
3077 2041 3191 2111 piis
3240 2042 3523 2100 virtutum

1888 2118 2163 2188 operibus
2195 2119 2438 2189 insignis
2462 2121 2733 2190 migravit
2763 2124 2831 2179 ad
2853 2125 3150 2184 Dominum
3171 2132 3221 2184 2.
3240 2128 3526 2188 Kalendas

1889 2206 2159 2264 Octobris
2187 2209 2295 2280 (ep.
2330 2210 2597 2278 Hirtam.)
2631 2216 2945 2281 praestante
2974 2214 3111 2271 Jesu
3145 2216 3359 2271 Christi
3394 2231 3525 2287 gra-

1890 2296 1968 2351 tia
1999 2296 2091 2352 cui
2122 2303 2213 2352 est
2242 2298 2427 2353 honor
2455 2303 2515 2352 et
2544 2297 2729 2367 gloria
2764 2300 2818 2355 in
2852 2301 3045 2357 secula
3079 2317 3261 2359 amen.

1958 2385 2295 2441 Domiciano
2329 2386 2508 2455 igitur
2540 2386 2814 2444 defuncto
2836 2390 3019 2445 Nerva
3053 2392 3312 2463 suscepit
3348 2392 3526 2465 impe-

1891 2474 2039 2531 rium
2064 2488 2213 2530 anno
2248 2480 2270 2528 1
2300 2480 2357 2530 et
2391 2476 2687 2532 mensibus
2712 2480 2777 2541 4;
2802 2477 2912 2533 sub
2941 2492 3054 2548 quo
3076 2479 3366 2538 Iohannes
3389 2496 3526 2554 apo-

1893 2563 2081 2621 stolus
2113 2570 2420 2620 revocatur
2450 2565 2521 2620 ab
2552 2565 2746 2621 exilio.

1966 2654 2066 2711 Cui
2097 2655 2377 2712 successit
2407 2655 2716 2724 Trajanus;
2743 2657 2852 2711 sub
2885 2671 2996 2726 quo
3023 2658 3331 2716 Zacharias
3359 2661 3527 2717 Vien-

1894 2746 2091 2800 nensis
2146 2744 2429 2802 aecelesiee
2501 2744 2811 2815 episcopus
2864 2746 3141 2815 martyrio
3188 2754 3521 2805 coronatur.

1893 2835 2029 2891 Nam
2063 2834 2283 2905 primus
2312 2836 2610 2903 Crescens,
2638 2833 2927 2890 secundus
2969 2833 3248 2891 Martinus
3298 2840 3528 2906 aposto-

1895 2921 2081 2979 lorum
2110 2921 2377 2994 discipuli
2416 2921 2646 2976 Viennze
2685 2920 2982 2977 sederunt.
3012 2922 3294 2990 Regnavit
3338 2922 3529 2992 Traja-

1893 3027 2001 3067 nus
2028 3027 2078 3066 a.
2116 3017 2194 3069 18.
2230 3026 2302 3065 m.
2337 3014 2387 3065 6.
2424 3010 2478 3065 d.
2524 3013 2597 3062 15.
2634 3008 2784 3064 His6
2812 3008 3107 3065 mensibus
3147 3009 3194 3063 si
3238 3008 3529 3068 addideri-

148 3118 175 3168 7
202 3114 428 3173 Neronis
458 3118 614 3174 ﬁunt
648 3122 732 3186 19,
776 3123 834 3173 et
885 3117 974 3172 his
1022 3122 1092 3172 22
1139 3116 1345 3173 diebus
1383 3117 1566 3172 additi
1618 3115 1777 3172 illius
1807 3126 1861 3192 ο
1892 3112 2020 3192 {nus
2049 3097 2289 3192 ὧδε-28,
2324 3096 2420 3192 qui
2452 3110 2626 3192 _sup_ra
2660 3101 3081 3192 πεξξηεηεθιςξξηι,
3117 3101 3174 3152 et
3213 3103 3274 3192 t5
3300 3098 3525 3192 Traiani

147 3204 206 3257 '28
231 3202 365 3260 ﬁunt
395 3211 464 3262 50
494 3205 633 3260 dies
668 3206 703 3260 i.
739 3220 789 3260 e.
828 3220 1013 3261 annus
1042 3210 1101 3260 et
1134 3212 1165 3262 7
1195 3219 1423 3261 menses
1454 3209 1511 3259 et
1532 3205 1599 3260 2O
1625 3204 1771 3275 dies,

148 3290 230 3359 qui
250 3305 425 3350 annus
443 3295 563 3350 hoc
587 3294 643 3348 in
668 3293 797 3349 loco
819 3293 1116 3349 inseritur.
1144 3293 1306 3348 Titus
1322 3306 1551 3363 quoque
1576 3306 1777 3361 regna-

148 3379 289 3436 vita.
323 3387 373 3453 2,
405 3400 481 3439 m.
518 3389 575 3439 2.
609 3382 979 3438 Domicianus
1009 3397 1059 3437 a.
1097 3387 1181 3451 15,
1245 3397 1319 3436 m.
1354 3386 1404 3437 5.
1459 3381 1560 3438 His
1608 3386 1639 3436 δ
1680 3380 1776 3436 ad-

149 3466 331 3526 damus
351 3476 384 3526 7
407 3485 647 3527 menses
681 3470 1046 3541 Vespasiani,
1079 3469 1408 3540 completur
1430 3483 1634 3537 annus,
1678 3471 1774 3540 qui

152 3556 229 3611 hic
259 3558 562 3616 inseritur.
599 3560 740 3613 Post
770 3557 1164 3614 Domicianum
1196 3558 1380 3611 Nerva
1414 3556 1696 3626 regnavit,
1722 3572 1772 3614 a.

156 3648 197 3713 1,
226 3660 293 3699 m.
324 3649 374 3717 4,
407 3648 464 3702 d.
500 3650 560 3702 8.
592 3648 706 3701 Sex
737 3645 915 3715 igitur
947 3645 1245 3700 mensibus
1274 3644 1537 3713 Othonis,
1585 3643 1778 3701 Galbae

153 3736 202 3785 et
226 3732 435 3789 Vitellii
467 3734 522 3790 si
560 3731 961 3788 addiderimus
989 3732 1098 3785 Titi
1132 3732 1299 3801 duos,
1336 3733 1537 3786 Nervae
1561 3732 1780 3798 4,com-

152 3818 327 3889 pletur
354 3835 569 3890 annus,
603 3826 664 3876 et
696 3819 789 3875 hic
812 3818 1113 3874 inseritur.
1140 3820 1275 3874 Post
1302 3820 1546 3874 Nervam
1579 3832 1781 3888 regna-

153 3908 224 3962 vit
250 3909 531 3979 Trajanus
565 3923 615 3963 a.
653 3913 740 3978 19,
776 3924 849 3963 m.
886 3912 936 3977 6,
971 3908 1025 3963 d.
1066 3912 1126 3962 16
1175 3907 1347 3976 cujus
1396 3922 1426 3961 a
1475 3914 1536 3963 2ο
1574 3907 1780 3963 beatus

155 3994 438 4052 Sanctinus
462 3994 743 4065 migravit
768 3995 839 4048 ad
864 3994 1185 4063 Dominum,
1206 4007 1356 4048 anno
1380 3994 1451 4048 ab
1484 3993 1593 4048 inc.
1619 3994 1777 4048 Dom.

156 4087 257 4151 105,
289 4099 359 4139 m.
396 4090 484 4155 10,
519 4083 579 4139 d.
618 4087 702 4152 18,
739 4082 1010 4137 Africano
1042 4087 1102 4136 et
1122 4081 1390 4151 Crispino
1416 4080 1779 4150 consulibus,

153 4183 178 4222 a
203 4173 460 4240 passione
495 4172 657 4227 beati
690 4170 944 4240 Dyonisii
974 4184 1024 4225 a.
1050 4174 1103 4238 8,
1124 4168 1533 4239 pontiﬁcatum
1553 4182 1581 4222 a
1606 4174 1782 4237 gente

152 4256 400 4316 Romanae
430 4258 722 4318 ecclesia:
752 4272 901 4329 papa
932 4256 1201 4312 Euaristo
1233 4271 1283 4311 a.
1338 4260 1392 4326 9,
1426 4256 1781 4326 interposito

155 4350 325 4403 tamen
346 4364 499 4406 anno
530 4347 656 4419 illo,
683 4349 785 4418 qui
807 4348 877 4403 de
900 4346 1315 4419 supputatione
1340 4345 1619 4401 mensium
1652 4360 1782 4416 pro-

151 4435 310 4506 cedit,
343 4444 407 4494 ut
437 4452 727 4495 numerus
759 4451 1043 4499 annorum
1074 4435 1493 4508 pontiﬁcalium
1517 4436 1779 4505 perfecte
1808 4476 1864 4539 D

152 4531 421 4595 servetur,
458 4530 521 4582 et
552 4526 627 4581 ab
654 4524 822 4581 obitu
856 4524 1009 4580 beati
1046 4524 1302 4580 Sanctini
1347 4536 1530 4593 usque
1581 4521 1649 4577 ad
1680 4523 1781 4578 ob-

154 4608 280 4667 itum
310 4614 589 4685 Euaristi,
626 4614 723 4684 qui
758 4613 909 4669 obiit
937 4617 988 4668 6.
1023 4613 1144 4669 Kal.
1189 4610 1556 4681 Novembris,
1592 4626 1779 4667 annus

153 4704 361 4778 integer
389 4717 449 4767 et
477 4711 609 4767 dies
640 4716 707 4767 17
737 4713 1170 4781 computentur.

215 4796 482 4870 Sepultus
505 4805 599 4856 est
622 4813 763 4855 sane
786 4798 1077 4868 condigne
1101 4798 1320 4854 honore
1337 4795 1592 4854 ﬁdelium
1616 4798 1670 4853 in
1685 4813 1779 4854 ec-

152 4885 309 4943 clesia
340 4889 531 4945 sancti
560 4888 723 4944 Petri
756 4887 878 4957 (fol.
915 4888 1004 4959 17)
1038 4902 1208 4957 quam
1234 4888 1356 4958 ipse
1380 4902 1410 4942 a
1444 4886 1779 4944 fundamen-

154 4975 223 5030 tis
250 4978 647 5041 ediﬁcaverat,
683 4990 812 5047 quae
842 4976 1074 5047 quidem
1104 4990 1134 5030 a
1167 4982 1368 5032 sancto
1397 4977 1687 5032 Antonino
1709 4976 1772 5048 ³⁴,

152 5065 238 5133 qui
258 5068 308 5122 ei
330 5067 384 5124 in
398 5069 747 5141 episcopatu
761 5070 1154 5135 successerat,
1187 5064 1484 5135 ampliata,
1507 5069 1682 5136 atque
1696 5065 1780 5121 in-

149 5150 350 5213 honore
377 5158 565 5229 ipsius
598 5157 863 5226 magistri
897 5155 989 5212 sui
1016 5152 1283 5211 dedicata
1301 5157 1414 5224 est,
1451 5154 1550 5211 ubi
1575 5154 1775 5211 multis

1890 3187 2124 3243 ﬁunt43.
2161 3188 2299 3241 Post
2337 3185 2670 3240 Zachariam
2699 3185 2885 3241 Verus
2932 3184 3340 3242 Viennensium
3378 3187 3528 3258 epis-

1885 3289 2067 3346 copus
2101 3273 2313 3331 ﬂoruit.
2350 3274 2523 3343 Cujus
2553 3273 2711 3341 regni
2742 3289 2790 3328 a.
2823 3276 2877 3328 3°
2912 3278 3247 3344 assumptus
3285 3282 3371 3329 est
3403 3275 3526 3345 ipse

1889 3366 2095 3420 beatus
2128 3360 2432 3434 apostolus
2454 3376 2602 3417 anno
2624 3364 2755 3431 post
2782 3361 3108 3431 passionem
3149 3361 3372 3417 Domini
3411 3365 3524 3442 68°,

1889 3455 2101 3525 ind.14,
2134 3458 2339 3525 epacta
2371 3455 2431 3516 6;
2464 3456 2520 3507 et
2549 3458 2717 3506 sexto
2746 3450 3407 3520 ejusannomigravitad
3422 3452 3532 3506 Do-

1889 3544 2104 3600 minum
2147 3543 2353 3598 beatus
2399 3540 2707 3595 Sanctinus
2753 3544 2835 3608 ,et
2889 3538 3152 3607 suscepit
3199 3538 3525 3595 aecclesiam

1894 3630 2203 3702 regendam
2232 3630 2465 3686 Maurus
2495 3627 2819 3698 presbyter,
2857 3626 2945 3681 vir
2986 3624 3247 3681 honestae
3287 3626 3423 3682 vitae
3466 3631 3525 3682 et

1896 3734 1998 3792 per
2016 3724 2221 3776 cuncta
2238 3714 2563 3773 laudabilis.
2578 3711 2773 3785 [uiam]
2791 3712 3031 3781 Trajano
3045 3712 3326 3770 adversus
3341 3714 3531 3770 Chris-

1897 3809 2087 3863 tianos
2111 3802 2621 3878 persequutionsm
2636 3806 2922 3867 movente,
2950 3800 3531 3873 SymeonIIierosoly-

1899 3910 2120 3951 morum
2147 3893 2426 3963 epicopus
2444 3887 3095 3955 cruciﬁgitur,lgnatius
3119 3887 3326 3942 bestiis
3346 3889 3529 3943 tradi-

1899 3992 2014 4053 tur,
2048 3980 2373 4037 Alexander
2403 3992 2550 4048 papa
2569 3978 2700 4047 post
2730 3972 3197 4029 administratum
3242 3987 3289 4028 a.
3328 3980 3413 4044 11,
3448 3990 3526 4032 m.

1897 4079 1949 4143 7,
1985 4071 2038 4125 d.
2074 4074 2106 4124 2
2136 4067 2534 4139 pontiﬁcatum
2577 4062 2856 4132 martyrio
2894 4065 3210 4115 coronatur
3252 4061 3361 4115 sub
3387 4062 3532 4132 ,Tra-

1891 4160 2029 4229 jano
2062 4164 2111 4213 5.
2148 4158 2288 4212 Non.
2316 4154 2421 4209 Mai
2446 4151 2650 4224 (Gesta
2667 4150 2822 4222 pont
2845 4148 3054 4220 Rom).
3086 4149 3188 4204 Hic
3219 4149 3527 4206 constituit

1898 4253 1959 4304 ut
2002 4261 2146 4317 aqua
2187 4243 2511 4316 Sparsiouis
2550 4257 2681 4298 cum
2719 4239 2841 4297 sale
2886 4237 3169 4293 benedici.
3213 4238 3351 4293 Post
3393 4253 3523 4295 eum

1897 4337 2049 4393 sedit
2080 4337 2315 4406 Xystus,
2342 4334 2572 4390 natione
2602 4332 2913 4400 Romanus,
2947 4342 3020 4383 ex
3048 4329 3292 4386 Pastore
3332 4329 3402 4385 de
3436 4344 3524 4386 re-

1892 4426 2061 4496 gione
2100 4425 2202 4481 Via
2228 4426 2383 4494 Lata,
2416 4439 2466 4480 a.
2507 4420 2873 4489 10.m.2,d.1.
2896 4417 3069 4490 [ADO.]
3097 4418 3522 4476 Hieconstituit

1896 4522 1959 4573 ut
2008 4515 2331 4571 ministeria
2390 4515 2619 4569 sacrata
2679 4524 2790 4565 non
2856 4512 3243 4577 tangerentur
3316 4508 3427 4564 nisi
3494 4524 3527 4565 a

1893 4605 2197 4663 ministris.
2240 4606 2442 4660 Justus
2479 4599 2820 4655 Viennensis
2866 4598 3177 4668 episcopus
3211 4597 3410 4653 ﬂoruit
3456 4594 3522 4653 ³⁸.

1962 4700 2125 4753 Anno
2158 4708 2388 4766 quoque
2418 4693 2490 4748 ab
2522 4691 2632 4746 inc.
2669 4692 2827 4744 Dom.
2864 4692 2983 4744 121.
3017 4686 3284 4756 regnavit
3320 4684 3528 4741 Adria-

1889 4803 2018 4859 nus,
2049 4782 2416 4844 consobrinze
2443 4778 2668 4850 Trajani
2701 4776 2872 4832 ﬁlius.
2911 4776 3096 4847 [BEDA,
3139 4772 3395 4843 HIERONJ
3422 4771 3529 4830 Hic

1888 4878 1944 4934 9°
1984 4874 2214 4948 imperii
2269 4872 2359 4929 sui
2406 4884 2557 4926 anno
2606 4864 3058 4939 persequutione
3099 4860 3311 4932 laxata,
3355 4864 3526 4932 pater

1889 4968 2094 5042 patria:
2126 4962 2477 5037 appellatur,
2508 4962 2569 5015 et
2600 4969 2746 5013 uxor
2769 4952 2907 5047 ejus
2928 4952 3202 5047 augusta.
3246 4949 3531 5047 Regnavit

1886 5038 1937 5115 a.
1974 5063 2063 5128 21,
2099 5051 2550 5124 Thelesphorus,
2585 5040 3054 5128 Grecusnatione
3080 5053 3152 5095 ex
3169 5038 3529 5128 anachorita,

1888 5171 1938 5212 a.
1957 5155 2016 5209 11
2035 5123 2108 5205 in.
2135 5149 2188 5216 3,
2218 5142 2273 5199 d.
2300 5123 2361 5197 21
2378 5131 2770 5211 .(Geslapont.
2796 5127 3009 5200 Rom).
3036 5126 3212 5183 Duxit
3231 5124 3277 5159 ⁸⁸
3298 5123 3530 5182 illustre

1502 5268 1739 5325 VARLE
1781 5261 2183 5327 LECTIONES.

143 5380 1002 5480 f.V.°saa§i999_Xl-_9t:ie.x-
1021 5382 1391 5480 .02.“89!.‘P}.‘.s.
1408 5361 2676 5480 {serereserere53.215132:
2700 5352 3532 5480 Etmit‘fﬁé‘iéﬁﬁoiiﬁig

146 5430 468 5550 1,έέιῖἓῇἵᾷ
469 5430 842 5550 ξιῖεξέίέξιξεῖιὲεὲ
848 5430 908 5550 ῖιῖ
905 5430 1008 5550 in}:
1019 5430 1549 5550 {exesum}.
1555 5430 2108 5550 ﬁliaiam}???
2129 5443 2275 5550 ἓξὲξ
2282 5430 3529 5550 ιΞῖἳὶΞέ,139ὲᾷξὲξέἓΐέξιὲὲἓῖρῗὲθὲο⁰ὖίι¹ἒέἒῗ

150 5500 1159 5599 ﬁbﬁZéﬁ'ﬁh‘é‘iﬁ‘EﬁB‘éﬁ"ﬁlisbéﬁii.
1181 5500 2107 5597 33333113636833665‘
2129 5500 2273 5571 suae.
2305 5507 2351 5542 ⁸⁵
2374 5500 2662 5565 Justus;—
2675 5500 2870 5557 ﬂoruit
2888 5502 2957 5557 in
2968 5500 3263 5570 margine.
3288 5500 3333 5528 ³⁸
3352 5500 3433 5550 Du

150 5624 210 5634 —
236 5597 353 5654 Jan.
383 5601 451 5656 in
471 5613 664 5672 Μαίνῃ.
