3898 6328
339 320 417 382 89
1297 315 1662 380 HUGONIS
1704 307 2060 376 ABBATIS
2105 303 2777 371 FLAVINIACENSIS
3667 307 3753 366 40

344 450 686 523 martyrium
721 451 862 508 Non.
894 453 1018 506 Jan.
1057 450 1158 506 Hic
1187 450 1494 506 constituit
1533 458 1594 504 ut
1637 455 1668 504 '7
1719 445 1989 502 ebdoma-
2017 442 2073 502 A
2104 454 2304 495 manos
2326 439 2651 509 largissime
2677 440 2949 498 refecerit
2969 448 3029 500 et
3063 446 3352 502 barbaros
3384 442 3612 500 crebris
3649 442 3766 499 ful-

345 540 436 596 dis
465 547 600 596 ante
643 539 856 611 pascha
883 537 1166 609 jejunium
1197 536 1531 594 celebretur
1561 534 1680 606 (fol.
1718 532 1824 602 17’)
1853 537 1911 588 et
1933 531 1987 586 in

345 632 517 686 nocte
538 627 756 684 natalis
777 625 999 682 Domini
1023 625 1218 682 missae
1241 624 1616 682 celebrentur
1631 626 1687 678 et
1706 621 1915 682 Gloria
1927 621 1993 676 in

346 715 598 775 excelsis
626 718 747 773 Deo
778 719 1111 772 caneretur.
1149 713 1305 769 Obiit
1332 716 1381 768 3.
1410 714 1546 768 Idus
1565 713 1778 767 Januar
1798 708 1862 764 ⁸⁷.
1889 707 1990 764 Cui

350 805 641 864 successit
671 806 887 876 Yginus
917 805 1156 860 natione
1186 805 1404 859 Grecus
1434 817 1502 858 ex
1535 792 1898 873 phylosopho
1923 797 1992 852 de

352 896 616 965 Athenis,
649 894 802 951 sedit
835 908 886 950 a.
919 896 970 964 4,
1007 909 1078 948 m.
1115 897 1167 962 3,
1201 892 1257 948 (1.
1289 895 1339 946 8.
1377 893 1477 946 llic
1507 890 1726 946 clerum
1766 901 1994 957 compo-

351 985 473 1043 suit
505 989 565 1040 et
611 983 914 1040 distribuit
961 981 1180 1051 gradus
1227 978 1687 1036 ecclesiasticos.
1738 975 1895 1031 Obiit
1938 978 1987 1029 3.

351 1074 486 1131 Idus
516 1073 731 1128 Januar
760 1069 823 1125 ³⁸.

423 1164 586 1218 Anno
617 1161 689 1215 ab
723 1159 836 1214 inc.
872 1159 1031 1215 Dom.
1071 1160 1174 1213 142
1206 1155 1422 1227 [Beas].
1449 1153 1771 1210 Antoninus
1794 1165 1995 1220 cogno-

357 1254 550 1306 mento
581 1248 718 1304 Pius
751 1262 880 1304 cum
915 1245 1049 1301 (iliis
1078 1243 1313 1301 Aurelio
1345 1248 1403 1298 et
1440 1241 1612 1298 Lucio
1643 1239 1908 1309 regnavit
1939 1252 1989 1292 a.

351 1342 441 1401 22,
477 1352 548 1392 m.
585 1340 633 1392 4.
670 1337 826 1404 Pius,
859 1335 1090 1390 natione
1122 1332 1320 1400 italus,
1357 1345 1430 1386 ex
1458 1336 1626 1400 patre
1657 1327 1880 1395 Rufino,
1909 1326 1992 1381 ira

351 1433 445 1482 ter
458 1425 740 1493 Pastoris,
759 1423 828 1479 de
841 1423 1081 1478 civitate
1099 1419 1359 1491 Aquileia
1377 1419 1580 1490 (Gesta
1585 1418 1749 1488 poet.
1779 1415 1991 1486 Rom),

355 1513 504 1574 sedit
542 1519 671 1585 post
699 1513 942 1584 Yginum
969 1525 1020 1567 a.
1059 1515 1144 1578 19,
1182 1524 1254 1564 m.
1290 1510 1340 1578 4,
1375 1508 1430 1564 d.
1465 1511 1514 1561 3.
1551 1505 1706 1561 Obiit
1756 1509 1804 1560 5.
1860 1503 1996 1558 ldus

352 1602 490 1660 Julii
521 1600 567 1635 ”
595 1602 716 1672 Hic,
751 1599 956 1670 angelo
982 1601 1272 1664 monente,
1298 1594 1558 1666 precepit
1582 1592 1878 1648 Dominico
1903 1589 1996 1646 die

357 1691 568 1764 pascha
588 1689 896 1747 celebrari.
924 1689 1082 1743 Inter
1102 1685 1262 1741 Pium
1287 1680 1670 1740 et'Anicetum
1685 1679 1740 1735 (1.
1758 1684 1844 1736 29.
1867 1678 1997 1734 Ani-

2104 529 2320 584 minum
2353 527 2568 584 ictibus
2599 529 2840 586 territos
2873 529 2928 585 in
2961 531 3150 602 fugam
3183 530 3560 590 converterit.
3598 529 3759 596 Quo-

2105 631 2229 672 rum
2263 620 2428 686 terga
2457 617 2753 685 cedentes,
2789 617 3149 676 incruentam
3183 620 3486 677 victoriam
3520 617 3762 690 potenti

2104 704 2318 760 Christi
2351 719 2616 760 meruere
2649 705 2886 762 auxilio.
2921 708 3038 763 Sub
3072 723 3186 779 quo
3235 710 3552 781 Hyrenaaus
3609 706 3764 776 Lug-

2105 792 2381 848 dunensis
2403 792 2717 864 episcopus
2739 793 2950 850 claruit
2973 801 3033 852 et
3050 795 3358 867 Dionysius
3381 794 3759 852 Viennensis.

2103 880 2240 935 Post
2274 895 2440 950 quem
2473 881 2736 950 regnavit
2775 881 2978 938 Helius
3017 884 3291 940 Pertinax
3341 882 3639 940 mensibus
3698 885 3759 938 6.

2105 967 2227 1034 Quo
2260 968 2536 1024 defuncto
2568 969 2829 1039 regnavit
2865 970 3116 1028 Severus
3155 987 3306 1028 anno
3334 973 3407 1028 ab
3441 971 3553 1028 inc.
3585 971 3761 1026 Dom.

2107 1059 2226 1112 198.
2261 1058 2521 1127 regnavit
2554 1073 2603 1114 a.
2641 1061 2727 1114 18.
2761 1059 2980 1129 Victor,
3017 1060 3252 1116 natione
3268 1061 3424 1131 Afer,
3452 1063 3619 1132 patre
3656 1058 3768 1114 Fe-

2107 1143 2240 1214 lice,
2277 1144 2429 1200 sedit
2461 1160 2511 1201 a.
2549 1151 2635 1217 12,
2661 1161 2733 1202 m.
2755 1153 2806 1218 2,
2835 1149 2890 1205 (1.
2921 1152 2986 1204 10
3007 1147 3213 1218 (Gesta
3219 1147 3388 1220 pom.
3417 1145 3630 1217 Rom).
3655 1145 3767 1202 llic

2106 1233 2436 1302 constituit,
2467 1233 2617 1289 sicut
2641 1240 2702 1289 et
2723 1235 2879 1305 Pius,
2905 1241 2965 1292 ut
2993 1237 3206 1306 pascha
3231 1235 3324 1292 die
3349 1234 3645 1292 Dominico
3664 1249 3770 1291 ce-

2107 1319 2438 1376 lebraretur
2469 1337 2520 1377 a.
2556 1324 2640 1377 14.
2679 1321 2812 1378 luna
2844 1323 3013 1394 primi
3050 1323 3268 1381 mensis
3311 1338 3498 1395 usque
3547 1324 3618 1381 ad
3664 1329 3767 1382 21.

2105 1407 2365 1477 ejusdem
2395 1409 2632 1466 mensis.
2664 1411 2818 1466 Obiit
2852 1417 2902 1466 5.
2934 1411 3054 1466 Kal.
3092 1413 3233 1481 Aug.

2179 1499 2342 1552 Anno
2399 1497 2470 1552 ab
2529 1497 2638 1552 inc.
2702 1499 2862 1554 Dom.
2893 1502 3016 1555 206.
3071 1499 3453 1571 Zepherinus,
3519 1499 3770 1556 natione

2095 1584 2418 1664 Romanus,
2454 1589 2623 1656 patre
2655 1586 2943 1658 Abundio,
2975 1585 3130 1643 sedit
3158 1601 3210 1643 a.
3256 1591 3343 1659 18,
3377 1602 3451 1642 m.
3488 1591 3540 1658 6,
3577 1586 3636 1644 (1.
3667 1591 3765 1644 10.

2111 1670 2265 1727 Obiit
2285 1677 2335 1728 7.
2363 1671 2483 1728 Kal.
2530 1672 2687 1745 Sept.

355 1760 543 1851 cetus,
581 1779 812 1836 natione
838 1779 1034 1847 Syrus,
1063 1780 1226 1846 patre
1243 1773 1522 1840 Johanne,
1550 1770 1620 1826 de
1642 1769 1782 1824 Vico
1805 1767 1996 1824 Emisa
2027 1792 2080 1852 Β
2182 1763 2344 1852 Anno
2373 1760 2445 1816 ab
2477 1760 2588 1852 inc.
2621 1762 2779 1817 Dom.
2813 1767 2918 1852 216
2951 1762 3168 1852 [BEDA].
3211 1761 3538 1852 Antoninus
3587 1763 3779 1820 Cara-

353 1869 420 1940 ‘°,
455 1849 624 1938 11.-11,
658 1882 729 1922 m.
766 1869 818 1935 4,
849 1865 904 1920 (1.
941 1869 972 1920 3
1011 1863 1226 1936 [Bson].
1265 1860 1422 1916 Obiit
1460 1858 1577 1914 Kal.
1617 1857 1722 1912 Mai
1762 1855 1824 1910 ‘1.
1881 1857 1997 1912 Sub
2027 1849 2070 1852 “
2109 1849 2258 1906 calla
2275 1850 2542 1940 regnavit
2565 1853 2848 1940 a.7.APost
2875 1851 3025 1935 hunc
3049 1851 3338 1908 Macrinus
3369 1866 3420 1906 a.
3458 1856 3598 1940 1,7et
3629 1857 3770 1924 post

358 1972 472 2028 quo
500 1955 837 2026 Poliearpus
867 1953 1105 2008 Romam
1145 1949 1403 2016 veniens,
1457 1945 1672 2003 multos
1721 1945 1792 2000 ab
1836 1945 2000 2000 here-

357 2044 471 2101 tica
503 2043 633 2099 labo
666 2040 952 2098 Valentini
983 2044 1043 2095 et
1073 2037 1354 2094 Cerdonis
1387 2034 1718 2104 castigavit.

429 2132 590 2186 Anno
617 2130 690 2185 ab
722 2128 834 2184 inc.
869 2129 1028 2183 Dom.
1066 2128 1186 2182 164.
1216 2126 1442 2181 Marcus
1468 2121 1792 2178 Antoninus
1813 2121 1999 2177 Verus

359 2232 489 2275 cum
520 2217 698 2273 fratre
733 2215 970 2272 Aurelio
1007 2212 1320 2269 Commodo
1351 2209 1616 2281 regnavit
1650 2223 1698 2264 a.
1731 2213 1820 2278 29,
1847 2223 1918 2262 m.
1948 2213 1996 2264 1.

362 2308 601 2364 Fotinus
634 2303 1036 2374 Lugdunensis
1055 2307 1112 2358 et
1135 2303 1337 2358 Justus
1359 2298 1703 2354 Viennensis
1723 2296 2000 2367 martyrio

360 2397 718 2450 coronantur
747 2391 810 2444 ⁴².
843 2387 1201 2459 Polycarpus
1231 2385 1506 2458 martyrio
1528 2389 1866 2440 coronatur.
1900 2383 2002 2438 Ve-

363 2496 428 2537 ro
457 2484 666 2551 quater
695 2481 756 2534 et
787 2477 1081 2544 Quadrato
1113 2475 1444 2546 Aproniano
1472 2479 1531 2528 et
1573 2471 1750 2528 Paulo
1794 2485 2003 2527 consu-

363 2568 520 2624 libus
552 2566 660 2623 sub
695 2567 954 2622 Aniceto.
992 2562 1195 2635 (Gesta
1213 2563 1406 2634 pom.)
1442 2564 1501 2617 In
1546 2560 1726 2616 Gallia
1773 2573 2003 2630 quoque

364 2655 532 2713 multi
558 2669 662 2727 pro
686 2653 917 2709 Christo
941 2651 1116 2708 occisi
1139 2655 1292 2707 sunt.
1323 2651 1600 2706 Anicetus
1627 2662 1770 2720 papa
1787 2647 2004 2703 consti-

365 2744 476 2802 tuit
511 2749 567 2801 ut
602 2743 853 2800 clericus
884 2755 1105 2798 comam
1140 2755 1252 2797 non
1287 2741 1558 2796 nutriret.
1587 2739 1743 2794 Obiit
1772 2744 1850 2792 11.
1878 2735 1998 2792 Kal.

362 2833 499 2891 Julii
531 2831 594 2888 ⁸³.
627 2833 782 2888 Inter
813 2831 1116 2886 Anicetum
1147 2833 1203 2885 et
1239 2829 1544 2885 Sotherum
1576 2828 1628 2883 (1.
1656 2831 1743 2883 21.
1771 2827 2000 2896 Sother,

364 2923 599 2980 natione
631 2924 974 2992 Campanus,
1005 2934 1079 2974 ex
1112 2923 1277 2988 patre
1303 2917 1642 2981 Concordio,
1670 2916 1740 2970 de
1763 2905 2002 2971 civitate

365 3011 597 3082 Fundis,
633 3025 781 3066 anno
811 3010 884 3064 ab
917 3010 1031 3064 inc.
1066 3008 1224 3062 Dom.
1263 3011 1384 3076 168,
1419 3003 1880 3060 MarciAntonini
1905 3003 2006 3058 Ve-

368 3099 419 3155 ri
447 3105 507 3154 et
541 3097 760 3154 Aurelii
792 3094 1084 3152 Commodi
1115 3099 1167 3150 9.
1199 3095 1457 3164 suscepit
1489 3091 1880 3163 gubernacula
1905 3091 2006 3145 Ro-

365 3201 550 3244 mana:
579 3186 868 3255 ecclesiae,
905 3183 1059 3240 sedit
1094 3198 1142 3238 a.
1179 3188 1229 3252 9,
1266 3198 1337 3238 m.
1371 3188 1425 3251 7,
1478 3183 1532 3238 (ι.
1585 3187 1672 3237 21.
1725 3181 1823 3235 llic
1871 3195 2006 3235 con-

367 3276 559 3334 stituit
593 3282 655 3333 ut
683 3275 838 3332 nulla
873 3272 1151 3329 monacha
1187 3271 1396 3342 pallam
1427 3275 1714 3326 sacratam
1739 3272 2004 3338 tangeret

364 3379 471 3422 nec
499 3365 792 3422 incensum
815 3363 870 3418 in
894 3360 1138 3418 ecclesia
1165 3365 1432 3432 poneret.
1455 3358 1610 3414 Obiit
1635 3362 1718 3412 10.
1741 3356 1858 3412 Kal.
1878 3356 2000 3411 Mai.

361 3455 406 3488 “
436 3456 596 3511 Inter
627 3455 930 3510 Sotherum
963 3457 1022 3506 et
1061 3449 1435 3505 Eleutherum
1483 3447 1538 3502 d.
1591 3451 1679 3503 21.
1723 3449 1886 3501 Anno
1935 3445 2006 3500 ab

365 3541 480 3599 inc.
517 3544 676 3598 Dom.
715 3547 835 3597 177.
870 3539 1235 3605 Eleutherus,
1272 3535 1504 3592 natione
1549 3535 1787 3604 Grecus,
1842 3539 2005 3605 patre

367 3629 650 3701 Abundio,
687 3630 756 3686 de
787 3629 1004 3701 oppido
1037 3625 1322 3696 Nicopoli,
1352 3623 1499 3680 sedit
1534 3637 1584 3678 a.
1619 3627 1703 3692 15,
1741 3638 1810 3677 m.
1846 3627 1898 3692 3,
1944 3622 1999 3677 (1.

363 3725 414 3779 2.
443 3719 546 3776 Hic
568 3718 878 3776 constituit
907 3721 967 3772 ut
990 3714 1144 3769 nulla
1168 3727 1302 3768 esca
1323 3728 1353 3767 a
1378 3710 1726 3766 Christianis
1741 3709 2004 3780 repudia-

367 3813 534 3865 retur
556 3821 685 3878 quae
709 3801 1078 3861 rationabilis
1099 3805 1158 3856 et
1181 3800 1427 3856 humana
1447 3803 1539 3854 est
1565 3817 1578 3865 ;
1599 3798 1668 3853 ad
1691 3812 1860 3868 quem
1881 3798 2006 3856 mis-

366 3911 429 3954 sa
461 3895 712 3969 epistola
744 3893 954 3949 Lucius
982 3888 1293 3944 Britanniae
1322 3901 1426 3942 rex
1453 3889 1514 3941 ut
1540 3886 1904 3943 Christianus
1925 3889 2004 3942 cf-

367 3985 642 4042 liceretur
674 3981 970 4052 impetrat.
1009 3976 1170 4032 Obiit
1199 3982 1230 4030 7
1261 3974 1382 4028 Kal.
1417 3973 1568 4028 Junii
1607 3973 1670 4029 ⁴⁸.
1722 3975 2004 4031 Defuncto

365 4071 680 4131 Commodo
743 4071 924 4123 fratre
999 4063 1328 4118 Antoninus
1392 4061 1764 4118 Commodum
1823 4062 2003 4120 filium

365 4175 535 4220 suum
555 4160 889 4214 consortem
910 4151 1073 4220 regni
1097 4149 1254 4219 facit,
1285 4149 1381 4220 qui
1405 4151 1674 4219 regnavit
1701 4155 1829 4222 post
1855 4166 2006 4206 mor-

363 4254 483 4306 tem
514 4245 703 4319 pat:is
731 4239 898 4298 annis
931 4244 1016 4294 15.
1043 4237 1283 4307 Cujus“
1315 4245 1576 4310 tempore
1594 4240 2005 4296 Marcomanni-

365 4349 498 4396 cum
531 4330 747 4389 bellum
769 4327 867 4383 Dei
887 4331 1079 4382 actum
1101 4330 1192 4381 est
1212 4326 1596 4397 providentia.
1617 4327 1754 4383 Nam
1777 4329 2004 4385 cumin-

364 4419 768 4482 surrexissent
784 4414 840 4470 in
857 4416 1144 4471 Romanos
1163 4419 1370 4485 gentes
1393 4415 1656 4473 barbara:
1681 4417 2006 4474 innumera-

2035 3141 2085 3204 C

2110 1951 2240 1993 eum
2271 1939 2496 1994 Marcus
2528 1937 2800 1996 Aurelius
2822 1929 3139 2010 imperator
3161 1955 3190 1995 a
3221 1943 3270 1996 4.
3305 1939 3618 1996 Anno‘7ab
3643 1940 3767 1998 inc.

2110 2025 2270 2081 Dom.
2300 2031 2423 2098 202,
2451 2027 2643 2084 Severi
2671 2041 2720 2083 a.
2754 2029 2804 2098 4,
2832 2028 3135 2098 questione
3164 2029 3360 2084 habita
3391 2028 3462 2085 de
3486 2029 3775 2086 observa-

2115 2115 2271 2171 tione
2295 2116 2526 2186 pascbae
2546 2116 2742 2172 Victor
2771 2117 3060 2173 Romanus
3093 2131 3260 2188 papa,
3294 2117 3604 2174 Narcissus
3641 2117 3778 2173 Ibe-

2113 2202 2422 2274 rosolimaa,
2457 2203 2781 2259 Policrates
2810 2204 3216 2276 Ephesiorum,
3270 2206 3571 2276 Hyreneus
3619 2205 3780 2276 Lug-

2113 2290 2456 2348 dunensium
2475 2290 2692 2347 litteris
2711 2291 3025 2348 ediderunt
3053 2291 3306 2363 qualiter
3339 2292 3570 2366 paschae
3607 2299 3776 2351 esset

2113 2381 2564 2436 observandum.

2187 2471 2348 2523 Anno
2378 2469 2450 2523 ab
2481 2468 2589 2524 inc.
2626 2469 2784 2524 Dom.
2834 2473 2956 2524 210.
3010 2469 3117 2525 sub
3163 2469 3374 2526 Severo
3421 2470 3778 2541 martyrium

2115 2555 2269 2612 beati
2301 2555 2546 2628 Hyrenei
2577 2570 2707 2612 cum
2740 2555 2918 2612 sociis
2947 2561 3138 2613 actum
3172 2562 3259 2613 est
3300 2556 3539 2629 (fol.18).

2185 2647 2347 2700 Anno
2379 2644 2450 2700 ab
2482 2645 2590 2700 ine.
2623 2645 2782 2699 Dom.
2817 2648 2942 2714 224,
2977 2650 3034 2699 1°
3087 2659 3236 2701 anno
3290 2645 3462 2702 Marci
3517 2645 3772 2717 Aurelii,

2115 2732 2396 2802 Calixtus,
2422 2733 2656 2788 natione
2674 2733 2983 2803 Romanus,
3011 2737 3175 2804 patre
3204 2733 3483 2802 Domicio,
3517 2733 3588 2790 de
3620 2735 3776 2792 urbe

2113 2821 2554 2890 Ravennatium,
2587 2820 2740 2876 sedit
2769 2833 2819 2876 a.
2856 2825 2910 2890 6,
2942 2835 3013 2874 m.
3050 2825 3101 2890 2,
3137 2821 3192 2876 (1.
3226 2826 3292 2877 10
3341 2820 3544 2893 (Gesta
3591 2825 3772 2895 poni.

2114 2910 2326 2980 Rom).
2347 2910 2668 2964 Coronatus
2681 2913 2772 2964 est
2790 2908 3066 2978 martyrio
3080 2909 3188 2965 sub
3203 2909 3597 2968 Alexandro2.
3629 2913 3777 2970 Idus

2115 2999 2408 3067 Octobris,
2431 2997 2494 3052 3°
2517 2996 2829 3052 Alexandri
2857 3012 3028 3054 anno.
3062 2998 3468 3057 Cuisuccessit
3499 3003 3777 3059 Urbanus

2115 3086 2348 3143 natione
2383 3089 2724 3157 Campanus,
2762 3091 2926 3157 patre
2953 3087 3256 3144 Pontiano.
3305 3089 3466 3146 Sedit
3493 3105 3544 3146 a.
3587 3094 3641 3161 7,
3690 3105 3770 3146 m.

2117 3181 2202 3246 10,
2238 3177 2292 3231 (1.
2326 3181 2423 3242 20;
2457 3175 2604 3232 obiit
2631 3181 2680 3231 9.
2718 3175 2836 3231 Kal.
2869 3177 3022 3233 Junii
3054 3177 3116 3234 ⁴⁸.
3153 3181 3311 3234 Inter
3355 3179 3648 3236 Urbanum
3709 3187 3776 3238 et

2115 3263 2456 3320 Pontianum
2489 3264 2543 3320 d.
2580 3269 2666 3319 3).
2701 3261 3042 3336 Pontianus,
3078 3267 3312 3322 natione
3329 3268 3638 3338 Romanus,
3678 3282 3781 3340 pa~

2113 3357 2205 3408 tre
2237 3353 2567 3424 Calpurnio,
2603 3353 2754 3408 sedit
2789 3369 2840 3409 a.
2875 3358 2929 3424 9,
2962 3370 3034 3409 m.
3071 3358 3122 3425 5,
3158 3355 3213 3410 (1.
3253 3359 3304 3410 2.
3354 3355 3677 3413 Pontianus
3723 3355 3778 3390 ⁴⁹

2114 3443 2223 3498 sub
2255 3442 2556 3498 Maximino
2586 3442 2840 3498 fustibus
2871 3457 3046 3499 cesus
3075 3443 3348 3499 occubuit
3381 3447 3430 3498 3.
3464 3443 3585 3498 Kal.
3622 3444 3768 3502 Nov.

2112 3531 2398 3586 Defuncto
2434 3530 2690 3600 Aurelio,
2750 3545 2900 3586 anno
2946 3533 3102 3586 Dom.
3153 3530 3263 3587 inc.
3319 3535 3423 3589 228
3471 3533 3769 3589 successit

2113 3618 2440 3674 Alexander
2473 3619 2702 3691 [BEDA];
2737 3620 2997 3689 regnavit
3031 3625 3185 3676 3.13.
3221 3621 3380 3677 [nter
3421 3619 3772 3678 Pontianum

2111 3712 2172 3764 et
2190 3710 2508 3764 Antherum
2529 3707 2584 3762 d.
2608 3712 2690 3764 10.

2185 3795 2422 3854 Anno"o
2479 3796 2706 3868 imperii
2763 3796 3077 3854 Alexandri
3130 3803 3245 3868 13°,
3301 3797 3374 3854 ab
3429 3797 3542 3854 inc.
3599 3797 3767 3855 Dom.

2110 3891 2236 3958 236,
2271 3886 2587 3942 indictione
2620 3891 2705 3955 15,
2739 3892 2944 3956 epacta
2977 3892 3028 3957 9,
3069 3901 3340 3944 concurr.
3393 3889 3446 3958 6,
3504 3887 3773 3946 secundo

2113 3990 2262 4032 anno
2293 3974 2666 4046 pontiﬁcatus
2693 3975 2955 4030 Pontiani
3007 3990 3191 4046 papae,
3244 3974 3608 4032 celebratum
3671 3981 3773 4033 est

2113 4063 2324 4135 pascha
2341 4063 2587 4134 primum
2602 4062 2754 4120 sicut
2770 4063 3048 4120 hactenus
3062 4069 3372 4120 servatura
3393 4063 3579 4120 nobis.
3622 4063 3770 4120 Nam

2114 4166 2298 4223 usque
2331 4151 2403 4206 ad
2437 4151 2493 4207 id
2526 4156 2758 4222 tempus
2785 4151 3213 4208 observabatur
3240 4151 3297 4208 in
3342 4153 3428 4208 14.
3481 4150 3618 4208 luna
3677 4167 3774 4209 se-

2112 4241 2364 4297 cundum
2398 4254 2614 4295 morem
2643 4238 2976 4295 Judeorum.

2187 4331 2350 4385 Anno
2381 4328 2454 4384 ab
2485 4327 2596 4384 inc.
2633 4328 2792 4384 Dom.
2825 4329 2948 4384 241.
2993 4326 3300 4385 ordinatus
3351 4332 3442 4385 est
3487 4333 3572 4384 11.
3636 4329 3764 4386 Kal.

2115 4417 2447 4474 Decembris
2466 4416 2780 4488 Antherus,
2797 4415 3033 4474 natione
3047 4417 3286 4486 Grecus,
3302 4421 3471 4488 patre
3494 4417 3766 4476 Romulo.

363 4511 466 4570 bili
493 4502 890 4573 multitudine,
911 4501 968 4558 id
993 4506 1082 4558 est
1106 4502 1510 4574 Marcomanni,
1537 4503 1742 4576 Quadi,
1763 4506 2005 4562 Wanda-
2032 4492 2086 4552 D
2115 4506 2278 4563 Sedit
2311 4521 2382 4562 m.
2421 4511 2473 4576 1,
2508 4504 2564 4562 (1.
2602 4511 2705 4570 17;
2736 4505 2880 4561 obiit
2914 4504 2957 4538 ἰ
2987 4507 3038 4562 4.
3091 4506 3234 4562 Non.
3271 4507 3506 4570 Januar,
3557 4506 3773 4577 (Gesta

365 4598 429 4666 li,
466 4597 766 4665 Sarmatae,
799 4592 970 4648 Suevi
1001 4598 1059 4648 et
1101 4592 1287 4648 omnis
1329 4606 1474 4663 pene
1511 4594 1834 4666 Germania,
1865 4597 2001 4652 etin

365 4683 702 4754 Quadorum
735 4695 922 4752 usque
948 4681 1090 4736 ilnes
1109 4693 1458 4752 progressus
1473 4681 1768 4740 Romanus
1785 4685 2004 4742 exerci-

363 4777 461 4832 tus
489 4775 733 4846 pr0pter
762 4784 1042 4842 aquarum
1062 4771 1361 4840 penuriam
1383 4772 1620 4842 gravius
1657 4773 1791 4829 sitis
1832 4787 2002 4844 quam

362 4859 552 4918 hostis
582 4859 906 4918 sustineret
937 4858 1260 4931 periculum
1285 4860 1354 4916 ad
1378 4859 1802 4918 invocationem
1826 4865 2005 4920 nomi-

363 4949 454 5006 nis
489 4948 725 5020 Christi,
757 4962 929 5020 quam
957 4947 1152 5005 subito
1181 4947 1396 5005 milites
1419 4963 1625 5020 magna
1668 4949 1798 5006 ildei
1840 4964 2005 5009 cons-

367 5037 553 5096 tantia
582 5037 868 5109 fecerunt,
899 5039 1062 5094 tanta
1095 5035 1181 5093 vis
1205 5036 1532 5110 pluviarum
1555 5039 1771 5111 erupit,
1803 5045 1869 5098 ut
1895 5041 2004 5098 Ro-

2101 4595 2272 4667 pont.
2333 4594 2526 4664 Rom.)
2582 4594 2722 4649 Post
2788 4593 3182 4650 Alexandrum
3253 4594 3596 4652 Maximinus
3673 4609 3773 4653 re-

2111 4696 2294 4754 gnare
2321 4695 2494 4739 orsus
2525 4681 2744 4754 [Beas],
2779 4682 3248 4754 persecutionem
3281 4681 3462 4740 movit
3491 4681 3548 4739 in
3599 4681 3770 4741 Chri-

2113 4771 2356 4837 stianos,
2378 4785 2409 4826 a
2432 4785 2546 4841 quo
2570 4769 2887 4828 Pontianus
2900 4777 2960 4828 et
2976 4772 3268 4829 Antherus
3281 4771 3562 4844 martyrio
3593 4786 3772 4830 coro-

2112 4863 2358 4928 nantur;
2390 4859 2772 4930 regnavitque
2803 4859 3145 4917 Maximinus
3175 4875 3225 4916 a.
3263 4864 3314 4932 3,
3367 4865 3426 4917 et
3455 4865 3585 4934 post
3626 4874 3768 4920 eum

2113 4949 2436 5008 Gordianus
2457 4962 2508 5004 a.
2530 4952 2582 5005 6.
2607 4949 2720 5006 Sub
2740 4947 2785 4981 "
2807 4947 3448 5007 Gordiano-Florentius
3477 4951 3772 5011 Viennen-

2113 5041 2196 5099 sis
2214 5037 2775 5113 episcopusclaruit.
2800 5039 2944 5098 Post
2962 5051 3134 5111 quem
3161 5039 3430 5110 regnavit
3457 5038 3771 5114 Philippus

1733 5181 1968 5238 VARUE
2009 5182 2407 5242 LECTIONES.

365 5297 411 5333 ⁸⁷
438 5291 544 5370 Ob.
578 5299 632 5352 3.
657 5295 755 5370 _l_d1
775 5297 906 5370 Jan.
939 5295 1006 5370 in
1026 5309 1228 5370 mare.
1262 5295 1308 5330 ³⁸
1339 5295 1444 5352 Ob.
1483 5299 1535 5370 3,
1568 5294 1650 5370 I_d.
1679 5295 1810 5370 Jan.
1845 5294 1912 5353 in
1938 5297 2158 5368 margi.
2193 5294 2238 5329 ³⁸
2267 5295 2378 5370 Ob.
2432 5299 2482 5350 5.
2542 5292 2624 5349 Id.
2684 5291 2941 5370 Juliijn
2991 5307 3184 5370 marg.
3221 5293 3558 5370 _‘°_‘_i_nvisa
3603 5309 3762 5354 corr.

365 5368 543 5440 emisa
567 5380 617 5424 ο.
649 5365 830 5440 201).
858 5363 987 5440 Kal.
1026 5363 1251 5423 Maifin
1272 5365 1536 5440 mare.“
1568 5363 2433 5440 Fo_t_inus_—-__cor6nantur_}1{
2473 5376 2665 5440 mare.
2727 5363 2773 5396 ⁸³
2817 5363 3078 5440 9511.
3127 5363 3259 5440 'Kal.
3312 5364 3504 5440 111151(
3521 5380 3761 5440 _marg.

361 5437 408 5472 “
438 5438 545 5509 Ob.
578 5440 664 5494 10.
702 5436 801 5509 Kal
856 5437 980 5494 Mai.
1015 5441 1084 5494 in
1109 5449 1304 5509 mare,
1333 5435 1382 5509 ξι
1405 5433 1518 5509 Ob.
1550 5440 1603 5509 7.
1636 5435 1755 5509 Kal.
1787 5437 1941 5509 Junii
1973 5438 2044 5495 in
2065 5434 2336 5509 mai-9.7,“
2394 5433 2572 5509 Cujus
2597 5433 2668 5476 '—
2696 5433 2914 5509 auxilio
2943 5435 3011 5492 in
3037 5437 3314 5509 Ματθίᾳ
3339 5435 3478 5496 add.
3513 5435 3560 5470 ⁸⁷
3591 5433 3764 5496 Anno

360 5537 430 5550 -
459 5507 890 5566 observandum
914 5509 990 5579 ἰζιΔ
1009 5503 1381 5579 Μαναερρᾶ.
1401 5503 1449 5539 ⁴⁸
1478 5519 1532 5562 o.
1565 5507 1598 5560 4
1628 5506 1778 5579 9,,Ιίἐ
1807 5507 1848 5579 l_.
1879 5508 1949 5565 in
1971 5521 2164 5579 marg.
2194 5503 2242 5579 ιβ
2269 5503 2586 5564 Pontianus
2612 5537 2683 5548 -
2709 5506 2847 5562 Nov.
2877 5506 2948 5564 in
2985 5503 3189 5578 marg:
3245 5506 3294 5542 '°
3339 5509 3504 5565 Anno
3548 5538 3618 5550 —
3659 5509 3765 5566 Ju-

363 5579 604 5640 deornm
633 5579 702 5640 in
723 5591 916 5651 marg.
950 5575 995 5612 ⁵¹
1019 5591 1073 5633 ο.
1104 5574 1158 5634 42
1191 5575 1254 5630 N.
1285 5575 1326 5630 ι.
1355 5575 1425 5634 in
1445 5587 1639 5646 mare.
1669 5574 1714 5609 ⁸³
1745 5575 1863 5634 Sub
1890 5574 2178 5637 -clartiit
2205 5578 2273 5640 in
2317 5590 2510 5652 me.
