  <div class='ocr_page' id='page_1' title='image "/cluster/home/n/w/nwhite01/storage/ocr_20150623/154/uva.x000829797/028.png"; bbox 0 0 3898 6390; ppageno 0'>
   <div class='ocr_carea' id='block_1_1' title="bbox 37 5488 74 5749">
    <p class='ocr_par' dir='ltr' id='par_1_1' title="bbox 37 5488 74 5749">
     <span class='ocr_line' id='line_1_1' title="bbox 37 5488 74 5533; baseline 0 -13"><span class='ocrx_word' id='word_1_1' title='bbox 37 5488 74 5533; x_wconf 74' lang='grc' dir='ltr'><strong>τ.</strong></span> 
     </span>
     <span class='ocr_line' id='line_1_2' title="bbox 37 5560 74 5675; baseline -0.135 0"><span class='ocrx_word' id='word_1_2' title='bbox 37 5560 74 5675; x_wconf 71' lang='lat' dir='ltr'>t‘</span> 
     </span>
     <span class='ocr_line' id='line_1_3' title="bbox 37 5705 73 5749; baseline 0 -22"><span class='ocrx_word' id='word_1_3' title='bbox 37 5705 73 5749; x_wconf 59' lang='grc' dir='ltr'><strong>η.</strong></span> 
     </span>
    </p>
   </div>
   <div class='ocr_carea' id='block_1_2' title="bbox 214 486 3544 577">
    <p class='ocr_par' dir='ltr' id='par_1_2' title="bbox 214 486 3544 577">
     <span class='ocr_line' id='line_1_4' title="bbox 214 486 3544 577; baseline 0.002 -13"><span class='ocrx_word' id='word_1_4' title='bbox 214 510 272 577; x_wconf 68' lang='grc'><strong>41</strong></span> <span class='ocrx_word' id='word_1_5' title='bbox 1401 486 1899 565; x_wconf 80' lang='lat' dir='ltr'>CHRONICON.</span> <span class='ocrx_word' id='word_1_6' title='bbox 1932 533 2009 545; x_wconf 89' lang='lat'>—</span> <span class='ocrx_word' id='word_1_7' title='bbox 2037 488 2195 565; x_wconf 80' lang='lat' dir='ltr'>LIB.</span> <span class='ocrx_word' id='word_1_8' title='bbox 2231 498 2276 563; x_wconf 85' lang='grc'>1.</span> <span class='ocrx_word' id='word_1_9' title='bbox 3467 506 3544 569; x_wconf 71' lang='lat'>42</span> 
     </span>
    </p>
   </div>
   <div class='ocr_carea' id='block_1_3' title="bbox 217 630 3543 716">
    <p class='ocr_par' dir='ltr' id='par_1_3' title="bbox 217 630 3543 716">
     <span class='ocr_line' id='line_1_5' title="bbox 217 630 3543 716; baseline -0.002 -13"><span class='ocrx_word' id='word_1_10' title='bbox 217 660 321 703; x_wconf 87' lang='lat' dir='ltr'>cum</span> <span class='ocrx_word' id='word_1_11' title='bbox 341 644 443 702; x_wconf 84' lang='lat' dir='ltr'>tilio</span> <span class='ocrx_word' id='word_1_12' title='bbox 469 641 741 716; x_wconf 85' lang='lat' dir='ltr'>Pbylippo</span> <span class='ocrx_word' id='word_1_13' title='bbox 781 657 830 698; x_wconf 90' lang='lat' dir='ltr'>a.</span> <span class='ocrx_word' id='word_1_14' title='bbox 865 638 1051 712; x_wconf 83' lang='lat' dir='ltr'>[Aoo],</span> <span class='ocrx_word' id='word_1_15' title='bbox 1106 635 1207 692; x_wconf 85' lang='lat' dir='ltr'>Hic</span> <span class='ocrx_word' id='word_1_16' title='bbox 1257 630 1479 716; x_wconf 86' lang='lat' dir='ltr'>primus</span> <span class='ocrx_word' id='word_1_17' title='bbox 1537 632 1791 716; x_wconf 75' lang='lat' dir='ltr'>omnium</span> <span class='ocrx_word' id='word_1_18' title='bbox 1821 634 1877 694; x_wconf 82' lang='lat' dir='ltr'>A</span> <span class='ocrx_word' id='word_1_19' title='bbox 1909 630 2286 708; x_wconf 63' lang='lat' dir='ltr'>(Geel/apem.</span> <span class='ocrx_word' id='word_1_20' title='bbox 2315 636 2505 708; x_wconf 81' lang='lat' dir='ltr'>Rom).</span> <span class='ocrx_word' id='word_1_21' title='bbox 2526 635 2629 694; x_wconf 77' lang='lat' dir='ltr'>llic</span> <span class='ocrx_word' id='word_1_22' title='bbox 2658 636 2966 695; x_wconf 71' lang='lat' dir='ltr'>constituit</span> <span class='ocrx_word' id='word_1_23' title='bbox 2990 642 3051 697; x_wconf 91' lang='lat' dir='ltr'>ut</span> <span class='ocrx_word' id='word_1_24' title='bbox 3080 642 3116 695; x_wconf 89' lang='lat'>2</span> <span class='ocrx_word' id='word_1_25' title='bbox 3135 640 3455 712; x_wconf 89' lang='lat' dir='ltr'>presbiteri</span> <span class='ocrx_word' id='word_1_26' title='bbox 3486 650 3543 700; x_wconf 91' lang='lat' dir='ltr'>et</span> 
     </span>
    </p>
   </div>
   <div class='ocr_carea' id='block_1_4' title="bbox 176 713 3545 799">
    <p class='ocr_par' dir='ltr' id='par_1_4' title="bbox 176 713 3545 799">
     <span class='ocr_line' id='line_1_6' title="bbox 176 713 3545 799; baseline -0.004 0"><span class='ocrx_word' id='word_1_27' title='bbox 176 720 181 729; x_wconf 54' lang='grc'><strong>’</strong></span> <span class='ocrx_word' id='word_1_28' title='bbox 218 713 577 799; x_wconf 57' lang='lat' dir='ltr'>imperatorum</span> <span class='ocrx_word' id='word_1_29' title='bbox 617 713 972 779; x_wconf 64' lang='grc' dir='ltr'>έῒίνίειίθηιιε</span> <span class='ocrx_word' id='word_1_30' title='bbox 996 719 1124 788; x_wconf 62' lang='lat' dir='ltr'>fu&quot;,</span> <span class='ocrx_word' id='word_1_31' title='bbox 1158 720 1215 772; x_wconf 72' lang='grc' dir='ltr'>θῐ</span> <span class='ocrx_word' id='word_1_32' title='bbox 1235 720 1265 771; x_wconf 87' lang='lat'><strong>3</strong></span> <span class='ocrx_word' id='word_1_33' title='bbox 1287 715 1415 785; x_wconf 72' lang='lat' dir='ltr'>eius</span> <span class='ocrx_word' id='word_1_34' title='bbox 1440 728 1588 769; x_wconf 71' lang='lat' dir='ltr'>anno</span> <span class='ocrx_word' id='word_1_35' title='bbox 1612 713 1794 769; x_wconf 73' lang='grc' dir='ltr'>ῐηίηθ-</span> <span class='ocrx_word' id='word_1_36' title='bbox 1908 730 1938 781; x_wconf 90' lang='lat'>3</span> <span class='ocrx_word' id='word_1_37' title='bbox 1973 725 2201 782; x_wconf 87' lang='lat' dir='ltr'>diaconi</span> <span class='ocrx_word' id='word_1_38' title='bbox 2222 725 2562 798; x_wconf 84' lang='lat' dir='ltr'>episcopum</span> <span class='ocrx_word' id='word_1_39' title='bbox 2594 727 2651 782; x_wconf 91' lang='lat' dir='ltr'>in</span> <span class='ocrx_word' id='word_1_40' title='bbox 2673 727 2826 783; x_wconf 92' lang='lat' dir='ltr'>omni</span> <span class='ocrx_word' id='word_1_41' title='bbox 2858 726 2986 784; x_wconf 93' lang='lat' dir='ltr'>loco</span> <span class='ocrx_word' id='word_1_42' title='bbox 3015 744 3127 785; x_wconf 91' lang='lat' dir='ltr'>non</span> <span class='ocrx_word' id='word_1_43' title='bbox 3176 729 3545 787; x_wconf 80' lang='lat' dir='ltr'>desererent.</span> 
     </span>
    </p>
   </div>
   <div class='ocr_carea' id='block_1_5' title="bbox 218 804 3542 891">
    <p class='ocr_par' dir='ltr' id='par_1_5' title="bbox 218 804 3542 891">
     <span class='ocr_line' id='line_1_7' title="bbox 218 804 3542 891; baseline -0.002 -12"><span class='ocrx_word' id='word_1_44' title='bbox 218 815 362 871; x_wconf 82' lang='lat' dir='ltr'>simus</span> <span class='ocrx_word' id='word_1_45' title='bbox 384 828 553 870; x_wconf 83' lang='lat' dir='ltr'>annus</span> <span class='ocrx_word' id='word_1_46' title='bbox 576 814 764 869; x_wconf 77' lang='lat' dir='ltr'>Romae</span> <span class='ocrx_word' id='word_1_47' title='bbox 796 810 959 867; x_wconf 73' lang='lat' dir='ltr'>urbis</span> <span class='ocrx_word' id='word_1_48' title='bbox 985 808 1259 880; x_wconf 74' lang='lat' dir='ltr'>expletus</span> <span class='ocrx_word' id='word_1_49' title='bbox 1282 810 1389 862; x_wconf 66' lang='lat' dir='ltr'>est</span> <span class='ocrx_word' id='word_1_50' title='bbox 1426 804 1587 861; x_wconf 79' lang='lat' dir='ltr'>Unde</span> <span class='ocrx_word' id='word_1_51' title='bbox 1629 817 1794 862; x_wconf 82' lang='lat' dir='ltr'>coro-</span> <span class='ocrx_word' id='word_1_52' title='bbox 1910 813 2064 869; x_wconf 92' lang='lat' dir='ltr'>Obiit</span> <span class='ocrx_word' id='word_1_53' title='bbox 2098 817 2147 869; x_wconf 83' lang='lat'>3.</span> <span class='ocrx_word' id='word_1_54' title='bbox 2185 815 2328 870; x_wconf 91' lang='lat' dir='ltr'>Non.</span> <span class='ocrx_word' id='word_1_55' title='bbox 2361 815 2570 886; x_wconf 82' lang='lat' dir='ltr'>Martii,</span> <span class='ocrx_word' id='word_1_56' title='bbox 2593 814 2860 887; x_wconf 88' lang='lat' dir='ltr'>sepultus</span> <span class='ocrx_word' id='word_1_57' title='bbox 2888 821 2940 874; x_wconf 90' lang='grc'><strong>8.</strong></span> <span class='ocrx_word' id='word_1_58' title='bbox 2976 817 3097 873; x_wconf 81' lang='lat' dir='ltr'>Kal.</span> <span class='ocrx_word' id='word_1_59' title='bbox 3134 817 3291 890; x_wconf 91' lang='lat' dir='ltr'>Sept.</span> <span class='ocrx_word' id='word_1_60' title='bbox 3323 817 3542 891; x_wconf 86' lang='lat' dir='ltr'>[Bson].</span> 
     </span>
    </p>
   </div>
   <div class='ocr_carea' id='block_1_6' title="bbox 217 894 3544 977">
    <p class='ocr_par' dir='ltr' id='par_1_6' title="bbox 217 894 3544 977">
     <span class='ocr_line' id='line_1_8' title="bbox 217 894 3544 977; baseline 0.002 -22"><span class='ocrx_word' id='word_1_61' title='bbox 217 906 323 958; x_wconf 84' lang='lat' dir='ltr'>nata</span> <span class='ocrx_word' id='word_1_62' title='bbox 347 903 475 958; x_wconf 89' lang='lat' dir='ltr'>urbe</span> <span class='ocrx_word' id='word_1_63' title='bbox 494 915 618 957; x_wconf 91' lang='lat' dir='ltr'>cum</span> <span class='ocrx_word' id='word_1_64' title='bbox 650 897 1120 970; x_wconf 81' lang='lat' dir='ltr'>sollempnizaret</span> <span class='ocrx_word' id='word_1_65' title='bbox 1142 894 1395 967; x_wconf 78' lang='lat' dir='ltr'>populus</span> <span class='ocrx_word' id='word_1_66' title='bbox 1414 895 1706 951; x_wconf 81' lang='lat' dir='ltr'>Romanus</span> <span class='ocrx_word' id='word_1_67' title='bbox 1734 898 1793 949; x_wconf 73' lang='grc' dir='ltr'>οι</span> <span class='ocrx_word' id='word_1_68' title='bbox 1906 904 2066 958; x_wconf 86' lang='lat' dir='ltr'>Inter</span> <span class='ocrx_word' id='word_1_69' title='bbox 2098 903 2333 960; x_wconf 89' lang='lat' dir='ltr'>Lucium</span> <span class='ocrx_word' id='word_1_70' title='bbox 2358 908 2414 961; x_wconf 91' lang='lat' dir='ltr'>et</span> <span class='ocrx_word' id='word_1_71' title='bbox 2442 905 2794 977; x_wconf 84' lang='lat' dir='ltr'>Stephanum</span> <span class='ocrx_word' id='word_1_72' title='bbox 2828 905 2883 962; x_wconf 93' lang='grc'>(1.</span> <span class='ocrx_word' id='word_1_73' title='bbox 2918 910 3007 962; x_wconf 89' lang='grc'>25.</span> <span class='ocrx_word' id='word_1_74' title='bbox 3042 904 3239 963; x_wconf 87' lang='lat' dir='ltr'>Gallus</span> <span class='ocrx_word' id='word_1_75' title='bbox 3272 922 3404 963; x_wconf 88' lang='lat' dir='ltr'>cum</span> <span class='ocrx_word' id='word_1_76' title='bbox 3425 905 3544 963; x_wconf 84' lang='lat' dir='ltr'>lilio</span> 
     </span>
    </p>
   </div>
   <div class='ocr_carea' id='block_1_7' title="bbox 214 983 3541 1067">
    <p class='ocr_par' dir='ltr' id='par_1_7' title="bbox 214 983 3541 1067">
     <span class='ocr_line' id='line_1_9' title="bbox 214 983 3541 1067; baseline 0.002 -20"><span class='ocrx_word' id='word_1_77' title='bbox 214 990 451 1047; x_wconf 78' lang='lat' dir='ltr'>sacriﬁcia</span> <span class='ocrx_word' id='word_1_78' title='bbox 471 989 812 1058; x_wconf 81' lang='lat' dir='ltr'>celebraret,</span> <span class='ocrx_word' id='word_1_79' title='bbox 848 988 1168 1058; x_wconf 81' lang='lat' dir='ltr'>imperator</span> <span class='ocrx_word' id='word_1_80' title='bbox 1194 999 1327 1041; x_wconf 90' lang='lat' dir='ltr'>cum</span> <span class='ocrx_word' id='word_1_81' title='bbox 1357 983 1475 1039; x_wconf 81' lang='lat' dir='ltr'>lilio</span> <span class='ocrx_word' id='word_1_82' title='bbox 1524 989 1583 1038; x_wconf 88' lang='lat' dir='ltr'>et</span> <span class='ocrx_word' id='word_1_83' title='bbox 1615 998 1795 1040; x_wconf 92' lang='lat' dir='ltr'>coevo</span> <span class='ocrx_word' id='word_1_84' title='bbox 1908 991 2225 1049; x_wconf 86' lang='lat' dir='ltr'>Volusiano</span> <span class='ocrx_word' id='word_1_85' title='bbox 2258 994 2519 1064; x_wconf 84' lang='lat' dir='ltr'>regnavit</span> <span class='ocrx_word' id='word_1_86' title='bbox 2545 1008 2595 1050; x_wconf 89' lang='lat' dir='ltr'>a.</span> <span class='ocrx_word' id='word_1_87' title='bbox 2622 999 2765 1065; x_wconf 91' lang='lat' dir='ltr'>2,m.</span> <span class='ocrx_word' id='word_1_88' title='bbox 2802 996 2852 1050; x_wconf 75' lang='grc'><strong>4.</strong></span> <span class='ocrx_word' id='word_1_89' title='bbox 2879 994 3207 1067; x_wconf 84' lang='lat' dir='ltr'>Stephanus</span> <span class='ocrx_word' id='word_1_90' title='bbox 3230 996 3541 1065; x_wconf 81' lang='lat' dir='ltr'>Romanus,</span> 
     </span>
    </p>
   </div>
   <div class='ocr_carea' id='block_1_8' title="bbox 213 1072 1791 1149">
    <p class='ocr_par' dir='ltr' id='par_1_8' title="bbox 213 1072 1791 1149">
     <span class='ocr_line' id='line_1_10' title="bbox 213 1072 1791 1149; baseline -0.005 -14"><span class='ocrx_word' id='word_1_91' title='bbox 213 1079 303 1135; x_wconf 83' lang='lat' dir='ltr'>sibi</span> <span class='ocrx_word' id='word_1_92' title='bbox 342 1078 529 1134; x_wconf 90' lang='lat' dir='ltr'>Pontio</span> <span class='ocrx_word' id='word_1_93' title='bbox 556 1078 723 1149; x_wconf 76' lang='lat' dir='ltr'>(Acta</span> <span class='ocrx_word' id='word_1_94' title='bbox 752 1076 1002 1145; x_wconf 87' lang='lat' dir='ltr'>Pontii?,</span> <span class='ocrx_word' id='word_1_95' title='bbox 1039 1072 1222 1130; x_wconf 89' lang='lat' dir='ltr'>nobili</span> <span class='ocrx_word' id='word_1_96' title='bbox 1256 1077 1313 1129; x_wconf 92' lang='lat' dir='ltr'>et</span> <span class='ocrx_word' id='word_1_97' title='bbox 1358 1074 1607 1142; x_wconf 86' lang='lat' dir='ltr'>ingenuo</span> <span class='ocrx_word' id='word_1_98' title='bbox 1642 1073 1791 1143; x_wconf 92' lang='lat' dir='ltr'>viro,</span> 
     </span>
    </p>
   </div>
   <div class='ocr_carea' id='block_1_9' title="bbox 214 1160 1790 1235">
    <p class='ocr_par' dir='ltr' id='par_1_9' title="bbox 214 1160 1790 1235">
     <span class='ocr_line' id='line_1_11' title="bbox 214 1160 1790 1235; baseline -0.004 -11"><span class='ocrx_word' id='word_1_99' title='bbox 214 1166 407 1224; x_wconf 87' lang='lat' dir='ltr'>occulte</span> <span class='ocrx_word' id='word_1_100' title='bbox 433 1171 617 1223; x_wconf 89' lang='lat' dir='ltr'>tamen</span> <span class='ocrx_word' id='word_1_101' title='bbox 633 1163 974 1234; x_wconf 89' lang='lat' dir='ltr'>christiano,</span> <span class='ocrx_word' id='word_1_102' title='bbox 1002 1162 1360 1235; x_wconf 85' lang='lat' dir='ltr'>procedebat</span> <span class='ocrx_word' id='word_1_103' title='bbox 1388 1162 1457 1217; x_wconf 92' lang='lat' dir='ltr'>ad</span> <span class='ocrx_word' id='word_1_104' title='bbox 1489 1160 1790 1233; x_wconf 86' lang='lat' dir='ltr'>templum.</span> 
     </span>
    </p>
   </div>
   <div class='ocr_carea' id='block_1_10' title="bbox 216 1249 1796 1312">
    <p class='ocr_par' dir='ltr' id='par_1_10' title="bbox 216 1249 1796 1312">
     <span class='ocr_line' id='line_1_12' title="bbox 216 1249 1796 1312; baseline -0.004 0"><span class='ocrx_word' id='word_1_105' title='bbox 216 1255 304 1312; x_wconf 82' lang='lat' dir='ltr'>Sed</span> <span class='ocrx_word' id='word_1_106' title='bbox 331 1270 356 1311; x_wconf 90' lang='lat' dir='ltr'>a</span> <span class='ocrx_word' id='word_1_107' title='bbox 384 1256 543 1312; x_wconf 89' lang='lat' dir='ltr'>beato</span> <span class='ocrx_word' id='word_1_108' title='bbox 558 1254 762 1311; x_wconf 89' lang='lat' dir='ltr'>Pontio</span> <span class='ocrx_word' id='word_1_109' title='bbox 786 1256 1098 1310; x_wconf 88' lang='lat' dir='ltr'>revocatus</span> <span class='ocrx_word' id='word_1_110' title='bbox 1117 1256 1173 1306; x_wconf 91' lang='lat' dir='ltr'>et</span> <span class='ocrx_word' id='word_1_111' title='bbox 1191 1249 1479 1307; x_wconf 88' lang='lat' dir='ltr'>doctrinis</span> <span class='ocrx_word' id='word_1_112' title='bbox 1527 1249 1796 1306; x_wconf 88' lang='lat' dir='ltr'>ecclesia-</span> 
     </span>
    </p>
   </div>
   <div class='ocr_carea' id='block_1_11' title="bbox 211 1338 1797 1415">
    <p class='ocr_par' dir='ltr' id='par_1_11' title="bbox 211 1338 1797 1415">
     <span class='ocr_line' id='line_1_13' title="bbox 211 1338 1797 1415; baseline -0.003 -16"><span class='ocrx_word' id='word_1_113' title='bbox 211 1344 349 1401; x_wconf 88' lang='lat' dir='ltr'>sticis</span> <span class='ocrx_word' id='word_1_114' title='bbox 370 1345 632 1412; x_wconf 87' lang='lat' dir='ltr'>imbutus,</span> <span class='ocrx_word' id='word_1_115' title='bbox 668 1342 1001 1415; x_wconf 82' lang='lat' dir='ltr'>baptizatus</span> <span class='ocrx_word' id='word_1_116' title='bbox 1016 1343 1105 1397; x_wconf 90' lang='lat' dir='ltr'>est</span> <span class='ocrx_word' id='word_1_117' title='bbox 1132 1354 1263 1396; x_wconf 83' lang='lat' dir='ltr'>cuin</span> <span class='ocrx_word' id='word_1_118' title='bbox 1290 1338 1426 1395; x_wconf 81' lang='lat' dir='ltr'>filio.</span> <span class='ocrx_word' id='word_1_119' title='bbox 1462 1338 1567 1405; x_wconf 85' lang='lat' dir='ltr'>Qui</span> <span class='ocrx_word' id='word_1_120' title='bbox 1592 1340 1797 1394; x_wconf 88' lang='lat' dir='ltr'>beatus</span> 
     </span>
    </p>
   </div>
   <div class='ocr_carea' id='block_1_12' title="bbox 210 1427 1797 1502">
    <p class='ocr_par' dir='ltr' id='par_1_12' title="bbox 210 1427 1797 1502">
     <span class='ocr_line' id='line_1_14' title="bbox 210 1427 1797 1502; baseline -0.004 -15"><span class='ocrx_word' id='word_1_121' title='bbox 210 1433 412 1491; x_wconf 85' lang='lat' dir='ltr'>Pontius</span> <span class='ocrx_word' id='word_1_122' title='bbox 436 1434 507 1489; x_wconf 92' lang='lat' dir='ltr'>ob</span> <span class='ocrx_word' id='word_1_123' title='bbox 538 1432 645 1489; x_wconf 91' lang='lat' dir='ltr'>hoc</span> <span class='ocrx_word' id='word_1_124' title='bbox 679 1433 813 1502; x_wconf 87' lang='lat' dir='ltr'>quia</span> <span class='ocrx_word' id='word_1_125' title='bbox 844 1432 1134 1486; x_wconf 82' lang='lat' dir='ltr'>Romanos</span> <span class='ocrx_word' id='word_1_126' title='bbox 1166 1428 1552 1499; x_wconf 86' lang='lat' dir='ltr'>imperatores</span> <span class='ocrx_word' id='word_1_127' title='bbox 1566 1427 1797 1482; x_wconf 91' lang='lat' dir='ltr'>Christo</span> 
     </span>
    </p>
   </div>
   <div class='ocr_carea' id='block_1_13' title="bbox 206 1517 1809 1593">
    <p class='ocr_par' dir='ltr' id='par_1_13' title="bbox 206 1517 1809 1593">
     <span class='ocr_line' id='line_1_15' title="bbox 206 1517 1809 1593; baseline -0.002 -17"><span class='ocrx_word' id='word_1_128' title='bbox 206 1521 412 1579; x_wconf 86' lang='lat' dir='ltr'>credere</span> <span class='ocrx_word' id='word_1_129' title='bbox 438 1523 652 1593; x_wconf 88' lang='lat' dir='ltr'>docuit,</span> <span class='ocrx_word' id='word_1_130' title='bbox 670 1520 931 1591; x_wconf 80' lang='lat' dir='ltr'>martyrii</span> <span class='ocrx_word' id='word_1_131' title='bbox 964 1533 1237 1575; x_wconf 89' lang='lat' dir='ltr'>coronam</span> <span class='ocrx_word' id='word_1_132' title='bbox 1264 1517 1544 1589; x_wconf 84' lang='lat' dir='ltr'>suscepit,</span> <span class='ocrx_word' id='word_1_133' title='bbox 1572 1518 1809 1588; x_wconf 83' lang='lat' dir='ltr'>Corpus</span> 
     </span>
    </p>
   </div>
   <div class='ocr_carea' id='block_1_14' title="bbox 206 1606 1798 1682">
    <p class='ocr_par' dir='ltr' id='par_1_14' title="bbox 206 1606 1798 1682">
     <span class='ocr_line' id='line_1_16' title="bbox 206 1606 1798 1682; baseline -0.003 -16"><span class='ocrx_word' id='word_1_134' title='bbox 206 1610 309 1679; x_wconf 82' lang='lat' dir='ltr'>ejus</span> <span class='ocrx_word' id='word_1_135' title='bbox 334 1612 667 1667; x_wconf 87' lang='lat' dir='ltr'>translatum</span> <span class='ocrx_word' id='word_1_136' title='bbox 704 1609 1021 1682; x_wconf 88' lang='lat' dir='ltr'>postlonga</span> <span class='ocrx_word' id='word_1_137' title='bbox 1052 1614 1314 1679; x_wconf 90' lang='lat' dir='ltr'>tempora</span> <span class='ocrx_word' id='word_1_138' title='bbox 1339 1622 1490 1663; x_wconf 91' lang='lat' dir='ltr'>nunc</span> <span class='ocrx_word' id='word_1_139' title='bbox 1513 1606 1798 1676; x_wconf 86' lang='lat' dir='ltr'>condigne</span> 
     </span>
    </p>
   </div>
   <div class='ocr_carea' id='block_1_15' title="bbox 204 1696 1799 1770">
    <p class='ocr_par' dir='ltr' id='par_1_15' title="bbox 204 1696 1799 1770">
     <span class='ocr_line' id='line_1_17' title="bbox 204 1696 1799 1770; baseline -0.003 -16"><span class='ocrx_word' id='word_1_140' title='bbox 204 1700 485 1770; x_wconf 88' lang='lat' dir='ltr'>requiescit</span> <span class='ocrx_word' id='word_1_141' title='bbox 513 1705 571 1756; x_wconf 90' lang='lat' dir='ltr'>et</span> <span class='ocrx_word' id='word_1_142' title='bbox 600 1703 913 1757; x_wconf 87' lang='lat' dir='ltr'>veneratur</span> <span class='ocrx_word' id='word_1_143' title='bbox 946 1698 1001 1753; x_wconf 91' lang='lat' dir='ltr'>in</span> <span class='ocrx_word' id='word_1_144' title='bbox 1028 1696 1380 1753; x_wconf 83' lang='lat' dir='ltr'>monasterio</span> <span class='ocrx_word' id='word_1_145' title='bbox 1431 1696 1581 1767; x_wconf 89' lang='lat' dir='ltr'>quod</span> <span class='ocrx_word' id='word_1_146' title='bbox 1605 1697 1799 1752; x_wconf 86' lang='lat' dir='ltr'>Tome-</span> 
     </span>
    </p>
   </div>
   <div class='ocr_carea' id='block_1_16' title="bbox 204 1785 1796 1860">
    <p class='ocr_par' dir='ltr' id='par_1_16' title="bbox 204 1785 1796 1860">
     <span class='ocr_line' id='line_1_18' title="bbox 204 1785 1796 1860; baseline -0.001 -17"><span class='ocrx_word' id='word_1_147' title='bbox 204 1790 301 1846; x_wconf 89' lang='lat' dir='ltr'>rias</span> <span class='ocrx_word' id='word_1_148' title='bbox 324 1790 544 1847; x_wconf 91' lang='lat' dir='ltr'>dicitur.</span> <span class='ocrx_word' id='word_1_149' title='bbox 578 1788 881 1860; x_wconf 90' lang='lat' dir='ltr'>Philippus</span> <span class='ocrx_word' id='word_1_150' title='bbox 907 1786 952 1820; x_wconf 80' lang='grc'>⁵³</span> <span class='ocrx_word' id='word_1_151' title='bbox 974 1788 1294 1859; x_wconf 89' lang='lat' dir='ltr'>imperator</span> <span class='ocrx_word' id='word_1_152' title='bbox 1326 1786 1378 1841; x_wconf 91' lang='lat' dir='ltr'>in</span> <span class='ocrx_word' id='word_1_153' title='bbox 1417 1785 1509 1841; x_wconf 89' lang='lat' dir='ltr'>die</span> <span class='ocrx_word' id='word_1_154' title='bbox 1549 1785 1796 1857; x_wconf 64' lang='lat' dir='ltr'>paschae,</span> 
     </span>
    </p>
   </div>
   <div class='ocr_carea' id='block_1_17' title="bbox 201 1876 3548 1954">
    <p class='ocr_par' dir='ltr' id='par_1_17' title="bbox 201 1876 3548 1954">
     <span class='ocr_line' id='line_1_19' title="bbox 201 1876 3548 1954; baseline 0.002 -22"><span class='ocrx_word' id='word_1_155' title='bbox 201 1878 245 1934; x_wconf 90' lang='lat' dir='ltr'>id</span> <span class='ocrx_word' id='word_1_156' title='bbox 263 1882 343 1936; x_wconf 87' lang='lat' dir='ltr'>est</span> <span class='ocrx_word' id='word_1_157' title='bbox 364 1880 416 1934; x_wconf 92' lang='lat' dir='ltr'>in</span> <span class='ocrx_word' id='word_1_158' title='bbox 439 1880 618 1951; x_wconf 86' lang='lat' dir='ltr'>ipsius</span> <span class='ocrx_word' id='word_1_159' title='bbox 650 1877 887 1949; x_wconf 80' lang='lat' dir='ltr'>vigiliis,</span> <span class='ocrx_word' id='word_1_160' title='bbox 908 1893 1037 1934; x_wconf 89' lang='lat' dir='ltr'>cum</span> <span class='ocrx_word' id='word_1_161' title='bbox 1062 1876 1341 1932; x_wconf 90' lang='lat' dir='ltr'>voluisset</span> <span class='ocrx_word' id='word_1_162' title='bbox 1365 1876 1798 1932; x_wconf 86' lang='lat' dir='ltr'>communicare</span> <span class='ocrx_word' id='word_1_163' title='bbox 1914 1879 2126 1935; x_wconf 86' lang='lat' dir='ltr'>misera</span> <span class='ocrx_word' id='word_1_164' title='bbox 2152 1879 2440 1936; x_wconf 80' lang='lat' dir='ltr'>servitute</span> <span class='ocrx_word' id='word_1_165' title='bbox 2471 1882 2837 1937; x_wconf 88' lang='lat' dir='ltr'>consenescit</span> <span class='ocrx_word' id='word_1_166' title='bbox 2864 1881 3087 1954; x_wconf 85' lang='lat' dir='ltr'>[Aoo.];</span> <span class='ocrx_word' id='word_1_167' title='bbox 3122 1882 3201 1937; x_wconf 88' lang='lat' dir='ltr'>ita</span> <span class='ocrx_word' id='word_1_168' title='bbox 3236 1886 3298 1938; x_wconf 89' lang='lat' dir='ltr'>ut</span> <span class='ocrx_word' id='word_1_169' title='bbox 3347 1883 3548 1954; x_wconf 85' lang='lat' dir='ltr'>Sapori</span> 
     </span>
    </p>
   </div>
   <div class='ocr_carea' id='block_1_18' title="bbox 200 1964 3545 2049">
    <p class='ocr_par' dir='ltr' id='par_1_18' title="bbox 200 1964 3545 2049">
     <span class='ocr_line' id='line_1_20' title="bbox 200 1964 3545 2049; baseline 0.001 -28"><span class='ocrx_word' id='word_1_170' title='bbox 200 1967 449 2024; x_wconf 87' lang='lat' dir='ltr'>misteriis</span> <span class='ocrx_word' id='word_1_171' title='bbox 479 1984 507 2024; x_wconf 90' lang='lat' dir='ltr'>a</span> <span class='ocrx_word' id='word_1_172' title='bbox 539 1968 790 2024; x_wconf 81' lang='lat' dir='ltr'>Fabiano</span> <span class='ocrx_word' id='word_1_173' title='bbox 820 1981 965 2040; x_wconf 89' lang='lat' dir='ltr'>papa</span> <span class='ocrx_word' id='word_1_174' title='bbox 987 1966 1085 2037; x_wconf 91' lang='lat' dir='ltr'>qui</span> <span class='ocrx_word' id='word_1_175' title='bbox 1110 1964 1509 2038; x_wconf 74' lang='lat' dir='ltr'>pontificatum</span> <span class='ocrx_word' id='word_1_176' title='bbox 1531 1978 1800 2035; x_wconf 90' lang='lat' dir='ltr'>suscepe-</span> <span class='ocrx_word' id='word_1_177' title='bbox 1827 1990 1882 2049; x_wconf 81' lang='grc' dir='ltr'>Β</span> <span class='ocrx_word' id='word_1_178' title='bbox 1912 1985 2124 2041; x_wconf 92' lang='lat' dir='ltr'>equum</span> <span class='ocrx_word' id='word_1_179' title='bbox 2156 1969 2495 2025; x_wconf 89' lang='lat' dir='ltr'>ascendenti</span> <span class='ocrx_word' id='word_1_180' title='bbox 2528 1968 2763 2026; x_wconf 89' lang='lat' dir='ltr'>dorsum</span> <span class='ocrx_word' id='word_1_181' title='bbox 2829 1985 2933 2042; x_wconf 92' lang='lat' dir='ltr'>pro</span> <span class='ocrx_word' id='word_1_182' title='bbox 2992 1969 3249 2027; x_wconf 90' lang='lat' dir='ltr'>scabello</span> <span class='ocrx_word' id='word_1_183' title='bbox 3291 1976 3545 2042; x_wconf 88' lang='lat' dir='ltr'>pararet.</span> 
     </span>
    </p>
   </div>
   <div class='ocr_carea' id='block_1_19' title="bbox 198 2053 3543 2130">
    <p class='ocr_par' dir='ltr' id='par_1_19' title="bbox 198 2053 3543 2130">
     <span class='ocr_line' id='line_1_21' title="bbox 198 2053 3543 2130; baseline 0 -20"><span class='ocrx_word' id='word_1_184' title='bbox 198 2062 273 2112; x_wconf 88' lang='lat' dir='ltr'>rat</span> <span class='ocrx_word' id='word_1_185' title='bbox 301 2071 439 2114; x_wconf 90' lang='lat' dir='ltr'>anno</span> <span class='ocrx_word' id='word_1_186' title='bbox 468 2058 617 2114; x_wconf 90' lang='lat' dir='ltr'>dom.</span> <span class='ocrx_word' id='word_1_187' title='bbox 636 2057 855 2113; x_wconf 90' lang='lat' dir='ltr'>incarn.</span> <span class='ocrx_word' id='word_1_188' title='bbox 880 2059 1004 2126; x_wconf 71' lang='grc'><strong>241,</strong></span> <span class='ocrx_word' id='word_1_189' title='bbox 1025 2070 1139 2110; x_wconf 91' lang='lat' dir='ltr'>non</span> <span class='ocrx_word' id='word_1_190' title='bbox 1164 2055 1327 2126; x_wconf 91' lang='lat' dir='ltr'>prius</span> <span class='ocrx_word' id='word_1_191' title='bbox 1349 2059 1439 2110; x_wconf 91' lang='lat' dir='ltr'>est</span> <span class='ocrx_word' id='word_1_192' title='bbox 1459 2053 1794 2126; x_wconf 90' lang='lat' dir='ltr'>permissus,</span> <span class='ocrx_word' id='word_1_193' title='bbox 1914 2059 2075 2115; x_wconf 89' lang='lat' dir='ltr'>Unde</span> <span class='ocrx_word' id='word_1_194' title='bbox 2111 2057 2357 2115; x_wconf 90' lang='lat' dir='ltr'>territus</span> <span class='ocrx_word' id='word_1_195' title='bbox 2379 2056 2653 2114; x_wconf 85' lang='lat' dir='ltr'>Galienus</span> <span class='ocrx_word' id='word_1_196' title='bbox 2696 2072 2895 2130; x_wconf 88' lang='lat' dir='ltr'>pacem</span> <span class='ocrx_word' id='word_1_197' title='bbox 2946 2057 3221 2115; x_wconf 84' lang='lat' dir='ltr'>ecclesiis</span> <span class='ocrx_word' id='word_1_198' title='bbox 3267 2057 3543 2116; x_wconf 86' lang='lat' dir='ltr'>reddidit.</span> 
     </span>
    </p>
   </div>
   <div class='ocr_carea' id='block_1_20' title="bbox 200 2142 2139 2219">
    <p class='ocr_par' dir='ltr' id='par_1_20' title="bbox 200 2142 2139 2219">
     <span class='ocr_line' id='line_1_22' title="bbox 200 2142 2139 2219; baseline 0.003 -21"><span class='ocrx_word' id='word_1_199' title='bbox 200 2144 291 2201; x_wconf 82' lang='lat' dir='ltr'>nisi</span> <span class='ocrx_word' id='word_1_200' title='bbox 303 2146 674 2202; x_wconf 80' lang='lat' dir='ltr'>conﬁteretur</span> <span class='ocrx_word' id='word_1_201' title='bbox 694 2146 932 2217; x_wconf 86' lang='lat' dir='ltr'>peccata</span> <span class='ocrx_word' id='word_1_202' title='bbox 956 2159 1067 2201; x_wconf 10' lang='lat' dir='ltr'>sua.</span> <span class='ocrx_word' id='word_1_203' title='bbox 1091 2148 1148 2199; x_wconf 91' lang='lat' dir='ltr'>et</span> <span class='ocrx_word' id='word_1_204' title='bbox 1172 2143 1328 2198; x_wconf 88' lang='lat' dir='ltr'>inter</span> <span class='ocrx_word' id='word_1_205' title='bbox 1343 2142 1670 2215; x_wconf 89' lang='lat' dir='ltr'>penitentes</span> <span class='ocrx_word' id='word_1_206' title='bbox 1686 2146 1801 2199; x_wconf 87' lang='lat' dir='ltr'>sta-</span> <span class='ocrx_word' id='word_1_207' title='bbox 1916 2146 2139 2219; x_wconf 84' lang='lat' dir='ltr'>[Bson].</span> 
     </span>
    </p>
   </div>
   <div class='ocr_carea' id='block_1_21' title="bbox 198 2232 3549 2308">
    <p class='ocr_par' dir='ltr' id='par_1_21' title="bbox 198 2232 3549 2308">
     <span class='ocr_line' id='line_1_23' title="bbox 198 2232 3549 2308; baseline 0.001 -19"><span class='ocrx_word' id='word_1_208' title='bbox 198 2238 291 2305; x_wconf 88' lang='lat' dir='ltr'>ret,</span> <span class='ocrx_word' id='word_1_209' title='bbox 321 2239 375 2290; x_wconf 92' lang='lat' dir='ltr'>et</span> <span class='ocrx_word' id='word_1_210' title='bbox 398 2250 497 2307; x_wconf 88' lang='lat' dir='ltr'>per</span> <span class='ocrx_word' id='word_1_211' title='bbox 518 2235 899 2308; x_wconf 88' lang='lat' dir='ltr'>penitentiam</span> <span class='ocrx_word' id='word_1_212' title='bbox 915 2233 1121 2306; x_wconf 88' lang='lat' dir='ltr'>culpas</span> <span class='ocrx_word' id='word_1_213' title='bbox 1145 2247 1272 2303; x_wconf 60' lang='lat' dir='ltr'>qua)</span> <span class='ocrx_word' id='word_1_214' title='bbox 1291 2232 1444 2288; x_wconf 90' lang='lat' dir='ltr'>deco</span> <span class='ocrx_word' id='word_1_215' title='bbox 1463 2232 1708 2303; x_wconf 78' lang='lat' dir='ltr'>plurimo</span> <span class='ocrx_word' id='word_1_216' title='bbox 1726 2232 1802 2286; x_wconf 85' lang='lat' dir='ltr'>l‘c-</span> <span class='ocrx_word' id='word_1_217' title='bbox 1988 2240 2167 2293; x_wconf 89' lang='lat' dir='ltr'>Anno.</span> <span class='ocrx_word' id='word_1_218' title='bbox 2197 2236 2306 2293; x_wconf 91' lang='lat' dir='ltr'>inc.</span> <span class='ocrx_word' id='word_1_219' title='bbox 2333 2237 2493 2292; x_wconf 89' lang='lat' dir='ltr'>Dom.</span> <span class='ocrx_word' id='word_1_220' title='bbox 2519 2241 2642 2294; x_wconf 89' lang='lat'>276.</span> <span class='ocrx_word' id='word_1_221' title='bbox 2671 2235 2945 2292; x_wconf 87' lang='lat' dir='ltr'>Claudius</span> <span class='ocrx_word' id='word_1_222' title='bbox 2983 2236 3245 2306; x_wconf 78' lang='lat' dir='ltr'>regnavit</span> <span class='ocrx_word' id='word_1_223' title='bbox 3280 2250 3311 2291; x_wconf 91' lang='lat' dir='ltr'>a</span> <span class='ocrx_word' id='word_1_224' title='bbox 3363 2241 3412 2305; x_wconf 94' lang='lat'>1,</span> <span class='ocrx_word' id='word_1_225' title='bbox 3477 2251 3549 2291; x_wconf 91' lang='lat' dir='ltr'>m.</span> 
     </span>
    </p>
   </div>
   <div class='ocr_carea' id='block_1_22' title="bbox 197 2321 3549 2397">
    <p class='ocr_par' dir='ltr' id='par_1_22' title="bbox 197 2321 3549 2397">
     <span class='ocr_line' id='line_1_24' title="bbox 197 2321 3549 2397; baseline 0 -19"><span class='ocrx_word' id='word_1_226' title='bbox 197 2325 447 2381; x_wconf 88' lang='lat' dir='ltr'>rebantur</span> <span class='ocrx_word' id='word_1_227' title='bbox 466 2325 741 2381; x_wconf 85' lang='lat' dir='ltr'>dilueret.</span> <span class='ocrx_word' id='word_1_228' title='bbox 780 2326 852 2378; x_wconf 87' lang='lat' dir='ltr'>At</span> <span class='ocrx_word' id='word_1_229' title='bbox 883 2322 982 2378; x_wconf 91' lang='lat' dir='ltr'>ille</span> <span class='ocrx_word' id='word_1_230' title='bbox 1014 2323 1168 2394; x_wconf 90' lang='lat' dir='ltr'>quod</span> <span class='ocrx_word' id='word_1_231' title='bbox 1202 2338 1231 2378; x_wconf 90' lang='lat' dir='ltr'>a</span> <span class='ocrx_word' id='word_1_232' title='bbox 1266 2321 1570 2378; x_wconf 82' lang='lat' dir='ltr'>sacerdote</span> <span class='ocrx_word' id='word_1_233' title='bbox 1617 2322 1802 2376; x_wconf 79' lang='lat' dir='ltr'>fuerat</span> <span class='ocrx_word' id='word_1_234' title='bbox 1915 2323 2269 2397; x_wconf 75' lang='lat' dir='ltr'>9.[Rscmo].</span> <span class='ocrx_word' id='word_1_235' title='bbox 2306 2324 2406 2381; x_wconf 87' lang='lat' dir='ltr'>His</span> <span class='ocrx_word' id='word_1_236' title='bbox 2431 2323 2475 2357; x_wconf 75' lang='lat'><strong>“</strong></span> <span class='ocrx_word' id='word_1_237' title='bbox 2507 2330 2539 2381; x_wconf 89' lang='lat'>9</span> <span class='ocrx_word' id='word_1_238' title='bbox 2571 2323 3032 2382; x_wconf 88' lang='lat' dir='ltr'>mensibusadde</span> <span class='ocrx_word' id='word_1_239' title='bbox 3063 2327 3097 2378; x_wconf 76' lang='grc'>4</span> <span class='ocrx_word' id='word_1_240' title='bbox 3128 2323 3449 2394; x_wconf 82' lang='lat' dir='ltr'>Volusiani,</span> <span class='ocrx_word' id='word_1_241' title='bbox 3489 2322 3549 2379; x_wconf 84' lang='lat' dir='ltr'>tlt</span> 
     </span>
    </p>
   </div>
   <div class='ocr_carea' id='block_1_23' title="bbox 196 2411 3555 2486">
    <p class='ocr_par' dir='ltr' id='par_1_23' title="bbox 196 2411 3555 2486">
     <span class='ocr_line' id='line_1_25' title="bbox 196 2411 3555 2486; baseline 0 -20"><span class='ocrx_word' id='word_1_242' title='bbox 196 2412 509 2485; x_wconf 84' lang='lat' dir='ltr'>imperatum</span> <span class='ocrx_word' id='word_1_243' title='bbox 534 2414 793 2470; x_wconf 87' lang='lat' dir='ltr'>libenter</span> <span class='ocrx_word' id='word_1_244' title='bbox 824 2411 1103 2484; x_wconf 90' lang='lat' dir='ltr'>suscepit,</span> <span class='ocrx_word' id='word_1_245' title='bbox 1154 2411 1408 2467; x_wconf 88' lang='lat' dir='ltr'>divinum</span> <span class='ocrx_word' id='word_1_246' title='bbox 1470 2416 1686 2467; x_wconf 88' lang='lat' dir='ltr'>metum</span> <span class='ocrx_word' id='word_1_247' title='bbox 1748 2416 1805 2466; x_wconf 91' lang='lat' dir='ltr'>et</span> <span class='ocrx_word' id='word_1_248' title='bbox 1918 2430 2102 2472; x_wconf 90' lang='lat' dir='ltr'>annus</span> <span class='ocrx_word' id='word_1_249' title='bbox 2124 2415 2220 2486; x_wconf 90' lang='lat' dir='ltr'>qui</span> <span class='ocrx_word' id='word_1_250' title='bbox 2244 2414 2338 2470; x_wconf 88' lang='lat' dir='ltr'>hic</span> <span class='ocrx_word' id='word_1_251' title='bbox 2373 2419 2736 2484; x_wconf 90' lang='lat' dir='ltr'>numeratur,</span> <span class='ocrx_word' id='word_1_252' title='bbox 2798 2419 2858 2469; x_wconf 91' lang='lat' dir='ltr'>et</span> <span class='ocrx_word' id='word_1_253' title='bbox 2908 2416 3163 2470; x_wconf 88' lang='lat' dir='ltr'>remanet</span> <span class='ocrx_word' id='word_1_254' title='bbox 3225 2428 3297 2469; x_wconf 92' lang='lat' dir='ltr'>m.</span> <span class='ocrx_word' id='word_1_255' title='bbox 3351 2419 3399 2470; x_wconf 88' lang='lat'>1.</span> <span class='ocrx_word' id='word_1_256' title='bbox 3454 2412 3555 2468; x_wconf 90' lang='lat' dir='ltr'>Cui</span> 
     </span>
    </p>
   </div>
   <div class='ocr_carea' id='block_1_24' title="bbox 196 2498 3562 2574">
    <p class='ocr_par' dir='ltr' id='par_1_24' title="bbox 196 2498 3562 2574">
     <span class='ocr_line' id='line_1_26' title="bbox 196 2498 3562 2574; baseline -0.001 -19"><span class='ocrx_word' id='word_1_257' title='bbox 196 2501 344 2557; x_wconf 82' lang='lat' dir='ltr'>ﬁdem</span> <span class='ocrx_word' id='word_1_258' title='bbox 372 2502 673 2573; x_wconf 80' lang='lat' dir='ltr'>religionis</span> <span class='ocrx_word' id='word_1_259' title='bbox 707 2500 1294 2572; x_wconf 66' lang='lat' dir='ltr'>plenissumam&#39;rebus</span> <span class='ocrx_word' id='word_1_260' title='bbox 1311 2502 1367 2554; x_wconf 89' lang='lat' dir='ltr'>et</span> <span class='ocrx_word' id='word_1_261' title='bbox 1401 2498 1679 2571; x_wconf 84' lang='lat' dir='ltr'>Operilms</span> <span class='ocrx_word' id='word_1_262' title='bbox 1695 2498 1803 2555; x_wconf 87' lang='lat' dir='ltr'>sibi</span> <span class='ocrx_word' id='word_1_263' title='bbox 1919 2504 2207 2561; x_wconf 69' lang='lat' dir='ltr'>successit</span> <span class='ocrx_word' id='word_1_264' title='bbox 2240 2503 2590 2561; x_wconf 73' lang='lat' dir='ltr'>Aurelianus</span> <span class='ocrx_word' id='word_1_265' title='bbox 2622 2518 2673 2559; x_wconf 83' lang='lat' dir='ltr'>a.</span> <span class='ocrx_word' id='word_1_266' title='bbox 2709 2508 2760 2574; x_wconf 73' lang='grc' dir='ltr'><strong>δ,</strong></span> <span class='ocrx_word' id='word_1_267' title='bbox 2812 2519 2885 2559; x_wconf 85' lang='lat' dir='ltr'>m.</span> <span class='ocrx_word' id='word_1_268' title='bbox 2952 2507 3002 2558; x_wconf 75' lang='grc' dir='ltr'><strong>δ,</strong></span> <span class='ocrx_word' id='word_1_269' title='bbox 3047 2503 3151 2559; x_wconf 82' lang='lat' dir='ltr'>Hic</span> <span class='ocrx_word' id='word_1_270' title='bbox 3205 2502 3562 2559; x_wconf 74' lang='lat' dir='ltr'>christianos</span> 
     </span>
    </p>
   </div>
   <div class='ocr_carea' id='block_1_25' title="bbox 196 2588 3557 2665">
    <p class='ocr_par' dir='ltr' id='par_1_25' title="bbox 196 2588 3557 2665">
     <span class='ocr_line' id='line_1_27' title="bbox 196 2588 3557 2665; baseline 0.001 -22"><span class='ocrx_word' id='word_1_271' title='bbox 196 2588 365 2646; x_wconf 87' lang='lat' dir='ltr'>inesse</span> <span class='ocrx_word' id='word_1_272' title='bbox 395 2591 802 2662; x_wconf 84' lang='lat' dir='ltr'>comprobans.</span> <span class='ocrx_word' id='word_1_273' title='bbox 822 2589 1003 2659; x_wconf 81' lang='lat' dir='ltr'>Hujus</span> <span class='ocrx_word' id='word_1_274' title='bbox 1035 2588 1334 2645; x_wconf 87' lang='lat' dir='ltr'>humilitas</span> <span class='ocrx_word' id='word_1_275' title='bbox 1386 2591 1551 2643; x_wconf 88' lang='lat' dir='ltr'>tanto</span> <span class='ocrx_word' id='word_1_276' title='bbox 1584 2588 1810 2644; x_wconf 81' lang='lat' dir='ltr'>inorda-</span> <span class='ocrx_word' id='word_1_277' title='bbox 1922 2592 2317 2665; x_wconf 87' lang='lat' dir='ltr'>persequitur.</span> <span class='ocrx_word' id='word_1_278' title='bbox 2356 2593 2473 2650; x_wconf 90' lang='lat' dir='ltr'>Sub</span> <span class='ocrx_word' id='word_1_279' title='bbox 2497 2593 2606 2649; x_wconf 94' lang='lat' dir='ltr'>hoc</span> <span class='ocrx_word' id='word_1_280' title='bbox 2632 2607 2845 2664; x_wconf 90' lang='lat' dir='ltr'>passus</span> <span class='ocrx_word' id='word_1_281' title='bbox 2873 2595 2962 2648; x_wconf 90' lang='lat' dir='ltr'>est</span> <span class='ocrx_word' id='word_1_282' title='bbox 2996 2592 3286 2661; x_wconf 85' lang='lat' dir='ltr'>Benignus</span> <span class='ocrx_word' id='word_1_283' title='bbox 3336 2596 3557 2661; x_wconf 77' lang='lat' dir='ltr'>martyr</span> 
     </span>
    </p>
   </div>
   <div class='ocr_carea' id='block_1_26' title="bbox 194 2677 3561 2750">
    <p class='ocr_par' dir='ltr' id='par_1_26' title="bbox 194 2677 3561 2750">
     <span class='ocr_line' id='line_1_28' title="bbox 194 2677 3561 2750; baseline -0.001 -12"><span class='ocrx_word' id='word_1_284' title='bbox 194 2678 304 2735; x_wconf 79' lang='lat' dir='ltr'>eius</span> <span class='ocrx_word' id='word_1_285' title='bbox 328 2683 609 2737; x_wconf 76' lang='lat' dir='ltr'>tumorem</span> <span class='ocrx_word' id='word_1_286' title='bbox 667 2693 866 2748; x_wconf 75' lang='lat' dir='ltr'>regum</span> <span class='ocrx_word' id='word_1_287' title='bbox 898 2683 1237 2734; x_wconf 75' lang='lat' dir='ltr'>nostrorum</span> <span class='ocrx_word' id='word_1_288' title='bbox 1284 2677 1536 2749; x_wconf 76' lang='lat' dir='ltr'>impetit,</span> <span class='ocrx_word' id='word_1_289' title='bbox 1593 2681 1810 2747; x_wconf 67' lang='lat' dir='ltr'>Quanto</span> <span class='ocrx_word' id='word_1_290' title='bbox 1920 2698 2052 2739; x_wconf 91' lang='lat' dir='ltr'>cum</span> <span class='ocrx_word' id='word_1_291' title='bbox 2085 2682 2274 2739; x_wconf 90' lang='lat' dir='ltr'>sociis.</span> <span class='ocrx_word' id='word_1_292' title='bbox 2310 2682 2433 2748; x_wconf 90' lang='lat' dir='ltr'>Quo</span> <span class='ocrx_word' id='word_1_293' title='bbox 2464 2687 2698 2738; x_wconf 91' lang='lat' dir='ltr'>mortuo</span> <span class='ocrx_word' id='word_1_294' title='bbox 2726 2681 2961 2738; x_wconf 89' lang='lat' dir='ltr'>Tacitus</span> <span class='ocrx_word' id='word_1_295' title='bbox 2998 2685 3202 2750; x_wconf 85' lang='lat' dir='ltr'>regnat</span> <span class='ocrx_word' id='word_1_296' title='bbox 3274 2692 3505 2736; x_wconf 88' lang='lat' dir='ltr'>menses</span> <span class='ocrx_word' id='word_1_297' title='bbox 3529 2686 3561 2733; x_wconf 81' lang='lat'>6</span> 
     </span>
    </p>
   </div>
   <div class='ocr_carea' id='block_1_27' title="bbox 200 2765 3559 2843">
    <p class='ocr_par' dir='ltr' id='par_1_27' title="bbox 200 2765 3559 2843">
     <span class='ocr_line' id='line_1_29' title="bbox 200 2765 3559 2843; baseline 0.001 -23"><span class='ocrx_word' id='word_1_298' title='bbox 200 2766 509 2837; x_wconf 76' lang='lat' dir='ltr'>religiosius</span> <span class='ocrx_word' id='word_1_299' title='bbox 543 2768 721 2824; x_wconf 90' lang='lat' dir='ltr'>illein</span> <span class='ocrx_word' id='word_1_300' title='bbox 752 2774 868 2824; x_wconf 89' lang='lat' dir='ltr'>tam</span> <span class='ocrx_word' id='word_1_301' title='bbox 883 2771 1086 2823; x_wconf 89' lang='lat' dir='ltr'>tenera</span> <span class='ocrx_word' id='word_1_302' title='bbox 1109 2765 1153 2798; x_wconf 62' lang='lat'>5‘</span> <span class='ocrx_word' id='word_1_303' title='bbox 1184 2766 1619 2822; x_wconf 87' lang='lat' dir='ltr'>christianitatc</span> <span class='ocrx_word' id='word_1_304' title='bbox 1652 2765 1813 2836; x_wconf 90' lang='lat' dir='ltr'>peni-</span> <span class='ocrx_word' id='word_1_305' title='bbox 1924 2772 2101 2843; x_wconf 81' lang='lat' dir='ltr'>[Bson</span> <span class='ocrx_word' id='word_1_306' title='bbox 2136 2789 2151 2839; x_wconf 89' lang='lat'><strong>;</strong></span> <span class='ocrx_word' id='word_1_307' title='bbox 2183 2769 2445 2841; x_wconf 75' lang='lat' dir='ltr'>Bsomo].</span> <span class='ocrx_word' id='word_1_308' title='bbox 2479 2771 2579 2827; x_wconf 85' lang='lat' dir='ltr'>His</span> <span class='ocrx_word' id='word_1_309' title='bbox 2599 2769 2644 2804; x_wconf 77' lang='lat'>”</span> <span class='ocrx_word' id='word_1_310' title='bbox 2675 2770 2849 2826; x_wconf 90' lang='lat' dir='ltr'>etiam</span> <span class='ocrx_word' id='word_1_311' title='bbox 2883 2768 3032 2826; x_wconf 91' lang='lat' dir='ltr'>adde</span> <span class='ocrx_word' id='word_1_312' title='bbox 3061 2774 3094 2826; x_wconf 87' lang='lat'><strong>6</strong></span> <span class='ocrx_word' id='word_1_313' title='bbox 3151 2768 3473 2838; x_wconf 87' lang='lat' dir='ltr'>Aureliani,</span> <span class='ocrx_word' id='word_1_314' title='bbox 3498 2768 3559 2822; x_wconf 75' lang='lat' dir='ltr'>fit</span> 
     </span>
    </p>
   </div>
   <div class='ocr_carea' id='block_1_28' title="bbox 195 2853 3565 2935">
    <p class='ocr_par' dir='ltr' id='par_1_28' title="bbox 195 2853 3565 2935">
     <span class='ocr_line' id='line_1_30' title="bbox 195 2853 3565 2935; baseline -0.001 -21"><span class='ocrx_word' id='word_1_315' title='bbox 195 2857 478 2914; x_wconf 80' lang='lat' dir='ltr'>tentiam“</span> <span class='ocrx_word' id='word_1_316' title='bbox 514 2857 872 2929; x_wconf 83' lang='lat' dir='ltr'>susceperit,</span> <span class='ocrx_word' id='word_1_317' title='bbox 908 2870 1085 2935; x_wconf 80' lang='lat' dir='ltr'>quam</span> <span class='ocrx_word' id='word_1_318' title='bbox 1108 2853 1262 2910; x_wconf 75' lang='lat' dir='ltr'>“isti</span> <span class='ocrx_word' id='word_1_319' title='bbox 1296 2855 1351 2910; x_wconf 92' lang='lat' dir='ltr'>in</span> <span class='ocrx_word' id='word_1_320' title='bbox 1388 2858 1613 2910; x_wconf 87' lang='lat' dir='ltr'>matura</span> <span class='ocrx_word' id='word_1_321' title='bbox 1633 2853 1815 2909; x_wconf 89' lang='lat' dir='ltr'>eccle-</span> <span class='ocrx_word' id='word_1_322' title='bbox 1926 2873 2130 2929; x_wconf 90' lang='lat' dir='ltr'>annus,</span> <span class='ocrx_word' id='word_1_323' title='bbox 2163 2863 2461 2915; x_wconf 89' lang='lat' dir='ltr'>remanent</span> <span class='ocrx_word' id='word_1_324' title='bbox 2495 2862 2564 2915; x_wconf 91' lang='lat'>88</span> <span class='ocrx_word' id='word_1_325' title='bbox 2596 2857 3004 2915; x_wconf 90' lang='lat' dir='ltr'>diesFloriani.</span> <span class='ocrx_word' id='word_1_326' title='bbox 3026 2856 3126 2913; x_wconf 81' lang='lat' dir='ltr'>llis</span> <span class='ocrx_word' id='word_1_327' title='bbox 3150 2856 3327 2927; x_wconf 87' lang='lat' dir='ltr'>junge</span> <span class='ocrx_word' id='word_1_328' title='bbox 3357 2855 3565 2913; x_wconf 86' lang='lat' dir='ltr'>28dics</span> 
     </span>
    </p>
   </div>
   <div class='ocr_carea' id='block_1_29' title="bbox 197 2942 3565 3020">
    <p class='ocr_par' dir='ltr' id='par_1_29' title="bbox 197 2942 3565 3020">
     <span class='ocr_line' id='line_1_31' title="bbox 197 2942 3565 3020; baseline 0 -22"><span class='ocrx_word' id='word_1_329' title='bbox 197 2946 271 2999; x_wconf 86' lang='lat' dir='ltr'>sia</span> <span class='ocrx_word' id='word_1_330' title='bbox 298 2944 338 2979; x_wconf 78' lang='lat'><strong>“</strong></span> <span class='ocrx_word' id='word_1_331' title='bbox 364 2953 419 3003; x_wconf 91' lang='lat' dir='ltr'>et</span> <span class='ocrx_word' id='word_1_332' title='bbox 450 2946 496 2981; x_wconf 83' lang='lat'><strong>“</strong></span> <span class='ocrx_word' id='word_1_333' title='bbox 528 2962 638 3020; x_wconf 91' lang='lat' dir='ltr'>per</span> <span class='ocrx_word' id='word_1_334' title='bbox 668 2945 711 2979; x_wconf 85' lang='lat'>&quot;</span> <span class='ocrx_word' id='word_1_335' title='bbox 742 2946 940 3001; x_wconf 89' lang='lat' dir='ltr'>orbem</span> <span class='ocrx_word' id='word_1_336' title='bbox 966 2944 1009 2977; x_wconf 81' lang='grc'>⁸⁴</span> <span class='ocrx_word' id='word_1_337' title='bbox 1047 2944 1287 3000; x_wconf 89' lang='lat' dir='ltr'>dilatata</span> <span class='ocrx_word' id='word_1_338' title='bbox 1322 2958 1427 2999; x_wconf 88' lang='lat' dir='ltr'>nec</span> <span class='ocrx_word' id='word_1_339' title='bbox 1452 2942 1651 2999; x_wconf 90' lang='lat' dir='ltr'>audire</span> <span class='ocrx_word' id='word_1_340' title='bbox 1682 2957 1816 2999; x_wconf 90' lang='lat' dir='ltr'>con-</span> <span class='ocrx_word' id='word_1_341' title='bbox 1927 2947 2024 3018; x_wconf 92' lang='lat' dir='ltr'>qui</span> <span class='ocrx_word' id='word_1_342' title='bbox 2048 2962 2225 3019; x_wconf 91' lang='lat' dir='ltr'>supra</span> <span class='ocrx_word' id='word_1_343' title='bbox 2260 2950 2684 3017; x_wconf 89' lang='lat' dir='ltr'>remanserunt,</span> <span class='ocrx_word' id='word_1_344' title='bbox 2720 2946 2866 3003; x_wconf 76' lang='lat' dir='ltr'>(lunt</span> <span class='ocrx_word' id='word_1_345' title='bbox 2898 2947 3018 3018; x_wconf 89' lang='lat'>108,</span> <span class='ocrx_word' id='word_1_346' title='bbox 3069 2960 3299 3002; x_wconf 88' lang='lat' dir='ltr'>menses</span> <span class='ocrx_word' id='word_1_347' title='bbox 3335 2948 3366 3000; x_wconf 86' lang='lat'>3</span> <span class='ocrx_word' id='word_1_348' title='bbox 3399 2949 3458 3000; x_wconf 89' lang='lat' dir='ltr'>et</span> <span class='ocrx_word' id='word_1_349' title='bbox 3499 2950 3565 2999; x_wconf 67' lang='lat'>~18</span> 
     </span>
    </p>
   </div>
   <div class='ocr_carea' id='block_1_30' title="bbox 194 3032 3560 3108">
    <p class='ocr_par' dir='ltr' id='par_1_30' title="bbox 194 3032 3560 3108">
     <span class='ocr_line' id='line_1_32' title="bbox 194 3032 3560 3108; baseline 0 -19"><span class='ocrx_word' id='word_1_350' title='bbox 194 3035 450 3093; x_wconf 87' lang='lat' dir='ltr'>sentiunt.</span> <span class='ocrx_word' id='word_1_351' title='bbox 1928 3036 2071 3092; x_wconf 89' lang='lat' dir='ltr'>dies.</span> <span class='ocrx_word' id='word_1_352' title='bbox 2094 3036 2255 3092; x_wconf 84' lang='lat' dir='ltr'>Adde</span> <span class='ocrx_word' id='word_1_353' title='bbox 2280 3036 2612 3108; x_wconf 77' lang='lat' dir='ltr'>superﬂuos</span> <span class='ocrx_word' id='word_1_354' title='bbox 2633 3042 2666 3093; x_wconf 88' lang='lat'>2</span> <span class='ocrx_word' id='word_1_355' title='bbox 2686 3051 2931 3107; x_wconf 89' lang='lat' dir='ltr'>menses,</span> <span class='ocrx_word' id='word_1_356' title='bbox 2960 3036 3106 3091; x_wconf 83' lang='lat' dir='ltr'>ﬁunt</span> <span class='ocrx_word' id='word_1_357' title='bbox 3129 3050 3201 3090; x_wconf 92' lang='lat' dir='ltr'>m.</span> <span class='ocrx_word' id='word_1_358' title='bbox 3238 3038 3268 3089; x_wconf 87' lang='grc'>5</span> <span class='ocrx_word' id='word_1_359' title='bbox 3298 3038 3358 3089; x_wconf 91' lang='lat' dir='ltr'>et</span> <span class='ocrx_word' id='word_1_360' title='bbox 3386 3032 3440 3088; x_wconf 86' lang='grc'>(1.</span> <span class='ocrx_word' id='word_1_361' title='bbox 3480 3036 3560 3089; x_wconf 60' lang='grc' dir='ltr'>ιτς.</span> 
     </span>
    </p>
   </div>
   <div class='ocr_carea' id='block_1_31' title="bbox 261 3119 3564 3199">
    <p class='ocr_par' dir='ltr' id='par_1_31' title="bbox 261 3119 3564 3199">
     <span class='ocr_line' id='line_1_33' title="bbox 261 3119 3564 3199; baseline 0 -20"><span class='ocrx_word' id='word_1_362' title='bbox 261 3126 539 3183; x_wconf 84' lang='lat' dir='ltr'>Annoinc.</span> <span class='ocrx_word' id='word_1_363' title='bbox 567 3128 732 3182; x_wconf 89' lang='lat' dir='ltr'>Dom.</span> <span class='ocrx_word' id='word_1_364' title='bbox 758 3130 863 3181; x_wconf 86' lang='grc'><strong>257</strong></span> <span class='ocrx_word' id='word_1_365' title='bbox 894 3122 1102 3179; x_wconf 84' lang='lat' dir='ltr'>Decius</span> <span class='ocrx_word' id='word_1_366' title='bbox 1150 3121 1452 3194; x_wconf 89' lang='lat' dir='ltr'>imperium</span> <span class='ocrx_word' id='word_1_367' title='bbox 1501 3119 1814 3199; x_wconf 86' lang='lat' dir='ltr'>assumpsit</span> <span class='ocrx_word' id='word_1_368' title='bbox 1928 3127 1993 3180; x_wconf 89' lang='lat' dir='ltr'>Et</span> <span class='ocrx_word' id='word_1_369' title='bbox 2042 3129 2171 3197; x_wconf 88' lang='lat' dir='ltr'>post</span> <span class='ocrx_word' id='word_1_370' title='bbox 2203 3141 2334 3183; x_wconf 91' lang='lat' dir='ltr'>eum</span> <span class='ocrx_word' id='word_1_371' title='bbox 2375 3126 2676 3183; x_wconf 83' lang='lat' dir='ltr'>Florianus</span> <span class='ocrx_word' id='word_1_372' title='bbox 2719 3125 2844 3182; x_wconf 87' lang='lat' dir='ltr'>dies</span> <span class='ocrx_word' id='word_1_373' title='bbox 2873 3129 2941 3183; x_wconf 86' lang='lat'>88</span> <span class='ocrx_word' id='word_1_374' title='bbox 2958 3123 3181 3196; x_wconf 86' lang='lat' dir='ltr'>[Bson];</span> <span class='ocrx_word' id='word_1_375' title='bbox 3219 3127 3349 3196; x_wconf 86' lang='lat' dir='ltr'>post</span> <span class='ocrx_word' id='word_1_376' title='bbox 3396 3137 3564 3194; x_wconf 73' lang='lat' dir='ltr'>quem</span> 
     </span>
    </p>
   </div>
   <div class='ocr_carea' id='block_1_32' title="bbox 196 3209 1799 3286">
    <p class='ocr_par' dir='ltr' id='par_1_32' title="bbox 196 3209 1799 3284">
     <span class='ocr_line' id='line_1_34' title="bbox 196 3209 1799 3284; baseline -0.004 -14"><span class='ocrx_word' id='word_1_377' title='bbox 196 3214 334 3284; x_wconf 90' lang='lat' dir='ltr'>quod</span> <span class='ocrx_word' id='word_1_378' title='bbox 356 3216 546 3273; x_wconf 90' lang='lat' dir='ltr'>tenuit</span> <span class='ocrx_word' id='word_1_379' title='bbox 577 3232 633 3271; x_wconf 89' lang='lat' dir='ltr'>a.</span> <span class='ocrx_word' id='word_1_380' title='bbox 683 3218 734 3284; x_wconf 89' lang='lat'>1,</span> <span class='ocrx_word' id='word_1_381' title='bbox 789 3227 861 3268; x_wconf 91' lang='lat' dir='ltr'>m.</span> <span class='ocrx_word' id='word_1_382' title='bbox 896 3217 926 3267; x_wconf 89' lang='lat'><strong><em>3</em></strong></span> <span class='ocrx_word' id='word_1_383' title='bbox 980 3212 1200 3283; x_wconf 59' lang='lat' dir='ltr'>[Bson</span> <span class='ocrx_word' id='word_1_384' title='bbox 1251 3209 1491 3280; x_wconf 76' lang='lat' dir='ltr'>REGINO]</span> <span class='ocrx_word' id='word_1_385' title='bbox 1546 3210 1646 3267; x_wconf 84' lang='lat' dir='ltr'>His</span> <span class='ocrx_word' id='word_1_386' title='bbox 1691 3209 1737 3241; x_wconf 83' lang='grc'><strong><em>⁵⁵</em></strong></span> <span class='ocrx_word' id='word_1_387' title='bbox 1786 3214 1799 3263; x_wconf 77' lang='grc' dir='ltr'><strong>ε</strong></span> 
     </span>
    </p>
   </div>
   <div class='ocr_carea' id='block_1_33' title="bbox 1980 3209 3567 3286">
    <p class='ocr_par' dir='ltr' id='par_1_33' title="bbox 1980 3212 3567 3286">
     <span class='ocr_line' id='line_1_35' title="bbox 1980 3212 3567 3286; baseline -0.004 -15"><span class='ocrx_word' id='word_1_388' title='bbox 1980 3216 2193 3285; x_wconf 71' lang='lat' dir='ltr'>:gnavit</span> <span class='ocrx_word' id='word_1_389' title='bbox 2219 3216 2444 3273; x_wconf 91' lang='lat' dir='ltr'>Probus</span> <span class='ocrx_word' id='word_1_390' title='bbox 2466 3231 2514 3271; x_wconf 88' lang='lat' dir='ltr'>a.</span> <span class='ocrx_word' id='word_1_391' title='bbox 2536 3220 2587 3286; x_wconf 85' lang='grc'>5,</span> <span class='ocrx_word' id='word_1_392' title='bbox 2614 3218 2759 3271; x_wconf 75' lang='grc'><strong>(11.4.</strong></span> <span class='ocrx_word' id='word_1_393' title='bbox 2797 3215 2897 3271; x_wconf 86' lang='lat' dir='ltr'>His</span> <span class='ocrx_word' id='word_1_394' title='bbox 2929 3213 2975 3247; x_wconf 79' lang='grc'>⁶⁰</span> <span class='ocrx_word' id='word_1_395' title='bbox 3009 3213 3157 3271; x_wconf 88' lang='lat' dir='ltr'>adde</span> <span class='ocrx_word' id='word_1_396' title='bbox 3202 3218 3236 3270; x_wconf 88' lang='lat'>6</span> <span class='ocrx_word' id='word_1_397' title='bbox 3291 3212 3472 3269; x_wconf 89' lang='lat' dir='ltr'>Taciti</span> <span class='ocrx_word' id='word_1_398' title='bbox 3510 3220 3567 3266; x_wconf 66' lang='grc' dir='ltr'>ιιι.</span> 
     </span>
    </p>
   </div>
   <div class='ocr_carea' id='block_1_34' title="bbox 194 3299 3567 3377">
    <p class='ocr_par' dir='ltr' id='par_1_34' title="bbox 194 3299 3567 3377">
     <span class='ocr_line' id='line_1_36' title="bbox 194 3299 3567 3377; baseline -0.004 -20"><span class='ocrx_word' id='word_1_399' title='bbox 194 3304 469 3362; x_wconf 86' lang='lat' dir='ltr'>mensibus</span> <span class='ocrx_word' id='word_1_400' title='bbox 496 3303 665 3361; x_wconf 90' lang='lat' dir='ltr'>Decii</span> <span class='ocrx_word' id='word_1_401' title='bbox 690 3301 839 3358; x_wconf 90' lang='lat' dir='ltr'>adde</span> <span class='ocrx_word' id='word_1_402' title='bbox 865 3300 1136 3357; x_wconf 85' lang='lat' dir='ltr'>Antonini</span> <span class='ocrx_word' id='word_1_403' title='bbox 1178 3300 1263 3355; x_wconf 90' lang='lat' dir='ltr'>Pii</span> <span class='ocrx_word' id='word_1_404' title='bbox 1305 3304 1358 3369; x_wconf 90' lang='lat'>3,</span> <span class='ocrx_word' id='word_1_405' title='bbox 1411 3299 1580 3355; x_wconf 83' lang='lat' dir='ltr'>Marci</span> <span class='ocrx_word' id='word_1_406' title='bbox 1643 3301 1820 3353; x_wconf 90' lang='lat' dir='ltr'>Anto-</span> <span class='ocrx_word' id='word_1_407' title='bbox 1848 3344 1897 3377; x_wconf 54' lang='lat' dir='ltr'>ﬁ</span> <span class='ocrx_word' id='word_1_408' title='bbox 1929 3309 1960 3360; x_wconf 79' lang='grc' dir='ltr'>δ</span> <span class='ocrx_word' id='word_1_409' title='bbox 1994 3303 2368 3375; x_wconf 81' lang='lat' dir='ltr'>supradictas</span> <span class='ocrx_word' id='word_1_410' title='bbox 2399 3303 2684 3377; x_wconf 79' lang='lat' dir='ltr'>[Rscmo],</span> <span class='ocrx_word' id='word_1_411' title='bbox 2719 3303 2784 3358; x_wconf 85' lang='grc'><strong>111,</strong></span> <span class='ocrx_word' id='word_1_412' title='bbox 2823 3318 3028 3373; x_wconf 90' lang='lat' dir='ltr'>annus,</span> <span class='ocrx_word' id='word_1_413' title='bbox 3088 3306 3388 3360; x_wconf 89' lang='lat' dir='ltr'>remanent</span> <span class='ocrx_word' id='word_1_414' title='bbox 3414 3316 3567 3356; x_wconf 63' lang='lat' dir='ltr'>mon-</span> 
     </span>
    </p>
   </div>
   <div class='ocr_carea' id='block_1_35' title="bbox 190 3387 2092 3463">
    <p class='ocr_par' dir='ltr' id='par_1_35' title="bbox 190 3387 2092 3463">
     <span class='ocr_line' id='line_1_37' title="bbox 190 3387 2092 3463; baseline -0.003 -16"><span class='ocrx_word' id='word_1_415' title='bbox 190 3391 297 3448; x_wconf 91' lang='lat' dir='ltr'>nini</span> <span class='ocrx_word' id='word_1_416' title='bbox 330 3400 377 3463; x_wconf 88' lang='lat'>1,</span> <span class='ocrx_word' id='word_1_417' title='bbox 401 3393 548 3451; x_wconf 83' lang='lat' dir='ltr'>Helii</span> <span class='ocrx_word' id='word_1_418' title='bbox 582 3390 915 3449; x_wconf 88' lang='lat' dir='ltr'>Pertinacis</span> <span class='ocrx_word' id='word_1_419' title='bbox 936 3390 1057 3460; x_wconf 82' lang='lat' dir='ltr'>6,6t</span> <span class='ocrx_word' id='word_1_420' title='bbox 1092 3404 1277 3445; x_wconf 86' lang='lat' dir='ltr'>annus</span> <span class='ocrx_word' id='word_1_421' title='bbox 1298 3387 1394 3458; x_wconf 90' lang='lat' dir='ltr'>qui</span> <span class='ocrx_word' id='word_1_422' title='bbox 1432 3387 1525 3443; x_wconf 89' lang='lat' dir='ltr'>hic</span> <span class='ocrx_word' id='word_1_423' title='bbox 1559 3388 1815 3459; x_wconf 87' lang='lat' dir='ltr'>ponitur.</span> <span class='ocrx_word' id='word_1_424' title='bbox 1849 3387 1900 3408; x_wconf 74' lang='grc' dir='ltr'>ν</span> <span class='ocrx_word' id='word_1_425' title='bbox 1930 3408 2024 3451; x_wconf 78' lang='lat' dir='ltr'>ses</span> <span class='ocrx_word' id='word_1_426' title='bbox 2042 3399 2092 3450; x_wconf 75' lang='lat'>3,</span> 
     </span>
    </p>
   </div>
   <div class='ocr_carea' id='block_1_36' title="bbox 192 3477 1799 3555">
    <p class='ocr_par' dir='ltr' id='par_1_36' title="bbox 192 3477 1799 3553">
     <span class='ocr_line' id='line_1_38' title="bbox 192 3477 1799 3553; baseline -0.001 -19"><span class='ocrx_word' id='word_1_427' title='bbox 192 3479 472 3553; x_wconf 86' lang='lat' dir='ltr'>Remanet,</span> <span class='ocrx_word' id='word_1_428' title='bbox 509 3498 583 3538; x_wconf 91' lang='lat' dir='ltr'>m.</span> <span class='ocrx_word' id='word_1_429' title='bbox 624 3484 650 3537; x_wconf 97' lang='lat'>1</span> <span class='ocrx_word' id='word_1_430' title='bbox 687 3485 749 3535; x_wconf 91' lang='lat' dir='ltr'>et</span> <span class='ocrx_word' id='word_1_431' title='bbox 780 3479 833 3535; x_wconf 90' lang='lat' dir='ltr'>d.</span> <span class='ocrx_word' id='word_1_432' title='bbox 861 3483 929 3536; x_wconf 88' lang='grc'><strong>28</strong></span> <span class='ocrx_word' id='word_1_433' title='bbox 953 3478 1317 3549; x_wconf 88' lang='lat' dir='ltr'>supranotati</span> <span class='ocrx_word' id='word_1_434' title='bbox 1359 3477 1614 3531; x_wconf 87' lang='lat' dir='ltr'>Anthero</span> <span class='ocrx_word' id='word_1_435' title='bbox 1673 3492 1799 3548; x_wconf 83' lang='lat' dir='ltr'>pap:</span> 
     </span>
    </p>
   </div>
   <div class='ocr_carea' id='block_1_37' title="bbox 1980 3477 3569 3555">
    <p class='ocr_par' dir='ltr' id='par_1_37' title="bbox 2002 3481 3569 3555">
     <span class='ocr_line' id='line_1_39' title="bbox 2002 3481 3569 3555; baseline -0.002 -16"><span class='ocrx_word' id='word_1_436' title='bbox 2002 3487 2166 3539; x_wconf 88' lang='lat' dir='ltr'>Anno</span> <span class='ocrx_word' id='word_1_437' title='bbox 2197 3484 2271 3540; x_wconf 90' lang='lat' dir='ltr'>ab</span> <span class='ocrx_word' id='word_1_438' title='bbox 2301 3483 2413 3540; x_wconf 92' lang='lat' dir='ltr'>inc.</span> <span class='ocrx_word' id='word_1_439' title='bbox 2440 3484 2597 3538; x_wconf 91' lang='lat' dir='ltr'>Dom.</span> <span class='ocrx_word' id='word_1_440' title='bbox 2633 3485 2756 3553; x_wconf 71' lang='lat' dir='ltr'>26L,</span> <span class='ocrx_word' id='word_1_441' title='bbox 2773 3481 3062 3555; x_wconf 82' lang='lat' dir='ltr'>Valeriani</span> <span class='ocrx_word' id='word_1_442' title='bbox 3094 3486 3153 3539; x_wconf 91' lang='lat' dir='ltr'>et</span> <span class='ocrx_word' id='word_1_443' title='bbox 3174 3481 3394 3539; x_wconf 88' lang='lat' dir='ltr'>Galieni</span> <span class='ocrx_word' id='word_1_444' title='bbox 3424 3495 3474 3536; x_wconf 88' lang='lat' dir='ltr'>a.</span> <span class='ocrx_word' id='word_1_445' title='bbox 3516 3486 3569 3551; x_wconf 80' lang='lat'>3,</span> 
     </span>
    </p>
   </div>
   <div class='ocr_carea' id='block_1_38' title="bbox 192 3564 3574 3643">
    <p class='ocr_par' dir='ltr' id='par_1_38' title="bbox 192 3564 3574 3643">
     <span class='ocr_line' id='line_1_40' title="bbox 192 3564 3574 3643; baseline -0.004 -19"><span class='ocrx_word' id='word_1_446' title='bbox 192 3571 455 3642; x_wconf 86' lang='lat' dir='ltr'>martyrio</span> <span class='ocrx_word' id='word_1_447' title='bbox 485 3572 797 3636; x_wconf 88' lang='lat' dir='ltr'>coronato,</span> <span class='ocrx_word' id='word_1_448' title='bbox 846 3567 1134 3624; x_wconf 85' lang='lat' dir='ltr'>Fabianus</span> <span class='ocrx_word' id='word_1_449' title='bbox 1183 3564 1525 3633; x_wconf 89' lang='lat' dir='ltr'>succedens,</span> <span class='ocrx_word' id='word_1_450' title='bbox 1584 3566 1820 3620; x_wconf 87' lang='lat' dir='ltr'>natione</span> <span class='ocrx_word' id='word_1_451' title='bbox 1933 3587 2047 3643; x_wconf 92' lang='lat' dir='ltr'>quo</span> <span class='ocrx_word' id='word_1_452' title='bbox 2076 3569 2120 3604; x_wconf 80' lang='grc'>⁶¹</span> <span class='ocrx_word' id='word_1_453' title='bbox 2152 3577 2415 3643; x_wconf 83' lang='lat' dir='ltr'>tempore</span> <span class='ocrx_word' id='word_1_454' title='bbox 2449 3570 3086 3643; x_wconf 89' lang='lat' dir='ltr'>Simplidesepiscopus</span> <span class='ocrx_word' id='word_1_455' title='bbox 3104 3569 3574 3629; x_wconf 50' lang='lat' dir='ltr'>Viennensiscla-</span> 
     </span>
    </p>
   </div>
   <div class='ocr_carea' id='block_1_39' title="bbox 1914 1081 3546 1152">
    <p class='ocr_par' dir='ltr' id='par_1_39' title="bbox 1914 1081 3546 1152">
     <span class='ocr_line' id='line_1_41' title="bbox 1914 1081 3546 1152; baseline 0.003 -18"><span class='ocrx_word' id='word_1_456' title='bbox 1914 1086 2079 1152; x_wconf 82' lang='lat' dir='ltr'>patre</span> <span class='ocrx_word' id='word_1_457' title='bbox 2102 1081 2289 1152; x_wconf 84' lang='lat' dir='ltr'>Jobio,</span> <span class='ocrx_word' id='word_1_458' title='bbox 2322 1096 2372 1137; x_wconf 89' lang='lat' dir='ltr'>a.</span> <span class='ocrx_word' id='word_1_459' title='bbox 2398 1084 2456 1151; x_wconf 90' lang='lat'>6,</span> <span class='ocrx_word' id='word_1_460' title='bbox 2479 1097 2550 1137; x_wconf 89' lang='lat' dir='ltr'>m.</span> <span class='ocrx_word' id='word_1_461' title='bbox 2586 1086 2639 1152; x_wconf 91' lang='lat'>6,</span> <span class='ocrx_word' id='word_1_462' title='bbox 2672 1081 2727 1138; x_wconf 94' lang='grc'>(1.</span> <span class='ocrx_word' id='word_1_463' title='bbox 2750 1088 2803 1140; x_wconf 87' lang='grc'>2.</span> <span class='ocrx_word' id='word_1_464' title='bbox 2842 1082 2943 1140; x_wconf 83' lang='lat' dir='ltr'>Hic</span> <span class='ocrx_word' id='word_1_465' title='bbox 2992 1083 3301 1141; x_wconf 88' lang='lat' dir='ltr'>constituit</span> <span class='ocrx_word' id='word_1_466' title='bbox 3355 1089 3417 1141; x_wconf 91' lang='lat' dir='ltr'>ut</span> <span class='ocrx_word' id='word_1_467' title='bbox 3459 1098 3546 1141; x_wconf 91' lang='lat' dir='ltr'>sa-</span> 
     </span>
    </p>
   </div>
   <div class='ocr_carea' id='block_1_40' title="bbox 1904 1169 3545 1230">
    <p class='ocr_par' dir='ltr' id='par_1_40' title="bbox 1904 1169 3545 1230">
     <span class='ocr_line' id='line_1_42' title="bbox 1904 1169 3545 1230; baseline 0.002 -6"><span class='ocrx_word' id='word_1_468' title='bbox 1904 1169 2177 1225; x_wconf 83' lang='lat' dir='ltr'>ccrdotes</span> <span class='ocrx_word' id='word_1_469' title='bbox 2201 1175 2259 1225; x_wconf 91' lang='lat' dir='ltr'>et</span> <span class='ocrx_word' id='word_1_470' title='bbox 2280 1169 2470 1227; x_wconf 61' lang='lat' dir='ltr'>levitas</span> <span class='ocrx_word' id='word_1_471' title='bbox 2503 1175 2699 1228; x_wconf 90' lang='lat' dir='ltr'>vestes</span> <span class='ocrx_word' id='word_1_472' title='bbox 2712 1172 2978 1229; x_wconf 88' lang='lat' dir='ltr'>sacrasin</span> <span class='ocrx_word' id='word_1_473' title='bbox 2997 1172 3293 1229; x_wconf 91' lang='lat' dir='ltr'>cotidiano</span> <span class='ocrx_word' id='word_1_474' title='bbox 3311 1188 3415 1230; x_wconf 91' lang='lat' dir='ltr'>usu</span> <span class='ocrx_word' id='word_1_475' title='bbox 3432 1188 3545 1229; x_wconf 89' lang='lat' dir='ltr'>non</span> 
     </span>
    </p>
   </div>
   <div class='ocr_carea' id='block_1_41' title="bbox 1906 1259 3547 1333">
    <p class='ocr_par' dir='ltr' id='par_1_41' title="bbox 1906 1259 3547 1333">
     <span class='ocr_line' id='line_1_43' title="bbox 1906 1259 3547 1333; baseline 0.002 -20"><span class='ocrx_word' id='word_1_476' title='bbox 1906 1259 2185 1314; x_wconf 88' lang='lat' dir='ltr'>haberent</span> <span class='ocrx_word' id='word_1_477' title='bbox 2223 1260 2427 1331; x_wconf 77' lang='lat' dir='ltr'>(Gesta</span> <span class='ocrx_word' id='word_1_478' title='bbox 2434 1261 2602 1333; x_wconf 71' lang='lat' dir='ltr'>pont.</span> <span class='ocrx_word' id='word_1_479' title='bbox 2631 1261 2819 1333; x_wconf 81' lang='lat' dir='ltr'>Rom).</span> <span class='ocrx_word' id='word_1_480' title='bbox 2845 1261 3183 1319; x_wconf 88' lang='lat' dir='ltr'>Decollatus</span> <span class='ocrx_word' id='word_1_481' title='bbox 3206 1267 3294 1320; x_wconf 87' lang='lat' dir='ltr'>est</span> <span class='ocrx_word' id='word_1_482' title='bbox 3318 1263 3427 1320; x_wconf 85' lang='lat' dir='ltr'>sub</span> <span class='ocrx_word' id='word_1_483' title='bbox 3443 1262 3547 1317; x_wconf 88' lang='lat' dir='ltr'>Va-</span> 
     </span>
    </p>
   </div>
   <div class='ocr_carea' id='block_1_42' title="bbox 1908 1346 3545 1423">
    <p class='ocr_par' dir='ltr' id='par_1_42' title="bbox 1908 1346 3545 1423">
     <span class='ocr_line' id='line_1_44' title="bbox 1908 1346 3545 1423; baseline 0.004 -22"><span class='ocrx_word' id='word_1_484' title='bbox 1908 1346 2128 1403; x_wconf 90' lang='lat' dir='ltr'>leriano</span> <span class='ocrx_word' id='word_1_485' title='bbox 2159 1352 2216 1402; x_wconf 89' lang='lat' dir='ltr'>et</span> <span class='ocrx_word' id='word_1_486' title='bbox 2248 1347 2506 1405; x_wconf 87' lang='lat' dir='ltr'>Gallieno</span> <span class='ocrx_word' id='word_1_487' title='bbox 2537 1350 2586 1405; x_wconf 77' lang='grc'><strong>4.</strong></span> <span class='ocrx_word' id='word_1_488' title='bbox 2616 1351 2756 1406; x_wconf 82' lang='lat' dir='ltr'>Non.</span> <span class='ocrx_word' id='word_1_489' title='bbox 2777 1352 2928 1421; x_wconf 86' lang='lat' dir='ltr'>Aug.</span> <span class='ocrx_word' id='word_1_490' title='bbox 2964 1356 3021 1406; x_wconf 90' lang='lat' dir='ltr'>et</span> <span class='ocrx_word' id='word_1_491' title='bbox 3046 1351 3302 1417; x_wconf 88' lang='lat' dir='ltr'>cessavit</span> <span class='ocrx_word' id='word_1_492' title='bbox 3318 1351 3545 1423; x_wconf 88' lang='lat' dir='ltr'>episco-</span> 
     </span>
    </p>
   </div>
   <div class='ocr_carea' id='block_1_43' title="bbox 1909 1436 2285 1507">
    <p class='ocr_par' dir='ltr' id='par_1_43' title="bbox 1909 1436 2285 1507">
     <span class='ocr_line' id='line_1_45' title="bbox 1909 1436 2285 1507; baseline 0.005 -18"><span class='ocrx_word' id='word_1_493' title='bbox 1909 1438 2080 1507; x_wconf 86' lang='lat' dir='ltr'>patus</span> <span class='ocrx_word' id='word_1_494' title='bbox 2111 1436 2164 1491; x_wconf 92' lang='lat' dir='ltr'>d.</span> <span class='ocrx_word' id='word_1_495' title='bbox 2196 1439 2285 1492; x_wconf 83' lang='grc'>22.</span> 
     </span>
    </p>
   </div>
   <div class='ocr_carea' id='block_1_44' title="bbox 1980 1525 3544 1597">
    <p class='ocr_par' dir='ltr' id='par_1_44' title="bbox 1980 1525 3544 1597">
     <span class='ocr_line' id='line_1_46' title="bbox 1980 1525 3544 1597; baseline 0.003 -18"><span class='ocrx_word' id='word_1_496' title='bbox 1980 1525 2141 1580; x_wconf 90' lang='lat' dir='ltr'>Anno</span> <span class='ocrx_word' id='word_1_497' title='bbox 2174 1525 2285 1580; x_wconf 91' lang='lat' dir='ltr'>inc.</span> <span class='ocrx_word' id='word_1_498' title='bbox 2311 1527 2469 1582; x_wconf 90' lang='lat' dir='ltr'>Dom.</span> <span class='ocrx_word' id='word_1_499' title='bbox 2502 1529 2624 1582; x_wconf 90' lang='lat'>261.</span> <span class='ocrx_word' id='word_1_500' title='bbox 2661 1533 3053 1597; x_wconf 81' lang='lat' dir='ltr'>regnaverunt</span> <span class='ocrx_word' id='word_1_501' title='bbox 3106 1526 3452 1585; x_wconf 73' lang='lat' dir='ltr'>Valerianus</span> <span class='ocrx_word' id='word_1_502' title='bbox 3484 1535 3544 1584; x_wconf 90' lang='lat' dir='ltr'>et</span> 
     </span>
    </p>
   </div>
   <div class='ocr_carea' id='block_1_45' title="bbox 1909 1611 3547 1687">
    <p class='ocr_par' dir='ltr' id='par_1_45' title="bbox 1909 1611 3547 1687">
     <span class='ocr_line' id='line_1_47' title="bbox 1909 1611 3547 1687; baseline 0.003 -21"><span class='ocrx_word' id='word_1_503' title='bbox 1909 1611 2183 1669; x_wconf 88' lang='lat' dir='ltr'>Galienus</span> <span class='ocrx_word' id='word_1_504' title='bbox 2221 1629 2272 1669; x_wconf 91' lang='lat' dir='ltr'>a.</span> <span class='ocrx_word' id='word_1_505' title='bbox 2323 1619 2389 1671; x_wconf 89' lang='grc'>15</span> <span class='ocrx_word' id='word_1_506' title='bbox 2441 1612 2638 1687; x_wconf 89' lang='lat' dir='ltr'>[Bson]</span> <span class='ocrx_word' id='word_1_507' title='bbox 2690 1615 3034 1673; x_wconf 83' lang='lat' dir='ltr'>Valerianus</span> <span class='ocrx_word' id='word_1_508' title='bbox 3086 1616 3141 1671; x_wconf 91' lang='lat' dir='ltr'>in</span> <span class='ocrx_word' id='word_1_509' title='bbox 3188 1615 3547 1672; x_wconf 88' lang='lat' dir='ltr'>christianos</span> 
     </span>
    </p>
   </div>
   <div class='ocr_carea' id='block_1_46' title="bbox 1911 1702 3549 1777">
    <p class='ocr_par' dir='ltr' id='par_1_46' title="bbox 1911 1702 3549 1777">
     <span class='ocr_line' id='line_1_48' title="bbox 1911 1702 3549 1777; baseline 0.003 -21"><span class='ocrx_word' id='word_1_510' title='bbox 1911 1702 2365 1772; x_wconf 88' lang='lat' dir='ltr'>persequutione</span> <span class='ocrx_word' id='word_1_511' title='bbox 2387 1708 2676 1760; x_wconf 91' lang='lat' dir='ltr'>commota</span> <span class='ocrx_word' id='word_1_512' title='bbox 2710 1704 2905 1761; x_wconf 87' lang='lat' dir='ltr'>statim</span> <span class='ocrx_word' id='word_1_513' title='bbox 2936 1702 2981 1737; x_wconf 80' lang='grc'>⁵⁷</span> <span class='ocrx_word' id='word_1_514' title='bbox 3004 1720 3033 1760; x_wconf 91' lang='lat' dir='ltr'>a</span> <span class='ocrx_word' id='word_1_515' title='bbox 3083 1707 3299 1777; x_wconf 87' lang='lat' dir='ltr'>Sapore</span> <span class='ocrx_word' id='word_1_516' title='bbox 3348 1706 3549 1761; x_wconf 87' lang='lat' dir='ltr'>Persa-</span> 
     </span>
    </p>
   </div>
   <div class='ocr_carea' id='block_1_47' title="bbox 1912 1792 3549 1864">
    <p class='ocr_par' dir='ltr' id='par_1_47' title="bbox 1912 1792 3549 1864">
     <span class='ocr_line' id='line_1_49' title="bbox 1912 1792 3549 1864; baseline 0.004 -20"><span class='ocrx_word' id='word_1_517' title='bbox 1912 1805 2035 1847; x_wconf 89' lang='lat' dir='ltr'>rum</span> <span class='ocrx_word' id='word_1_518' title='bbox 2059 1805 2197 1859; x_wconf 88' lang='lat' dir='ltr'>rege</span> <span class='ocrx_word' id='word_1_519' title='bbox 2229 1792 2466 1862; x_wconf 90' lang='lat' dir='ltr'>capitur</span> <span class='ocrx_word' id='word_1_520' title='bbox 2497 1792 2617 1863; x_wconf 83' lang='lat' dir='ltr'>(fol.</span> <span class='ocrx_word' id='word_1_521' title='bbox 2680 1793 2787 1864; x_wconf 88' lang='grc'><strong>18).</strong></span> <span class='ocrx_word' id='word_1_522' title='bbox 2850 1798 2906 1849; x_wconf 92' lang='lat' dir='ltr'>et</span> <span class='ocrx_word' id='word_1_523' title='bbox 2941 1793 3257 1851; x_wconf 90' lang='lat' dir='ltr'>luminibus</span> <span class='ocrx_word' id='word_1_524' title='bbox 3304 1794 3549 1850; x_wconf 86' lang='lat' dir='ltr'>orbatus</span> 
     </span>
    </p>
   </div>
   <div class='ocr_carea' id='block_1_48' title="bbox 189 3652 1823 3731">
    <p class='ocr_par' dir='ltr' id='par_1_48' title="bbox 189 3652 1823 3731">
     <span class='ocr_line' id='line_1_50' title="bbox 189 3652 1823 3731; baseline -0.001 -18"><span class='ocrx_word' id='word_1_525' title='bbox 189 3658 489 3731; x_wconf 85' lang='lat' dir='ltr'>Romanus,</span> <span class='ocrx_word' id='word_1_526' title='bbox 524 3661 706 3716; x_wconf 88' lang='lat' dir='ltr'>Patre</span> <span class='ocrx_word' id='word_1_527' title='bbox 730 3657 905 3713; x_wconf 85' lang='lat' dir='ltr'>Fabio</span> <span class='ocrx_word' id='word_1_528' title='bbox 938 3656 1090 3712; x_wconf 89' lang='lat' dir='ltr'>sedit</span> <span class='ocrx_word' id='word_1_529' title='bbox 1126 3670 1174 3710; x_wconf 90' lang='lat' dir='ltr'>a.</span> <span class='ocrx_word' id='word_1_530' title='bbox 1212 3658 1299 3725; x_wconf 90' lang='lat'>13,</span> <span class='ocrx_word' id='word_1_531' title='bbox 1352 3669 1425 3710; x_wconf 84' lang='lat' dir='ltr'>in.</span> <span class='ocrx_word' id='word_1_532' title='bbox 1490 3657 1573 3710; x_wconf 89' lang='lat'>11.</span> <span class='ocrx_word' id='word_1_533' title='bbox 1618 3652 1823 3723; x_wconf 72' lang='lat' dir='ltr'>(Gesta</span> 
     </span>
    </p>
   </div>
   <div class='ocr_carea' id='block_1_49' title="bbox 178 3742 1818 3820">
    <p class='ocr_par' dir='ltr' id='par_1_49' title="bbox 178 3742 1818 3820">
     <span class='ocr_line' id='line_1_51' title="bbox 178 3742 1818 3820; baseline -0.004 -16"><span class='ocrx_word' id='word_1_534' title='bbox 178 3748 332 3817; x_wconf 60' lang='lat' dir='ltr'>potat.</span> <span class='ocrx_word' id='word_1_535' title='bbox 362 3749 553 3820; x_wconf 80' lang='lat' dir='ltr'>Rom).</span> <span class='ocrx_word' id='word_1_536' title='bbox 594 3749 757 3803; x_wconf 84' lang='lat' dir='ltr'>Inter</span> <span class='ocrx_word' id='word_1_537' title='bbox 787 3746 1109 3802; x_wconf 86' lang='lat' dir='ltr'>Anthcrum</span> <span class='ocrx_word' id='word_1_538' title='bbox 1140 3750 1199 3799; x_wconf 91' lang='lat' dir='ltr'>et</span> <span class='ocrx_word' id='word_1_539' title='bbox 1248 3742 1559 3798; x_wconf 83' lang='lat' dir='ltr'>Fabianum</span> <span class='ocrx_word' id='word_1_540' title='bbox 1612 3742 1667 3799; x_wconf 93' lang='grc'>(1.</span> <span class='ocrx_word' id='word_1_541' title='bbox 1731 3745 1818 3799; x_wconf 89' lang='lat'>13.</span> 
     </span>
    </p>
   </div>
   <div class='ocr_carea' id='block_1_50' title="bbox 188 3831 1824 3895">
    <p class='ocr_par' dir='ltr' id='par_1_50' title="bbox 188 3831 1824 3895">
     <span class='ocr_line' id='line_1_52' title="bbox 188 3831 1824 3895; baseline -0.002 -5"><span class='ocrx_word' id='word_1_542' title='bbox 188 3837 385 3895; x_wconf 89' lang='lat' dir='ltr'>Decius</span> <span class='ocrx_word' id='word_1_543' title='bbox 405 3836 591 3893; x_wconf 90' lang='lat' dir='ltr'>multa</span> <span class='ocrx_word' id='word_1_544' title='bbox 618 3838 959 3891; x_wconf 90' lang='lat' dir='ltr'>sanctorum</span> <span class='ocrx_word' id='word_1_545' title='bbox 993 3833 1147 3888; x_wconf 90' lang='lat' dir='ltr'>milia</span> <span class='ocrx_word' id='word_1_546' title='bbox 1199 3832 1513 3888; x_wconf 80' lang='lat' dir='ltr'>interfecit.</span> <span class='ocrx_word' id='word_1_547' title='bbox 1574 3831 1824 3887; x_wconf 86' lang='lat' dir='ltr'>Fabiano</span> 
     </span>
    </p>
   </div>
   <div class='ocr_carea' id='block_1_51' title="bbox 187 3920 1826 3999">
    <p class='ocr_par' dir='ltr' id='par_1_51' title="bbox 187 3920 1826 3999">
     <span class='ocr_line' id='line_1_53' title="bbox 187 3920 1826 3999; baseline -0.002 -17"><span class='ocrx_word' id='word_1_548' title='bbox 187 3941 325 3999; x_wconf 89' lang='lat' dir='ltr'>papa</span> <span class='ocrx_word' id='word_1_549' title='bbox 347 3928 460 3985; x_wconf 83' lang='lat' dir='ltr'>sub</span> <span class='ocrx_word' id='word_1_550' title='bbox 490 3925 677 3983; x_wconf 90' lang='lat' dir='ltr'>Decio</span> <span class='ocrx_word' id='word_1_551' title='bbox 708 3924 987 3994; x_wconf 81' lang='lat' dir='ltr'>martyrio</span> <span class='ocrx_word' id='word_1_552' title='bbox 1009 3924 1390 3981; x_wconf 83' lang='lat' dir='ltr'>coronatoi3.</span> <span class='ocrx_word' id='word_1_553' title='bbox 1425 3920 1544 3977; x_wconf 83' lang='lat' dir='ltr'>Kal.</span> <span class='ocrx_word' id='word_1_554' title='bbox 1576 3922 1826 3979; x_wconf 80' lang='lat' dir='ltr'>Februa-</span> 
     </span>
    </p>
   </div>
   <div class='ocr_carea' id='block_1_52' title="bbox 188 4012 1101 4087">
    <p class='ocr_par' dir='ltr' id='par_1_52' title="bbox 188 4012 1101 4087">
     <span class='ocr_line' id='line_1_54' title="bbox 188 4012 1101 4087; baseline -0.003 -16"><span class='ocrx_word' id='word_1_555' title='bbox 188 4018 254 4071; x_wconf 90' lang='lat' dir='ltr'>rii</span> <span class='ocrx_word' id='word_1_556' title='bbox 281 4017 534 4075; x_wconf 86' lang='lat' dir='ltr'>cessavit</span> <span class='ocrx_word' id='word_1_557' title='bbox 563 4014 949 4087; x_wconf 88' lang='lat' dir='ltr'>episcopatus</span> <span class='ocrx_word' id='word_1_558' title='bbox 969 4012 1024 4069; x_wconf 93' lang='lat' dir='ltr'>d.</span> <span class='ocrx_word' id='word_1_559' title='bbox 1048 4017 1101 4068; x_wconf 93' lang='lat'>7.</span> 
     </span>
    </p>
   </div>
   <div class='ocr_carea' id='block_1_53' title="bbox 258 4100 1825 4173">
    <p class='ocr_par' dir='ltr' id='par_1_53' title="bbox 258 4100 1825 4173">
     <span class='ocr_line' id='line_1_55' title="bbox 258 4100 1825 4173; baseline -0.005 -10"><span class='ocrx_word' id='word_1_560' title='bbox 258 4109 413 4163; x_wconf 82' lang='lat' dir='ltr'>Anno</span> <span class='ocrx_word' id='word_1_561' title='bbox 446 4106 605 4163; x_wconf 88' lang='lat' dir='ltr'>dom.</span> <span class='ocrx_word' id='word_1_562' title='bbox 645 4103 761 4159; x_wconf 90' lang='lat' dir='ltr'>inc.</span> <span class='ocrx_word' id='word_1_563' title='bbox 796 4105 920 4173; x_wconf 80' lang='grc'><strong>254,</strong></span> <span class='ocrx_word' id='word_1_564' title='bbox 949 4117 1064 4172; x_wconf 90' lang='lat' dir='ltr'>quo</span> <span class='ocrx_word' id='word_1_565' title='bbox 1082 4107 1348 4173; x_wconf 89' lang='lat' dir='ltr'>tempore</span> <span class='ocrx_word' id='word_1_566' title='bbox 1370 4100 1585 4157; x_wconf 88' lang='lat' dir='ltr'>claruit</span> <span class='ocrx_word' id='word_1_567' title='bbox 1607 4100 1825 4172; x_wconf 85' lang='lat' dir='ltr'>Lupici-</span> 
     </span>
    </p>
   </div>
   <div class='ocr_carea' id='block_1_54' title="bbox 188 4189 1831 4264">
    <p class='ocr_par' dir='ltr' id='par_1_54' title="bbox 188 4189 1831 4264">
     <span class='ocr_line' id='line_1_56' title="bbox 188 4189 1831 4264; baseline -0.004 -13"><span class='ocrx_word' id='word_1_568' title='bbox 188 4211 293 4254; x_wconf 86' lang='lat' dir='ltr'>nus</span> <span class='ocrx_word' id='word_1_569' title='bbox 318 4194 700 4264; x_wconf 88' lang='lat' dir='ltr'>Viennensis,</span> <span class='ocrx_word' id='word_1_570' title='bbox 733 4192 995 4249; x_wconf 87' lang='lat' dir='ltr'>succedit</span> <span class='ocrx_word' id='word_1_571' title='bbox 1030 4190 1333 4247; x_wconf 89' lang='lat' dir='ltr'>Cornelius</span> <span class='ocrx_word' id='word_1_572' title='bbox 1362 4190 1595 4249; x_wconf 87' lang='lat' dir='ltr'>natione</span> <span class='ocrx_word' id='word_1_573' title='bbox 1626 4189 1831 4245; x_wconf 81' lang='lat' dir='ltr'>Roma-</span> 
     </span>
    </p>
   </div>
   <div class='ocr_carea' id='block_1_55' title="bbox 188 4279 1831 4358">
    <p class='ocr_par' dir='ltr' id='par_1_55' title="bbox 188 4279 1831 4358">
     <span class='ocr_line' id='line_1_57' title="bbox 188 4279 1831 4358; baseline -0.004 -18"><span class='ocrx_word' id='word_1_574' title='bbox 188 4299 311 4357; x_wconf 88' lang='lat' dir='ltr'>nus,</span> <span class='ocrx_word' id='word_1_575' title='bbox 342 4289 515 4358; x_wconf 89' lang='lat' dir='ltr'>patre</span> <span class='ocrx_word' id='word_1_576' title='bbox 535 4286 803 4341; x_wconf 81' lang='lat' dir='ltr'>Romano</span> <span class='ocrx_word' id='word_1_577' title='bbox 827 4279 1014 4355; x_wconf 89' lang='lat' dir='ltr'>[Aoo].</span> <span class='ocrx_word' id='word_1_578' title='bbox 1052 4279 1212 4337; x_wconf 90' lang='lat' dir='ltr'>Sedit</span> <span class='ocrx_word' id='word_1_579' title='bbox 1247 4293 1297 4335; x_wconf 90' lang='lat' dir='ltr'>a.</span> <span class='ocrx_word' id='word_1_580' title='bbox 1333 4284 1382 4351; x_wconf 86' lang='grc'>5,</span> <span class='ocrx_word' id='word_1_581' title='bbox 1406 4280 1459 4335; x_wconf 87' lang='grc'>(1.</span> <span class='ocrx_word' id='word_1_582' title='bbox 1499 4284 1548 4334; x_wconf 91' lang='lat'>3.</span> <span class='ocrx_word' id='word_1_583' title='bbox 1586 4279 1831 4334; x_wconf 86' lang='lat' dir='ltr'>Corona-</span> 
     </span>
    </p>
   </div>
   <div class='ocr_carea' id='block_1_56' title="bbox 184 4367 1830 4440">
    <p class='ocr_par' dir='ltr' id='par_1_56' title="bbox 184 4367 1830 4440">
     <span class='ocr_line' id='line_1_58' title="bbox 184 4367 1830 4440; baseline -0.005 -9"><span class='ocrx_word' id='word_1_584' title='bbox 184 4380 279 4432; x_wconf 87' lang='lat' dir='ltr'>tus</span> <span class='ocrx_word' id='word_1_585' title='bbox 306 4372 354 4410; x_wconf 82' lang='grc'><strong><em>⁸⁸</em></strong></span> <span class='ocrx_word' id='word_1_586' title='bbox 380 4379 473 4433; x_wconf 90' lang='lat' dir='ltr'>est</span> <span class='ocrx_word' id='word_1_587' title='bbox 498 4375 617 4432; x_wconf 91' lang='lat' dir='ltr'>sub</span> <span class='ocrx_word' id='word_1_588' title='bbox 650 4371 843 4428; x_wconf 92' lang='lat' dir='ltr'>Decio.</span> <span class='ocrx_word' id='word_1_589' title='bbox 880 4370 982 4426; x_wconf 86' lang='lat' dir='ltr'>Hic</span> <span class='ocrx_word' id='word_1_590' title='bbox 1008 4376 1247 4440; x_wconf 91' lang='lat' dir='ltr'>rogatus</span> <span class='ocrx_word' id='word_1_591' title='bbox 1278 4384 1307 4425; x_wconf 90' lang='lat' dir='ltr'>a</span> <span class='ocrx_word' id='word_1_592' title='bbox 1368 4368 1579 4425; x_wconf 90' lang='lat' dir='ltr'>Lucina</span> <span class='ocrx_word' id='word_1_593' title='bbox 1615 4367 1830 4424; x_wconf 88' lang='lat' dir='ltr'>levavit</span> 
     </span>
    </p>
   </div>
   <div class='ocr_carea' id='block_1_57' title="bbox 187 4456 1831 4538">
    <p class='ocr_par' dir='ltr' id='par_1_57' title="bbox 187 4456 1831 4538">
     <span class='ocr_line' id='line_1_59' title="bbox 187 4456 1831 4538; baseline -0.006 -16"><span class='ocrx_word' id='word_1_594' title='bbox 187 4480 431 4538; x_wconf 87' lang='lat' dir='ltr'>corpora</span> <span class='ocrx_word' id='word_1_595' title='bbox 457 4466 807 4521; x_wconf 89' lang='lat' dir='ltr'>sanctorum</span> <span class='ocrx_word' id='word_1_596' title='bbox 838 4458 1234 4532; x_wconf 89' lang='lat' dir='ltr'>apostolorum</span> <span class='ocrx_word' id='word_1_597' title='bbox 1270 4477 1284 4525; x_wconf 96' lang='lat'>;</span> <span class='ocrx_word' id='word_1_598' title='bbox 1313 4462 1370 4515; x_wconf 92' lang='lat' dir='ltr'>et</span> <span class='ocrx_word' id='word_1_599' title='bbox 1403 4457 1567 4514; x_wconf 90' lang='lat' dir='ltr'>Pauli</span> <span class='ocrx_word' id='word_1_600' title='bbox 1600 4456 1831 4529; x_wconf 85' lang='lat' dir='ltr'>quidem</span> 
     </span>
    </p>
   </div>
   <div class='ocr_carea' id='block_1_58' title="bbox 186 4545 1827 4624">
    <p class='ocr_par' dir='ltr' id='par_1_58' title="bbox 186 4545 1827 4624">
     <span class='ocr_line' id='line_1_60' title="bbox 186 4545 1827 4624; baseline -0.007 -13"><span class='ocrx_word' id='word_1_601' title='bbox 186 4555 273 4611; x_wconf 89' lang='lat' dir='ltr'>via</span> <span class='ocrx_word' id='word_1_602' title='bbox 296 4554 563 4624; x_wconf 88' lang='lat' dir='ltr'>Ostcnsi,</span> <span class='ocrx_word' id='word_1_603' title='bbox 614 4550 716 4607; x_wconf 91' lang='lat' dir='ltr'>ubi</span> <span class='ocrx_word' id='word_1_604' title='bbox 771 4547 1101 4605; x_wconf 89' lang='lat' dir='ltr'>decollatus</span> <span class='ocrx_word' id='word_1_605' title='bbox 1150 4552 1259 4620; x_wconf 89' lang='lat' dir='ltr'>est,</span> <span class='ocrx_word' id='word_1_606' title='bbox 1315 4547 1507 4619; x_wconf 90' lang='lat' dir='ltr'>posuit</span> <span class='ocrx_word' id='word_1_607' title='bbox 1562 4551 1644 4604; x_wconf 91' lang='lat'>18.</span> <span class='ocrx_word' id='word_1_608' title='bbox 1709 4545 1827 4602; x_wconf 85' lang='lat' dir='ltr'>Kal.</span> 
     </span>
    </p>
   </div>
   <div class='ocr_carea' id='block_1_59' title="bbox 186 4635 1834 4706">
    <p class='ocr_par' dir='ltr' id='par_1_59' title="bbox 186 4635 1834 4706">
     <span class='ocr_line' id='line_1_61' title="bbox 186 4635 1834 4706; baseline -0.007 -4"><span class='ocrx_word' id='word_1_609' title='bbox 186 4645 480 4701; x_wconf 88' lang='lat' dir='ltr'>Octobris.</span> <span class='ocrx_word' id='word_1_610' title='bbox 519 4645 687 4698; x_wconf 87' lang='lat' dir='ltr'>Inter</span> <span class='ocrx_word' id='word_1_611' title='bbox 720 4636 1045 4695; x_wconf 90' lang='lat' dir='ltr'>Cornelium</span> <span class='ocrx_word' id='word_1_612' title='bbox 1070 4641 1129 4693; x_wconf 90' lang='lat' dir='ltr'>et</span> <span class='ocrx_word' id='word_1_613' title='bbox 1152 4636 1389 4693; x_wconf 88' lang='lat' dir='ltr'>Lucium</span> <span class='ocrx_word' id='word_1_614' title='bbox 1422 4635 1476 4691; x_wconf 94' lang='lat' dir='ltr'>d.</span> <span class='ocrx_word' id='word_1_615' title='bbox 1511 4639 1596 4692; x_wconf 85' lang='grc'><strong>35.</strong></span> <span class='ocrx_word' id='word_1_616' title='bbox 1657 4636 1834 4706; x_wconf 87' lang='lat' dir='ltr'>Cujus</span> 
     </span>
    </p>
   </div>
   <div class='ocr_carea' id='block_1_60' title="bbox 188 4725 1834 4808">
    <p class='ocr_par' dir='ltr' id='par_1_60' title="bbox 188 4725 1834 4808">
     <span class='ocr_line' id='line_1_62' title="bbox 188 4725 1834 4808; baseline -0.007 -17"><span class='ocrx_word' id='word_1_617' title='bbox 188 4740 453 4808; x_wconf 86' lang='lat' dir='ltr'>tempore</span> <span class='ocrx_word' id='word_1_618' title='bbox 475 4727 748 4789; x_wconf 86' lang='lat' dir='ltr'>surrexit</span> <span class='ocrx_word' id='word_1_619' title='bbox 769 4727 997 4783; x_wconf 89' lang='lat' dir='ltr'>heresis</span> <span class='ocrx_word' id='word_1_620' title='bbox 1029 4725 1479 4782; x_wconf 86' lang='lat' dir='ltr'>Novatianorum</span> <span class='ocrx_word' id='word_1_621' title='bbox 1523 4741 1552 4783; x_wconf 88' lang='lat' dir='ltr'>a</span> <span class='ocrx_word' id='word_1_622' title='bbox 1586 4726 1834 4797; x_wconf 88' lang='lat' dir='ltr'>quodam</span> 
     </span>
    </p>
   </div>
   <div class='ocr_carea' id='block_1_61' title="bbox 183 4814 1838 4895">
    <p class='ocr_par' dir='ltr' id='par_1_61' title="bbox 183 4814 1838 4895">
     <span class='ocr_line' id='line_1_63' title="bbox 183 4814 1838 4895; baseline -0.005 -16"><span class='ocrx_word' id='word_1_623' title='bbox 183 4823 642 4895; x_wconf 75' lang='lat' dir='ltr'>Novatoquiex.</span> <span class='ocrx_word' id='word_1_624' title='bbox 691 4863 703 4875; x_wconf 93' lang='lat'>.</span> <span class='ocrx_word' id='word_1_625' title='bbox 750 4861 762 4874; x_wconf 90' lang='lat'>.</span> <span class='ocrx_word' id='word_1_626' title='bbox 810 4860 824 4872; x_wconf 94' lang='lat'>.</span> <span class='ocrx_word' id='word_1_627' title='bbox 875 4815 1225 4873; x_wconf 90' lang='lat' dir='ltr'>.ccclesiam</span> <span class='ocrx_word' id='word_1_628' title='bbox 1257 4814 1629 4872; x_wconf 89' lang='lat' dir='ltr'>ordiuacione</span> <span class='ocrx_word' id='word_1_629' title='bbox 1659 4816 1838 4873; x_wconf 87' lang='lat' dir='ltr'>Nova-</span> 
     </span>
    </p>
   </div>
   <div class='ocr_carea' id='block_1_62' title="bbox 189 4904 1839 4976">
    <p class='ocr_par' dir='ltr' id='par_1_62' title="bbox 189 4904 1839 4976">
     <span class='ocr_line' id='line_1_64' title="bbox 189 4904 1839 4976; baseline -0.005 -6"><span class='ocrx_word' id='word_1_630' title='bbox 189 4914 326 4974; x_wconf 86' lang='lat' dir='ltr'>tiani</span> <span class='ocrx_word' id='word_1_631' title='bbox 359 4914 601 4971; x_wconf 87' lang='lat' dir='ltr'>etDeus</span> <span class='ocrx_word' id='word_1_632' title='bbox 635 4905 965 4966; x_wconf 89' lang='lat' dir='ltr'>Cornelium</span> <span class='ocrx_word' id='word_1_633' title='bbox 1014 4904 1356 4962; x_wconf 86' lang='lat' dir='ltr'>intronizari</span> <span class='ocrx_word' id='word_1_634' title='bbox 1416 4904 1723 4976; x_wconf 79' lang='lat' dir='ltr'>voluisset,</span> <span class='ocrx_word' id='word_1_635' title='bbox 1767 4905 1839 4961; x_wconf 89' lang='lat' dir='ltr'>ab</span> 
     </span>
    </p>
   </div>
   <div class='ocr_carea' id='block_1_63' title="bbox 182 4993 1835 5063">
    <p class='ocr_par' dir='ltr' id='par_1_63' title="bbox 182 4993 1835 5063">
     <span class='ocr_line' id='line_1_65' title="bbox 182 4993 1835 5063; baseline -0.007 -1"><span class='ocrx_word' id='word_1_636' title='bbox 182 5004 433 5063; x_wconf 89' lang='lat' dir='ltr'>ecclesia</span> <span class='ocrx_word' id='word_1_637' title='bbox 467 4998 729 5060; x_wconf 86' lang='lat' dir='ltr'>recessit</span> <span class='ocrx_word' id='word_1_638' title='bbox 756 5001 816 5053; x_wconf 90' lang='lat' dir='ltr'>et</span> <span class='ocrx_word' id='word_1_639' title='bbox 866 4995 1118 5052; x_wconf 89' lang='lat' dir='ltr'>heresim</span> <span class='ocrx_word' id='word_1_640' title='bbox 1164 4994 1254 5051; x_wconf 89' lang='lat' dir='ltr'>sui</span> <span class='ocrx_word' id='word_1_641' title='bbox 1311 4993 1558 5050; x_wconf 89' lang='lat' dir='ltr'>nominis</span> <span class='ocrx_word' id='word_1_642' title='bbox 1605 4993 1835 5051; x_wconf 89' lang='lat' dir='ltr'>statuit.</span> 
     </span>
    </p>
   </div>
   <div class='ocr_carea' id='block_1_64' title="bbox 184 5083 1842 5157">
    <p class='ocr_par' dir='ltr' id='par_1_64' title="bbox 184 5083 1842 5157">
     <span class='ocr_line' id='line_1_66' title="bbox 184 5083 1842 5157; baseline -0.009 -3"><span class='ocrx_word' id='word_1_643' title='bbox 184 5097 447 5154; x_wconf 69' lang='lat' dir='ltr'>Pmerat</span> <span class='ocrx_word' id='word_1_644' title='bbox 472 5098 621 5149; x_wconf 89' lang='lat' dir='ltr'>tunc</span> <span class='ocrx_word' id='word_1_645' title='bbox 644 5084 980 5157; x_wconf 83' lang='lat' dir='ltr'>Carthagini</span> <span class='ocrx_word' id='word_1_646' title='bbox 1013 5083 1334 5157; x_wconf 89' lang='lat' dir='ltr'>Cyprianus</span> <span class='ocrx_word' id='word_1_647' title='bbox 1376 5088 1596 5155; x_wconf 87' lang='lat' dir='ltr'>martyr</span> <span class='ocrx_word' id='word_1_648' title='bbox 1628 5083 1842 5157; x_wconf 85' lang='lat' dir='ltr'>primas</span> 
     </span>
    </p>
   </div>
   <div class='ocr_carea' id='block_1_65' title="bbox 184 5173 1842 5256">
    <p class='ocr_par' dir='ltr' id='par_1_65' title="bbox 184 5173 1842 5256">
     <span class='ocr_line' id='line_1_67' title="bbox 184 5173 1842 5256; baseline -0.009 -11"><span class='ocrx_word' id='word_1_649' title='bbox 184 5186 420 5245; x_wconf 67' lang='lat' dir='ltr'>Aﬂricze</span> <span class='ocrx_word' id='word_1_650' title='bbox 456 5182 564 5256; x_wconf 87' lang='lat' dir='ltr'>qui</span> <span class='ocrx_word' id='word_1_651' title='bbox 592 5176 884 5252; x_wconf 84' lang='lat' dir='ltr'>superfuit</span> <span class='ocrx_word' id='word_1_652' title='bbox 910 5173 1176 5231; x_wconf 92' lang='lat' dir='ltr'>Cornelio</span> <span class='ocrx_word' id='word_1_653' title='bbox 1225 5189 1407 5247; x_wconf 89' lang='lat' dir='ltr'>usque</span> <span class='ocrx_word' id='word_1_654' title='bbox 1456 5174 1527 5230; x_wconf 91' lang='lat' dir='ltr'>ad</span> <span class='ocrx_word' id='word_1_655' title='bbox 1579 5178 1842 5246; x_wconf 89' lang='lat' dir='ltr'>tempora</span> 
     </span>
    </p>
   </div>
   <div class='ocr_carea' id='block_1_66' title="bbox 1935 3657 3575 3731">
    <p class='ocr_par' dir='ltr' id='par_1_66' title="bbox 1935 3657 3575 3731">
     <span class='ocr_line' id='line_1_68' title="bbox 1935 3657 3575 3731; baseline -0.002 -15"><span class='ocrx_word' id='word_1_656' title='bbox 1935 3660 2052 3716; x_wconf 92' lang='lat' dir='ltr'>ruit</span> <span class='ocrx_word' id='word_1_657' title='bbox 2084 3659 2249 3731; x_wconf 84' lang='lat' dir='ltr'>[Aoo]</span> <span class='ocrx_word' id='word_1_658' title='bbox 2283 3661 2496 3731; x_wconf 84' lang='lat' dir='ltr'>Xystus</span> <span class='ocrx_word' id='word_1_659' title='bbox 2550 3660 2787 3730; x_wconf 88' lang='lat' dir='ltr'>Grecus,</span> <span class='ocrx_word' id='word_1_660' title='bbox 2801 3673 2874 3716; x_wconf 83' lang='lat' dir='ltr'>ex</span> <span class='ocrx_word' id='word_1_661' title='bbox 2888 3657 3247 3731; x_wconf 90' lang='lat' dir='ltr'>pbylosopho</span> <span class='ocrx_word' id='word_1_662' title='bbox 3266 3657 3575 3714; x_wconf 84' lang='lat' dir='ltr'>ordinatus</span> 
     </span>
    </p>
   </div>
   <div class='ocr_carea' id='block_1_67' title="bbox 1936 3746 3575 3820">
    <p class='ocr_par' dir='ltr' id='par_1_67' title="bbox 1936 3746 3575 3820">
     <span class='ocr_line' id='line_1_69' title="bbox 1936 3746 3575 3820; baseline -0.004 -15"><span class='ocrx_word' id='word_1_663' title='bbox 1936 3752 2022 3806; x_wconf 88' lang='lat'>11.</span> <span class='ocrx_word' id='word_1_664' title='bbox 2049 3748 2170 3804; x_wconf 85' lang='lat' dir='ltr'>Kal.</span> <span class='ocrx_word' id='word_1_665' title='bbox 2206 3751 2351 3819; x_wconf 90' lang='lat' dir='ltr'>Aug,</span> <span class='ocrx_word' id='word_1_666' title='bbox 2389 3753 2451 3806; x_wconf 86' lang='lat' dir='ltr'>A.</span> <span class='ocrx_word' id='word_1_667' title='bbox 2486 3752 2538 3820; x_wconf 88' lang='lat'>1,</span> <span class='ocrx_word' id='word_1_668' title='bbox 2571 3763 2648 3804; x_wconf 93' lang='lat' dir='ltr'>m.</span> <span class='ocrx_word' id='word_1_669' title='bbox 2682 3750 2769 3819; x_wconf 89' lang='lat'>11,</span> <span class='ocrx_word' id='word_1_670' title='bbox 2795 3748 2926 3803; x_wconf 85' lang='grc'><strong>(1.5.</strong></span> <span class='ocrx_word' id='word_1_671' title='bbox 2959 3748 3176 3803; x_wconf 89' lang='lat' dir='ltr'>Passus</span> <span class='ocrx_word' id='word_1_672' title='bbox 3197 3749 3285 3804; x_wconf 90' lang='lat' dir='ltr'>est</span> <span class='ocrx_word' id='word_1_673' title='bbox 3326 3748 3436 3803; x_wconf 89' lang='lat' dir='ltr'>sub</span> <span class='ocrx_word' id='word_1_674' title='bbox 3471 3746 3575 3800; x_wconf 72' lang='lat' dir='ltr'>Va-</span> 
     </span>
    </p>
   </div>
   <div class='ocr_carea' id='block_1_68' title="bbox 1940 3828 3577 3908">
    <p class='ocr_par' dir='ltr' id='par_1_68' title="bbox 1940 3828 3577 3908">
     <span class='ocr_line' id='line_1_70' title="bbox 1940 3828 3577 3908; baseline -0.003 -16"><span class='ocrx_word' id='word_1_675' title='bbox 1940 3837 2161 3893; x_wconf 91' lang='lat' dir='ltr'>leriano</span> <span class='ocrx_word' id='word_1_676' title='bbox 2186 3843 2237 3895; x_wconf 94' lang='lat'>8.</span> <span class='ocrx_word' id='word_1_677' title='bbox 2266 3839 2402 3894; x_wconf 89' lang='lat' dir='ltr'>[dus</span> <span class='ocrx_word' id='word_1_678' title='bbox 2431 3828 2677 3905; x_wconf 80' lang='lat' dir='ltr'>August.</span> <span class='ocrx_word' id='word_1_679' title='bbox 2716 3836 2919 3908; x_wconf 78' lang='lat' dir='ltr'>(Gesta</span> <span class='ocrx_word' id='word_1_680' title='bbox 2942 3835 3112 3906; x_wconf 72' lang='lat' dir='ltr'>pont.</span> <span class='ocrx_word' id='word_1_681' title='bbox 3138 3836 3355 3905; x_wconf 73' lang='lat' dir='ltr'>Rom).</span> <span class='ocrx_word' id='word_1_682' title='bbox 3415 3834 3577 3888; x_wconf 83' lang='lat' dir='ltr'>Inter</span> 
     </span>
    </p>
   </div>
   <div class='ocr_carea' id='block_1_69' title="bbox 1938 3921 3579 3999">
    <p class='ocr_par' dir='ltr' id='par_1_69' title="bbox 1938 3921 3579 3999">
     <span class='ocr_line' id='line_1_71' title="bbox 1938 3921 3579 3999; baseline -0.004 -17"><span class='ocrx_word' id='word_1_683' title='bbox 1938 3929 2177 3999; x_wconf 82' lang='lat' dir='ltr'>Xystum</span> <span class='ocrx_word' id='word_1_684' title='bbox 2208 3930 2267 3982; x_wconf 92' lang='lat' dir='ltr'>et</span> <span class='ocrx_word' id='word_1_685' title='bbox 2291 3925 2624 3995; x_wconf 90' lang='lat' dir='ltr'>Dionysium</span> <span class='ocrx_word' id='word_1_686' title='bbox 2657 3923 2712 3980; x_wconf 86' lang='lat' dir='ltr'>cl.</span> <span class='ocrx_word' id='word_1_687' title='bbox 2748 3928 2799 3979; x_wconf 89' lang='grc'>5.</span> <span class='ocrx_word' id='word_1_688' title='bbox 2824 3921 2889 3977; x_wconf 80' lang='grc'>⁸³.</span> <span class='ocrx_word' id='word_1_689' title='bbox 2922 3922 3232 3993; x_wconf 87' lang='lat' dir='ltr'>Dionysius</span> <span class='ocrx_word' id='word_1_690' title='bbox 3261 3936 3333 3977; x_wconf 87' lang='lat' dir='ltr'><strong>ex</strong></span> <span class='ocrx_word' id='word_1_691' title='bbox 3383 3937 3579 3976; x_wconf 83' lang='lat' dir='ltr'>mona-</span> 
     </span>
    </p>
   </div>
   <div class='ocr_carea' id='block_1_70' title="bbox 1938 4009 3573 4085">
    <p class='ocr_par' dir='ltr' id='par_1_70' title="bbox 1938 4009 3573 4085">
     <span class='ocr_line' id='line_1_72' title="bbox 1938 4009 3573 4085; baseline -0.004 -12"><span class='ocrx_word' id='word_1_692' title='bbox 1938 4017 2048 4074; x_wconf 89' lang='lat' dir='ltr'>eho</span> <span class='ocrx_word' id='word_1_693' title='bbox 2063 4015 2232 4085; x_wconf 87' lang='lat' dir='ltr'>cujus</span> <span class='ocrx_word' id='word_1_694' title='bbox 2255 4013 2693 4085; x_wconf 89' lang='lat' dir='ltr'>generationem</span> <span class='ocrx_word' id='word_1_695' title='bbox 2719 4011 2981 4069; x_wconf 88' lang='lat' dir='ltr'>invenire</span> <span class='ocrx_word' id='word_1_696' title='bbox 2998 4025 3106 4067; x_wconf 91' lang='lat' dir='ltr'>non</span> <span class='ocrx_word' id='word_1_697' title='bbox 3146 4012 3331 4083; x_wconf 91' lang='lat' dir='ltr'>potui,</span> <span class='ocrx_word' id='word_1_698' title='bbox 3365 4009 3517 4066; x_wconf 87' lang='lat' dir='ltr'>sedit</span> <span class='ocrx_word' id='word_1_699' title='bbox 3544 4028 3573 4066; x_wconf 85' lang='lat' dir='ltr'>a</span> 
     </span>
    </p>
   </div>
   <div class='ocr_carea' id='block_1_71' title="bbox 1939 4098 3578 4176">
    <p class='ocr_par' dir='ltr' id='par_1_71' title="bbox 1939 4098 3578 4176">
     <span class='ocr_line' id='line_1_73' title="bbox 1939 4098 3578 4176; baseline -0.005 -14"><span class='ocrx_word' id='word_1_700' title='bbox 1939 4110 1992 4176; x_wconf 87' lang='lat'>6,</span> <span class='ocrx_word' id='word_1_701' title='bbox 2027 4120 2100 4161; x_wconf 91' lang='lat' dir='ltr'>m.</span> <span class='ocrx_word' id='word_1_702' title='bbox 2134 4107 2189 4174; x_wconf 87' lang='grc'>2,</span> <span class='ocrx_word' id='word_1_703' title='bbox 2213 4103 2269 4158; x_wconf 91' lang='grc'>(1.</span> <span class='ocrx_word' id='word_1_704' title='bbox 2306 4106 2355 4159; x_wconf 77' lang='grc'>4.</span> <span class='ocrx_word' id='word_1_705' title='bbox 2390 4101 2676 4173; x_wconf 83' lang='lat' dir='ltr'>Regnavit</span> <span class='ocrx_word' id='word_1_706' title='bbox 2706 4102 2888 4157; x_wconf 87' lang='lat' dir='ltr'>Carus</span> <span class='ocrx_word' id='word_1_707' title='bbox 2913 4114 3043 4157; x_wconf 91' lang='lat' dir='ltr'>cum</span> <span class='ocrx_word' id='word_1_708' title='bbox 3067 4098 3205 4157; x_wconf 80' lang='lat' dir='ltr'>ﬁliis</span> <span class='ocrx_word' id='word_1_709' title='bbox 3253 4099 3461 4156; x_wconf 90' lang='lat' dir='ltr'>Carino</span> <span class='ocrx_word' id='word_1_710' title='bbox 3519 4106 3578 4155; x_wconf 86' lang='lat' dir='ltr'>et</span> 
     </span>
    </p>
   </div>
   <div class='ocr_carea' id='block_1_72' title="bbox 1943 4187 3581 4249">
    <p class='ocr_par' dir='ltr' id='par_1_72' title="bbox 1943 4187 3581 4249">
     <span class='ocr_line' id='line_1_74' title="bbox 1943 4187 3581 4249; baseline -0.003 -1"><span class='ocrx_word' id='word_1_711' title='bbox 1943 4192 2293 4249; x_wconf 85' lang='lat' dir='ltr'>Numeriano</span> <span class='ocrx_word' id='word_1_712' title='bbox 2324 4206 2374 4247; x_wconf 86' lang='lat' dir='ltr'>a.</span> <span class='ocrx_word' id='word_1_713' title='bbox 2405 4194 2457 4246; x_wconf 89' lang='lat'>2.</span> <span class='ocrx_word' id='word_1_714' title='bbox 2485 4189 2586 4247; x_wconf 90' lang='lat' dir='ltr'>Cui</span> <span class='ocrx_word' id='word_1_715' title='bbox 2610 4190 2900 4248; x_wconf 90' lang='lat' dir='ltr'>successit</span> <span class='ocrx_word' id='word_1_716' title='bbox 2924 4187 3316 4247; x_wconf 87' lang='lat' dir='ltr'>Diocletianus</span> <span class='ocrx_word' id='word_1_717' title='bbox 3346 4193 3581 4245; x_wconf 84' lang='lat' dir='ltr'>annoab</span> 
     </span>
    </p>
   </div>
   <div class='ocr_carea' id='block_1_73' title="bbox 1944 4277 3583 4351">
    <p class='ocr_par' dir='ltr' id='par_1_73' title="bbox 1944 4277 3583 4351">
     <span class='ocr_line' id='line_1_75' title="bbox 1944 4277 3583 4351; baseline -0.002 -14"><span class='ocrx_word' id='word_1_718' title='bbox 1944 4282 2238 4339; x_wconf 90' lang='lat' dir='ltr'>inc.Dom.</span> <span class='ocrx_word' id='word_1_719' title='bbox 2273 4285 2377 4337; x_wconf 88' lang='lat'>290</span> <span class='ocrx_word' id='word_1_720' title='bbox 2411 4277 2639 4351; x_wconf 87' lang='lat' dir='ltr'>[Bson];</span> <span class='ocrx_word' id='word_1_721' title='bbox 2683 4279 2948 4350; x_wconf 87' lang='lat' dir='ltr'>regnavit</span> <span class='ocrx_word' id='word_1_722' title='bbox 2978 4293 3030 4335; x_wconf 89' lang='lat' dir='ltr'>a.</span> <span class='ocrx_word' id='word_1_723' title='bbox 3090 4282 3177 4335; x_wconf 86' lang='lat'>20.</span> <span class='ocrx_word' id='word_1_724' title='bbox 3225 4293 3355 4335; x_wconf 90' lang='lat' dir='ltr'>cum</span> <span class='ocrx_word' id='word_1_725' title='bbox 3411 4278 3583 4333; x_wconf 83' lang='lat' dir='ltr'>Maxi—</span> 
     </span>
    </p>
   </div>
   <div class='ocr_carea' id='block_1_74' title="bbox 1948 4367 3585 4440">
    <p class='ocr_par' dir='ltr' id='par_1_74' title="bbox 1948 4367 3585 4440">
     <span class='ocr_line' id='line_1_76' title="bbox 1948 4367 3585 4440; baseline -0.002 -13"><span class='ocrx_word' id='word_1_726' title='bbox 1948 4372 2136 4427; x_wconf 86' lang='lat' dir='ltr'>miano</span> <span class='ocrx_word' id='word_1_727' title='bbox 2149 4376 2209 4425; x_wconf 90' lang='lat' dir='ltr'>et</span> <span class='ocrx_word' id='word_1_728' title='bbox 2233 4368 2597 4438; x_wconf 91' lang='lat' dir='ltr'>Constantio,</span> <span class='ocrx_word' id='word_1_729' title='bbox 2613 4372 2674 4424; x_wconf 86' lang='lat' dir='ltr'>et</span> <span class='ocrx_word' id='word_1_730' title='bbox 2693 4372 2822 4440; x_wconf 90' lang='lat' dir='ltr'>post</span> <span class='ocrx_word' id='word_1_731' title='bbox 2840 4371 3086 4424; x_wconf 89' lang='lat' dir='ltr'>mortem</span> <span class='ocrx_word' id='word_1_732' title='bbox 3114 4367 3459 4425; x_wconf 83' lang='lat' dir='ltr'>Diocletiani</span> <span class='ocrx_word' id='word_1_733' title='bbox 3476 4368 3585 4423; x_wconf 78' lang='lat' dir='ltr'>bla-</span> 
     </span>
    </p>
   </div>
   <div class='ocr_carea' id='block_1_75' title="bbox 1906 4456 3583 4529">
    <p class='ocr_par' dir='ltr' id='par_1_75' title="bbox 1906 4456 3583 4529">
     <span class='ocr_line' id='line_1_77' title="bbox 1906 4456 3583 4529; baseline -0.001 -13"><span class='ocrx_word' id='word_1_734' title='bbox 1906 4496 1913 4501; x_wconf 54' lang='grc' dir='ltr'><strong>κ</strong></span> <span class='ocrx_word' id='word_1_735' title='bbox 1947 4461 2236 4517; x_wconf 83' lang='lat' dir='ltr'>ximianus</span> <span class='ocrx_word' id='word_1_736' title='bbox 2255 4475 2386 4517; x_wconf 91' lang='lat' dir='ltr'>cum</span> <span class='ocrx_word' id='word_1_737' title='bbox 2419 4458 2652 4515; x_wconf 87' lang='lat' dir='ltr'>Severo.</span> <span class='ocrx_word' id='word_1_738' title='bbox 2690 4458 2919 4515; x_wconf 89' lang='lat' dir='ltr'>Galerio</span> <span class='ocrx_word' id='word_1_739' title='bbox 2938 4462 2999 4513; x_wconf 91' lang='lat' dir='ltr'>et</span> <span class='ocrx_word' id='word_1_740' title='bbox 3027 4457 3333 4514; x_wconf 77' lang='lat' dir='ltr'>Maximino</span> <span class='ocrx_word' id='word_1_741' title='bbox 3362 4456 3583 4529; x_wconf 89' lang='lat' dir='ltr'>[Bson].</span> 
     </span>
    </p>
   </div>
   <div class='ocr_carea' id='block_1_76' title="bbox 1948 4546 3583 4622">
    <p class='ocr_par' dir='ltr' id='par_1_76' title="bbox 1948 4546 3583 4622">
     <span class='ocr_line' id='line_1_78' title="bbox 1948 4546 3583 4622; baseline -0.004 -15"><span class='ocrx_word' id='word_1_742' title='bbox 1948 4550 2256 4622; x_wconf 87' lang='lat' dir='ltr'>Dionysius</span> <span class='ocrx_word' id='word_1_743' title='bbox 2286 4562 2434 4621; x_wconf 89' lang='lat' dir='ltr'>papa</span> <span class='ocrx_word' id='word_1_744' title='bbox 2453 4546 2793 4619; x_wconf 87' lang='lat' dir='ltr'>parrochias</span> <span class='ocrx_word' id='word_1_745' title='bbox 2814 4550 2872 4603; x_wconf 88' lang='lat' dir='ltr'>et</span> <span class='ocrx_word' id='word_1_746' title='bbox 2888 4547 3150 4604; x_wconf 90' lang='lat' dir='ltr'>dioceses</span> <span class='ocrx_word' id='word_1_747' title='bbox 3179 4546 3583 4614; x_wconf 89' lang='lat' dir='ltr'>constituit,et</span> 
     </span>
    </p>
   </div>
   <div class='ocr_carea' id='block_1_77' title="bbox 1948 4635 3587 4713">
    <p class='ocr_par' dir='ltr' id='par_1_77' title="bbox 1948 4635 3587 4713">
     <span class='ocr_line' id='line_1_79' title="bbox 1948 4635 3587 4713; baseline -0.003 -16"><span class='ocrx_word' id='word_1_748' title='bbox 1948 4639 2316 4713; x_wconf 88' lang='lat' dir='ltr'>presbyteris</span> <span class='ocrx_word' id='word_1_749' title='bbox 2345 4637 2630 4695; x_wconf 88' lang='lat' dir='ltr'>ecclesias</span> <span class='ocrx_word' id='word_1_750' title='bbox 2661 4636 2819 4694; x_wconf 89' lang='lat' dir='ltr'>dedit</span> <span class='ocrx_word' id='word_1_751' title='bbox 2855 4635 3059 4709; x_wconf 79' lang='lat' dir='ltr'>(Gesta</span> <span class='ocrx_word' id='word_1_752' title='bbox 3071 4638 3240 4710; x_wconf 54' lang='lat' dir='ltr'>post.</span> <span class='ocrx_word' id='word_1_753' title='bbox 3274 4636 3587 4704; x_wconf 80' lang='lat' dir='ltr'>Rom.)Cui</span> 
     </span>
    </p>
   </div>
   <div class='ocr_carea' id='block_1_78' title="bbox 1950 4722 3584 4798">
    <p class='ocr_par' dir='ltr' id='par_1_78' title="bbox 1950 4722 3584 4798">
     <span class='ocr_line' id='line_1_80' title="bbox 1950 4722 3584 4798; baseline -0.004 -10"><span class='ocrx_word' id='word_1_754' title='bbox 1950 4728 2235 4788; x_wconf 90' lang='lat' dir='ltr'>successit</span> <span class='ocrx_word' id='word_1_755' title='bbox 2269 4726 2433 4784; x_wconf 88' lang='lat' dir='ltr'>Felix</span> <span class='ocrx_word' id='word_1_756' title='bbox 2460 4728 2774 4797; x_wconf 84' lang='lat' dir='ltr'>Romanus,</span> <span class='ocrx_word' id='word_1_757' title='bbox 2798 4730 2963 4798; x_wconf 89' lang='lat' dir='ltr'>patre</span> <span class='ocrx_word' id='word_1_758' title='bbox 2995 4725 3334 4783; x_wconf 86' lang='lat' dir='ltr'>Constantio</span> <span class='ocrx_word' id='word_1_759' title='bbox 3366 4722 3584 4781; x_wconf 89' lang='lat' dir='ltr'>sedita.</span> 
     </span>
    </p>
   </div>
   <div class='ocr_carea' id='block_1_79' title="bbox 1950 4813 3591 4891">
    <p class='ocr_par' dir='ltr' id='par_1_79' title="bbox 1950 4813 3591 4891">
     <span class='ocr_line' id='line_1_81' title="bbox 1950 4813 3591 4891; baseline -0.002 -16"><span class='ocrx_word' id='word_1_760' title='bbox 1950 4822 2006 4891; x_wconf 77' lang='grc'><strong>4,</strong></span> <span class='ocrx_word' id='word_1_761' title='bbox 2037 4834 2111 4875; x_wconf 89' lang='lat' dir='ltr'>m.</span> <span class='ocrx_word' id='word_1_762' title='bbox 2136 4822 2189 4889; x_wconf 90' lang='lat'>3,</span> <span class='ocrx_word' id='word_1_763' title='bbox 2223 4817 2278 4874; x_wconf 94' lang='grc'>(1.</span> <span class='ocrx_word' id='word_1_764' title='bbox 2318 4821 2365 4873; x_wconf 90' lang='grc'>1.</span> <span class='ocrx_word' id='word_1_765' title='bbox 2403 4815 2560 4872; x_wconf 86' lang='lat' dir='ltr'>Obiit</span> <span class='ocrx_word' id='word_1_766' title='bbox 2592 4820 2644 4872; x_wconf 90' lang='lat'>3.</span> <span class='ocrx_word' id='word_1_767' title='bbox 2670 4814 2793 4872; x_wconf 83' lang='lat' dir='ltr'>Kal.</span> <span class='ocrx_word' id='word_1_768' title='bbox 2850 4818 2979 4871; x_wconf 85' lang='lat' dir='ltr'>Jun.</span> <span class='ocrx_word' id='word_1_769' title='bbox 3044 4813 3361 4871; x_wconf 86' lang='lat' dir='ltr'>Constituit</span> <span class='ocrx_word' id='word_1_770' title='bbox 3411 4826 3591 4885; x_wconf 76' lang='lat' dir='ltr'>supra</span> 
     </span>
    </p>
   </div>
   <div class='ocr_carea' id='block_1_80' title="bbox 1953 4899 3595 4978">
    <p class='ocr_par' dir='ltr' id='par_1_80' title="bbox 1953 4899 3595 4978">
     <span class='ocr_line' id='line_1_82' title="bbox 1953 4899 3595 4978; baseline -0.004 -11"><span class='ocrx_word' id='word_1_771' title='bbox 1953 4908 2263 4967; x_wconf 89' lang='lat' dir='ltr'>memorias</span> <span class='ocrx_word' id='word_1_772' title='bbox 2294 4909 2615 4978; x_wconf 85' lang='lat' dir='ltr'>martyrum</span> <span class='ocrx_word' id='word_1_773' title='bbox 2648 4904 2858 4961; x_wconf 89' lang='lat' dir='ltr'>missas</span> <span class='ocrx_word' id='word_1_774' title='bbox 2880 4902 3187 4961; x_wconf 88' lang='lat' dir='ltr'>celebrari.</span> <span class='ocrx_word' id='word_1_775' title='bbox 3255 4899 3595 4961; x_wconf 88' lang='lat' dir='ltr'>Euticianus</span> 
     </span>
    </p>
   </div>
   <div class='ocr_carea' id='block_1_81' title="bbox 1952 4989 3589 5069">
    <p class='ocr_par' dir='ltr' id='par_1_81' title="bbox 1952 4989 3589 5069">
     <span class='ocr_line' id='line_1_83' title="bbox 1952 4989 3589 5069; baseline -0.005 -14"><span class='ocrx_word' id='word_1_776' title='bbox 1952 5001 2194 5069; x_wconf 83' lang='lat' dir='ltr'>Tuscus,</span> <span class='ocrx_word' id='word_1_777' title='bbox 2231 5001 2398 5069; x_wconf 89' lang='lat' dir='ltr'>patre</span> <span class='ocrx_word' id='word_1_778' title='bbox 2429 4994 2666 5064; x_wconf 80' lang='lat' dir='ltr'>Marino,</span> <span class='ocrx_word' id='word_1_779' title='bbox 2701 4993 2773 5049; x_wconf 91' lang='lat' dir='ltr'>de</span> <span class='ocrx_word' id='word_1_780' title='bbox 2793 4992 3032 5049; x_wconf 89' lang='lat' dir='ltr'>civitate</span> <span class='ocrx_word' id='word_1_781' title='bbox 3056 4991 3250 5062; x_wconf 90' lang='lat' dir='ltr'>Lunis,</span> <span class='ocrx_word' id='word_1_782' title='bbox 3278 4989 3433 5048; x_wconf 90' lang='lat' dir='ltr'>sedit</span> <span class='ocrx_word' id='word_1_783' title='bbox 3459 5005 3513 5047; x_wconf 88' lang='lat' dir='ltr'>a.</span> <span class='ocrx_word' id='word_1_784' title='bbox 3537 4996 3589 5063; x_wconf 89' lang='lat'>1,</span> 
     </span>
    </p>
   </div>
   <div class='ocr_carea' id='block_1_82' title="bbox 1956 5080 3595 5159">
    <p class='ocr_par' dir='ltr' id='par_1_82' title="bbox 1956 5080 3595 5159">
     <span class='ocr_line' id='line_1_84' title="bbox 1956 5080 3595 5159; baseline -0.004 -16"><span class='ocrx_word' id='word_1_785' title='bbox 1956 5104 2029 5158; x_wconf 82' lang='lat' dir='ltr'>n1,</span> <span class='ocrx_word' id='word_1_786' title='bbox 2064 5093 2117 5159; x_wconf 91' lang='lat'>1,</span> <span class='ocrx_word' id='word_1_787' title='bbox 2150 5085 2205 5142; x_wconf 91' lang='grc'>(1.</span> <span class='ocrx_word' id='word_1_788' title='bbox 2243 5089 2293 5141; x_wconf 94' lang='grc'>1.</span> <span class='ocrx_word' id='word_1_789' title='bbox 2328 5084 2446 5141; x_wconf 90' lang='lat' dir='ltr'>Sub</span> <span class='ocrx_word' id='word_1_790' title='bbox 2475 5080 2522 5115; x_wconf 79' lang='grc'>⁸³</span> <span class='ocrx_word' id='word_1_791' title='bbox 2551 5080 2862 5140; x_wconf 88' lang='lat' dir='ltr'>Aureliano</span> <span class='ocrx_word' id='word_1_792' title='bbox 2904 5080 2997 5136; x_wconf 89' lang='lat' dir='ltr'>hic</span> <span class='ocrx_word' id='word_1_793' title='bbox 3046 5080 3325 5153; x_wconf 86' lang='lat' dir='ltr'>martyrio</span> <span class='ocrx_word' id='word_1_794' title='bbox 3351 5093 3595 5139; x_wconf 88' lang='lat' dir='ltr'>corona-</span> 
     </span>
    </p>
   </div>
   <div class='ocr_carea' id='block_1_83' title="bbox 1954 5168 3595 5243">
    <p class='ocr_par' dir='ltr' id='par_1_83' title="bbox 1954 5168 3595 5243">
     <span class='ocr_line' id='line_1_85' title="bbox 1954 5168 3595 5243; baseline -0.003 -12"><span class='ocrx_word' id='word_1_795' title='bbox 1954 5182 2053 5233; x_wconf 89' lang='lat' dir='ltr'>tus</span> <span class='ocrx_word' id='word_1_796' title='bbox 2083 5180 2134 5234; x_wconf 92' lang='lat'>8.</span> <span class='ocrx_word' id='word_1_797' title='bbox 2179 5172 2280 5231; x_wconf 81' lang='lat' dir='ltr'>Kal</span> <span class='ocrx_word' id='word_1_798' title='bbox 2312 5174 2458 5243; x_wconf 84' lang='lat' dir='ltr'>Aug.</span> <span class='ocrx_word' id='word_1_799' title='bbox 2496 5171 2551 5227; x_wconf 92' lang='lat' dir='ltr'>in</span> <span class='ocrx_word' id='word_1_800' title='bbox 2581 5169 2871 5228; x_wconf 91' lang='lat' dir='ltr'>cimiterio</span> <span class='ocrx_word' id='word_1_801' title='bbox 2902 5168 3110 5226; x_wconf 86' lang='lat' dir='ltr'>Calixti</span> <span class='ocrx_word' id='word_1_802' title='bbox 3156 5169 3463 5243; x_wconf 87' lang='lat' dir='ltr'>sepelitur,</span> <span class='ocrx_word' id='word_1_803' title='bbox 3496 5173 3595 5242; x_wconf 82' lang='lat' dir='ltr'>qui</span> 
     </span>
    </p>
   </div>
   <div class='ocr_carea' id='block_1_84' title="bbox 183 5258 3600 5341">
    <p class='ocr_par' dir='ltr' id='par_1_84' title="bbox 183 5258 3600 5341">
     <span class='ocr_line' id='line_1_86' title="bbox 183 5258 3600 5341; baseline -0.005 -9"><span class='ocrx_word' id='word_1_804' title='bbox 183 5274 382 5332; x_wconf 92' lang='lat' dir='ltr'>domni</span> <span class='ocrx_word' id='word_1_805' title='bbox 416 5270 586 5330; x_wconf 90' lang='lat' dir='ltr'>Lucii</span> <span class='ocrx_word' id='word_1_806' title='bbox 611 5281 800 5341; x_wconf 64' lang='lat' dir='ltr'>papas,</span> <span class='ocrx_word' id='word_1_807' title='bbox 826 5269 883 5322; x_wconf 91' lang='lat' dir='ltr'>et</span> <span class='ocrx_word' id='word_1_808' title='bbox 916 5266 1230 5321; x_wconf 89' lang='lat' dir='ltr'>coronatus</span> <span class='ocrx_word' id='word_1_809' title='bbox 1252 5264 1338 5320; x_wconf 89' lang='lat' dir='ltr'>est</span> <span class='ocrx_word' id='word_1_810' title='bbox 1370 5263 1572 5319; x_wconf 88' lang='lat' dir='ltr'>eodem</span> <span class='ocrx_word' id='word_1_811' title='bbox 1605 5262 1697 5318; x_wconf 90' lang='lat' dir='ltr'>dic</span> <span class='ocrx_word' id='word_1_812' title='bbox 1731 5277 1844 5332; x_wconf 88' lang='lat' dir='ltr'>quo</span> <span class='ocrx_word' id='word_1_813' title='bbox 1956 5265 2131 5322; x_wconf 87' lang='lat' dir='ltr'>etiam</span> <span class='ocrx_word' id='word_1_814' title='bbox 2158 5264 2284 5337; x_wconf 86' lang='lat' dir='ltr'>ipse</span> <span class='ocrx_word' id='word_1_815' title='bbox 2316 5265 2420 5318; x_wconf 66' lang='lat'>3&amp;2</span> <span class='ocrx_word' id='word_1_816' title='bbox 2452 5263 2741 5332; x_wconf 87' lang='lat' dir='ltr'>martyres</span> <span class='ocrx_word' id='word_1_817' title='bbox 2761 5272 3047 5316; x_wconf 87' lang='lat' dir='ltr'>manusua</span> <span class='ocrx_word' id='word_1_818' title='bbox 3075 5258 3367 5332; x_wconf 88' lang='lat' dir='ltr'>sepelivit,</span> <span class='ocrx_word' id='word_1_819' title='bbox 3401 5266 3600 5317; x_wconf 85' lang='lat' dir='ltr'>etces-</span> 
     </span>
    </p>
   </div>
   <div class='ocr_carea' id='block_1_85' title="bbox 178 5350 1873 5431">
    <p class='ocr_par' dir='ltr' id='par_1_85' title="bbox 178 5350 1873 5431">
     <span class='ocr_line' id='line_1_87' title="bbox 178 5350 1873 5431; baseline -0.008 -12"><span class='ocrx_word' id='word_1_820' title='bbox 178 5362 503 5420; x_wconf 88' lang='lat' dir='ltr'>Cornelius</span> <span class='ocrx_word' id='word_1_821' title='bbox 534 5354 949 5431; x_wconf 90' lang='lat' dir='ltr'>persecutione</span> <span class='ocrx_word' id='word_1_822' title='bbox 977 5351 1269 5410; x_wconf 83' lang='lat' dir='ltr'>Valeriani</span> <span class='ocrx_word' id='word_1_823' title='bbox 1304 5351 1580 5422; x_wconf 85' lang='lat' dir='ltr'>martyrio</span> <span class='ocrx_word' id='word_1_824' title='bbox 1622 5350 1685 5408; x_wconf 81' lang='grc'>⁸⁸.</span> <span class='ocrx_word' id='word_1_825' title='bbox 1743 5351 1873 5429; x_wconf 61' lang='grc' dir='ltr'>ιλιι-Δ</span> 
     </span>
    </p>
   </div>
   <div class='ocr_carea' id='block_1_86' title="bbox 176 5441 1841 5517">
    <p class='ocr_par' dir='ltr' id='par_1_86' title="bbox 176 5441 1841 5517">
     <span class='ocr_line' id='line_1_88' title="bbox 176 5441 1841 5517; baseline -0.002 -9"><span class='ocrx_word' id='word_1_826' title='bbox 176 5453 310 5509; x_wconf 88' lang='lat' dir='ltr'>cius</span> <span class='ocrx_word' id='word_1_827' title='bbox 338 5452 674 5517; x_wconf 80' lang='lat' dir='ltr'>Romanus,</span> <span class='ocrx_word' id='word_1_828' title='bbox 711 5448 876 5517; x_wconf 90' lang='lat' dir='ltr'>patre</span> <span class='ocrx_word' id='word_1_829' title='bbox 894 5441 1158 5507; x_wconf 85' lang='lat' dir='ltr'>Porﬁrio,</span> <span class='ocrx_word' id='word_1_830' title='bbox 1192 5442 1347 5499; x_wconf 90' lang='lat' dir='ltr'>sedit</span> <span class='ocrx_word' id='word_1_831' title='bbox 1378 5458 1428 5499; x_wconf 90' lang='lat' dir='ltr'>a.</span> <span class='ocrx_word' id='word_1_832' title='bbox 1466 5448 1518 5514; x_wconf 93' lang='lat'>3,</span> <span class='ocrx_word' id='word_1_833' title='bbox 1554 5459 1624 5500; x_wconf 92' lang='lat' dir='ltr'>m.</span> <span class='ocrx_word' id='word_1_834' title='bbox 1661 5448 1691 5500; x_wconf 92' lang='lat'>3</span> <span class='ocrx_word' id='word_1_835' title='bbox 1734 5447 1766 5504; x_wconf 94' lang='lat' dir='ltr'>d</span> <span class='ocrx_word' id='word_1_836' title='bbox 1793 5450 1841 5505; x_wconf 91' lang='lat'>3.</span> 
     </span>
    </p>
   </div>
   <div class='ocr_carea' id='block_1_87' title="bbox 1959 5349 3600 5426">
    <p class='ocr_par' dir='ltr' id='par_1_87' title="bbox 1959 5349 3600 5426">
     <span class='ocr_line' id='line_1_89' title="bbox 1959 5349 3600 5426; baseline -0.002 -16"><span class='ocrx_word' id='word_1_837' title='bbox 1959 5354 2106 5412; x_wconf 88' lang='lat' dir='ltr'>savit</span> <span class='ocrx_word' id='word_1_838' title='bbox 2136 5353 2517 5426; x_wconf 85' lang='lat' dir='ltr'>episcopatus</span> <span class='ocrx_word' id='word_1_839' title='bbox 2548 5349 2673 5406; x_wconf 88' lang='lat' dir='ltr'>dies</span> <span class='ocrx_word' id='word_1_840' title='bbox 2689 5353 2740 5404; x_wconf 92' lang='lat'>8.</span> <span class='ocrx_word' id='word_1_841' title='bbox 2765 5349 3078 5405; x_wconf 84' lang='lat' dir='ltr'>Constituit</span> <span class='ocrx_word' id='word_1_842' title='bbox 3104 5364 3279 5421; x_wconf 87' lang='lat' dir='ltr'>super</span> <span class='ocrx_word' id='word_1_843' title='bbox 3297 5351 3482 5407; x_wconf 86' lang='lat' dir='ltr'>altare</span> <span class='ocrx_word' id='word_1_844' title='bbox 3503 5351 3600 5407; x_wconf 87' lang='lat' dir='ltr'>he-</span> 
     </span>
    </p>
   </div>
   <div class='ocr_carea' id='block_1_88' title="bbox 1961 5440 3601 5515">
    <p class='ocr_par' dir='ltr' id='par_1_88' title="bbox 1961 5440 3601 5515">
     <span class='ocr_line' id='line_1_90' title="bbox 1961 5440 3601 5515; baseline -0.003 -11"><span class='ocrx_word' id='word_1_845' title='bbox 1961 5444 2149 5504; x_wconf 91' lang='lat' dir='ltr'>nedici</span> <span class='ocrx_word' id='word_1_846' title='bbox 2184 5443 2381 5511; x_wconf 83' lang='lat' dir='ltr'>fruges</span> <span class='ocrx_word' id='word_1_847' title='bbox 2412 5440 2558 5496; x_wconf 71' lang='lat' dir='ltr'>faba:</span> <span class='ocrx_word' id='word_1_848' title='bbox 2597 5441 2653 5496; x_wconf 89' lang='lat' dir='ltr'>et</span> <span class='ocrx_word' id='word_1_849' title='bbox 2716 5453 2859 5495; x_wconf 74' lang='lat' dir='ltr'>uvae.</span> <span class='ocrx_word' id='word_1_850' title='bbox 2905 5440 3078 5497; x_wconf 87' lang='lat' dir='ltr'>Gaius</span> <span class='ocrx_word' id='word_1_851' title='bbox 3106 5440 3388 5513; x_wconf 86' lang='lat' dir='ltr'>Dalmata,</span> <span class='ocrx_word' id='word_1_852' title='bbox 3432 5448 3601 5515; x_wconf 88' lang='lat' dir='ltr'>patre</span> 
     </span>
    </p>
   </div>
   <div class='ocr_carea' id='block_1_89' title="bbox 1564 5573 2236 5631">
    <p class='ocr_par' dir='ltr' id='par_1_89' title="bbox 1564 5573 2236 5631">
     <span class='ocr_line' id='line_1_91' title="bbox 1564 5573 2236 5631; baseline -0.001 -3"><span class='ocrx_word' id='word_1_853' title='bbox 1564 5573 1799 5630; x_wconf 72' lang='lat' dir='ltr'><strong>VARIIE</strong></span> <span class='ocrx_word' id='word_1_854' title='bbox 1842 5573 2236 5631; x_wconf 79' lang='lat' dir='ltr'>LECTIONES.</span> 
     </span>
    </p>
   </div>
   <div class='ocr_carea' id='block_1_90' title="bbox 253 5683 3599 5768">
    <p class='ocr_par' dir='ltr' id='par_1_90' title="bbox 253 5683 3599 5768">
     <span class='ocr_line' id='line_1_92' title="bbox 253 5683 3599 5768; baseline -0.005 -13"><span class='ocrx_word' id='word_1_855' title='bbox 253 5694 651 5766; x_wconf 72' lang='lat' dir='ltr'>“Philippus</span> <span class='ocrx_word' id='word_1_856' title='bbox 681 5686 1185 5768; x_wconf 41' lang='lat' dir='ltr'>——-_.compro.bans</span> <span class='ocrx_word' id='word_1_857' title='bbox 1244 5686 1312 5743; x_wconf 74' lang='lat' dir='ltr'>in</span> <span class='ocrx_word' id='word_1_858' title='bbox 1357 5699 1550 5768; x_wconf 50' lang='lat' dir='ltr'>marg.</span> <span class='ocrx_word' id='word_1_859' title='bbox 1601 5685 1742 5744; x_wconf 73' lang='lat' dir='ltr'>“ea:</span> <span class='ocrx_word' id='word_1_860' title='bbox 1760 5691 2103 5768; x_wconf 55' lang='lat' dir='ltr'>conjgctggra</span> <span class='ocrx_word' id='word_1_861' title='bbox 2139 5686 2492 5768; x_wconf 66' lang='lat' dir='ltr'>suppletum.</span> <span class='ocrx_word' id='word_1_862' title='bbox 2545 5683 2589 5717; x_wconf 74' lang='grc'>⁵⁸</span> <span class='ocrx_word' id='word_1_863' title='bbox 2636 5683 2829 5768; x_wconf 62' lang='lat' dir='ltr'>His;—</span> <span class='ocrx_word' id='word_1_864' title='bbox 2862 5686 3250 5768; x_wconf 70' lang='lat' dir='ltr'>_supranota_ti</span> <span class='ocrx_word' id='word_1_865' title='bbox 3292 5687 3357 5768; x_wconf 55' lang='lat' dir='ltr'>in</span> <span class='ocrx_word' id='word_1_866' title='bbox 3409 5699 3599 5755; x_wconf 75' lang='lat' dir='ltr'>marg.</span> 
     </span>
    </p>
   </div>
   <div class='ocr_carea' id='block_1_91' title="bbox 178 5754 1365 5827">
    <p class='ocr_par' dir='ltr' id='par_1_91' title="bbox 178 5754 1365 5827">
     <span class='ocr_line' id='line_1_93' title="bbox 178 5754 1365 5827; baseline -0.017 3"><span class='ocrx_word' id='word_1_867' title='bbox 178 5772 225 5807; x_wconf 81' lang='lat'>&quot;</span> <span class='ocrx_word' id='word_1_868' title='bbox 272 5754 630 5827; x_wconf 71' lang='lat' dir='ltr'>coronatus</span> <span class='ocrx_word' id='word_1_869' title='bbox 658 5789 730 5800; x_wconf 88' lang='lat'>——</span> <span class='ocrx_word' id='word_1_870' title='bbox 753 5754 1043 5827; x_wconf 86' lang='lat' dir='ltr'>Valeriani</span> <span class='ocrx_word' id='word_1_871' title='bbox 1074 5756 1144 5813; x_wconf 68' lang='lat' dir='ltr'>in</span> <span class='ocrx_word' id='word_1_872' title='bbox 1172 5769 1365 5827; x_wconf 73' lang='lat' dir='ltr'>marg.</span> 
     </span>
    </p>
   </div>
   <div class='ocr_carea' id='block_1_92' title="bbox 173 5825 2603 5900">
    <p class='ocr_par' dir='ltr' id='par_1_92' title="bbox 173 5825 2603 5900">
     <span class='ocr_line' id='line_1_94' title="bbox 173 5825 2603 5900; baseline -0.007 -3"><span class='ocrx_word' id='word_1_873' title='bbox 173 5844 223 5876; x_wconf 69' lang='grc' dir='ltr'><strong>αθ</strong></span> <span class='ocrx_word' id='word_1_874' title='bbox 257 5825 368 5896; x_wconf 70' lang='lat' dir='ltr'>[iis</span> <span class='ocrx_word' id='word_1_875' title='bbox 401 5867 480 5879; x_wconf 90' lang='lat'><strong><em>——</em></strong></span> <span class='ocrx_word' id='word_1_876' title='bbox 504 5839 540 5890; x_wconf 91' lang='lat'>3</span> <span class='ocrx_word' id='word_1_877' title='bbox 578 5833 647 5888; x_wconf 76' lang='lat' dir='ltr'>in</span> <span class='ocrx_word' id='word_1_878' title='bbox 672 5840 863 5899; x_wconf 83' lang='lat' dir='ltr'>marg.</span> <span class='ocrx_word' id='word_1_879' title='bbox 898 5826 942 5859; x_wconf 66' lang='grc'>⁸³</span> <span class='ocrx_word' id='word_1_880' title='bbox 971 5827 1172 5894; x_wconf 70' lang='lat' dir='ltr'>Quo-</span> <span class='ocrx_word' id='word_1_881' title='bbox 1199 5825 1412 5883; x_wconf 82' lang='lat' dir='ltr'>claruit</span> <span class='ocrx_word' id='word_1_882' title='bbox 1444 5828 1513 5884; x_wconf 73' lang='lat' dir='ltr'>in</span> <span class='ocrx_word' id='word_1_883' title='bbox 1557 5842 1750 5900; x_wconf 80' lang='lat' dir='ltr'>marg.</span> <span class='ocrx_word' id='word_1_884' title='bbox 1820 5830 1865 5861; x_wconf 81' lang='grc'>⁶²</span> <span class='ocrx_word' id='word_1_885' title='bbox 1896 5831 2081 5885; x_wconf 79' lang='lat' dir='ltr'><strong>XXXV</strong></span> <span class='ocrx_word' id='word_1_886' title='bbox 2157 5841 2307 5885; x_wconf 77' lang='lat' dir='ltr'>corr.</span> <span class='ocrx_word' id='word_1_887' title='bbox 2332 5826 2376 5881; x_wconf 87' lang='lat' dir='ltr'><strong>V</strong></span> <span class='ocrx_word' id='word_1_888' title='bbox 2404 5825 2603 5882; x_wconf 63' lang='lat' dir='ltr'>eodem.</span> 
     </span>
    </p>
   </div>
   <div class='ocr_carea' id='block_1_93' title="bbox 528 5924 1032 5991">
    <p class='ocr_par' dir='ltr' id='par_1_93' title="bbox 528 5924 1032 5991">
     <span class='ocr_line' id='line_1_95' title="bbox 528 5924 1032 5991; baseline -0.012 0"><span class='ocrx_word' id='word_1_889' title='bbox 528 5930 791 5991; x_wconf 75' lang='lat' dir='ltr'>PATROL.</span> <span class='ocrx_word' id='word_1_890' title='bbox 824 5924 1032 5988; x_wconf 89' lang='lat' dir='ltr'><strong>CLIV.</strong></span> 
     </span>
    </p>
   </div>
   <div class='ocr_carea' id='block_1_94' title="bbox 1454 5752 3599 5823">
    <p class='ocr_par' dir='ltr' id='par_1_94' title="bbox 1454 5752 3599 5823">
     <span class='ocr_line' id='line_1_96' title="bbox 1454 5752 3599 5823; baseline -0.003 -10"><span class='ocrx_word' id='word_1_891' title='bbox 1454 5752 1636 5814; x_wconf 71' lang='lat' dir='ltr'>&quot;eoa:</span> <span class='ocrx_word' id='word_1_892' title='bbox 1691 5752 1933 5818; x_wconf 70' lang='lat' dir='ltr'>erasa&#39;&quot;</span> <span class='ocrx_word' id='word_1_893' title='bbox 1989 5761 2175 5814; x_wconf 82' lang='lat' dir='ltr'>His</span> <span class='ocrx_word' id='word_1_894' title='bbox 2207 5752 2278 5813; x_wconf 60' lang='lat' dir='ltr'>in&quot;.</span> <span class='ocrx_word' id='word_1_895' title='bbox 2333 5763 2356 5813; x_wconf 87' lang='lat'>1</span> <span class='ocrx_word' id='word_1_896' title='bbox 2418 5757 2486 5812; x_wconf 76' lang='lat' dir='ltr'>in</span> <span class='ocrx_word' id='word_1_897' title='bbox 2529 5768 2722 5823; x_wconf 74' lang='lat' dir='ltr'>marg.</span> <span class='ocrx_word' id='word_1_898' title='bbox 2757 5752 2803 5787; x_wconf 80' lang='lat'>&quot;</span> <span class='ocrx_word' id='word_1_899' title='bbox 2861 5752 2967 5810; x_wconf 81' lang='lat' dir='ltr'>llis</span> <span class='ocrx_word' id='word_1_900' title='bbox 3005 5755 3149 5810; x_wconf 91' lang='lat' dir='ltr'>—d.</span> <span class='ocrx_word' id='word_1_901' title='bbox 3187 5761 3254 5813; x_wconf 88' lang='lat'>18</span> <span class='ocrx_word' id='word_1_902' title='bbox 3290 5759 3357 5813; x_wconf 75' lang='lat' dir='ltr'>in</span> <span class='ocrx_word' id='word_1_903' title='bbox 3408 5752 3599 5823; x_wconf 75' lang='lat' dir='ltr'>marg.</span> 
     </span>
    </p>
   </div>
   <div class='ocr_carea' id='block_1_95' title="bbox 2729 5825 3445 5895">
    <p class='ocr_par' dir='ltr' id='par_1_95' title="bbox 2729 5825 3445 5895">
     <span class='ocr_line' id='line_1_97' title="bbox 2729 5825 3445 5895; baseline 0.007 -19"><span class='ocrx_word' id='word_1_904' title='bbox 2729 5825 2846 5879; x_wconf 87' lang='lat' dir='ltr'>Sub</span> <span class='ocrx_word' id='word_1_905' title='bbox 2874 5854 2942 5864; x_wconf 86' lang='lat'>--</span> <span class='ocrx_word' id='word_1_906' title='bbox 2964 5828 2997 5877; x_wconf 85' lang='lat'>8</span> <span class='ocrx_word' id='word_1_907' title='bbox 3036 5827 3103 5881; x_wconf 77' lang='lat' dir='ltr'>in</span> <span class='ocrx_word' id='word_1_908' title='bbox 3155 5829 3445 5895; x_wconf 53' lang='lat' dir='ltr'>margine.</span> 
     </span>
    </p>
   </div>
   <div class='ocr_carea' id='block_1_96' title="bbox 3336 5924 3370 5962">
    <p class='ocr_par' dir='ltr' id='par_1_96' title="bbox 3336 5924 3370 5962">
     <span class='ocr_line' id='line_1_98' title="bbox 3336 5924 3370 5962; baseline 0 0"><span class='ocrx_word' id='word_1_909' title='bbox 3336 5924 3370 5962; x_wconf 71' lang='grc' dir='ltr'>φ</span> 
     </span>
    </p>
   </div>
  </div>
