3898 6374
386 450 464 518 48
1344 442 1713 513 HUGONIS
1756 442 2109 510 ABBATIS
2152 442 2833 512 FLAVINIACENSIS
3689 454 3756 517 44

389 589 549 660 Gaio,
582 603 656 645 ex
686 600 899 658 genere
929 582 1273 642 Diocletiani
1297 597 1347 640 a.
1384 586 1469 655 11,
1506 598 1585 639 m.
1627 585 1679 654 4,
1716 581 1768 638 d.
1808 580 2031 639 12Mar-
2060 583 2112 642 Α
2144 581 2370 652 potitus
2402 595 2506 654 per
2534 580 2815 639 vexillum
2853 588 3072 640 sancta
3105 583 3309 641 Crucis
3345 585 3554 643 celitus
3576 586 3653 645 illi
3674 605 3756 647 os-

385 678 541 750 tyrio
563 680 880 733 coronatus
910 678 1001 730 est
1032 676 1118 730 11.
1156 672 1276 728 Kal.
1295 672 1421 729 Mai.
1464 672 1644 742 Hujus
1667 670 2031 742 temporibus

387 765 570 836 viguit
588 768 826 821 sanctus
841 762 1242 820 Sebastianus.
1262 763 1421 816 Inter
1441 760 1639 817 Gaium
1665 764 1724 816 et
1750 757 2032 815 Marcelli-

390 868 525 911 num
545 852 671 910 dies
702 855 784 908 11.
817 850 1188 908 Marcellinus
1240 850 1559 917 Romanus,
1608 849 1782 904 Patre
1841 845 2031 916 Preje-

390 948 486 998 cto
512 941 556 975 “
591 955 641 997 a.
674 945 727 1011 9,
762 955 834 996 m.
872 943 922 1010 4,
959 939 1013 995 d.
1052 944 1137 994 17.
1165 940 1323 993 Inter
1357 936 1752 993 Marcellinum
1802 940 1861 991 et
1893 935 2033 990 Mar-

389 1029 601 1087 cellum
626 1029 751 1085 dies
771 1034 857 1085 ‘25.
884 1026 1190 1083 Marcellus
1206 1027 1522 1097 Romanus,
1544 1028 1707 1096 patre
1722 1022 2034 1081 Benedicto

392 1119 462 1175 de
484 1119 585 1174 Via
621 1117 778 1187 Lata,
814 1132 863 1173 a.
904 1121 955 1172 6.
994 1131 1066 1173 m.
1099 1121 1152 1185 7,
1188 1115 1243 1171 d.
1274 1118 1361 1171 25.
1413 1112 1809 1170 Diocletianus
1859 1112 2036 1183 impe-

393 1213 556 1263 rator
584 1206 657 1263 ad
680 1205 1042 1262 consortium
1076 1203 1301 1276 imperii
1347 1201 1752 1257 Maximianum
1803 1200 2030 1269 ascivit,

394 1296 687 1352 Valerium
712 1298 771 1351 et
805 1293 1207 1351 Constantium
1239 1306 1476 1348 cesares
1493 1291 1648 1346 fecit.
1674 1289 1777 1345 Hic
1800 1287 2031 1345 adorari

392 1400 456 1440 se
483 1384 657 1453 jussit
682 1388 745 1440 ut
760 1384 938 1439 Deum
967 1378 1253 1455 [Eranos].
1277 1379 1653 1436 Constantius
1676 1392 1846 1434 cesar
1864 1376 2029 1446 juxta

392 1473 679 1543 Lingonas
712 1475 782 1529 ϐο
808 1471 965 1527 milia
991 1469 1439 1526 Alemannorum
1473 1467 1571 1538 qui
1602 1465 2029 1524 rebellaverant

391 1560 705 1618 interfecit.
738 1561 903 1615 Anno
924 1558 1163 1629 18regni
1179 1555 1522 1614 Diocletiani
1545 1554 1923 1627 persequutio
1937 1569 2033 1610 no-

392 1666 460 1706 va
490 1649 669 1721 cepit,
702 1654 763 1705 et
794 1662 991 1704 mense
1023 1648 1227 1703 Martio
1258 1648 1311 1702 in
1337 1646 1543 1703 diebus
1598 1644 1826 1716 pascha
1875 1642 2031 1715 quod

392 1739 498 1796 fuit
530 1743 581 1794 5.
610 1738 727 1794 Kal.
782 1737 1002 1809 Aprilis
1049 1736 1336 1793 universa
1392 1734 1659 1791 ecclesia
1732 1733 2030 1789 subversa

393 1832 550 1884 sunt.
572 1825 859 1883 Vicesimo
884 1829 1095 1895 autem,
1118 1824 1176 1879 id
1199 1828 1289 1879 est
1306 1822 1510 1879 ultimo
1549 1831 1698 1878 anno
1731 1819 1914 1891 regni,
1932 1819 2030 1890 qui

2150 671 2400 740 tensum,
2431 674 2674 726 matrem
2706 686 2870 728 suam
2898 671 3052 729 misit
3094 671 3490 730 Ilicrosolimis
3521 675 3589 731 ad
3645 692 3757 747 per-

2154 756 2499 826 quirendum
2531 758 2746 830 lignum
2778 760 3151 832 dominicum,
3188 761 3340 831 quod
3373 762 3757 820 etiaminvenit

2141 849 2199 900 et
2233 846 2321 902 sic
2337 848 2525 903 secari
2558 848 2691 904 fecit
2727 864 2830 921 per
2860 848 3133 919 medium,
3168 854 3234 905 ut
3279 854 3337 905 et
3396 864 3621 907 crucem
3667 852 3753 908 de-

2145 933 2324 989 ferret
2338 935 2409 990 ad
2424 935 2626 1005 filium,
2649 940 2953 994 etcrucem
2979 935 3392 1008 Hierosolymis
3420 946 3753 1010 reservaret,

2145 1023 2393 1093 sapienti
2426 1039 2528 1081 usa
2559 1023 2831 1096 concilio,
2862 1030 2925 1081 ut
2949 1026 3044 1081 ubi
3080 1027 3269 1083 fuerat
3294 1028 3567 1085 membris
3597 1027 3757 1083 domi-

2142 1110 2288 1168 nicis
2311 1116 2509 1184 aptata
2524 1128 2627 1185 per
2649 1112 3024 1185 supplicium,
3053 1114 3171 1171 illic
3186 1115 3511 1185 glorificata
3535 1127 3758 1173 venera-

2146 1204 2357 1256 retura
2392 1200 2639 1273 p0pulis.
2700 1201 3049 1258 Melchiades
3080 1204 3217 1259 Afer
3264 1204 3413 1260 sedit
3437 1206 3623 1260 Roma
3671 1218 3756 1259 an-

2142 1290 2231 1346 nis
2257 1294 2291 1346 4
2321 1290 2527 1362 (Gesta
2559 1291 2726 1365 pont.
2753 1292 2946 1362 Rom.)
2980 1309 2993 1357 ;
3030 1306 3143 1361 quo
3170 1289 3214 1324 "
3243 1297 3504 1363 tempore
3558 1290 3755 1350 claruit

2141 1379 2479 1437 Paschalius
2506 1381 2852 1437 Viennensis
2883 1382 3212 1453 episcOpus.
3243 1382 3345 1439 Hic
3377 1380 3752 1438 coustituitut

2142 1469 2337 1526 nullus
2367 1469 2460 1526 die
2488 1469 2779 1526 dominico
2800 1475 2902 1525 aut
2933 1476 2983 1526 5.
3020 1469 3164 1525 feria
3189 1472 3497 1542 jejunaret.
3533 1469 3744 1525 Obiit3.

2144 1558 2278 1614 ldus
2310 1558 2642 1614 Decembris
2671 1561 2727 1613 et
2752 1559 3003 1614 cessavit
3027 1559 3404 1629 epiSCOpatus
3420 1558 3544 1614 dies
3578 1560 3659 1614 17.

2216 1648 2380 1702 Anno
2412 1647 2564 1702 dom.
2602 1646 2714 1702 inc.
2750 1651 2870 1703 315.
2907 1647 3189 1703 Silvester
3246 1647 3556 1715 Romanus,
3606 1648 3756 1716 patre

2144 1734 2369 1805 Rufino,
2421 1734 2646 1790 sedita.
2708 1737 2798 1805 22,
2833 1750 2905 1790 m.
2943 1741 3027 1805 10,
3091 1736 3145 1791 d.
3194 1739 3278 1789 11.
3312 1736 3411 1791 Hic
3466 1731 3753 1790 constituit

2145 1823 2357 1880 crisma
2373 1823 2602 1893 confici,
2618 1829 2674 1878 et
2693 1823 3049 1896 baptizatum
3063 1823 3416 1893 confirmari,
3434 1821 3754 1879 dalmaticas

391 1920 520 1971 erat
554 1914 766 1970 tertius
788 1927 973 1969 annus
990 1910 1549 1984 persequutionisab
1572 1910 1682 1967 inc.
1716 1909 1877 1964 Dom.
1904 1908 2029 1977 310)
2058 1932 2117 1994 Β
2152 1912 2416 1984 precepit
2452 1912 2611 1969 indui
2646 1916 2704 1969 et
2747 1911 3097 1969 sacriﬁcium
3128 1927 3318 1985 panno
3349 1912 3500 1968 lineo
3539 1908 3756 1966 involvi.

394 2001 792 2058 Diocletianus
825 2011 885 2056 et
943 1999 1317 2055 Maximianus
1358 1998 1663 2054 Mediolani
1714 2010 2029 2068 purpuram

393 2092 811 2163 deposuerunt.
885 2088 1282 2145 Diocletianus
1336 2086 1602 2142 moritur.
1657 2083 2033 2140 Maximianus

391 2179 547 2248 apud
578 2179 887 2235 Massiliam
937 2177 1186 2247 fugiens,
1223 2176 1356 2231 dum
1380 2188 1597 2245 genero
1641 2188 1746 2230 suo
1795 2172 2034 2228 insidias

399 2273 584 2340 parat,
602 2272 653 2323 st
664 2265 1260 2337 rangulatusinteriit.
1282 2263 1658 2320 Constantius
1669 2277 1856 2332 cesar,
1874 2259 2035 2317 Clau-

397 2355 476 2411 dii
509 2355 881 2427 imperatoris
904 2351 1185 2425 nepos'ex
1217 2351 1356 2423 filia,
1419 2355 1585 2424 pater
1648 2349 2032 2420 Constantini,

395 2444 579 2502 tertio
610 2459 760 2501 anno
794 2443 1269 2514 perscquutionis
1296 2440 1463 2511 obiit,
1488 2441 1578 2497 vir
1596 2454 1837 2497 summa
1854 2439 2035 2495 civili-

397 2533 537 2589 tatis
558 2538 620 2589 et
651 2529 1353 2603 mansuetudinis[BEnA].
1374 2530 1441 2585 Et
1457 2529 1835 2586 Maximianus
1866 2529 2035 2584 etSe-

396 2637 573 2679 verus
585 2636 735 2678 casa
747 2635 837 2677 res
862 2620 1165 2677 factisunt.
1185 2619 1407 2691 (fol19).
1433 2618 1808 2675 Maximianus
1831 2622 2032 2689 stupra

397 2725 502 2768 sua
566 2710 1017 2767 christianorum
1078 2707 1637 2781 persequutionibus
1686 2707 2031 2763 accumulat.

397 2802 574 2873 Cepta
600 2799 780 2857 semel
812 2797 1478 2871 persequutioefi‘erbuit
1511 2811 1696 2868 usque
1728 2795 1798 2852 ad
1821 2801 1874 2852 7.
1895 2796 2034 2851 Con-

393 2887 632 2945 stantini
650 2887 934 2960 principis
949 2887 1288 2956 annum;ita
1306 2886 1454 2941 infra
1484 2899 1656 2942 unum
1673 2899 1928 2940 mensem
1968 2888 2033 2940 17

391 2975 546 3033 milia
578 2982 898 3048 martyrum
933 2977 1090 3048 passi
1122 2976 1519 3031 inveniuntur.
1949 3016 1959 3026 .

462 3069 623 3121 Anno
654 3066 726 3120 ab
756 3064 867 3121 inc.
905 3065 1189 3119 Dom.310
1216 3062 1428 3133 (Gesta
1447 3061 1602 3133 parit
1649 3062 1864 3132 Rom),
1895 3062 2035 3116 Con-

393 3153 710 3224 stantinus,
743 3151 1065 3208 Constantii
1088 3165 1160 3206 ex
1188 3150 1403 3205 Helena
1454 3147 1628 3219 illius,
1663 3148 1720 3203 in
1749 3148 2033 3205 Brittania

396 3244 714 3313 imperator
744 3244 979 3296 creatus
1000 3244 1050 3295 5.
1086 3239 1229 3295 Non.
1266 3239 1392 3311 Mai,
1438 3238 1699 3309 regnavit
1731 3252 1782 3294 a.
1816 3242 1902 3308 30,
1956 3253 2029 3294 m.

394 3335 478 3387 10.
514 3330 616 3386 His
636 3329 784 3385 adde
817 3333 848 3384 3
880 3342 1107 3385 menses
1130 3327 1226 3398 qui
1278 3341 1454 3399 supra
1488 3330 1913 3396 remanserunt,
1972 3326 2035 3383 fit

393 3433 602 3488 annus,
639 3421 896 3474 remanet
922 3418 1139 3475 mensis
1169 3415 1375 3489 [Rea].
1404 3416 1520 3473 Sub
1543 3417 1652 3472 hoc
1675 3416 1730 3470 S.
1768 3415 2037 3486 Agricius

391 3508 696 3565 confessor
724 3511 780 3563 et
814 3506 1126 3577 episcopus
1158 3504 1520 3561 Trevirensis
1587 3503 1822 3572 claruit,
1866 3504 2034 3575 cujus

394 3610 698 3654 successor
713 3595 819 3651 fuit
840 3595 897 3650 S.
914 3593 1255 3650 Maximinus
1270 3593 1477 3664 (Gesta
1476 3593 1645 3665 pom.
1668 3592 1882 3663 Rom).
1898 3594 2035 3650 Post

395 3683 749 3755 Marcellum,
766 3683 951 3756 primo
963 3697 1113 3740 anno
1128 3682 1806 3754 Constantini,Eusebius
1819 3683 2037 3738 Grecus

394 3789 469 3829 ex
498 3772 724 3829 medico
748 3772 903 3828 sedit
919 3772 1116 3827 Roma
1137 3770 1439 3827 mensibus
1459 3774 1511 3826 7.
1536 3770 1652 3825 Sub
1674 3769 1783 3826 hoc
1801 3770 2035 3826 inventa

395 3866 490 3919 est
519 3877 665 3920 crux
692 3860 939 3917 Domini.
977 3860 1133 3916 Obiit
1165 3864 1214 3915 5.
1263 3860 1405 3915 Non.
1453 3858 1603 3929 00L,
1649 3863 1711 3914 et
1779 3860 2033 3915 cessavit

391 3952 771 4024 episcopatus
795 3947 1204 4021 dies7[BanA].
1245 3950 1403 4004 lnter
1416 3946 1750 4002 Marcellum
1782 3952 1839 4003 et
1862 3948 2038 4003 Euse-

396 4040 553 4097 bium
584 4039 708 4095 dies
729 4042 821 4095 20.
854 4038 1075 4104 Quarto
1096 4051 1245 4093 anno
1283 4034 1757 4108 persequutionis
1813 4037 2039 4091 Maxen-

393 4128 534 4197 tius,
588 4126 844 4183 Herculii
877 4123 1204 4181 Maximiani
1259 4124 1432 4195 filius,
1508 4124 1701 4181 Roma
1752 4130 2039 4195 angustus

391 4214 727 4287 appellatus
758 4219 874 4270 est.
896 4214 1109 4269 Contra
1136 4227 1306 4284 quem
1328 4212 1607 4284 pugnavit
1625 4214 2039 4270 Constantinus

397 4309 449 4360 6.
485 4302 714 4376 imperii
748 4303 836 4359 sui
861 4317 1031 4373 anno,
1063 4306 1121 4357 et
1154 4301 1308 4373 apud
1340 4301 1573 4358 Romam
1612 4301 1923 4360 interfecto
1944 4316 2034 4373 eo,

398 4391 602 4449 urbem
627 4391 872 4464 recepit.
893 4389 1126 4461 Helena,
1153 4393 1342 4446 mater
1360 4390 1743 4461 Constantini,
1768 4392 2039 4447 christia-

393 4480 657 4551 nissima,
701 4479 883 4537 ﬁlium
900 4478 1365 4552 proficiscentem
1386 4478 1455 4534 ad
1473 4477 1686 4536 bellum
1714 4494 2038 4552 prosequu-

396 4577 475 4642 ta,
537 4569 609 4627 de
646 4569 889 4626 civitate
926 4568 1296 4625 Trevirorum
1369 4583 1500 4625 cum
1552 4567 1735 4625 multo
1756 4569 2035 4626 comitatu

2146 2001 2408 2057 Secundo
2440 2001 2619 2072 igitur
2647 2016 2797 2058 anno
2822 2007 3128 2072 postquam
3165 2001 3577 2058 Constantinus
3604 2010 3756 2068 supe-

2146 2093 2275 2146 rato
2305 2090 2592 2147 Maxentio
2624 2093 2889 2161 tyranno,
2947 2089 3274 2146 Maximiani
3329 2087 3576 2145 Herculii
3634 2085 3758 2153 filio,

2147 2179 2358 2234 Urbem
2381 2178 2623 2250 recepit,
2651 2178 3122 2249 persequutionis
3148 2193 3298 2234 anno
3339 2183 3425 2248 10,
3477 2191 3576 2248 per
3604 2174 3761 2230 Silve-

2148 2267 2257 2323 stri
2274 2282 2435 2339 papa
2451 2265 2908 2339 predicationem
2925 2268 2996 2323 ad
3021 2267 3192 2324 fidem
3226 2266 3444 2323 Christi
3468 2276 3763 2322 conversus

2146 2355 2494 2425 est,etfecit
2524 2355 2740 2426 Roma,
2774 2355 2871 2412 ubi
2929 2356 3264 2426 baptizatus
3311 2360 3423 2424 est,
3476 2351 3755 2409 basilicam

2149 2442 2302 2499 beati
2333 2443 2612 2499 Johannis
2642 2443 2917 2515 baptista
2939 2458 3068 2515 qua
3087 2444 3420 2516 appellatur
3459 2436 3763 2498 Constanti-

2148 2531 2315 2588 niana
2339 2531 2559 2604 [BEDA].
2586 2533 2705 2588 Hoc
2723 2528 2767 2563 ⁸⁸
2788 2536 2879 2587 est
2938 2530 3322 2603 privelegium
3354 2547 3467 2604 quo
3505 2528 3764 2585 Silvester

2148 2620 2643 2693 papainterventu
2683 2619 2915 2676 Helena
2939 2625 3204 2691 augusta
3236 2636 3343 2693 per
3367 2619 3652 2691 Agricium
3682 2628 3765 2687 pa-

2146 2710 2460 2767 triarcham
2489 2710 2888 2766 Trevirensem
2908 2710 3115 2766 ditavit
3147 2709 3478 2781 ecclesiam,
3495 2707 3643 2781 quod
3670 2707 3765 2762 Vo-

2149 2800 2413 2856 lusianus
2428 2799 2909 2870 archiepiscopus
2942 2799 3188 2858 rescribi
3212 2799 3393 2869 jussit
3422 2800 3528 2871 (37)
3547 2817 3559 2851 :
3581 2796 3764 2852 «Sicut

2148 2890 2203 2946 in
2233 2888 2564 2960 gentilitate
2587 2888 2821 2961 propria
2851 2889 3089 2957 virtute,
3121 2889 3341 2945 sortire
3372 2894 3429 2946 et
3489 2886 3763 2944 nuncTre-

2146 2977 2254 3033 viri
2288 2976 2504 3048 primas
2534 2978 2749 3046 'super
2780 2975 2972 3032 Gallos
2998 2976 3363 3047 spiritualem
3398 2976 3762 3033 etGermanos

2146 3065 2493 3137 prioratum,
2528 3078 2697 3135 quem
2727 3065 2840 3120 tibi
2873 3079 2991 3136 pra
3006 3066 3275 3122 omnibus
3300 3067 3502 3123 harum
3525 3062 3762 3135 gentium

2144 3153 2441 3226 episcopis
2462 3153 2520 3208 in
2535 3152 2846 3225 primitivis
2857 3154 3190 3211 christiana
3217 3153 3518 3225 religionis
3530 3148 3764 3210 doctori-

2064 3282 2116 3345 Ο
2145 3243 2256 3299 bus
2275 3239 2824 3314 scilicetEuchario,
2842 3242 3072 3299 Valerio
3093 3248 3154 3299 et
3181 3244 3462 3314 Materno,
3490 3255 3590 3314 per
3612 3241 3766 3296 bacu-

2147 3331 2263 3388 lum
2279 3346 2447 3388 suum
2478 3334 2653 3404 caput
2695 3331 2963 3389 ecclesia
3003 3334 3216 3389 Petrus
3254 3332 3530 3404 signavit'
3569 3329 3762 3386 haben-

2147 3420 2303 3491 dum,
2325 3435 2486 3477 suam
2501 3419 2924 3491 quodammodo
2940 3420 3206 3477 minuens
3224 3420 3589 3491 dignitatem,
3618 3420 3680 3474 ut
3721 3419 3770 3469 te

2147 3508 2491 3581 participem
2524 3510 2762 3566 faceret.
2807 3508 3229 3580 Quomodoego
3246 3509 3530 3567 Silvester
3573 3518 3764 3564 servus

2147 3597 2273 3667 ejus
2286 3597 2772 3668 successioneque
2786 3596 3057 3668 indignus
3069 3610 3171 3669 per
3203 3600 3600 3656 Patriarcham
3616 3591 3763 3663 Agri-

2147 3686 2298 3743 cium
2316 3700 2605 3742 renovans
2619 3685 2921 3756 confirmo,
2942 3684 3014 3741 ad
3029 3685 3309 3743 honorem
3337 3687 3581 3743 domina
3620 3679 3767 3747 Hele-

2149 3790 2235 3832 na
2250 3778 2513 3845 augusta
2525 3774 2784 3844 ejusdem
2800 3774 3143 3846 metropolis
3157 3775 3463 3846 indigena,
3481 3787 3647 3846 quam
3660 3770 3771 3842 ipsa

2151 3863 2290 3921 felix
2320 3878 2423 3935 per
2452 3862 2780 3935 apostolum
2817 3864 3088 3920 Mathiam
3113 3879 3141 3920 a
3189 3865 3387 3923 Judaa
3443 3860 3770 3921 translatum

2147 3952 2483 4023 ceterisque
2514 3952 2780 4023 reliquiis
2811 3951 3035 4008 Domini
3070 3952 3374 4024 magnifice
3405 3952 3614 4010 ditavit
3657 3960 3772 4019 spe-

2149 4039 2500 4110 cialiterque
2532 4038 2821 4111 provexit.
2849 4038 3033 4109 Hujus
3064 4039 3358 4110 privilegii
3405 4040 3550 4097 cleri
3598 4032 3770 4093 novici

2148 4125 2324 4183 emuli
2370 4126 2775 4184 communione
2817 4126 3184 4197 dirimantur,
3250 4127 3521 4197 quoniam
3560 4122 3774 4182 anathe-

2149 4218 2303 4271 mate
2336 4212 2702 4271 maculantur
2728 4210 2794 4270 ⁸⁷.
2828 4232 2857 4266 ››
2885 4214 3039 4270 Fecit
3071 4219 3131 4269 et
3154 4213 3325 4270 aliam
3347 4216 3519 4272 beato
3540 4215 3708 4269 Petro
3722 4206 3769 4263 in

2148 4302 2368 4374 templo
2391 4300 2821 4373 Apollinis(fol.
2849 4301 2976 4373 19’),
3003 4316 3107 4358 nec
3147 4317 3259 4358 non
3281 4308 3340 4359 et
3401 4302 3571 4359 aliam
3608 4300 3768 4357 beato

2148 4390 2349 4460 Paulo,
2383 4404 2598 4461 corpus
2620 4389 2928 4461 utriusque
2960 4405 3075 4446 are
3092 4392 3328 4464 cyprico
3350 4389 3716 4451 circumdaus
3743 4388 3770 4439 5

2151 4481 2328 4553 pedes
2356 4492 2561 4549 grosso
2601 4477 2833 4550 (Ibid).
2895 4479 3054 4535 Fecit
3106 4479 3406 4538 basilicam
3449 4482 3507 4537 in
3566 4474 3768 4553 palatio

2150 4568 2460 4623 Sororiano
2491 4581 2618 4638 qua
2650 4568 3117 4641 cognominatur,
3169 4569 3266 4627 ubi
3300 4570 3372 4627 de
3403 4569 3559 4641 ligno
3589 4563 3770 4624 crucis

387 4637 644 4730 egressa,
679 4657 1019 4729 Bysontium
1038 4656 1215 4728 venit,
1242 4661 1301 4712 et
1323 4656 1379 4710 in
1396 4655 1683 4714 eclesiola
1701 4657 1889 4714 sancti
1913 4657 2037 4712 Ste-
2066 4637 2119 4696 D
2147 4655 2371 4712 Domini
2393 4637 2613 4728 posuit.
2664 4637 2971 4713 Basilicam
3019 4637 3196 4714 etiam
3230 4637 3471 4716 sancta'
3509 4652 3769 4726 martyris

394 4747 568 4820 phani
596 4747 653 4804 in
667 4751 863 4804 monte
887 4746 999 4802 sita
1016 4745 1187 4816 juges
1208 4745 1455 4801 fundens
1486 4744 1766 4816 lacrimas:
1784 4749 1844 4800 et
1866 4744 2036 4815 longa

390 4837 614 4893 ducens
640 4836 880 4907 jejunia,
916 4848 1022 4907 pro
1054 4833 1246 4907 salute
1297 4832 1398 4888 filii
1433 4833 1675 4906 [aures']
1714 4832 1936 4889 Domini
1977 4838 2034 4890 et

394 4924 553 4979 beati
584 4925 860 4997 Stephani
897 4938 1069 4997 prece
1101 4923 1376 4995 pulsabat
1405 4921 1745 4978 humillima.
1788 4923 1856 4977 Et
1903 4922 2034 4994 quia

387 5010 554 5069 locus
582 5011 679 5069 ille
710 5019 836 5070 erat
868 5012 1267 5086 permodicus,
1294 5014 1497 5068 votum
1520 5010 1679 5068 vovit
1704 5010 1776 5067 de
1807 5025 2037 5084 repara-

391 5100 550 5157 tione
582 5106 639 5156 et
664 5102 1040 5173 ampliatione
1071 5116 1237 5159 nova
1286 5098 1577 5170 ecclesia,
1616 5099 1769 5170 quod
1791 5104 1848 5155 et
1899 5102 2033 5157 fecit

390 5189 652 5259 dirigens
676 5190 1070 5247 eementarios
1101 5194 1161 5245 et
1190 5200 1485 5260 expensas
1505 5187 1577 5243 ad
1606 5189 2033 5247 edificationem

390 5277 652 5336 basilica
664 5279 1003 5348 condignas.
1024 5276 1440 5335 Constantinus
1454 5266 1777 5349 imperator
1790 5280 2032 5337 victoria

2150 4748 2327 4817 Agna
2349 4760 2422 4802 ex
2445 4752 2653 4816 rogatu
2686 4745 2821 4802 filia
2833 4761 2955 4803 sua
2975 4745 3133 4817 fecit,
3166 4752 3226 4803 et
3244 4746 3655 4820 baptisterium
3670 4740 3768 4798 ibi-

2146 4833 2277 4891 dem
2310 4834 2410 4891 ubi
2441 4838 2501 4890 et
2534 4835 2829 4907 baptizata
2847 4841 2937 4892 est
2958 4850 3129 4892 soror
3151 4836 3278 4907 ejus
3292 4834 3631 4895 Constantia
3649 4842 3767 4887 cum

2148 4921 2261 4980 illia
2299 4927 2576 4995 Augusta.
2610 4925 2769 4981 Fecit
2791 4929 2851 4981 et
2866 4924 3163 4982 basilicam
3178 4925 3348 4982 beato
3375 4923 3616 4996 martyri
3638 4922 3764 4976 Lau-

2147 5013 2338 5069 rentio
2362 5013 2455 5069 via
2472 5014 2787 5084 Tyburtina
2803 5012 2856 5068 in
2878 5028 3017 5083 agro
3037 5014 3281 5070 Verano.
3314 5013 3623 5070 Basilicam
3638 5021 3765 5083 quo-

2145 5117 2257 5173 que
2287 5102 2379 5157 via
2412 5101 2859 5159 Lavicanainter
2889 5101 3036 5159 duos
3068 5100 3264 5160 lauros
3289 5102 3478 5159 beatis
3508 5094 3762 5170 martyri-

2147 5195 2255 5249 bus
2288 5190 2620 5249 Marcellino
2650 5195 2709 5247 et
2739 5192 2932 5257 Petro,
2950 5197 3007 5246 et
3023 5189 3383 5247 mausoleum
3408 5191 3507 5248 ubi
3536 5193 3769 5246 matrem

2149 5295 2311 5338 suam
2342 5279 2536 5351 posuit
2586 5279 2641 5334 in
2702 5278 3063 5350 sarcophago
3110 5294 3424 5353 purpureo.
3478 5276 3770 5336 Basilicam

1738 5403 1974 5461 VARUE
2015 5404 2307 5463 LECTION
2313 5403 2412 5459 ES.

340 5500 367 5530 ‘-
450 5503 495 5538 “
524 5503 724 5559 Piecto
755 5516 801 5574 ο.
833 5501 879 5535 ⁸⁵
917 5516 1033 5572 quo
1084 5531 1151 5542 -
1208 5501 1550 5574 episcopus
1579 5502 1650 5574 in
1698 5503 1992 5574 margine,
2052 5502 2098 5537 “
2135 5504 2257 5561 Hoc
2300 5499 2478 5572 jussit
2513 5500 2583 5557 in
2634 5499 2926 5571 margine.
2989 5500 3034 5534 ⁸⁷
3085 5486 3253 5558 flii.
3319 5504 3475 5574 quod
3516 5498 3770 5561 Volusia-

381 5578 493 5636 nus
526 5570 1003 5647 archiepiscopus
1035 5570 1285 5629 rescribi
1313 5570 1493 5643 juséit
1523 5570 1851 5641 hicrepeh’i
1869 5586 1919 5630 ο.

1966 5670 2186 5727 NOTAE.

453 5748 471 5815 (
477 5747 566 5818 37)
596 5745 667 5800 Cf
682 5744 853 5800 Gesta
884 5744 1263 5797 Treverorum
1288 5756 1338 5795 c.
1377 5744 1460 5793 19.
